1078 1692
197 144 12 18 2
377 143 24 19 U.
413 143 23 19 B.
445 151 26 7 —
481 142 62 25 Prop.
555 143 55 19 N:ris
621 143 23 18 16
655 142 42 20 och
708 142 30 19 37.

177 201 44 26 dar,
236 200 50 22 med
306 200 137 28 iakttagande
461 200 65 22 likväl
541 200 23 22 af
577 202 32 20 att
624 200 61 22 ordet
700 198 140 28 *skogspark*
854 199 8 21 i
877 199 26 21 12
918 198 12 28 $

177 234 24 22 af
213 234 40 22 den
268 234 78 28 nådiga
360 235 158 27 propositionen
536 234 83 28 utbytts
633 236 46 20 mot
694 234 62 22 ordet
771 233 144 27 *trädgrupp*.

244 274 195 23 Bondeståndet
456 276 39 21 har
517 275 96 27 godkänt
630 274 146 22 betänkandet
791 274 7 20 i
813 273 69 22 denna
896 273 35 21 del

179 309 143 22 oförändradt.

246 348 51 22 Med
312 348 98 23 afseende
425 349 81 22 således
522 349 19 27 ej
557 349 81 21 mindre
653 349 58 27 derå,
727 350 32 20 att
766 350 33 20 tre
809 348 61 22 stånd
879 347 51 27 god-

177 382 53 23 känt
243 382 125 22 förberörda
382 384 135 26 reservation,
534 385 31 20 ett
579 383 48 22 utaf
639 383 49 22 dem
704 383 55 22 dock
772 382 49 22 med
833 382 99 28 utbytan-

179 418 32 26 de,
230 417 70 21 såsom
320 418 94 26 nämndt,
432 418 23 22 af
471 418 62 22 ordet
552 418 148 27 *'skogspark*'*
715 419 57 20 emot
787 417 143 27 *trädgrupp''

179 463 28 5 —
220 451 83 23 hvilket
320 452 74 27 utbyte
412 452 107 22 utskottet
532 452 75 22 funnit
616 452 32 27 sig
661 452 26 22 så
702 452 84 27 mycket
799 451 67 21 hellre
879 451 53 21 böra

178 485 93 31 förorda,
286 492 46 16 som
346 486 105 22 utskottet
465 486 58 22 förut
538 486 18 28 ej
572 486 82 31 mindre
668 487 35 21 uti
716 486 12 28 $
744 486 31 26 13]
785 485 22 22 af
815 485 116 22 betänkan-

179 519 37 23 det
233 522 28 19 än
279 520 62 23 äfven
358 521 32 21 uti
408 520 41 22 den
463 521 24 21 af
499 517 98 31 samtliga
613 513 61 41 stånd
690 513 113 41 godkända
817 520 12 28 $
843 520 27 22 41
886 520 45 21 der-

179 553 152 23 sammastädes
348 555 91 28 vidtagit
457 555 111 22 enahanda
586 553 90 29 ändring
694 555 24 21 af
731 554 154 22 ofvannämnda
898 556 34 19 ut-

179 589 61 27 tryck
256 601 26 4 —
298 591 28 20 än
344 590 40 22 ock
402 590 57 27 derå,
475 592 32 20 att
528 590 161 27 ifrågavarande
708 590 34 21 del
762 590 23 21 af
798 589 134 27 lagförslaget

177 624 79 26 jemväl
277 624 63 22 berör
360 624 98 28 gällande
488 624 127 28 privilegier,
636 624 33 22 fär
690 624 108 22 utskottet
825 623 107 22 vördsamt

180 658 89 22 föreslå:

420 712 35 24 att
471 711 173 32 Ridderskapet
663 712 41 24 och
722 704 71 43 Adeln
803 713 59 23 samt
872 712 59 23 Pre-

385 752 126 24 steståndet
528 751 53 25 ville
594 749 125 33 godkänna
736 752 45 24 den
799 752 29 29 af
841 752 91 30 Borga-

385 792 119 24 reständet
524 792 9 24 i
544 792 96 30 anförd
660 792 70 24 måtto
752 792 109 30 vidtagna
878 792 54 24 ord-

384 831 143 31 förändring
548 834 59 21 samt
627 831 43 24 att
682 832 174 24 Bondeständet
871 831 61 31 ville,

386 871 51 24 med
453 871 144 31 frängäende
617 871 30 30 af
660 872 42 23 sitt
719 872 100 31 tidigare
836 871 72 24 beslut
924 871 10 24 i

386 913 83 28 ämnet,
486 911 84 30 förena
586 912 37 30 sig
639 912 53 24 med
708 912 29 24 de
749 911 78 31 öfriga
837 911 96 24 stånden

422 958 27 30 a)
465 957 66 24 såväl
548 957 85 30 derom,
652 959 36 22 att
698 957 45 32 $$
761 958 102 23 13—15
875 958 9 23 i
897 955 36 26 ut:

387 997 94 24 skottets
499 997 131 30 lagförslag
648 997 113 24 uteslutas
778 997 43 24 och
837 999 97 22 ersättas

388 1037 51 24 med
457 1039 80 22 tvenne
558 1037 45 31 $$,
621 1037 115 31 nemligen
754 1038 34 23 13
805 1037 41 24 och
859 1037 80 30 14,af

386 1076 105 30 följande
508 1077 99 30 lydelse:

621 1151 20 32 $
660 1152 41 23 13.

424 1206 54 23 Lika
499 1207 49 22 med
569 1201 13 34 $
599 1208 27 21 12
640 1204 8 25 i
662 1207 43 22 den
720 1207 78 28 nådiga
810 1208 126 27 propositio-

390 1247 47 21 nen,
460 1241 93 22 förutom
575 1243 32 20 att
629 1242 63 22 ordet
710 1241 145 28 *'skogspark*
869 1242 8 22 i
891 1242 45 28 &:ns

390 1275 59 23 förra
463 1277 94 20 moment
571 1276 85 27 utbytes
671 1278 46 20 mot
733 1276 149 27 *trädgrupp*.

623 1345 20 31 $
661 1345 41 24 14.

424 1401 55 22 Lika
496 1402 49 21 med
563 1402 74 21 herrar
654 1400 116 23 Fabritias"
785 1401 39 22 och
838 1401 98 22 Numme-

390 1435 41 22 lins
445 1437 137 20 reservation.

256 1475 70 22 Bihang
337 1475 28 17 till
376 1475 46 22 Lag-
434 1476 31 17 och
475 1475 167 18 Ekonomiutskottets
654 1475 105 18 betänkande
770 1475 35 17 N:o
817 1475 17 17 3.
