1078 1692
200 135 12 19 4
503 135 33 21 N:o
551 136 32 21 15.

171 202 87 21 skilnad
281 203 79 21 mellan
383 204 79 26 åtagen
485 203 65 27 utgift
570 204 39 20 och
629 209 85 15 vunnen
729 203 95 21 inkomst
839 209 52 15 vara
907 202 23 21 af

172 236 124 27 billigheten
320 237 103 27 påkallad
443 238 40 21 och
499 238 68 21 skulle
584 238 71 21 derför
671 237 47 21 från
734 238 194 20 amortissements-

172 270 86 26 fonden,
281 272 65 21 hvars
366 272 117 22 inkomster
498 272 77 21 hittills
592 272 64 27 tagits
673 272 6 20 i
696 272 94 26 anspråk
805 272 33 21 för
853 272 75 20 annui-

171 307 58 19 teten
254 306 12 20 å
291 307 53 21 1862
361 306 35 21 års
411 306 42 26 lån,
470 307 34 21 till
519 306 276 22 kommunikationsfonden
811 306 117 21 öfverföras

173 341 31 19 ett
218 340 163 28 kapitalbelopp
397 341 23 21 af
435 342 34 20 två
485 338 109 24 millioner
610 340 62 21 mark
687 341 7 20 i
710 341 150 26 obligationer.

242 374 97 22 Sålunda
354 376 115 25 verkstäld,
486 376 67 20 borde
569 376 40 20 den
626 375 98 27 åsyftade
740 375 189 26 konsolideringen

173 408 24 21 af
210 409 207 27 statsjernvägarnes
426 410 55 30 hela
496 410 60 21 såväl
571 410 80 21 kredit-
668 416 45 14 som
724 409 156 27 debeträkning
891 416 37 13 un-

173 444 38 20 der
232 444 277 22 kommunikationsfonden
529 445 46 20 icke
594 444 96 21 medföra
706 444 67 26 något
788 444 140 26 försvagande

173 477 24 21 af
218 478 25 20 de
266 478 122 27 tillgångar,
411 485 45 15 som
480 479 48 21 från
544 479 79 21 fonden
639 479 72 20 kunna
726 478 109 27 påräknas
851 478 33 21 för
899 478 30 20 vi-

174 512 52 21 dare
239 512 265 28 jernvägsanläggningar.
530 514 112 26 Förslaget
658 513 57 21 afser
731 513 61 25 dock,
809 512 71 21 såsom
896 518 32 15 re-

174 546 41 21 dan
231 548 93 26 antydts,
340 549 32 19 att
387 548 102 26 derjemte
506 548 79 21 bereda
600 549 65 25 utväg
680 548 32 20 till
729 548 69 20 ökade
813 547 116 26 tillgångar

174 580 33 22 för
223 582 143 21 nästnämnda
382 582 108 21 ändamål.

243 616 29 20 Af
296 617 53 20 1862
373 616 35 21 års
430 617 36 21 lån
486 617 93 21 återstår
595 617 86 27 oguldet
697 616 34 21 vid
748 616 106 26 ingången
870 614 23 21 af
907 614 23 22 år

178 650 54 20 1886
256 652 29 19 ett
306 651 84 26 kapital
406 651 23 21 af
442 652 113 26 2,969,000
572 652 76 25 thaler,
664 650 153 22 motsvarande
833 650 98 26 omkring

177 685 23 19 11
225 684 107 22 millioner
353 685 69 21 finska
445 686 69 21 mark.
544 686 50 21 Med
617 686 41 21 den
682 685 96 21 annuitet
798 684 23 21 af
839 684 91 26 880,000

176 719 68 25 mark,
267 726 46 14 som
336 719 33 21 för
388 720 59 20 detta
465 720 36 21 lån
517 720 98 27 utgifves,
631 720 68 21 skulle
715 719 118 21 emellertid
849 720 31 20 ett
895 718 35 21 be-

175 753 77 27 tydligt
267 755 68 19 större
351 754 35 20 lån
402 754 73 21 kunna
490 757 113 24 upptagas,
615 755 105 26 nemligen
733 754 126 26 17,600,000
870 752 60 21 mark

175 787 47 21 ifall
238 788 130 26 annuiteten,
385 789 48 21 med
449 791 12 19 4
471 790 18 25 %
506 789 99 26 räntefot,
622 789 80 21 stäldes
718 788 28 26 pä
762 789 47 27 596.
833 787 39 21 Om
883 787 49 20 här-

175 822 57 20 ifrån
256 822 84 27 afginge
356 824 41 26 5%
416 824 164 25 kapitalrabatt,
597 824 67 20 skulle
681 822 90 27 ungefär
789 822 53 26 163/,
858 821 75 21 millio-

176 863 39 15 ner
237 856 78 21 utfalla
338 857 40 21 och
398 857 69 27 alltsä,
485 859 66 20 sedan
569 859 54 20 1862
639 857 35 21 ärs
690 857 37 20 län
742 856 90 21 härmed
848 855 84 25 betalts,

176 892 42 26 53/4
234 891 106 22 millioner
356 892 80 21 återstå
452 893 128 26 disponibla,
597 894 52 19 utan
666 894 32 18 att
713 891 64 20 häraf
791 890 70 26 någon
876 891 55 25 steg-

176 926 48 26 ring
247 926 24 21 af
291 926 289 21 kommunikationsfondens
608 927 68 26 årliga
700 925 87 27 utgifter
809 924 124 21 föranledts.

176 960 47 21 Den
247 961 56 20 enda
326 961 121 26 uppoffring
467 961 71 21 denna
554 961 111 26 operation
681 960 68 21 skulle
765 958 102 26 medföra,
884 963 50 16 vore

177 997 32 19 att
224 995 167 26 ifrågavarande
411 996 97 21 annuitet
527 996 68 20 skulle
611 995 51 26 utgå
679 995 6 20 i
701 995 25 20 41
744 993 36 21 års
795 993 30 20 tid
842 992 92 21 räknadt

177 1030 49 21 från
244 1030 54 20 1886
314 1030 7 20 i
340 1030 71 21 stället
430 1030 32 21 för
479 1031 31 20 att
527 1031 54 20 1862
598 1029 35 21 års
648 1029 43 25 lån,
709 1035 34 14 om
760 1028 36 20 det
810 1026 123 26 bibehålles,

178 1069 50 15 vore
252 1065 133 20 amorteradt
406 1065 24 21 år
451 1065 60 21 1905.
543 1065 32 20 En
595 1064 24 21 så
635 1063 113 22 beskaffad
764 1061 122 28 uppoffring
901 1067 33 20 sy-

177 1104 39 15 nes
232 1099 56 20 dock
303 1099 47 20 fullt
365 1099 120 22 motiverad
501 1099 24 21 af
539 1099 40 21 den
595 1100 68 25 nytta,
674 1097 130 22 kommande
815 1095 119 28 generatio-

178 1139 39 14 ner
232 1133 62 20 skola
313 1133 67 27 draga
396 1133 23 21 af
430 1134 151 27 jernvägarne.

247 1167 34 22 Då
303 1168 119 21 emellertid
445 1175 50 20 nyss
518 1168 95 21 nämnda
636 1167 76 26 belopp
732 1165 24 22 af
773 1165 42 26 53/4
831 1165 104 21 millioner

178 1201 47 21 icke
241 1202 69 21 skulle
326 1202 52 27 fylla
394 1202 63 21 ofvan
473 1202 136 25 framhållna,
625 1202 34 21 för
670 1201 26 21 de
707 1202 108 19 närmaste
825 1200 109 26 jernvägs-

179 1235 154 28 byggnaderna
356 1237 107 27 behöfliga
487 1237 80 26 anslag,
584 1243 62 20 synes
662 1235 47 22 skäl
726 1234 116 21 förefinnas
859 1235 31 20 att
904 1233 32 21 lå-

179 1272 36 19 net
238 1271 69 21 blefve
323 1273 103 25 upptaget
441 1272 32 21 till
489 1272 24 21 så
529 1273 54 20 stort
599 1271 83 26 belopp,
699 1271 35 20 att
749 1269 118 22 detsamma
882 1268 54 21 efter

179 1305 147 26 liqviderande
349 1306 23 21 af
395 1307 54 20 1862
472 1307 35 20 års
531 1306 36 21 lån
589 1305 98 22 lemnade
707 1305 31 20 ett
756 1303 118 21 öfverskott
889 1303 47 20 fullt

179 1341 153 20 motsvarande
348 1341 91 20 berörda
456 1340 159 27 anslagsbehof.
637 1340 80 21 Lånets
733 1337 117 22 nominella
859 1337 77 26 belopp

179 1374 67 21 borde
270 1375 28 20 då
321 1374 66 21 blifva
410 1376 27 20 20
460 1375 107 21 millioner
590 1375 39 20 och
645 1374 41 28 596
703 1372 53 22 derå
771 1372 32 21 till
819 1373 63 19 ränta
897 1371 41 21 och

179 1409 132 26 amortering
327 1409 67 21 skulle
410 1411 78 25 utgöra
505 1410 112 25 1,000,000
633 1409 62 20 mark
711 1407 51 21 eller
775 1407 90 24 120,000
876 1405 62 22 mark

179 1449 51 20 mer,
248 1446 28 18 än
292 1444 126 21 annuiteten
434 1445 13 20 å
464 1445 55 20 1862
535 1443 35 21 års
585 1443 36 21 lån
637 1445 69 24 utgör.
