1078 1692
205 140 13 20 2
516 139 36 21 N:o
565 139 27 21 11.

176 214 51 14 vore
242 208 118 27 påkalladt,
376 208 39 20 har
431 208 60 21 Hans
507 208 122 26 Kejserliga
644 207 104 26 Majestät
759 208 71 20 ansett
841 207 22 21 åt
873 206 59 21 kom-

175 242 165 21 munalstämma
360 242 72 21 kunna
447 242 144 21 öfverlemnas
607 244 33 19 att
655 242 6 20 i
678 243 72 19 ämnet
768 241 55 21 efter
839 242 93 20 omstän-

176 276 126 27 digheterna
325 277 85 21 besluta
432 277 39 21 och
491 277 57 26 förty
565 277 56 21 velat
638 277 6 20 i
660 276 68 20 nåder
744 276 110 26 förelägga
870 276 62 20 Stän-

176 311 66 21 derna
257 312 32 20 till
306 312 121 25 antagande
442 311 95 27 följande

380 395 126 34 Förslag
541 395 44 27 till
615 395 153 33 förordning,
803 395 127 33 angående

310 442 53 26 rätt
380 441 38 27 för
436 442 253 26 kommunalstämma
703 442 38 26 att
755 442 111 26 meddela
878 441 50 27 för-

309 488 50 26 bud
376 489 51 25 mot
445 488 88 26 alltför
552 495 68 27 unga
638 488 61 26 eller
719 487 125 33 felaktiga
856 487 72 34 hing-

309 535 67 26 stars
408 534 165 34 utsläppande
604 534 33 33 på
674 540 141 27 gemensam
848 534 78 26 betes-

309 580 78 26 mark.

249 644 131 26 Härigenom
397 644 75 20 varder
488 644 128 20 förordnadt
632 650 44 14 som
693 643 74 27 följer:

244 678 45 21 Der
308 678 73 21 alltför
396 684 56 20 unga
469 678 52 21 eller
536 678 105 26 felaktiga
655 678 111 26 hingstars
783 678 145 27 utsläppande

171 712 28 26 på
220 718 122 20 gemensam
366 713 122 21 betesmark
511 713 41 20 kan
570 713 63 21 lända
648 712 124 21 hästafveln
790 713 11 20 å
817 715 59 19 orten
894 713 32 21 till

171 746 73 26 skada,
261 748 35 20 må
311 747 216 21 kommunalstämma
543 747 98 21 deremot
656 747 99 21 meddela
771 747 76 21 förbud
864 748 38 20 och
919 748 6 20 i

171 780 100 22 afseende
294 781 12 21 å
329 782 124 20 utsättande
473 782 23 20 af
511 782 98 26 lämpligt
625 782 43 20 vite
684 781 34 21 för
734 781 154 21 öfverträdelse
905 782 23 20 af

171 816 119 20 detsamma
312 816 64 20 ställa
397 816 32 26 sig
445 816 31 20 till
494 816 145 20 efterrättelse
654 816 55 20 hvad
727 816 5 20 i
750 816 12 20 8
779 815 11 28 $
806 816 23 20 af
843 816 83 20 förord-

170 850 77 27 ningen
264 849 40 22 den
321 851 11 20 6
349 849 103 22 Februari
470 851 61 24 1865,
547 850 110 26 angäende
674 849 251 22 kommunalförvaltnin-

169 891 40 20 gen
225 884 28 27 pä
268 884 79 26 landet,
364 885 97 26 stadgas.

444 941 75 27 Enligt
542 941 60 22 Hans
621 941 122 27 Kejserliga
759 941 113 27 Majestäts
888 942 37 20 nä-

376 976 49 27 diga
440 976 124 26 befallning,
581 976 70 26 gifven
667 976 6 20 i
686 975 32 22 S:t
733 976 131 27 Petersburg
882 977 41 20 den

375 1011 29 28 43%
418 1011 118 21 December
553 1011 61 21 1884.

441 1091 38 22 T.
494 1091 156 23 BRUUN.

722 1153 46 22 Emil
785 1154 78 27 Streng.

278 1445 122 23 Helsingfors,
414 1447 11 17 å
437 1447 104 22 Kejserliga
555 1447 90 18 Senatens
658 1447 87 22 tryckeri,
760 1447 48 16 1884.
