1078 1692
363 159 23 21 U.
402 159 24 21 B.
448 141 17 51 —
485 159 64 28 Prop.
565 159 39 21 N:o
622 158 33 22 13.
814 144 48 36 55

142 224 112 22 tilltänkta
267 224 125 28 jernvägen.
416 224 46 22 Och
478 224 57 22 hvad
547 224 155 28 jordkulturen
713 226 74 26 angår,
802 224 43 22 kan
857 224 36 22 det

143 260 47 22 icke
206 260 111 27 fördöljas,
334 262 32 19 att
383 261 70 21 denna
469 260 33 22 uti
518 260 104 22 Savolaks
639 262 57 20 ännu
711 260 98 22 befinner
822 260 33 27 sig
866 261 27 26 på

144 302 27 15 en
186 296 7 21 i
209 296 79 27 många
298 296 117 21 afseenden
426 296 139 27 temmeligen
576 296 82 27 primär
669 296 142 28 ståndpunkt.
827 296 65 22 Detta

144 332 85 22 bevisas
252 332 66 21 bland
342 334 67 19 annat
432 332 67 27 deraf,
524 334 33 19 att
579 338 26 16 en
621 332 129 27 myckenhet
765 332 60 27 ryskt
841 332 52 27 mjöl

144 368 62 21 äfven
227 368 69 22 under
312 368 86 27 vanliga
414 368 151 22 förhållanden
581 368 40 22 här
635 368 69 22 finner
719 368 117 28 placering,
852 368 40 22 lik-

145 410 45 16 som
215 404 64 22 också
302 404 68 28 deraf,
394 406 33 20 att
450 404 154 27 svedjebruket
622 406 77 20 nästan
716 404 6 21 i
739 404 43 22 alla
798 404 59 22 delar
872 404 23 22 af

144 440 130 27 landskapet
296 440 135 22 fortfarande
453 440 62 21 idkas
532 440 40 22 och
589 441 69 20 måste
674 440 70 22 idkas.
776 440 45 22 Och
836 440 58 22 afser

146 482 50 15 man
212 477 46 20 åter
275 476 41 22 den
333 476 100 27 industri,
450 476 104 22 Savolaks
570 476 40 21 har
625 478 33 19 att
674 476 98 27 uppvisa,
788 477 42 21 kan
847 476 46 22 der-

146 517 34 15 om
197 512 47 20 icke
260 514 64 24 sägas
340 513 72 25 annat,
430 513 27 19 än
473 513 34 19 att
523 512 42 21 den
581 512 138 21 industriella
729 512 165 21 verksamheten

145 546 7 21 i
169 546 102 22 Savolaks
288 547 60 22 öfver
363 547 83 21 hufvud
457 550 24 18 är
492 547 23 21 af
524 547 51 27 föga
585 548 159 27 utsträckning,
755 547 139 22 hvarförutan

145 583 41 21 den
208 590 82 14 samma
311 583 33 21 för
365 584 134 21 närvarande
515 582 82 22 företer
613 590 26 14 en
655 583 138 27 förlamning,
808 583 87 21 hvilken

146 619 47 21 icke
209 619 81 21 vittnar
305 619 53 27 godt
374 626 35 14 om
425 619 140 21 landsdelens
581 618 222 22 affärsförhållanden.

216 649 100 27 Återstår
339 655 104 27 slutligen
466 656 33 20 att
521 657 58 19 ännu
600 655 79 21 beröra
694 655 42 21 den
753 654 143 22 Savolaksska

145 691 226 26 smörproduktionen.
402 691 72 21 Jemte
496 697 27 15 en
544 692 81 26 mängd
645 690 66 22 finare
733 693 65 25 smör,
813 690 83 22 hvilket

145 726 36 21 vid
210 726 103 22 särskilta
336 726 224 28 mejeriinrättningar
583 726 120 27 tillverkas,
728 726 103 22 omfattar
855 726 41 21 den

147 761 144 23 Savolaksska
308 762 220 27 smörproduktionen
545 764 60 20 stora
621 762 132 27 gvantiteter
769 768 17 15 s.
797 762 20 21 k.
829 762 67 21 bond-

147 800 57 19 smör
219 798 74 21 hvilka
308 798 24 21 af
345 798 123 22 handlande
484 798 7 21 i
508 798 103 22 städerna
627 798 39 21 och
682 799 28 26 pä
725 798 74 21 landet
814 798 82 26 uppkö-

146 840 45 20 pas,
215 833 33 21 för
270 836 34 19 att
324 834 94 21 derefter
437 834 102 21 afsändas
556 834 35 21 till
607 834 42 21 den
664 834 118 21 utländska
798 833 99 21 markna-

147 869 48 21 den.
226 869 120 27 Onekligen
362 869 74 22 kunna
455 869 83 27 härvid,
556 870 6 20 i
579 869 55 27 följd
650 869 23 22 af
686 869 135 22 närvarande
837 869 59 20 kom-

146 904 293 29 munikationförhällanden,
463 905 147 27 synnerligast
631 905 69 22 under
716 905 41 21 den
773 905 32 20 tid
821 903 76 28 sjöfar-

146 941 37 20 ten
204 940 48 21 icke
270 941 43 21 kan
334 941 87 27 anlitas,
437 941 149 26 hvarjehanda
603 941 138 27 olägenheter
757 941 85 26 uppstä,
859 940 39 21 och

146 976 82 21 sädana
252 976 130 27 tillskyndas
404 977 6 20 i
433 976 92 22 främsta
545 979 96 19 rummet
659 976 139 27 naturligtvis
814 975 85 28 mejeri-

146 1018 87 21 egarne,
256 1012 74 21 hvilka
352 1016 35 17 äro
409 1012 118 21 hänvisade
549 1013 28 26 pä
598 1019 26 14 en
641 1012 123 22 omedelbar
780 1011 119 27 afsättning

146 1047 26 22 af
192 1054 72 15 varan.
296 1049 40 20 Att
357 1049 50 20 med
428 1048 117 27 anledning
567 1047 64 22 häraf
645 1048 43 21 tidt
704 1049 39 20 och
760 1047 45 22 ofta
820 1047 79 27 klagan

148 1083 112 27 försports,
276 1084 44 21 kan
338 1084 84 21 derföre
438 1084 48 21 icke
503 1083 101 22 förefalla
620 1084 116 27 underligt,
748 1089 49 16 men
808 1084 13 20 &
832 1082 68 22 andra

147 1119 62 21 sidan
224 1125 52 16 vore
292 1120 38 21 det
346 1119 143 28 ovilkorligen
505 1126 27 15 en
549 1119 120 28 öfverdrift,
686 1120 6 21 i
709 1119 38 21 fall
759 1125 56 20 man,
827 1119 71 20 säsom

149 1155 47 22 icke
215 1155 69 21 sällan
300 1155 76 28 händt,
391 1155 67 22 bland
474 1155 160 22 hufvudskälen
650 1155 34 22 för
700 1162 26 15 en
742 1161 77 21 genom
836 1153 64 22 Savo-

148 1190 47 22 laks
212 1191 79 26 dragen
304 1191 90 27 jernväg
405 1191 50 22 ville
467 1191 117 22 framhälla
595 1191 230 27 smörproduktionens
835 1189 68 22 behof

148 1226 24 21 af
186 1226 152 22 underlättade
354 1227 221 21 kommunikationer.
600 1227 60 26 Föga
675 1227 62 24 torde
753 1226 109 27 nemligen
873 1226 29 26 pä

149 1262 68 21 allvar
232 1263 74 21 kunna
321 1264 82 26 pästäs,
420 1264 33 20 att
469 1263 42 21 den
523 1263 148 21 Savolaksska
682 1261 219 28 smörproduktionen

148 1298 7 20 i
174 1299 70 26 nägon
264 1298 160 27 väsendtligare
440 1299 55 26 grad
511 1299 59 20 skall
585 1299 73 20 kunna
674 1299 42 20 öka
731 1298 122 27 utsigterna
869 1296 33 21 för

149 1333 163 22 rentabiliteten
328 1333 24 22 af
366 1334 42 21 den
425 1334 147 21 Savolaksska
587 1333 78 22 banan.

220 1369 50 21 Men
296 1369 48 22 icke
368 1376 42 20 nog
433 1370 97 21 härmed.
563 1369 49 22 Den
633 1369 72 22 lokala
724 1368 92 22 trafiken
832 1369 13 20 ä
862 1367 41 21 den

147 1403 129 28 ifrägasatta
294 1405 120 27 jernvägen
436 1405 57 21 skall
512 1405 121 27 dessutom,
649 1405 92 21 likasom
758 1405 42 21 den
816 1409 87 21 genom-

147 1440 90 27 gäende,
261 1441 88 21 komma
370 1442 33 20 att
424 1441 44 21 lida
489 1442 47 19 stor
558 1440 91 22 afbräck
665 1440 23 21 af
703 1441 41 20 den
760 1439 144 26 konkurrens,

148 1474 73 22 Saima
244 1477 164 26 vattendragen,
433 1476 50 21 med
507 1477 66 20 deras
596 1476 68 21 delvis
686 1476 63 27 djupt
771 1476 21 21 in
808 1475 7 21 i
830 1474 75 21 landet

147 1510 144 27 inträngande
306 1512 66 27 vikar,
391 1513 70 20 måste
477 1513 54 25 göra
548 1512 108 27 gällande.
682 1511 45 22 Och
738 1513 12 20 &
764 1511 67 22 andra
843 1510 63 21 sidan

226 1553 196 26 Jernvägsutskottets
439 1553 118 20 betänkande
574 1555 38 19 N:o
628 1555 17 19 1.
