1078 1692
208 128 13 21 8
424 128 19 24 U.
459 128 20 24 B.
497 140 25 5 —
537 128 56 30 Prop.
609 128 34 24 Kio
657 128 29 38 16.

177 184 56 22 bana
247 184 33 22 till
303 184 85 23 Brändö
410 185 64 23 hamn
489 187 32 21 ett
535 186 34 21 för
585 186 59 22 detta
658 184 99 23 ändamål
771 184 111 28 ifrågasatt
896 191 38 16 an-

178 218 45 28 slag
238 218 23 22 af
273 219 92 27 253,000
379 220 61 21 mark
454 220 110 22 bortfallit.

248 269 41 22 Till
314 270 40 22 den
379 276 82 16 summa
475 270 24 22 af
513 271 126 27 10,000,000
654 270 68 26 mark,
738 276 45 16 som
798 270 137 27 Jernvägsut-

179 304 81 21 skottet
274 306 70 20 ansett
359 304 91 28 behöflig
464 305 69 21 under
547 305 141 22 instundande
702 304 155 28 budgetperiod
871 304 7 22 i
892 304 41 22 och

178 337 33 22 för
226 338 186 28 Savolaks-banan,
428 339 50 22 sade
493 340 32 27 sig
539 339 111 22 Utskottet
660 338 64 22 hafva
731 338 89 22 kommit
829 338 29 28 pä
864 338 70 28 grund

179 371 23 22 af
215 372 35 22 det
265 373 134 27 antagandet,
415 374 32 21 att
469 374 26 21 de
518 374 106 26 egentliga
645 373 102 21 arbetena
761 372 72 22 kunde
847 372 88 28 vidtaga

178 406 88 27 tidigast
289 407 53 21 1887
365 407 28 27 pä
414 414 120 16 sommaren
557 408 39 21 och
618 408 82 21 säledes
718 406 85 22 komme
817 408 32 20 att
863 406 73 28 fortgä

178 440 67 22 under
266 440 86 28 vidpass
373 442 37 21 tvä
431 442 34 22 ärs
487 442 38 27 tid,
541 442 72 21 förrän
628 443 47 26 nytt
690 441 74 27 anslag
779 441 23 21 af
815 440 118 22 Ständerna

178 474 70 22 kunde
262 474 94 28 beviljas.
386 476 72 22 Skulle
473 476 108 28 svårighet
595 476 113 22 förefinnas
724 475 32 22 för
772 477 31 20 att
817 482 29 15 nu
860 475 75 21 anvisa

178 508 48 22 hela
241 509 59 22 detta
324 510 84 27 belepp,
432 510 71 22 kunde
527 516 25 16 en
568 516 81 16 summa
664 510 23 22 af
701 510 113 25 8,000,000
828 509 61 22 mark
903 508 30 23 äf-

178 549 39 15 ven
232 550 62 16 anses
308 550 51 16 vara
373 544 105 28 tillfylles;
493 551 76 21 genom
585 544 124 22 anvisandet
724 544 24 22 af
761 544 35 22 det
811 546 68 20 större
896 550 38 15 an-

177 578 67 26 slaget
258 584 80 16 vunnes
353 578 64 22 likväl
433 579 40 21 den
487 579 171 21 beaktansvärda
672 578 76 27 fördel,
765 580 33 20 att
812 578 121 28 derigenom

178 612 82 21 tillfälle
276 612 102 22 bereddes
393 614 32 20 att
439 613 36 21 vid
490 613 100 27 möjligen
604 612 128 22 inträffande
746 618 122 22 gynsamma
882 612 52 21 kon-

175 646 114 32 junkturer
303 646 100 28 uppköpa
417 648 68 21 större
499 648 82 26 partier
598 648 55 21 räler
668 646 40 22 och
723 646 66 28 rörlig
802 646 101 22 materiel.

246 698 33 21 Då
294 698 36 21 det
344 698 33 21 för
391 698 152 22 Kotka-banan
558 699 87 21 afsedda
659 698 141 22 understödet
814 698 72 26 skulle,
897 704 36 15 en-

177 732 39 26 ligt
240 732 219 28 Jernvägsutskottets
481 733 85 27 förslag,
589 734 52 26 utgä
664 733 69 21 under
754 732 82 22 formen
860 732 22 22 af
902 733 32 21 ett

178 766 175 27 amorteringslän
377 769 61 25 samt,
457 767 72 22 derest
543 767 91 22 berörda
648 766 80 28 förslag
743 772 69 16 vunne
827 766 107 27 regerings

178 800 39 21 och
242 800 97 22 ständers
361 801 160 27 godkännande,
545 802 59 21 detta
627 801 34 21 län
684 800 35 22 väl
734 800 119 28 lämpligast
868 800 66 22 borde

177 834 91 27 utgifvas
283 834 46 21 från
344 835 70 26 någon
437 835 24 22 af
473 835 140 22 statsverkets
627 835 81 24 fonder,
718 834 24 21 af
754 834 82 21 hvilkas
851 834 83 27 tillgän-

177 874 38 21 gar
228 868 36 21 väl
286 868 61 22 äfven
369 871 52 19 utan
443 871 68 20 större
527 869 107 27 svärighet
649 869 69 22 medel
734 868 67 21 skulle
816 869 71 21 kunna
900 868 34 21 för

178 902 58 21 detta
250 903 99 21 ändamål
364 903 97 27 erhållas,
481 903 39 22 har
535 903 110 22 Utskottet
660 903 48 22 icke
719 903 40 21 här
774 903 96 26 upptagit
884 903 50 21 ifrä-

177 937 119 26 gavarande
321 937 73 27 anslag
418 938 70 21 såsom
512 938 135 27 betungande
662 937 272 22 kommunikationsfonden

177 970 68 21 under
260 971 190 22 nästinstundande
465 971 148 28 finansperiod.
644 972 50 21 Med
709 971 99 22 afseende
823 971 46 21 åter
884 970 52 22 derä

178 1006 33 19 att
233 1005 25 21 de
284 1005 149 22 subventioner
455 1005 32 22 för
500 1006 140 27 jernvägarne
655 1006 32 21 till
702 1005 78 24 Kotka
794 1005 39 21 och
847 1005 88 26 Björne-

178 1038 60 27 borg,
253 1038 87 22 hvarom
363 1039 119 22 Ständerna
496 1040 7 21 i
518 1040 169 27 underdånighet
702 1039 85 22 anhöllo
802 1039 36 21 vid
852 1041 84 20 senaste

177 1073 109 27 landtdag,
311 1073 69 22 blifvit
404 1074 8 21 i
434 1074 66 22 nåder
525 1074 104 28 beviljade
645 1076 31 19 att
692 1073 53 28 utgå
759 1080 26 15 ur
799 1073 136 22 öfverskotts-

178 1107 124 22 staismedel
318 1107 72 22 såvida
405 1108 36 21 vid
455 1108 106 22 banornas
579 1107 205 23 koncessionerande
798 1107 139 22 statsverkets

177 1140 118 23 finansiella
309 1141 101 28 ställning
424 1142 37 21 det
475 1142 116 27 medgåfve,
607 1142 38 21 har
660 1142 167 22 Statsutskottet
834 1143 53 20 trott
894 1141 42 22 den

177 1181 29 14 nu
220 1175 114 22 förordade
348 1176 125 27 ytterligare
493 1176 152 21 subventionen
659 1176 34 21 för
708 1175 143 28 Björneborgs
866 1175 70 22 banan

177 1209 69 21 denna
267 1209 56 27 gång
344 1209 56 22 helst
422 1210 54 22 böra
494 1212 105 25 upptagas
614 1211 27 26 på
656 1209 277 22 kommunikationsfonden.

178 1243 170 22 Vidkommande
362 1243 100 28 slutligen
478 1245 36 21 det
528 1245 33 20 för
577 1244 100 22 arbetena
692 1244 13 21 å
716 1243 180 22 Savolaks-banan
904 1250 33 15 er-

176 1277 114 28 forderliga
315 1278 80 27 anslag,
413 1278 24 21 så
463 1279 39 21 och
527 1279 28 21 då
580 1278 215 28 byggnadsföretaget
813 1278 47 21 icke
874 1278 63 21 torde

177 1311 71 21 kunna
269 1311 101 27 påbörjas
394 1312 73 21 förrän
490 1313 89 26 tidigast
593 1313 67 21 under
674 1318 122 16 sommaren
812 1312 54 21 1887
881 1313 57 20 samt

174 1345 80 26 jemväl
275 1344 218 29 Jernvägsutskottet,
518 1347 69 21 såsom
603 1347 61 21 ofvan
680 1347 68 20 redan
763 1345 88 27 anförts,
866 1347 70 20 ansett

176 1385 26 15 en
217 1385 82 16 summa
321 1379 23 22 af
364 1380 115 27 8,000,000
501 1381 61 21 mark
586 1381 93 27 tillfylles
694 1380 35 21 för
744 1380 59 21 tiden
817 1379 55 22 intill
888 1380 48 21 dess

175 1413 120 22 Ständerna
318 1414 36 21 vid
370 1415 55 21 1888
440 1414 37 21 års
492 1415 101 26 landtdag
608 1413 64 23 blifva
687 1415 7 20 i
710 1413 91 26 tillfälle,
817 1415 32 20 att
863 1414 74 21 anvisa

176 1447 36 21 det
233 1447 34 22 för
289 1447 227 28 jernvägsbyggnaden
538 1451 114 24 yttermera
675 1448 140 27 erforderliga
829 1447 107 28 beloppet,

245 1487 149 18 Statsutskottets
407 1487 116 18 betänkande
536 1489 35 16 N:o
584 1488 29 17 15.
