1078 1692
368 137 80 24 Ständ.
464 138 39 26 Sv.
519 150 27 4 —
558 138 75 27 Prop.
649 138 41 22 N:o
706 138 32 22 12.

414 409 115 21 Finlands
547 409 127 22 Ständers
686 409 171 27 underdäniga
868 414 60 17 svar

380 449 5 20 i
404 448 109 28 anledning
525 449 29 21 af
571 449 54 22 Hans
639 449 117 27 Kejserliga
771 449 105 27 Majestäts
890 448 37 22 nå-

380 488 48 27 diga
446 488 126 27 proposition
591 488 108 28 angående
720 488 205 22 Simola—Willman-

379 528 70 21 strand
465 528 197 28 jernvägsbyggnad.

240 595 240 31 Stormäktigste,
501 596 226 28 Allernådigste
746 596 118 30 Kejsare

434 630 52 22 och
507 630 167 22 Storfurste!

242 687 57 23 Med
314 686 233 29 tillkännagifvande
563 689 19 28 ej
600 687 92 23 mindre
709 690 34 20 att
757 686 90 23 Eders
863 686 65 30 Kej-

175 722 110 28 serliga
300 721 232 31 Majestättillätit
541 724 34 20 att
583 729 29 15 en
619 722 204 30 jernvägsbibana
830 720 51 23 frän
890 720 37 22 Si-

173 756 64 23 mola
257 756 87 22 station
368 756 13 22 &
402 755 199 23 Riihimäki—S:t
616 756 145 28 Petersburg
774 756 100 29 jernväg
888 754 39 22 till

174 789 202 24 Willmanstrand
381 790 43 22 och
432 789 81 23 Saima
518 789 65 28 finge
590 789 55 24 med
653 788 277 24 öfverskottsstatsmedel

174 825 100 28 byggas,
297 826 31 21 än
344 824 45 22 ock
404 826 33 19 att
451 823 76 29 sagda
542 824 89 22 bibana
647 823 122 23 allaredan
785 830 54 15 vore
855 821 75 23 under

174 857 122 30 byggnad,
305 858 43 22 har
360 857 85 23 Eders
454 858 171 30 Kejserliga
633 859 135 29 Majestät
780 858 8 21 i
796 855 74 29 nådig
877 863 53 22 pro-

174 893 102 29 position
299 892 38 22 till
360 891 143 23 Ständernas
524 891 135 29 antagande
674 891 154 23 öfverlemnat
842 889 88 28 förslag

175 927 80 22 derom
278 928 34 20 att
334 925 105 23 nämnda
461 927 90 22 bibana
569 927 72 22 mätte
656 927 9 22 i
680 925 109 24 afseende
805 925 14 22 ä
833 924 97 23 förvalt-

175 962 65 29 ning,
256 959 128 24 underhäll
400 961 44 22 och
459 961 175 22 inkomsternas
649 960 135 28 fördelning
799 959 131 23 införlifvas

175 994 54 24 med
245 994 393 28 Helsingfors—Tavastehus—S:t
653 995 144 27 Petersburg
809 994 107 29 jernväg.

243 1029 47 22 Väl
306 1029 72 22 hafva
393 1028 133 23 Ständerna
541 1029 41 22 vid
599 1028 174 29 öfvervägande
788 1027 25 23 af
827 1027 45 22 den
887 1027 43 22 nä-

175 1063 57 28 diga
253 1064 176 27 propositionen
451 1063 52 22 icke
526 1063 95 22 kunnat
644 1063 66 22 finna
730 1065 34 20 att
787 1061 64 22 detta
867 1062 64 28 jern-

175 1097 149 28 vägsföretag
346 1097 61 22 varit
429 1097 24 22 af
474 1097 46 22 den
542 1096 154 23 brådskande
718 1095 165 24 beskaffenhet
898 1097 34 20 att

175 1130 55 25 med
245 1130 53 23 dess
313 1130 122 23 utförande
450 1131 53 22 icke
519 1131 80 22 skulle
614 1131 94 22 kunnat
725 1131 23 22 få
764 1131 54 22 bero
831 1129 39 23 till
879 1128 53 24 dess

175 1165 145 24 Ständernas
343 1165 122 28 samtycke
487 1165 135 22 inhemtats.
654 1165 52 22 Och
722 1165 62 22 hade
799 1163 133 24 Ständerna

175 1200 28 23 sä
224 1199 97 28 mycket
335 1199 76 22 hellre
426 1199 53 22 bort
493 1199 98 23 beredas
608 1199 94 23 tillfälle
719 1202 33 19 att
767 1201 63 26 yttra
845 1199 38 27 sig
899 1199 33 22 öf-

175 1241 41 15 ver
239 1235 33 20 ett
294 1233 78 22 direkt
386 1233 87 28 förslag
487 1233 53 23 frän
555 1235 140 27 regeringen
711 1241 38 15 om
764 1233 92 23 banans
871 1233 62 28 byg-

176 1267 84 30 gande,
283 1275 51 15 som
357 1267 139 31 Ständerna,
512 1267 41 23 vid
569 1268 29 23 de
613 1271 87 20 tvenne
715 1270 92 20 senaste
822 1266 110 23 landtda-

176 1309 80 22 garne,
279 1301 31 23 dä
332 1301 132 23 Ständerna
487 1303 62 21 varit
564 1303 8 21 i
587 1302 96 22 tillfälle
699 1304 33 20 att
747 1302 76 22 uttala
837 1301 38 28 sig
890 1308 42 15 an-

177 1335 92 29 gäende
286 1335 181 28 ifrägavarande
482 1337 109 29 jernväg,
609 1335 133 29 ingalunda
760 1335 102 23 förordat
877 1334 56 23 den-

177 1377 103 15 sammas
299 1369 150 29 anläggande
464 1369 34 23 för
513 1372 89 21 statens
618 1369 109 29 räkning.
758 1370 127 22 Dessutom
901 1370 31 27 är,

176 1404 78 22 säsom
278 1403 45 23 den
346 1403 89 28 nädiga
449 1405 178 27 propositionen
643 1403 69 23 äfven
727 1405 145 26 omnämner,
888 1401 46 24 den
