1078 1692
203 180 29 22 86
403 180 23 22 U.
441 179 22 23 B.
479 194 30 3 —
524 180 61 30 Prop.
602 180 37 23 N:o
656 180 34 22 13.

174 245 34 21 till
224 247 32 20 ett
271 245 73 28 billigt
357 246 140 28 smalspårigt
513 248 88 26 system.
633 246 50 22 Med
706 246 41 22 allt
762 246 57 22 hvad
837 246 85 22 utskot-

173 282 44 20 tets
233 281 115 27 pluralitet
363 282 7 21 i
394 283 38 21 sitt
454 282 139 22 betänkande
616 282 48 22 haft
688 284 33 20 att
737 282 76 22 anföra
829 284 45 20 mot
890 283 32 20 ett

175 316 77 22 sådant
268 320 61 19 mera
345 318 137 22 ekonomiskt
505 320 90 26 system,
615 318 40 22 har
678 318 56 22 dock
750 317 65 28 ingen
836 318 23 21 af
873 318 49 21 dess

173 352 91 22 anförda
279 353 220 28 bevisningspunkter
514 354 122 27 öfvertygat
651 354 45 26 mig
712 360 35 15 om
758 354 132 27 riktigheten
901 353 24 21 af

172 388 167 27 bevisföringen.
370 389 50 22 Med
439 390 111 21 utskottet
565 390 108 21 erkänner
691 390 39 26 jag
746 390 63 26 dock,
825 390 33 20 att
874 389 48 21 ieke

173 423 47 21 skäl
236 424 62 21 torde
314 431 52 15 vara
389 425 33 21 för
445 427 33 20 ett
501 427 28 19 än
544 426 80 21 lättare
639 425 140 27 bredspårigt
794 426 88 26 system,
898 426 25 20 så

172 459 43 21 lätt
230 460 33 21 att
279 460 64 22 södra
360 461 139 21 statsbanans
522 461 126 27 lastvagnar
672 461 48 21 icke
738 461 73 21 kunde
827 460 49 22 fullt
892 460 30 21 la-

173 495 62 21 stade
251 494 59 23 föras
325 496 23 21 in
363 498 29 26 på
407 497 41 21 den
464 497 80 21 lättare
560 497 94 27 anlagda
669 496 87 28 Kuopio
772 496 79 26 banan;
873 502 49 16 men

172 531 98 21 deremot
285 532 106 22 vidhåller
404 532 44 28 jag,
465 534 34 20 att
515 534 32 20 ett
562 532 159 22 välberäknadt
737 532 140 27 smalspårigt
887 538 34 20 sy-

172 568 56 20 stem
244 573 50 16 vore
313 568 55 22 både
384 568 67 22 solidt
474 568 40 22 och
537 568 93 27 kraftigt
653 570 58 20 samt
726 568 56 27 ägde
804 570 60 19 utom
880 568 42 20 för-

173 604 78 26 mågan
267 605 33 19 att
324 610 74 21 smyga
421 604 34 27 sig
477 604 35 21 till
536 610 27 15 en
579 604 63 22 äfven
659 610 98 21 sparsam
773 603 70 27 trafik,
859 602 64 22 äfven

173 638 42 22 den
230 640 34 20 att
279 638 51 22 fullt
344 640 128 27 tillräckligt
488 640 7 21 i
511 639 32 22 S:t
559 640 91 21 Michels
662 639 40 22 och
713 639 86 27 Kuopio
810 639 42 27 län,
863 640 57 20 samt

172 674 7 21 i
195 674 50 22 hela
260 674 38 22 det
314 675 47 21 inre
377 675 80 27 landet,
467 676 70 20 under
552 675 116 22 decennier
679 675 40 21 och
733 675 136 21 mansåldrar
879 674 43 21 till-

175 710 169 27 fyllestgörande
359 710 88 28 betjena
462 711 104 21 rörelsen.
583 723 29 3 —
626 712 39 20 Att
684 710 4 22 i
704 712 89 20 namnet
809 710 114 22 stambana

174 746 54 21 söka
244 752 27 15 en
287 746 71 27 grund
373 746 34 22 för
422 746 143 28 bevisningen
581 749 46 19 mot
643 748 33 20 ett
691 746 93 21 smalare
800 747 56 26 spår,
865 746 21 20 d.
902 751 19 15 v.

173 788 16 14 s.
207 782 69 21 under
292 782 43 28 3!/,
351 781 39 28 fot,
406 784 25 19 är
451 784 33 20 att
507 782 101 22 använda
631 782 47 27 ord,
694 788 50 15 men
761 782 46 21 icke
824 781 59 28 skäl;
899 783 23 25 ty

170 816 86 27 Kuopio
271 817 79 27 banan,
367 824 35 15 om
418 820 27 19 än
461 818 28 22 25
513 817 39 22 mil
573 818 58 26 lång,
647 820 25 19 är
688 817 7 21 i
711 816 30 22 all
757 817 34 21 sin
806 817 116 26 nakenhet,

170 853 96 26 ogrenad
282 853 40 21 och
338 855 53 19 utan
407 853 97 27 bibanor,
520 853 48 21 icke
585 855 67 19 annat
662 855 29 19 än
702 859 27 15 en
740 853 109 21 sekundär
859 852 63 27 bana,

170 888 50 21 med
236 888 58 21 blott
309 888 77 22 tertiär
404 889 54 21 eller
474 891 118 24 quaternär
607 888 72 27 trafik,
696 888 34 21 till
747 888 64 21 södra
827 887 95 22 stamba-

171 930 50 15 nan.
252 923 33 22 En
301 924 57 21 bana
374 924 66 22 redan
456 925 50 21 med
521 925 14 20 3
552 924 43 21 fots
617 923 103 28 spårvidd
735 923 40 22 har
791 923 68 28 enligt
874 923 48 22 sak-

171 959 83 28 kunnig
269 959 110 28 ingeniörs
395 960 34 21 till
444 960 46 27 mig
505 959 94 28 benäget
614 959 88 22 lemnad
724 959 86 27 uppgift
833 965 47 15 mer
894 961 28 18 än

170 994 119 28 tillräcklig
303 994 164 29 trafikförmåga
474 995 35 22 för
517 1002 27 15 en
555 997 26 20 så
589 1002 52 21 svag
649 995 82 22 rörelse
742 1001 46 15 som
798 1001 26 15 en
837 994 85 27 Kuopio

171 1029 68 22 banas
255 1037 30 15 nu
302 1031 39 21 och
356 1031 61 27 långt
432 1031 86 22 framåt.
535 1043 29 3 —
579 1026 70 27 Äfven
667 1030 121 27 uppgiften,
797 1032 34 19 att
841 1029 81 22 afstån-

169 1065 39 22 det
222 1065 94 22 emellan
332 1066 86 22 rälerna
434 1066 150 29 (spårvidden)
601 1066 71 22 skulle
688 1072 53 15 vara
763 1065 50 28 föga
828 1065 94 22 bestäm-

169 1101 79 22 mande
264 1101 34 22 för
321 1102 129 27 kostnaden,
467 1104 24 19 är
507 1102 48 22 icke
571 1102 74 27 riktig,
670 1104 24 25 ty
712 1101 48 27 just
775 1102 7 21 i
801 1101 42 22 den
859 1102 63 21 svåra

170 1137 89 27 terräng
274 1137 40 22 och
330 1137 72 22 starkt
417 1138 110 27 kuperade
543 1138 69 27 mark,
628 1137 91 22 hvilken
734 1139 39 25 gör
788 1137 86 27 Kuopio
885 1137 37 20 ba-

170 1177 54 16 nans
240 1171 64 28 profil
319 1174 29 25 på
362 1173 60 21 vissa
437 1173 90 27 stycken
542 1173 84 27 ganska
642 1173 46 27 dyr,
706 1173 39 21 der
767 1172 90 27 bidroge
878 1174 44 19 sär-

169 1207 69 21 skildt
253 1209 33 20 ett
304 1208 67 21 smalt
394 1209 51 26 spår
466 1210 33 19 att
514 1209 120 26 nedtrycka
650 1207 272 28 anläggningskostnaden.

167 1243 40 20 Att
225 1243 119 27 rälsvigten
359 1245 29 25 på
411 1243 99 28 Sveriges
534 1243 147 28 smalspåriga
704 1244 69 21 banor
789 1243 70 22 skulle
876 1245 46 20 ten-

168 1278 52 21 dera
236 1278 35 21 till
287 1281 33 19 att
335 1279 71 22 hållas
421 1279 37 22 vid
474 1279 101 28 omkring
592 1280 27 21 12
636 1279 22 21 &
673 1285 40 21 per
728 1279 39 27 fot,
783 1281 24 19 är
823 1285 27 16 en
868 1285 54 20 upp-

168 1313 48 28 gift,
234 1320 47 15 som
297 1314 90 22 alldeles
404 1315 47 22 icke
467 1317 25 20 är
507 1315 145 22 konstaterad
668 1315 41 22 och
724 1314 34 22 för
774 1314 65 28 öfrigt
856 1314 6 21 i
883 1314 40 21 och

167 1349 34 21 för
216 1349 34 27 sig
265 1350 41 21 har
328 1349 65 28 ingen
409 1350 112 28 betydelse
537 1351 34 21 för
587 1351 88 27 frågan;
692 1352 23 25 ty
738 1356 102 20 usancen,
856 1356 68 15 Vanor

167 1385 41 21 och
224 1391 88 21 ovanor,
328 1385 54 22 eller
396 1386 59 21 vissa
471 1387 124 26 tendenser,
612 1385 66 22 hafva
694 1386 40 21 här
758 1386 56 21 intet
833 1385 90 22 berätti-

167 1420 78 27 gande,
257 1420 29 22 då
296 1419 42 28 för
353 1420 75 29 hvarje
439 1421 96 22 särskild
550 1421 57 22 bana
623 1421 39 21 och
677 1420 48 22 dess
740 1419 111 23 särskilda
858 1419 67 28 trafik

167 1455 105 27 materiel,
287 1455 59 22 räler
362 1456 38 22 och
416 1455 56 28 drift
486 1457 69 21 måste
569 1456 107 22 särskildt
691 1455 112 22 beräknas.
833 1456 39 21 Att
887 1457 37 21 vid

167 1491 34 20 ett
213 1491 202 27 jernvägsproblem
431 1493 119 26 rälsvigten
566 1492 72 22 skulle
654 1491 122 22 bestämma
788 1491 41 22 den
843 1492 81 27 rörliga

166 1526 141 22 materielens
325 1527 53 28 vigt,
394 1529 26 20 är
430 1527 56 22 hvad
497 1528 27 21 de
535 1528 71 26 gamle
617 1527 71 22 kallat
699 1529 33 20 ett
742 1527 82 26 felslut,
837 1526 86 28 öoregov

238 1569 196 25 Jernvägsutskottets
450 1569 117 20 betänkande
583 1567 43 22 N:o
643 1569 18 20 1.
