1078 1692
482 156 38 23 N:o
536 156 23 23 4.
841 157 25 19 21

489 222 13 26 8
518 224 34 19 21.

209 256 105 22 Decimal-
336 256 39 22 och
398 256 199 28 centesimalvågar,
622 256 52 22 eller
696 256 70 28 vågar
788 256 24 22 af
828 256 69 22 sådan

142 290 157 27 konstruktion,
320 292 33 20 att
370 290 75 28 vigten
461 291 47 21 står
523 290 33 22 till
573 290 151 28 belastningen
738 291 9 21 i
762 291 135 22 förhållande

142 324 29 28 af,
187 324 7 22 i
210 324 59 22 förra
284 324 62 22 fallet
362 327 11 19 1
389 325 34 21 till
439 326 26 20 10
481 325 39 21 och
535 325 7 21 i
558 325 37 21 det
610 331 76 16 senare
702 328 11 18 1
729 325 34 22 till
781 326 46 27 100,
843 326 51 21 må
880 320 17 37 i

142 359 41 21 den
198 359 108 21 allmänna
320 359 96 21 rörelsen
430 359 112 27 begagnas
558 360 67 21 under
640 359 95 28 följande
750 360 77 22 vilkor:

212 394 41 26 1:0)
274 395 33 20 att
328 394 28 27 på
371 393 99 28 lämpligt
484 394 64 22 ställe
563 394 26 22 af
601 394 72 28 vågen
687 394 68 22 finnes
769 394 80 28 tydligt
864 396 33 20 ut-

142 429 45 20 satt
208 428 159 27 benämningen
390 428 98 22 decimal-
512 428 53 22 eller
587 428 175 28 centesimalvåg,
784 429 39 22 allt
842 429 56 22 efter

143 463 48 21 dess
205 462 155 28 beskaffenhet,
378 462 108 22 äfvensom
501 463 41 21 den
555 464 79 27 högsta
642 464 38 21 och
688 464 72 27 lägsta
768 464 128 27 belastning,

142 497 34 21 för
190 496 89 23 hvilken
294 498 72 26 vägen
381 499 25 19 är
420 497 121 27 beräknad;

211 532 42 26 2:0)
276 533 34 19 att
332 532 28 26 pä
382 531 169 28 centesimalväg
575 532 143 22 öfverhufvud
740 532 20 27 ej
780 532 35 21 mä
829 534 69 25 vägas

143 566 82 21 mindre
241 566 109 26 gvantitet
365 568 28 19 än
409 568 40 19 100
464 566 117 27 kilogram;

214 601 41 26 3:0)
272 602 33 20 att
320 600 29 27 pä
365 600 140 28 decimalväg,
522 601 65 21 hvars
603 600 100 22 bärkraft
718 601 39 21 bör
772 601 73 27 uppgä
865 600 33 21 till

143 635 66 21 minst
233 636 39 20 100
295 634 112 28 kilogram,
431 635 19 27 ej
470 636 36 20 mä
521 637 69 25 vägas
606 635 82 22 mindre
704 635 108 27 gvantitet
827 637 28 19 än
871 636 26 19 10

144 669 115 27 kilogram;

211 704 43 26 4:0)
278 705 34 20 att
334 703 40 21 allt
395 704 57 21 hvad
472 704 34 21 till
521 704 73 27 vågen
609 704 71 27 hörer,
696 706 59 20 utom
769 704 128 27 stödjeplan,

143 738 103 27 ställning
262 738 39 21 och
316 738 69 27 broar,
401 738 74 22 hvilka
489 738 76 22 kunna
579 745 54 15 vara
648 738 25 22 af
686 740 40 26 trä,
737 741 25 19 är
772 738 127 22 tillverkadt

143 772 25 21 af
179 772 55 28 jern,
250 772 44 22 stål
309 772 52 22 eller
377 778 70 16 annan
462 772 47 27 styf
522 773 85 27 metall;

212 807 41 26 5:0)
278 808 34 19 att
334 804 96 29 vågarne
453 808 36 20 äro
512 806 131 28 tillräckligt
660 807 76 21 starka
751 807 33 21 för
800 807 37 21 det
851 806 48 22 med

143 840 48 22 dem
214 840 90 21 afsedda
326 840 107 27 ändamål,
455 840 107 22 äfversom
578 842 33 20 att
626 847 83 21 pannor
724 841 39 22 och
778 847 68 21 eggar
861 843 38 18 äro

143 874 148 27 förfärdigade
315 874 22 21 af
360 874 92 21 härdadt
473 875 44 21 stål
539 877 57 19 samt
619 875 26 21 de
670 881 75 16 senare
771 874 129 28 tillräckligt

143 909 89 26 skarpa;

213 943 41 26 6:0)
270 944 34 20 att
318 943 99 27 vägarna
432 945 37 19 äro
484 943 34 21 för
533 943 72 28 tydlig
620 943 106 28 afläsning
738 943 101 22 försedda
851 943 49 22 med

143 983 27 16 en
191 979 69 25 tunga
284 977 24 21 af
325 977 65 21 minst
406 979 24 19 15
447 977 138 22 centimeters
599 978 72 27 längd,
687 978 73 21 fästad
775 979 36 22 vid
826 978 74 21 balan-

143 1017 38 16 sen
195 1011 120 22 vinkelrätt
330 1013 44 20 mot
389 1012 69 21 denna
473 1013 39 20 och
527 1014 45 20 mot
587 1013 48 21 dess
651 1013 48 22 axel
714 1015 46 19 rätt
770 1013 60 22 öfver
843 1012 57 21 stöd-

144 1046 118 27 jepunkten
277 1046 39 21 och
331 1046 123 21 motsvarad
470 1046 25 21 af
508 1053 27 15 en
550 1047 100 27 lämpligt
664 1047 87 22 indelad
766 1047 71 26 skala;

214 1081 40 26 7:0)
275 1081 33 20 att
323 1081 27 26 pä
367 1080 77 27 sjelfva
458 1081 120 27 vägarmen
591 1081 55 28 inga
660 1082 46 21 lösa
721 1081 132 22 omedelbart
868 1081 32 21 ät-

143 1114 95 27 komliga
254 1114 60 21 delar
332 1115 29 29 mä
372 1115 82 29 finnas,
470 1115 49 21 med
534 1115 114 28 undantag
660 1115 24 22 af
690 1122 26 15 en
724 1115 175 28 regleringsvigt,

143 1155 45 15 som
203 1149 77 21 endast
294 1148 126 23 förmedelst
434 1149 140 28 skrufnyckel
589 1151 44 20 kan
648 1150 37 22 vid
698 1151 83 27 vägens
791 1149 109 28 justering

143 1179 104 36 omställas
253 1189 10 21 ;
553 1186 4 3 N

212 1218 41 26 8:0)
270 1219 34 20 att
319 1219 83 26 tungan
418 1218 57 21 visar
488 1219 29 26 pä
533 1219 148 27 nollpunkten,
690 1220 25 21 sä
726 1219 38 22 väl
772 1219 29 21 dä
808 1219 92 21 broarne

143 1254 37 19 äro
203 1251 104 27 olastade,
331 1258 44 15 som
396 1252 28 21 dä
443 1253 26 21 de
487 1253 97 22 belastas
600 1253 48 22 med
664 1254 40 21 den
719 1254 78 27 högsta
812 1253 88 22 tillåtna

143 1285 70 28 tyngd
234 1285 8 22 i
264 1286 37 21 det
322 1285 25 22 af
364 1287 82 26 vägens
462 1287 150 22 beskaffenhet
626 1288 112 21 bestämda
754 1287 145 27 förhållande;

212 1320 42 27 9:0)
278 1322 33 19 att
329 1321 73 26 vägen
416 1321 71 26 gifver
502 1327 83 16 samma
599 1322 79 27 utslag,
694 1323 29 26 pä
737 1322 84 22 hvilket
836 1321 64 22 ställe

142 1354 25 21 af
180 1355 98 26 vägbron
293 1354 151 28 belastningen
459 1357 28 20 än
502 1356 81 27 hvilar;

211 1389 56 26 10:0)
283 1390 34 19 att
332 1389 97 22 närhelst
443 1389 80 22 sådant
539 1390 25 21 af
573 1397 80 15 varans
666 1390 114 22 aflemnare
789 1390 52 21 eller
848 1391 53 20 mot-

141 1425 77 24 tagare
237 1423 99 27 begäres,
356 1423 161 28 undersökning
533 1425 26 21 af
571 1425 83 26 vägens
668 1424 108 27 riktighet
790 1424 56 21 skall
861 1425 39 21 ske

140 1456 37 21 vid
201 1463 25 15 en
247 1457 130 27 belastning,
400 1464 45 15 som
459 1458 48 22 icke
522 1459 138 27 understiger
676 1459 40 21 den
731 1458 35 22 för
780 1459 72 26 vägen
866 1459 35 21 be-
