1078 1692
212 158 26 19 26
526 157 37 23 N:o
577 156 24 23 4.

186 222 210 28 vägningsredskap,
418 222 56 22 skall
497 222 118 29 iakttagas,
639 224 33 20 att
689 222 160 28 undersökning
864 222 25 22 af
902 223 37 21 ku-

185 256 63 22 biska
270 257 103 21 målkärls
396 257 61 27 rymd
480 258 51 21 sker
555 258 91 21 medelst
668 257 122 27 längdmått
805 257 38 21 och
859 257 24 21 af
896 258 43 20 alla

188 291 68 21 andra
271 291 103 22 målkärls
389 292 60 27 rymd
465 292 90 22 medelst
570 293 76 21 vatten
662 292 51 21 eller
728 291 70 22 linfrö.

545 344 12 26 8
574 346 33 18 29.

253 382 122 28 Stämpling
390 383 24 21 af
428 383 117 28 mätnings-
561 384 39 21 och
615 383 208 28 vägningsredskap,
841 388 44 16 som
901 382 37 22 vid

185 417 109 27 justering
309 417 132 27 godkännes,
457 418 50 21 sker
522 418 90 22 medelst
626 417 147 28 anbringande
788 417 25 21 af
820 417 68 21 krona
898 417 39 21 och

184 452 56 21 årtal
256 454 56 19 samt
324 452 242 28 justeringsdistriktets
580 459 101 20 nummer,
692 452 58 27 eller,
766 452 28 21 då
801 451 136 28 justeringen

185 486 129 22 verkställes
329 486 38 22 hos
382 486 293 28 Justeringskommissionen,
692 493 26 15 en
728 486 106 27 sexuddig
847 486 89 27 stjerna.

529 540 13 25 $
559 540 32 20 30.

252 578 85 22 Varder
359 579 55 21 mått
437 579 52 21 eller
505 579 48 27 vigt
567 579 37 22 vid
619 578 141 28 omjustering
774 578 117 28 godkändt,
908 578 27 21 då

183 612 63 27 skall,
262 618 34 15 om
311 612 92 28 ändring
418 613 58 22 varit
491 613 72 27 nödig,
579 613 92 27 förnyad
686 612 117 28 stämpling
813 612 45 22 ske.
880 612 56 22 God-

185 646 83 22 kännes
290 647 117 27 redskapet
429 649 52 20 utan
505 648 98 27 ändring,
620 648 82 21 åsättes
718 647 76 22 endast
808 648 49 26 nytt
872 646 63 27 årtal,

183 681 132 21 betecknadt
328 682 48 21 med
392 682 26 21 de
433 682 39 22 två
487 682 53 22 sista
554 682 99 22 siffrorna
667 683 61 25 samt,
739 681 47 22 ifall
797 681 139 27 omjustering

183 716 51 21 sker
249 716 57 21 inom
322 718 66 20 annat
401 717 198 27 justeraredistrikt
613 719 28 19 än
652 717 42 27 det,
706 716 38 22 der
754 716 181 27 nästföregående

179 750 111 28 justering
305 750 73 22 blifvit
392 751 69 27 gjord,
478 752 37 21 det
529 751 149 22 förstnämnda
693 750 122 22 distriktets
833 756 101 15 nummer.

528 804 13 25 $
557 805 33 19 31.

250 841 81 22 Finnes
346 842 38 21 vid
393 842 94 27 förnyad
499 842 160 28 undersökning
670 842 24 21 af
700 841 109 28 justeradt
819 841 117 27 mätnings-

183 875 51 22 eller
258 876 201 28 vägningsredskap
484 877 118 21 detsamma
618 877 18 27 ej
652 877 54 21 böra
720 876 133 27 godkännas,
868 875 66 22 varde

181 910 53 21 derå
256 911 108 27 anbragta
381 911 224 28 justeringsstämplar
620 911 25 22 af
656 912 121 27 justeraren
792 910 76 28 gjorda
883 910 53 27 ogil-

181 944 49 27 tiga
244 945 98 27 sålunda,
358 947 34 20 att
406 946 131 27 stämplarne
552 946 54 21 hvar
621 945 33 22 för
668 945 35 28 sig
718 945 100 27 utplånas
829 945 51 21 eller
896 945 38 20 ock

183 978 67 22 förses
274 979 48 21 med
341 979 90 28 tydliga,
448 986 76 21 genom
541 980 134 27 mejselhugg
690 979 52 22 eller
757 980 27 26 på
800 980 66 20 annat
881 979 54 27 tjen-

183 1012 41 28 ligt
239 1015 46 19 sätt
299 1013 109 28 anbragta
423 1015 56 20 kors.

341 1076 37 22 Om
394 1076 135 29 förvarings-
546 1077 40 22 och
602 1075 174 30 transportkärl.

524 1123 13 26 8
553 1124 34 19 32.

247 1161 145 28 Förvarings-
416 1162 52 21 eller
492 1162 158 27 transportkärl
665 1162 34 21 må
714 1161 25 22 af
756 1161 108 28 justerare
882 1161 52 21 eller

181 1195 95 22 krönare
297 1197 115 26 uppmätas
434 1197 39 20 och
495 1197 109 26 stämplas,
627 1196 72 22 derest
714 1195 38 22 det
766 1196 39 21 har
819 1195 35 22 för
868 1195 66 22 ända-

179 1229 67 22 målet
268 1230 129 27 tillräckligt
418 1231 62 21 stark
499 1231 150 21 konstruktion
665 1231 39 20 och
720 1229 145 28 oföränderlig
879 1229 54 21 form

178 1265 57 20 samt
250 1263 116 29 inrymmer
381 1265 64 21 minst
461 1267 25 20 15
502 1265 56 22 liter.

525 1317 13 25 8
555 1318 32 19 33.

246 1356 150 28 Uppmätning
411 1357 25 21 af
449 1357 132 27 förvarings-
597 1357 39 21 och
650 1355 160 28 transportkärl
825 1355 55 22 skall
894 1355 39 21 ske

177 1390 91 22 medelst
283 1392 76 21 vatten
375 1391 52 22 eller
441 1391 70 22 linfrö.

245 1425 51 21 Ifall
319 1425 72 22 kärlet
413 1426 115 27 inrymmer
550 1432 45 15 mer
617 1427 27 20 än
668 1427 41 19 100
732 1425 56 26 liter,
811 1423 55 22 skall
884 1423 48 21 dess

177 1458 61 27 rymd
261 1460 95 21 utsättas
371 1459 7 21 i
394 1460 49 21 hela
465 1459 50 22 liter
537 1460 47 21 med
607 1458 150 23 utelemnande
777 1457 24 22 af
815 1457 117 27 öfverskju-
