1078 1692
120 780 14 28 $
150 779 21 23 8.

121 986 12 27 $
150 986 22 21 9.

115 1325 14 28 8
145 1325 34 22 16.

206 136 12 20 6
395 136 80 22 Ständ.
491 136 36 22 Sv.
544 148 27 3 —
587 136 70 27 Prop.
675 136 38 22 N:o
728 136 20 21 4.

183 198 53 20 enär
260 198 36 21 det
315 200 59 25 synts
389 198 90 21 Ständet
495 200 32 19 att
542 198 160 27 kilogrammets
717 198 112 27 indelning
843 198 92 22 omedel-

183 231 47 21 bart
252 232 8 20 i
284 232 55 22 1000
356 239 61 21 gram
433 239 50 15 vore
499 232 32 21 för
546 233 37 21 det
599 232 112 28 praktiska
725 232 60 22 lifvet
800 233 41 21 den
857 232 79 28 begvä-

184 268 74 19 maste.
289 266 56 21 Lika
363 266 46 22 litet
424 267 39 21 har
479 266 91 22 Ständet
585 269 72 19 ansett
672 267 48 21 skäl
734 266 132 22 förekomma
882 269 32 19 att
928 266 7 21 i

184 302 101 25 systemet
300 303 98 25 upptaga
413 301 184 27 benämningarne
613 301 87 27 lispund
716 301 40 21 och
771 301 76 26 cental,
862 302 28 20 dä
900 301 36 21 be-

184 333 121 28 räkningen
327 335 7 20 i
357 334 105 28 kilogram
485 337 52 19 utan
554 335 114 27 olägenhet
684 335 42 21 kan
742 335 122 21 utsträckas
879 336 57 20 ända

185 368 32 21 till
234 369 62 25 1,000
312 368 110 28 kilogram.
446 370 46 20 Den
504 369 113 28 praktiska
628 370 187 27 begvämligheten
825 370 40 21 har
876 370 61 21 Stän-

185 403 35 20 det
243 402 73 22 funnit
337 410 53 14 vara
413 403 126 28 tillräckligt
562 404 143 26 tillgodosedd
720 410 76 21 genom
812 406 39 23 att,
867 404 70 22 såsom

185 436 96 21 komit6n
304 436 118 29 föreslagit,
445 438 175 27 upplysningsvis
643 438 95 27 tillägga,
755 439 36 20 det
807 439 62 25 1,000
884 438 54 21 kilo-

185 477 60 21 gram
268 471 118 22 benämnas
410 478 26 15 en
461 473 37 20 ton
518 472 41 21 och
580 473 46 26 1/95
647 472 106 27 kilogram
769 472 51 22 eller
837 473 26 21 10
877 479 61 21 gram

185 505 69 21 kallas
270 508 31 18 ett
318 506 33 21 lod
368 506 123 27 (metriskt.)

253 540 9 20 I
279 540 220 22 öfverensstämmelse
515 541 49 21 med
581 541 35 20 det
632 540 156 22 ofvananförda
799 541 39 21 har
849 540 89 22 Ständet

184 576 53 20 trott
260 574 32 27 sig
315 574 53 22 böra
388 575 134 21 beträffande
544 576 11 26 $
577 576 12 19 5
613 575 78 21 föreslå
707 575 92 27 ändring
815 575 24 21 af
852 575 85 21 benäm-

185 608 79 27 ningen
287 608 71 22 hektol
376 609 32 21 till
424 609 122 24 hektoliter,
561 610 54 20 mott
629 609 31 21 till
676 609 97 21 deciliter
788 611 55 19 samt
859 611 31 19 att
906 616 32 14 or-

185 643 35 20 det
242 643 68 27 nylod
333 646 91 19 ersattes
446 644 49 20 med
517 644 151 21 motsvarande
688 643 58 21 antal
762 650 67 20 gram.
860 643 30 21 De
906 643 32 21 för

185 677 99 27 mätning
308 677 24 21 af
353 678 40 21 ved
416 678 103 27 lämpliga
542 678 82 21 mätten
640 678 39 21 har
694 678 91 21 Ständet
800 680 71 19 ansett
886 678 54 20 böra

185 710 39 22 här
239 711 88 21 införas.
358 712 9 20 I
390 712 57 27 3:dje
468 719 62 14 mom.
547 712 46 21 åter
610 711 64 21 borde
690 712 61 20 ordet
767 712 71 26 ,kilo'*
854 712 86 27 utbytas

186 747 44 19 mot
246 762 4 8 ,
254 745 134 27 kilogram.'

254 779 41 21 Till
311 781 10 25 $
338 781 12 20 8
366 780 40 20 har
421 780 91 21 Ständet
528 782 53 19 trott
597 781 36 20 det
648 787 51 14 vara
714 780 81 27 nödigt,
811 782 32 19 att
853 780 49 27 foga
912 786 27 14 en

185 813 110 21 föreskrift
318 814 113 27 angäende
451 814 167 27 apoteksvigter,
634 814 80 26 hvilka,
730 815 28 20 dä
772 815 26 20 de
814 814 124 27 understiga

185 849 31 19 ett
232 848 116 27 decigram,
363 849 37 20 äro
416 848 33 21 för
465 849 46 20 smä
525 848 34 21 för
573 850 33 19 att
622 848 104 27 stämplas
741 850 61 23 samt,
819 849 28 20 dä
862 849 26 20 de
904 847 35 22 be-

185 881 71 21 finnas
272 882 100 27 oriktiga,
388 882 57 21 helst
461 882 53 21 böra
529 882 106 27 kasseras,
651 883 53 20 enär
718 882 121 21 kostnaden
855 882 33 21 för
902 889 38 14 an-

185 915 113 22 skaffande
320 916 25 21 af
366 924 42 20 nya
430 917 69 27 vigter
524 917 61 20 torde
608 916 66 22 blifva
689 916 82 21 mindre
786 917 28 20 än
829 916 33 21 för
878 917 61 20 deras

186 950 150 27 omjustering.

256 985 10 26 $
283 985 13 20 9
311 984 41 21 har
374 987 83 19 ansetts
480 985 96 21 erfordra
599 985 35 21 det
656 985 82 26 tillägg,
758 987 32 18 att
805 985 135 27 strykbrädet

187 1017 38 22 bör
240 1025 53 15 vara
308 1019 127 27 tillräckligt
450 1019 86 28 stadigt,
553 1019 90 21 emedan
659 1021 31 18 ett
705 1019 73 20 alltför
794 1021 63 18 tunnt
872 1019 69 27 stryk-

186 1051 66 22 bräde
268 1053 36 21 vid
319 1053 72 26 hastig
411 1053 112 28 strykning
539 1053 42 21 kan
597 1053 97 21 bortföra
709 1053 71 27 nägon
796 1053 34 21 del
845 1053 25 21 af
882 1053 59 21 inne-

186 1085 74 27 hållet,
284 1086 114 22 hvarutom
421 1088 36 20 det
480 1088 61 20 torde
564 1087 53 21 böra
640 1088 94 26 stadgas,
754 1089 32 19 att
801 1087 139 27 strykningen

186 1120 55 21 skall
256 1120 39 21 ske
310 1120 54 27 frän
380 1121 83 22 midten
477 1121 24 21 ät
515 1121 107 22 hvardera
637 1121 70 22 sidan.

255 1155 42 20 Till
312 1157 11 25 $
341 1156 25 20 12
382 1155 40 21 har
438 1156 90 21 Ständet
544 1157 72 20 ansett
631 1155 7 21 i
654 1155 76 28 början
746 1155 24 22 af
783 1157 32 25 8:n
832 1155 52 21 böra
899 1155 42 21 till-

185 1188 76 27 läggas
284 1190 68 20 orden
372 1189 8 22 i
395 1189 145 28 föreskrifven
555 1190 95 27 ordning
665 1189 89 22 framför
765 1189 116 28 justeradt,
897 1189 45 22 dels

186 1223 49 20 med
258 1223 103 21 afseende
384 1225 13 20 å
419 1225 36 20 det
471 1224 74 27 tillägg
561 1231 34 14 om
612 1224 166 27 apoteksvigter,
794 1231 45 14 som
855 1223 87 22 föresla-

185 1256 43 27 gits
248 1257 34 20 till
304 1257 114 22 införande
433 1259 7 20 i
455 1259 12 26 $
483 1259 20 25 8,
519 1259 45 20 dels
580 1259 33 20 för
629 1261 31 18 att
676 1259 81 26 antyda
772 1260 33 19 att
820 1258 122 21 utomlands

185 1290 112 28 justerade
312 1291 70 27 vigter
397 1292 48 21 icke
461 1293 36 20 äro
513 1292 82 27 giltiga.

256 1325 57 22 Frän
338 1327 10 25 $
372 1328 24 20 16
413 1326 39 21 har
468 1327 91 21 Ständet
575 1329 53 18 trott
644 1327 31 26 sig
691 1327 53 20 böra
759 1326 79 21 föreslä
853 1326 90 21 uteslut-

187 1359 52 27 ning
254 1359 26 21 af
293 1361 67 20 orden
380 1360 124 26 ,äfvensom
519 1361 36 20 vid
571 1361 28 21 all
615 1361 93 27 vägning
724 1361 48 20 med
788 1360 99 21 decimal-
903 1361 41 20 och

187 1393 213 28 centicimalvägar'',
424 1396 90 19 emedan
541 1394 90 22 Ständet
657 1397 72 18 ansett
751 1397 32 18 att
805 1394 138 21 föreskriften

187 1433 34 14 om
238 1427 142 28 obligatorisk
396 1429 138 26 användning
551 1429 24 21 af
587 1429 103 21 metriska
705 1429 69 26 vigter
790 1428 32 21 för
838 1429 62 20 dessa
910 1430 34 20 vä-
