1078 1692
385 158 24 23 U.
424 158 23 23 B.
462 172 30 2 —
507 160 62 27 Prop.
585 159 39 23 N:o
642 158 33 22 15.
843 159 29 22 57

151 224 219 27 hamnumgäldernas
391 224 142 28 afskaffande,
555 226 39 20 och
615 231 77 21 genom
714 225 102 21 ledandet
838 224 24 22 af
875 231 27 15 en

151 260 79 21 bibana
246 260 56 22 ifrän
315 261 118 27 jernvägen
450 261 34 21 till
499 261 131 27 Trängsund
644 261 73 21 kunde
734 260 68 28 öfriga
815 261 87 27 olägen-

151 296 62 21 heter
228 296 33 21 för
277 296 37 22 det
329 298 70 20 mesta
417 296 115 28 aflägsnas.
564 296 94 22 Särskilt
669 298 70 20 mäste
749 297 76 21 härvid
837 297 65 21 ocksä

153 332 42 21 den
214 332 189 27 omständigheten
425 332 99 27 beaktas,
546 334 33 20 att
601 339 77 21 genom
695 339 27 15 en
736 333 91 27 jernväg
842 332 60 22 öfver

152 367 86 21 Jääskis
259 368 40 21 och
319 368 106 21 Puumala
441 368 112 22 afständet
569 368 57 22 ifrän
643 368 104 22 Savolaks
763 368 34 22 till
812 369 90 27 Wiborg

151 403 69 22 blefve
236 410 46 15 mer
298 406 27 19 än
341 404 29 22 60
385 406 58 19 verst
459 404 88 22 kortare
564 406 27 20 än
609 404 59 22 öfver
679 404 100 28 Kaipiais
790 404 109 22 äfvensom

151 441 53 19 nära
218 440 30 21 40
264 439 12 22 å
292 440 29 22 60
336 442 59 20 verst
410 440 88 22 kortare
515 442 28 19 än
560 440 110 22 afständet
686 440 35 22 till
731 441 169 22 Fredrikshamn

152 475 52 21 eller
219 476 79 21 Kotka.

224 506 19 26 Ä
259 512 68 21 andra
343 512 61 21 sidan
421 513 47 20 äter
484 512 71 22 skulle
571 519 78 20 genom
663 512 130 27 jernvägens
809 512 91 27 anknyt-

153 546 52 27 ning
224 547 35 21 vid
276 548 136 21 Wasabanan
430 554 25 15 en
471 548 47 21 helt
535 548 39 22 och
590 548 69 22 hället
674 554 28 21 ny
717 548 133 27 handelsväg
865 554 35 15 ve-

152 584 69 20 sterut
242 585 71 25 öppna
329 584 33 26 sig
378 583 33 22 för
426 584 112 27 Savolaks,
555 584 84 22 hvilket
655 584 93 22 sälunda
764 584 47 22 icke
826 584 74 27 längre

152 619 69 21 skulle
242 619 67 21 blifva
327 620 115 21 hänvisadt
463 621 28 25 pä
515 626 26 15 en
563 620 54 22 eller
638 627 71 14 annan
725 620 124 27 hamnplats
865 620 36 21 vid

152 654 80 22 Finska
247 655 63 21 viken
327 656 77 21 allena.

224 690 126 22 Utskottets
369 692 112 26 pluralitet
497 692 40 20 har
553 692 128 27 visserligen
697 692 122 27 ifrågasatt,
835 692 65 21 huru-

151 726 50 21 vida
223 728 70 25 nägon
318 726 90 28 lifligare
431 726 226 23 handelsförbindelse
681 728 92 21 emellan
798 728 102 21 Savolaks

152 762 39 21 och
207 763 76 21 staden
299 763 66 21 Wasa
380 763 71 21 kunde
467 762 89 22 komma
571 763 35 21 till
622 764 70 20 ständ.
708 764 65 21 Klart
782 764 67 21 borde
860 763 40 21 lik-

152 798 32 20 väl
200 804 58 21 vara,
274 800 34 20 att
324 800 78 26 mänga
418 799 61 21 delar
495 798 23 22 af
533 799 106 21 Savolaks
655 800 73 20 kunna
744 799 59 21 finna
813 799 34 21 sin
858 798 42 22 för-

152 834 34 21 del
207 834 35 21 vid
266 836 33 19 att
320 834 55 22 ifrän
390 835 65 21 Wasa
472 835 58 21 förse
547 836 34 26 sig
598 836 50 21 med
663 836 52 26 mjöl
732 836 39 21 och
787 841 77 21 gryner
880 835 23 21 af

150 869 71 22 bättre
243 869 47 27 slag
309 872 27 19 än
353 871 48 20 dem
417 871 41 21 den
473 871 66 26 ryska
555 871 134 22 marknaden
705 871 7 21 i
728 871 120 22 allmänhet
862 871 40 20 har

151 906 32 19 att
199 905 95 26 erbjuda.
322 906 46 21 Och
383 907 58 20 klart
457 906 67 22 borde
541 907 63 21 äfven
620 913 58 20 vara,
690 909 33 19 att
734 907 42 22 den
787 906 114 22 Savolaks-

151 941 38 20 ska
205 943 170 26 smörexporten,
392 943 27 20 dä
435 943 41 20 den
492 943 56 21 hade
565 944 34 19 att
614 943 58 26 välja
686 943 92 21 emellan
789 949 26 15 en
826 943 76 20 hamn-

150 976 57 26 plats
221 977 37 20 vid
273 977 83 22 Finska
370 978 64 21 viken
446 978 39 21 och
497 985 26 14 en
535 985 73 14 annan
619 979 35 20 vid
665 978 155 22 Bottenhafvet
831 978 70 21 skulle

151 1011 72 22 kunna
239 1014 51 19 röra
305 1013 34 27 sig
355 1013 49 22 vida
420 1013 65 22 friare
502 1016 28 19 än
547 1021 36 14 nu.
615 1014 93 21 Särskilt
723 1015 70 20 mäste
809 1015 40 20 här
864 1015 37 25 pä-

150 1047 74 28 pekas,
241 1049 33 20 att
290 1049 37 21 det
336 1051 64 25 smör,
410 1056 44 15 som
466 1049 6 21 i
483 1050 67 21 Wasa
562 1050 120 27 uppköpes,
693 1050 125 27 ingalunda,
831 1051 70 20 såsom

149 1083 109 21 utskottet
278 1084 58 21 velat
351 1085 45 21 läta
412 1085 99 27 päskina,
528 1085 104 22 behöfver
648 1086 54 21 söka
718 1086 33 27 sig
766 1087 42 25 väg
824 1085 78 21 endast

152 1118 39 21 och
208 1119 92 21 allenast
316 1120 35 21 till
367 1120 94 27 Sverige.
487 1121 224 22 Kommunikationen
727 1122 50 21 med
788 1121 41 22 den
841 1122 61 20 stora

149 1155 49 20 vida
213 1155 88 22 verlden
318 1157 46 20 stär
379 1156 56 22 ifrän
451 1157 67 21 Wasa
534 1157 47 22 lika
597 1159 70 25 öppen
676 1164 45 15 som
734 1157 56 22 ifrän
801 1157 27 22 de
838 1156 64 22 flesta

149 1191 67 20 andra
231 1191 126 22 hamnorter
373 1192 7 21 i
395 1194 48 20 värt
459 1193 58 21 land.

221 1226 80 22 Vidare
325 1229 69 20 mäste
418 1228 157 28 ihägkommas,
601 1231 33 19 att
656 1235 78 21 genom
758 1236 27 15 en
803 1229 98 26 jernväg,

149 1261 50 22 ledd
215 1261 56 22 ifrän
286 1263 90 27 Wiborg
392 1263 58 22 öfver
465 1264 109 22 Puumala
591 1265 40 21 och
646 1265 117 27 Jyväskylä
778 1265 34 20 till
828 1264 73 21 Pihla-

146 1297 68 26 javesi
232 1298 81 21 station
329 1299 23 21 af
366 1299 64 22 Wasa
446 1299 80 28 banan,
544 1300 106 21 Savolaks
666 1301 70 21 skulle
752 1301 88 21 komma
851 1300 7 21 i
870 1300 31 21 di-

147 1333 49 21 rekt
212 1332 132 23 förbindelse
361 1335 13 20 å
390 1341 40 15 ena
446 1335 62 21 sidan
525 1336 52 21 med
593 1336 101 27 Wiborgs
705 1337 39 21 och
756 1337 13 20 &
780 1337 41 20 den
833 1336 68 21 andra

147 1369 49 20 med
215 1369 65 21 Wasa
295 1369 36 22 län
348 1371 39 20 och
404 1371 91 21 sälunda
511 1371 125 22 medelbart
651 1371 63 22 äfven
730 1372 50 21 med
789 1371 112 27 sydvestra

147 1404 40 20 och
205 1405 129 22 nordvestra
354 1406 87 22 delarne
457 1406 24 21 af
495 1407 83 22 landet.
598 1400 17 38 1
637 1407 73 22 stället
726 1407 33 22 för
775 1408 33 20 att
823 1405 77 22 fortfa-

145 1439 67 21 rande
234 1441 34 20 stä
288 1441 104 22 isoleradt
413 1441 55 22 ifrån
489 1443 27 20 de
541 1442 66 22 flesta
623 1443 68 21 andra
706 1443 61 21 delar
782 1442 24 21 af
819 1441 82 28 landet,

144 1475 73 20 säsom
238 1475 63 22 äfven
320 1477 7 21 i
348 1477 103 22 händelse
472 1477 23 22 af
515 1485 27 14 en
559 1479 48 21 frän
624 1485 51 15 norr
690 1479 34 21 till
740 1479 64 21 söder
820 1478 80 26 dragen

143 1509 91 27 jernväg
248 1511 83 22 blefvet
346 1512 68 27 fallet,
431 1513 70 21 skulle
517 1513 107 22 Savolaks
640 1514 91 21 sålunda
746 1514 63 21 träda
826 1513 75 21 istän-

220 1553 197 26 Jernvägsutskottets
433 1555 117 20 betänkande
567 1557 39 19 N:o
622 1558 17 18 1.
