1078 1692
189 144 28 22 82
397 142 24 22 U.
437 142 23 22 B.
476 156 30 2 —
521 143 62 28 Prop.
599 142 40 22 N:o
656 141 34 22 13.

160 208 140 28 Suonenjoki
324 208 75 28 linien,
420 210 53 19 enär
492 207 173 22 konkurrensen
686 206 52 22 med
758 206 44 22 den
821 206 92 29 färdiga

160 244 260 29 sjökommunikationen
439 243 117 22 sannolikt
575 242 74 22 skulle
663 242 91 22 komma
769 244 35 20 att
818 242 96 22 beröfva

160 280 45 21 den
218 279 63 22 förra
295 287 29 14 en
334 279 37 22 del
382 278 26 23 af
416 279 44 21 den
470 278 75 28 trafik,
556 286 48 14 som
615 286 81 14 annars
707 278 77 22 kunde
793 278 120 29 päräknas,

159 323 54 14 men
231 315 49 21 dels
299 314 73 22 skulie
391 314 74 22 denna
484 314 147 28 konkurrens,
645 314 73 22 under
734 314 130 28 antagande
878 316 36 19 att

160 350 126 30 jernvägen
306 351 25 21 sä
348 350 51 22 vidt
418 350 92 29 möjligt
530 349 143 29 aflägsnades
692 349 52 22 frän
764 349 62 29 sjöns
845 356 67 22 gran-

160 386 63 29 skap,
243 386 8 21 i
273 386 115 28 väsentlig
407 386 57 29 grad
483 385 138 22 förminskas
642 386 43 21 och
704 384 49 23 dels
772 385 74 22 skulle
860 385 52 22 den-

161 429 85 15 samma
260 421 81 23 endast
354 422 9 21 i
377 422 110 21 närheten
503 421 27 22 af
542 421 88 22 banans
641 420 105 30 nordliga
757 420 90 22 sträcka
857 423 56 26 göra

161 458 36 29 sig
216 464 62 15 mera
297 457 140 22 bemärkbar.
468 457 118 29 Tilläggas
603 457 46 21 kan
664 456 69 22 också
748 458 34 21 att
798 456 115 22 afständet

161 493 52 22 från
226 492 142 30 Suonenjoki
381 493 37 21 till
432 493 118 21 Kallavesi
567 492 50 22 icke
635 492 72 22 heller
720 496 26 18 är
761 494 25 21 sä
801 494 62 26 stort,
878 494 35 20 att

161 529 52 22 icke
228 536 28 14 en
270 529 61 28 linie,
346 528 86 30 dragen
447 530 74 20 såsom
535 528 86 30 nådiga
635 528 171 30 propositionen
821 528 93 22 föresla-

162 564 41 30 git,
226 564 73 22 skulle
322 565 9 21 i
352 564 147 22 vattenleden
519 564 70 22 hafva
608 572 29 14 en
655 564 146 28 konkurrent,
821 564 43 22 och
879 566 35 20 att

159 600 139 29 jernvägens
313 600 96 22 relativa
423 600 125 22 närmande
558 600 37 21 till
605 600 151 28 Rantasalmi,
766 600 94 28 Nyslott
870 599 44 23 och

163 636 101 22 Sulkava
280 639 25 19 är
320 643 29 14 en
364 636 176 28 omständighet,
557 643 48 14 som
620 636 69 22 äfven
704 636 41 21 bör
760 636 95 21 beaktas
870 635 44 22 och

161 679 49 15 som
232 672 39 22 väl
293 672 9 21 i
324 672 42 22 och
390 672 36 22 för
441 672 36 28 sig
492 672 9 21 i
516 672 77 28 nägon
608 672 58 28 grad
680 672 66 21 torde
761 674 108 26 uppväga
885 671 27 22 de

161 707 104 29 fördelar,
281 714 48 15 som
344 707 36 22 för
394 707 146 22 Pieksämäki
555 707 43 22 och
613 707 146 22 Haukivuori
774 707 74 21 skulle
862 707 51 22 vin-

161 750 40 15 nas
216 750 84 22 genom
312 743 139 29 jernvägens
467 742 116 30 dragande
598 745 62 19 tvärs
675 750 83 21 genom
774 742 57 22 dem.

231 779 33 21 På
280 778 74 29 grund
370 780 23 20 at
410 778 38 22 det
463 779 72 28 sagda
550 778 35 22 får
598 778 43 30 jag
655 778 117 22 vördsamt
787 778 82 22 föreslå
880 780 34 20 att

160 814 123 22 ständerna
297 808 52 29 med
363 814 147 22 förkastande
526 817 23 19 at
564 814 268 22 utskottsbetänkandets
843 813 71 23 andra

161 849 109 22 slutkläm
285 850 55 22 ville
354 849 97 22 besluta:

340 887 31 20 att
393 893 27 14 en
438 886 95 27 jernväg
555 887 64 20 mätte
639 885 79 28 byggas
733 885 62 27 ifrän
810 885 104 27 Kaipiais

306 921 112 26 (eventuelt
431 921 110 28 Kouvola)
556 922 82 21 station
653 922 14 21 ä
682 920 186 23 Riihimäki
835 916 35 37 S:t
875 921 39 21 Pe-

304 956 97 29 tersburg
419 957 95 28 jernväg
537 957 60 27 öfver
619 957 82 27 Kieppi
722 957 59 22 sund
799 956 8 21 i
826 956 89 28 Mänty-

305 992 65 28 harju
385 993 76 22 socken
471 992 62 28 förbi
549 993 70 22 Otava
635 993 34 21 till
684 992 34 22 S:t
732 992 81 22 Michel
823 991 38 22 och
869 992 47 21 der-

304 1027 63 28 ifrän
390 1028 75 22 vidare
488 1035 77 22 genom
587 1028 86 27 Jockas,
689 1027 73 22 Jorois
778 1028 38 21 och
830 1027 85 28 Leppä-

304 1063 58 22 virta
378 1063 33 22 till
426 1063 92 28 Kuopio,
534 1064 47 21 med
597 1063 79 22 bibana
690 1063 35 22 till
740 1063 86 28 Kuopio
842 1063 73 26 hamn,

305 1093 91 22 hvarvid
418 1093 79 22 liniens
512 1095 103 20 närmare
631 1093 128 28 sträckning
775 1092 62 23 borde
849 1095 67 26 göras

304 1128 101 22 beroende
420 1128 30 27 af
461 1135 131 22 noggranna
609 1128 100 23 tekniska
724 1127 192 29 undersökningar

304 1163 38 22 och
364 1164 69 21 såsom
456 1171 27 15 en
506 1164 161 28 grundprincip
690 1165 99 26 antagas,
815 1163 35 22 det
865 1163 51 22 den-

304 1205 81 16 samma
411 1199 62 22 borde
495 1199 59 22 ledas
574 1200 32 27 på
629 1201 25 20 så
678 1199 61 28 långt
758 1198 91 28 afstånd
859 1198 58 28 från

303 1233 94 28 Saimen,
414 1242 43 15 som
468 1235 260 28 terrängförhållandena
736 1234 117 29 lämpligen
860 1233 56 22 med-

302 1270 68 29 gifva.

233 1305 195 30 Helsingfors
453 1307 44 21 den
513 1308 28 21 23
557 1307 62 22 Mars
636 1307 64 22 1885.

680 1347 64 23 Gabr.
760 1347 82 29 Lagus.

235 1531 197 26 Jernvägsutskottets
447 1532 117 21 betänkande
581 1533 38 20 N:o
634 1533 18 20 1.
