1078 1692
205 154 25 20 38
513 154 38 23 N:o
567 153 23 23 4.

519 221 12 26 8
547 222 34 20 20.

243 266 165 22 Vederbörande
428 267 107 27 justerare
559 267 39 21 och
620 266 163 28 kronobetjente
801 266 53 21 böra
868 265 57 21 vaka

177 300 105 28 deröfver,
306 302 33 21 att
358 302 205 27 laggkärlskrönare
578 302 48 21 med
641 300 80 23 besked
737 300 38 22 och
790 300 136 28 noggranhet

174 335 72 21 utföra
266 335 46 22 sina
332 336 131 28 åligganden
478 338 61 26 samt,
557 336 38 22 der
609 335 144 23 försummelse
769 335 52 21 eller
835 334 90 27 origtigt

174 369 125 23 förfarande
314 370 121 29 förspörjes,
450 371 39 21 hos
505 371 140 22 Guvernören
660 370 85 22 anmäla
757 376 33 15 om
803 369 62 21 deras
876 368 50 22 skil-

173 404 66 28 jande
254 404 49 22 från
318 405 251 28 krönarebefattningen.

519 470 13 26 8
547 471 35 19 21.

218 533 4 3 -
242 515 81 22 Genom
339 515 70 22 denna
424 515 131 22 instruktion
570 514 120 28 upphäfvas
706 514 27 22 de
751 514 58 22 förut
824 513 7 22 i
846 513 79 21 förord-

173 549 79 28 ningen
275 556 33 16 om
331 550 255 28 Landtmäteristyrelsen
601 550 8 21 i
624 549 94 22 Finland
739 548 25 22 af
782 548 40 22 den
839 550 25 19 15
879 548 45 27 Maj

175 586 54 20 1848
252 584 47 22 med
320 584 52 22 flere
393 584 157 28 författningar
572 584 62 28 gifna
648 583 165 27 bestämmelser,
829 589 44 15 som
888 584 37 20 äro

173 618 112 23 stridande
300 621 44 20 mot
358 619 58 22 hvad
430 619 65 23 ofvan
509 622 71 25 säges.

342 683 48 23 Stat
405 683 35 23 för
455 682 304 30 Justeringskommissionen.

174 719 370 69 =...
612 770 281 2 -—-—a.1-]

843 810 1 10 i

196 830 11 19 1
224 828 241 27 Justeringsinspektör,
482 828 80 22 arvode
595 845 5 4 .
631 844 4 5 .
666 844 5 5 .
702 844 4 5 .
738 825 106 28 .[6,000/
868 838 26 3 —

196 864 11 19 1
230 862 139 22 Konsultativ
388 863 99 27 ledamot,
510 863 80 22 arvode
611 862 55 22 efter
680 862 63 27 tjugu

263 897 61 22 mark
339 897 34 21 för
388 897 165 28 sammanträde,
569 896 137 29 förslagsvis.
738 912 4 5 .j
794 897 40 20 500|
868 907 28 4 —

196 933 11 20 1
222 931 116 28 Assistent,
354 931 80 23 arvode
449 949 6 5 .
486 949 5 4 .
522 949 5 4 .
557 948 5 5 .
594 948 4 5 .
629 948 5 5 .
665 948 5 5 .
701 947 5 5 .
737 947 5 5 .
772 931 63 26 [2,400]
870 942 24 3 —

194 965 43 22 Till
252 973 110 21 expenser,
378 968 57 21 emot
449 966 149 28 redovisning.
629 982 4 5 .
665 983 4 4 .
701 982 4 4 .
738 981 4 5 .|
794 965 40 20 300|
869 976 27 3 —

233 1000 7 7 N
602 1006 86 22 Summa,
702 1005 43 27 Fe
758 1000 2 32 |
772 999 73 33 9,200]
870 1017 25 2 —

239 1069 162 29 Anmärkning.
427 1069 263 28 Justeringsinspektören
706 1068 129 22 tillkommer
849 1073 76 16 reseer-

171 1104 98 27 sättning
284 1104 70 28 enligt
368 1106 44 20 5:te
427 1105 87 21 klassen
528 1104 8 21 i
552 1103 100 28 gällande
668 1103 186 27 resereglemente.

446 1151 77 27 Enligt
541 1150 62 22 Hans
621 1149 124 29 Kejserliga
762 1148 114 29 Majestäts
890 1148 37 21 nä-

378 1185 52 28 diga
457 1185 126 28 befallning,
611 1184 74 29 gifven
714 1183 8 22 i
750 1182 109 28 Peterhof,
886 1182 41 22 den

378 1220 23 16 20
414 1219 109 22 September

378 1228 26 52 2
382 1244 135 22 Oktober
540 1232 61 21 1994.

379 1323 31 18 C.
424 1323 263 18 EHRNROOTII.

702 1362 52 23 Emil
770 1361 89 30 Streng.
