1078 1692
467 163 37 22 N:o
520 163 23 22 4.
832 164 26 20 27

134 228 70 22 tande
218 229 94 21 bråktal.
342 229 101 27 Rymmer
465 228 37 22 det
517 228 88 28 mindre,
621 229 56 21 skall
692 229 89 27 rymden
795 230 93 20 utsättas

132 262 8 22 i
155 263 50 21 hela
226 264 40 20 och
290 263 76 21 halfva
388 263 49 21 liter
451 263 50 21 med
515 262 151 23 utelemnande
682 263 24 21 af
720 263 36 22 det
772 263 116 27 öfverskju-

133 297 66 21 tande
215 298 93 27 bråktal,
325 304 45 14 som
385 298 19 26 ej
420 298 85 27 uppgår
520 298 34 20 till
571 298 32 26 1/,.

481 367 12 25 8
510 368 34 19 34.

203 412 155 27 Kronomärke,
379 412 232 27 justeraredistriktets
633 418 95 15 nummer
752 414 55 20 samt
831 412 56 21 årtal

133 446 34 21 för
189 447 151 27 stämplingen,
356 446 110 22 äfvensom
482 446 26 22 de
523 446 71 22 siffror
609 447 43 25 'och
666 446 132 27 bokstäfver,
813 446 75 22 hvilka

134 480 90 28 angifva
238 481 84 21 kärlets
336 481 67 27 rymd,
420 481 117 27 anbringas
552 480 25 22 af
588 481 122 27 justeraren
726 481 13 21 å
754 480 83 22 träkärl
847 486 41 15 me-

133 514 57 22 delst
212 515 131 27 inbränning
358 516 13 20 &
387 516 81 21 kärlets
490 515 79 27 utsida,
591 516 39 21 och
645 516 14 20 å
674 515 123 21 metallkärl
811 520 75 22 genom

133 551 35 19 att
187 549 67 22 inslås
271 550 13 21 å
300 556 26 15 en
340 550 28 26 på
385 550 87 21 utsidan
487 550 97 21 fastlödd
599 550 47 26 plåt
662 549 24 21 af
698 549 37 27 bly
750 549 51 21 eller
816 555 71 15 annan

134 584 79 21 metall.

330 658 36 22 Om
385 658 125 28 ersättning
525 658 36 22 för
573 658 119 28 justering.

480 711 13 25 8
509 712 33 19 35.

202 755 44 21 För
260 755 108 28 justering
384 756 38 21 och
432 756 117 26 stämpling
561 755 24 22 af
593 756 61 26 mått,
665 755 49 27 vigt
724 755 38 21 och
773 754 115 28 vägnings-

134 789 93 27 redskap
245 790 100 27 erlägges
361 790 65 27 afgift
441 790 69 27 enligt
524 790 162 22 nedanstående
702 791 60 19 taxa:

750 880 51 13 Mark.
807 872 8 28 |
820 879 54 16 penni.

338 899 14 21 1.
384 898 138 29 Längdmätt.
760 911 9 1 =

154 943 23 27 a).
193 944 147 21 Mättstockar
354 945 39 21 och
406 945 119 21 mätskalor
535 945 56 20 samt
601 943 131 30 längdmått;

208 977 8 22 i
236 979 39 21 tvä
299 978 51 21 eller
369 978 51 22 flere
435 979 48 21 med
497 978 36 22 led
548 978 103 21 förenade
666 977 66 32 styc-|

208 1012 48 26 ken,
278 1012 27 21 dä
321 1013 78 21 mättet
412 1013 31 21 till
460 1013 49 21 hela
531 1012 34 21 sin
584 1012 66 27 längd
670 1011 61 29 ellerj

208 1046 74 27 nägon
299 1046 34 21 del
349 1046 63 22 deraf
425 1049 24 19 är
464 1047 98 21 indeladt
577 1046 16 21 i:
730 1060 1 10 |

243 1080 116 22 decimeter
374 1081 52 21 eller
440 1081 8 21 i
463 1087 68 20 spann
547 1081 40 21 och
602 1082 44 20 tum
666 1097 4 4 .
702 1097 28 15 .'
759 1092 27 3 —
799 1076 17 40 |
833 1080 28 20 40

243 1114 116 22 decimeter
374 1115 38 21 och
428 1115 125 22 centimeter
666 1131 4 3 s
702 1131 4 4 a
729 1113 2 38 |
759 1127 27 2 —
800 1109 18 36 |
835 1115 27 19 60

242 1148 122 28 decimeter,
380 1149 125 21 centimeter
521 1149 38 21 och
574 1148 121 22 millimeter
729 1156 1 8 |
760 1161 26 2 —
810 1170 2 3 |
835 1149 26 20 80

153 1182 20 27 0)
189 1182 43 21 För
247 1182 212 22 landtmäteriskalor
469 1183 39 21 och
519 1183 69 21 andra
598 1181 133 31 precisions-
727 1177 7 39 |

207 1217 56 20 mätt
279 1217 99 27 erlägges
394 1217 77 22 dubbel
487 1217 72 27 afgift.

153 1251 18 26 c)
187 1250 106 21 Mätband
308 1251 28 26 pä
352 1253 11 19 5
380 1253 67 20 meter
462 1251 53 22 eller
533 1251 125 22 derutöfver
702 1267 4 5 =.
730 1256 1 23 |
771 1253 11 18 1
805 1246 17 37 |
837 1262 23 3 —

240 1301 10 8 -
320 1301 9 10 »
346 1285 80 22 Mindre
442 1287 27 19 än
485 1287 12 18 5
513 1287 86 20 meter.
632 1302 4 4 .
667 1302 4 4 .
702 1302 4 4 .
730 1286 1 5 |
759 1297 27 2 —
803 1281 15 35 |
835 1286 27 19 60

153 1318 22 26 d)
191 1318 114 28 Mätkedja
320 1319 29 26 pä
364 1321 26 19 20
406 1321 68 20 meter
491 1336 1 4 .
524 1336 3 4 .
559 1336 5 4 .
595 1336 4 4 .
631 1336 4 4 .
666 1336 4 3 .
702 1335 4 4 .
770 1321 11 19 1
835 1320 27 19 20

254 1369 10 10 »
326 1355 63 24 »10
435 1369 10 10 »
487 1370 4 4 .
560 1370 4 4 .
760 1365 27 3 —
802 1343 15 40 |
835 1353 27 20 80

730 1344 1 23 |

133 1407 1 14 |
348 1415 20 22 2.
398 1415 110 22 Vedmätt.

133 1481 1 3 |
152 1459 93 21 Vedram
262 1459 25 22 af
301 1460 87 21 hvilken
404 1460 80 21 storlek
499 1466 44 15 som
559 1461 56 21 helst
631 1477 4 4 .
