1078 1692
277 126 78 23 Ständ.
371 126 35 22 Sv.
423 138 26 4 —
464 126 72 27 Prop.
552 126 62 21 N:ris
630 125 28 22 16
673 126 44 22 och
732 125 37 22 37.
859 124 13 22 3

148 190 106 22 sträckta
270 188 213 29 donationsgodsen
498 188 9 21 i
522 188 111 28 Wiborgs
648 188 45 27 län,
710 188 41 21 der
766 188 89 27 skogen
865 187 37 21 för

149 224 145 22 närvarande
318 223 8 21 i
350 222 125 22 allmänhet
489 222 40 21 väl
543 222 110 26 bevarad,
669 224 58 19 utan
742 229 30 14 en
787 220 66 29 dylik
868 221 32 21 åt-

147 258 60 28 gärd
229 257 119 21 sannolikt
371 257 71 28 ginge
465 264 29 14 en
511 264 54 13 snar
579 256 134 21 förstörelse
728 256 38 21 till
781 257 79 20 mötes.
889 254 12 22 I

148 292 155 22 betraktande
320 291 25 21 af
358 291 39 21 det
412 298 32 14 nu
464 290 105 28 antydda
590 290 73 22 hafva
678 290 131 22 Ständerna
825 291 77 19 ansett

147 326 89 22 sådana
258 326 117 21 allmänna
398 325 146 28 stadganden
566 325 57 21 böra
642 324 64 22 finna
721 324 61 28 plats
798 324 7 21 i
821 324 80 28 skogs-

148 361 76 27 lagen,
247 359 81 21 hvilka
352 362 39 19 äro
407 359 90 28 egnade
514 360 35 20 att
563 358 141 29 möjliggöra
719 358 143 22 inrättandet
878 357 26 21 af

149 394 124 22 omordade
297 393 257 28 samfällighetsskogar
577 392 44 22 och
643 394 35 20 att
700 393 115 29 betrygga
835 392 66 22 deras

147 428 160 27 fortbeständ
302 423 10 38 ;
331 428 43 21 och
389 428 39 20 till
443 427 58 29 följd
517 427 70 21 häraf
599 428 71 21 hafva
686 427 131 22 Ständerna
832 427 70 21 äfven

148 462 104 29 vidtagit
274 462 88 22 sådana
384 462 127 28 ändringar
525 462 9 20 i
549 462 46 21 den
617 462 87 28 nådiga
718 461 182 30 propositionen,

148 499 36 19 att
198 497 92 21 kronan
312 496 106 28 tillhörig
441 496 142 28 skogsmark,
604 503 48 14 som
671 496 105 22 hvarken
791 495 111 23 särskildt

148 532 37 20 för
200 531 36 28 sig
252 531 56 21 eller
323 530 9 22 i
346 530 109 28 förening
469 530 54 21 med
538 538 83 19 annan,
638 538 84 20 genom
736 530 46 28 köp
799 530 56 21 eller
865 531 36 19 ut-

148 566 57 28 byte
220 572 96 14 vunnen
329 564 54 29 jord
397 564 47 21 kan
452 564 128 28 lämpligen
589 564 119 22 användas
716 564 38 22 till
761 564 139 28 kronopark,

148 600 113 28 nybygge
277 599 57 21 eller
348 599 133 28 kronotorp,
497 599 38 21 må
550 599 8 21 i
573 599 97 21 främsta
684 601 100 19 rummet
798 598 103 22 tilldelas

149 633 163 29 angränsande
327 633 137 27 lägenheter
479 634 76 20 såsom
563 633 99 21 samfäld
670 633 120 28 egendom,
798 640 53 14 men
859 634 41 25 att,

149 676 38 15 om
208 667 307 29 lägenhetsinnehafvarene
537 667 21 29 ej
581 667 58 29 vilja
655 668 75 20 såsom
745 667 73 21 sådan
833 673 69 21 egen-

147 703 55 22 dom
216 704 118 26 emottaga
348 701 102 27 marken,
467 701 40 21 det
522 701 60 21 skall
597 702 143 21 ankomma
728 697 14 37 å
750 702 101 20 Senaten
867 702 35 20 att

147 737 135 25 bestämma,
298 736 120 20 huruvida
432 736 134 20 densamma
580 736 43 20 bör
638 736 36 20 för
689 736 101 21 kronans
800 735 102 28 räkning

148 771 112 22 förvaltas
276 770 57 21 eller
348 770 44 21 ock
402 769 111 29 tilläggas
524 770 107 21 enskilda
639 770 137 28 lägenheter
784 783 26 2 —
818 770 9 20 i
835 769 67 21 detta

148 806 100 21 likasom
264 804 8 21 i
288 804 39 21 det
350 804 160 21 förstnämnda
531 804 67 21 fallet
614 806 61 19 emot
690 804 172 28 uppskattning
878 804 26 20 af

150 840 68 21 deras
240 838 90 22 mantal
351 838 57 21 eller
424 838 75 27 skälig
515 838 139 28 skogsränta
669 851 33 13 —,
719 838 100 21 hvarvid
833 838 69 21 emel-

148 873 72 22 lertid
234 872 117 22 företräde
368 872 59 21 skall
442 873 77 27 gifvas
535 873 25 20 åt
575 872 27 21 de
618 872 282 29 lägenhetsinnehafvare,

147 914 51 15 som
220 907 110 21 förbinda
352 906 37 28 sig
412 908 34 19 att
461 907 13 20 å
489 907 52 20 sina
558 907 138 28 lägenheter
711 907 76 21 införa
802 906 100 22 ordnadt

148 941 140 28 skogsbruk.
318 940 86 22 Vidare
427 940 70 21 hafva
519 941 131 21 Ständerna
665 941 73 21 under
754 949 29 13 en
798 949 33 20 ny
846 943 13 25 $
876 953 25 3 —

148 977 15 26 8
179 977 47 20 7—
238 975 74 20 infört
329 975 28 20 de
373 974 117 21 allmänna
505 975 182 28 bestämningar,
704 983 48 13 som
767 975 57 21 böra
839 975 63 28 gälla

149 1009 36 22 för
200 1008 100 22 samfäld
314 1009 143 28 skogsmark,
472 1008 83 23 bildad
571 1009 113 28 antingen
694 1009 105 28 sålunda,
808 1011 35 20 att
851 1009 51 21 kro-

148 1050 49 15 nan
211 1043 9 21 i
236 1042 105 29 enlighet
354 1043 54 21 med
424 1043 61 22 hvad
500 1051 57 20 nyss
567 1043 113 22 nämndes
690 1044 56 21 eller
756 1056 23 3 —
790 1043 112 22 särskildt

148 1077 55 22 med
218 1077 109 21 afseende
344 1077 12 21 å
371 1077 29 21 de
416 1077 139 28 ifrågasatta
569 1078 252 28 kommunalskogarne
837 1078 14 21 ä
864 1077 38 22 då-

147 1111 187 28 nationsgodsen
350 1123 24 4 —
392 1111 138 22 annorledes
545 1112 37 21 för
597 1112 132 21 ändamålet
744 1113 83 20 afstått
836 1111 67 22 mark

147 1147 27 20 åt
189 1145 108 22 enskilda
311 1145 142 28 lägenheter,
469 1146 159 28 samfällighet
643 1146 57 21 eller
713 1146 116 28 kommun,
846 1146 57 21 eller

149 1180 45 21 ock
210 1179 104 27 sålunda,
331 1181 34 19 att
380 1179 108 28 delegare
503 1180 8 21 i
527 1180 159 29 samfällighet
697 1180 206 22 öfverenskommit

147 1215 37 20 att
200 1213 44 22 sill
266 1213 106 28 ständigt
394 1214 132 27 skogsbruk
548 1215 37 20 för
599 1221 133 21 gemensam
746 1215 103 27 räkning
864 1221 40 14 an-

147 1247 79 22 vända
248 1247 103 22 oskiftad
374 1247 143 29 skogsmark.
550 1249 77 28 Sagda
648 1249 177 28 bestämningar
839 1249 64 20 inne-

148 1281 71 28 hålla,
234 1283 35 20 att
284 1281 66 29 dylik
366 1281 97 22 samfäld
486 1282 67 21 mark
569 1282 60 22 skall
644 1283 76 21 såsom
735 1283 168 28 skogsallmän-

147 1316 61 28 ning
230 1315 130 22 bibehållas
383 1316 44 21 och
449 1316 37 21 till
501 1316 134 28 skogsbruk
649 1317 90 28 nyttjas
754 1317 77 28 enligt
845 1323 58 22 upp-

147 1350 71 29 gjord
232 1349 228 29 hushållningsplan,
479 1350 46 21 den
541 1350 154 22 Guvernören
710 1351 60 21 efter
785 1351 119 28 Forststy-

148 1384 89 21 relsens
252 1383 103 22 hörande
370 1384 113 28 godkänt,
502 1387 60 18 samt
577 1387 35 19 att
628 1385 138 28 delegarene
782 1385 37 28 sig
834 1385 69 21 emel-

147 1418 42 21 lan
204 1417 135 29 skriftligen
357 1418 200 21 öfverenskomma
576 1426 37 14 om
628 1421 71 19 sättet
714 1420 36 21 för
765 1419 139 22 allmännin-
