1078 1692
384 154 20 23 U.
420 153 19 23 B.
456 166 27 4 —
499 153 54 29 Prop.
569 152 33 24 N:o
618 152 19 24 6.
846 152 12 20 3

135 210 101 22 sitionens
258 210 68 21 första
340 210 121 26 alternativ,
476 210 53 21 böra
544 210 62 26 följas
624 210 35 21 vid
674 208 155 23 betänkandets
844 214 43 15 om-

135 244 117 27 arbetning,
276 244 68 22 mäste
366 244 93 22 nämnda
481 244 74 22 ständs
578 244 56 27 äsigt
649 250 62 15 anses
726 250 52 14 vara
793 243 46 25 den,
855 243 33 20 att

135 278 154 22 rotevakansen
312 278 40 22 bör
374 278 133 22 omedelbart
529 278 51 22 eller
603 278 127 21 åtminstone
752 278 6 20 i
775 277 40 21 den
835 276 53 21 allra

135 314 108 20 närmaste
264 312 115 22 framtiden
401 312 104 27 upphöra.
535 312 66 22 Detta
621 312 61 21 torde
698 312 68 25 äfven,
781 311 7 21 i
802 310 86 22 betrak-

136 346 64 22 tande
215 346 23 22 af
251 346 157 27 Ridderskapet
424 346 39 22 och
478 346 79 22 Adelns
569 346 155 22 ofvannämnda
734 346 67 21 första
811 344 77 26 beslut,

136 380 21 21 fä
180 386 60 16 anses
260 387 46 15 som
329 380 59 22 detta
404 380 73 22 ständs
493 380 60 27 äsigt,
569 380 69 22 ehuru
654 380 129 25 densamma,
798 379 35 21 vid
848 378 40 22 den

136 414 80 27 utgång
231 415 99 21 ärendets
346 414 129 27 behandling
490 415 57 21 inom
567 414 85 22 ståndet
666 414 100 26 slutligen
781 412 46 28 fått,
843 412 46 22 icke

137 448 68 22 blifvit
219 448 108 22 bestämdt
342 449 89 21 uttalad.
462 448 181 28 Borgareståndet
659 448 96 22 deremot
769 448 40 20 har
819 448 70 20 ansett

137 483 165 21 rotevakansens
325 482 114 28 aflyftande
454 489 52 15 vara
521 483 106 21 beroende
643 482 48 22 utaf
711 481 125 22 anvisandet
857 481 33 21 för

137 517 159 21 militieverkets
310 517 67 21 behof
390 517 23 21 af
426 524 69 14 annan
511 517 151 21 motsvarande
678 517 64 21 skatt.

205 551 34 21 Då
254 551 89 21 sålunda
358 551 171 22 Presteståndets
551 552 71 20 beslut
637 552 6 20 i
660 551 68 21 denna
744 550 33 21 del
793 550 23 21 af
829 551 61 19 ären-

138 586 35 20 det
195 586 7 20 i
224 585 120 21 hufvudsak
364 585 77 27 jemväl
465 586 74 20 vunnit
561 585 118 21 understöd
702 585 57 21 inom
773 584 36 22 två
824 584 66 20 andra

138 619 63 21 stånd
216 619 39 21 och
271 619 60 21 detta
346 619 71 21 beslut
431 619 109 21 dessutom
555 619 69 21 måste
640 625 61 15 anses
716 620 78 25 utgöra
811 624 26 15 en
847 624 43 14 me-

139 653 75 27 delväg
228 653 91 21 emellan
334 653 191 27 Borgareståndets
545 655 55 20 samt
615 653 169 21 Bondeständets
800 652 45 26 och,
862 652 28 20 ef-

139 688 32 20 ter
191 687 28 21 all
242 687 142 26 sannolikhet,
399 687 61 21 äfven
482 688 157 26 Ridderskapet
657 687 39 21 och
711 687 80 21 Adelns
805 686 85 26 äsigter,

139 722 55 20 samt
209 721 171 21 Presteständets
396 721 71 21 beslut
482 721 82 21 säledes
579 722 62 20 torde
656 721 105 21 innefatta
776 720 40 21 den
830 720 60 26 äsigt,

139 755 87 21 hvarom
249 755 99 27 samtliga
370 754 90 22 ständen
475 755 76 21 lättast
565 756 73 20 kunna
653 761 57 20 enas,
726 755 40 21 har
780 754 112 21 Utskottet

139 790 71 20 ansett
232 789 31 26 sig
277 788 55 22 böra
352 788 79 22 föreslä
453 789 129 21 detsammas
601 789 122 27 antagande
736 788 77 27 jemväl
829 788 23 20 af
865 788 26 20 de

140 822 67 27 öfriga
222 822 96 21 stånden.

208 856 38 21 Att
262 856 40 21 den
316 856 47 21 från
379 857 151 26 lägenheterna
545 857 6 21 i
567 857 83 26 Kajana
666 857 67 20 härad
748 856 67 21 under
829 861 63 15 namn

140 890 23 21 af
176 890 83 26 Kajana
274 890 151 27 landtkaptens
440 890 93 27 aflöning
555 891 105 26 utgående
676 891 58 20 skatt
750 891 95 20 kommer
860 891 33 18 att

140 924 97 26 upphöra
258 924 110 27 samtidigt
390 925 47 20 med
460 925 156 21 rotevakansen
634 925 67 20 finner
716 924 111 21 Utskottet
842 929 51 15 vara

141 957 111 27 sjelffallet.

209 991 30 22 På
261 992 68 27 grund
345 992 23 21 af
381 992 37 21 det
437 992 152 22 ofvanstående
605 993 33 21 får
655 993 113 21 Utskottet
784 991 109 22 vördsamt

141 1025 79 22 föreslå

346 1057 31 18 att
400 1054 84 21 landets
506 1055 117 27 höglofliga
647 1055 93 20 Ständer
765 1054 57 25 ville,
838 1053 56 21 Bor-

276 1088 139 27 gareständet
430 1089 47 20 med
487 1089 141 26 frångående
643 1089 30 26 af
684 1089 36 20 sitt
730 1088 82 21 beslut
808 1083 10 37 i
823 1087 71 20 denna

277 1121 35 21 del
342 1123 30 26 af
389 1122 73 25 saken,
481 1123 45 26 för
555 1123 34 20 sin
616 1122 34 21 del
675 1125 81 24 antaga
786 1129 25 14 en
836 1121 59 28 säly-

278 1155 72 21 dande

274 1229 138 34 Förordning
441 1237 34 20 om
503 1230 146 34 upphörande
668 1230 25 28 af
712 1231 26 27 da
758 1229 52 28 från
830 1229 64 28 rote-

302 1269 56 28 rade
381 1269 102 28 hemman
503 1270 42 27 och
565 1269 168 29 båtsmanshåll
753 1268 112 35 utgående

494 1309 195 34 vakansafgifter.

347 1366 63 20 Från
433 1366 38 21 och
489 1365 41 28 för
545 1367 27 20 är
594 1368 58 19 1889
670 1367 109 27 frikallas
794 1365 102 27 samtliga

278 1400 99 20 roterade
402 1400 99 21 hemman
527 1401 38 20 och
588 1400 155 21 båtsmanshåll
764 1400 58 27 från
837 1401 58 25 utyö-

279 1433 69 21 rande
364 1439 26 22 aj
404 1434 26 20 de
449 1441 76 20 genom
540 1435 84 26 nådiga
646 1435 125 26 manifestet
787 1434 29 27 af
827 1433 41 20 den
884 1435 12 18 1

279 1467 94 27 Augusti
388 1469 57 19 1810
461 1470 56 18 samt
531 1468 169 27 kungörelserna
716 1469 28 26 af
756 1468 40 20 den
811 1469 30 20 20
853 1467 44 20 De-

212 1505 152 19 Statsutskottets
377 1507 116 17 betänkande
505 1513 32 11 n:o
550 1507 16 17 6.
