<?xml version="1.0" encoding="UTF-8"?>
<alto xmlns="http://www.loc.gov/standards/alto/ns-v3#" xmlns:xlink="http://www.w3.org/1999/xlink" xmlns:xsi="http://www.w3.org/2001/XMLSchema-instance" xsi:schemaLocation="http://www.loc.gov/standards/alto/ns-v3# http://www.loc.gov/alto/v3/alto-3-0.xsd">
	<Description>
		<MeasurementUnit>pixel</MeasurementUnit>
		<sourceImageInformation>
			<fileName>/tmp/tess_f4rrxja1_input.PNG</fileName>
		</sourceImageInformation>
		<OCRProcessing ID="OCR_0">
			<ocrProcessingStep>
				<processingSoftware>
					<softwareName>tesseract 5.3.4</softwareName>
				</processingSoftware>
			</ocrProcessingStep>
		</OCRProcessing>
	</Description>
	<Layout>
		<Page WIDTH="1078" HEIGHT="1692" PHYSICAL_IMG_NR="0" ID="page_0">
			<PrintSpace HPOS="0" VPOS="0" WIDTH="1078" HEIGHT="1692">
				<ComposedBlock ID="cblock_0" HPOS="208" VPOS="140" WIDTH="476" HEIGHT="29">
					<TextBlock ID="block_0" HPOS="208" VPOS="140" WIDTH="476" HEIGHT="29">
						<TextLine ID="line_0" HPOS="208" VPOS="140" WIDTH="476" HEIGHT="29">
							<String ID="string_0" HPOS="208" VPOS="140" WIDTH="12" HEIGHT="20" WC="0.96" CONTENT="8"/><SP WIDTH="208" VPOS="140" HPOS="220"/>
							<String ID="string_1" HPOS="428" VPOS="140" WIDTH="19" HEIGHT="24" WC="0.66" CONTENT="U."/><SP WIDTH="16" VPOS="140" HPOS="447"/>
							<String ID="string_2" HPOS="463" VPOS="140" WIDTH="20" HEIGHT="23" WC="0.88" CONTENT="B."/><SP WIDTH="16" VPOS="140" HPOS="483"/>
							<String ID="string_3" HPOS="499" VPOS="153" WIDTH="28" HEIGHT="4" WC="0.90" CONTENT="—"/><SP WIDTH="16" VPOS="153" HPOS="527"/>
							<String ID="string_4" HPOS="543" VPOS="140" WIDTH="55" HEIGHT="29" WC="0.95" CONTENT="Prop."/><SP WIDTH="17" VPOS="140" HPOS="598"/>
							<String ID="string_5" HPOS="615" VPOS="141" WIDTH="33" HEIGHT="24" WC="0.66" CONTENT="N:o"/><SP WIDTH="16" VPOS="141" HPOS="648"/>
							<String ID="string_6" HPOS="664" VPOS="141" WIDTH="20" HEIGHT="26" WC="0.96" CONTENT="6,"/>
						</TextLine>
					</TextBlock>
				</ComposedBlock>
				<ComposedBlock ID="cblock_1" HPOS="170" VPOS="195" WIDTH="768" HEIGHT="1323">
					<TextBlock ID="block_1" HPOS="177" VPOS="195" WIDTH="761" HEIGHT="227">
						<TextLine ID="line_1" HPOS="179" VPOS="195" WIDTH="759" HEIGHT="30">
							<String ID="string_7" HPOS="179" VPOS="195" WIDTH="40" HEIGHT="22" WC="0.93" CONTENT="den"/><SP WIDTH="15" VPOS="195" HPOS="219"/>
							<String ID="string_8" HPOS="234" VPOS="195" WIDTH="79" HEIGHT="28" WC="0.96" CONTENT="nådiga"/><SP WIDTH="15" VPOS="195" HPOS="313"/>
							<String ID="string_9" HPOS="328" VPOS="197" WIDTH="159" HEIGHT="26" WC="0.96" CONTENT="propositionen"/><SP WIDTH="15" VPOS="197" HPOS="487"/>
							<String ID="string_10" HPOS="502" VPOS="197" WIDTH="59" HEIGHT="22" WC="0.70" CONTENT="finna"/><SP WIDTH="7" VPOS="197" HPOS="561"/>
							<String ID="string_11" HPOS="568" VPOS="198" WIDTH="32" HEIGHT="21" WC="0.96" CONTENT="uti"/><SP WIDTH="16" VPOS="198" HPOS="600"/>
							<String ID="string_12" HPOS="616" VPOS="198" WIDTH="40" HEIGHT="22" WC="0.96" CONTENT="den"/><SP WIDTH="10" VPOS="198" HPOS="656"/>
							<String ID="string_13" HPOS="666" VPOS="198" WIDTH="128" HEIGHT="27" WC="0.93" CONTENT="föreslagna,"/><SP WIDTH="11" VPOS="198" HPOS="794"/>
							<String ID="string_14" HPOS="805" VPOS="198" WIDTH="133" HEIGHT="22" WC="0.96" CONTENT="omedelbart"/>
						</TextLine>
						<TextLine ID="line_2" HPOS="179" VPOS="230" WIDTH="758" HEIGHT="28">
							<String ID="string_15" HPOS="179" VPOS="230" WIDTH="91" HEIGHT="21" WC="0.92" CONTENT="skeende"/><SP WIDTH="23" VPOS="230" HPOS="270"/>
							<String ID="string_16" HPOS="293" VPOS="230" WIDTH="225" HEIGHT="28" WC="0.91" CONTENT="skatteförmedlingen"/><SP WIDTH="22" VPOS="230" HPOS="518"/>
							<String ID="string_17" HPOS="540" VPOS="232" WIDTH="29" HEIGHT="26" WC="0.93" CONTENT="pä"/><SP WIDTH="15" VPOS="232" HPOS="569"/>
							<String ID="string_18" HPOS="584" VPOS="232" WIDTH="141" HEIGHT="22" WC="0.92" CONTENT="statsverkets"/><SP WIDTH="18" VPOS="232" HPOS="725"/>
							<String ID="string_19" HPOS="743" VPOS="232" WIDTH="125" HEIGHT="22" WC="0.92" CONTENT="bekostnad."/><SP WIDTH="30" VPOS="232" HPOS="868"/>
							<String ID="string_20" HPOS="898" VPOS="233" WIDTH="39" HEIGHT="21" WC="0.96" CONTENT="Att"/>
						</TextLine>
						<TextLine ID="line_3" HPOS="179" VPOS="264" WIDTH="758" HEIGHT="30">
							<String ID="string_21" HPOS="179" VPOS="270" WIDTH="26" HEIGHT="16" WC="0.93" CONTENT="en"/><SP WIDTH="15" VPOS="270" HPOS="205"/>
							<String ID="string_22" HPOS="220" VPOS="264" WIDTH="67" HEIGHT="21" WC="0.96" CONTENT="sådan"/><SP WIDTH="16" VPOS="264" HPOS="287"/>
							<String ID="string_23" HPOS="303" VPOS="264" WIDTH="61" HEIGHT="22" WC="0.96" CONTENT="äfven"/><SP WIDTH="15" VPOS="264" HPOS="364"/>
							<String ID="string_24" HPOS="379" VPOS="265" WIDTH="7" HEIGHT="21" WC="0.93" CONTENT="i"/><SP WIDTH="15" VPOS="265" HPOS="386"/>
							<String ID="string_25" HPOS="401" VPOS="265" WIDTH="69" HEIGHT="27" WC="0.96" CONTENT="någon"/><SP WIDTH="16" VPOS="265" HPOS="470"/>
							<String ID="string_26" HPOS="486" VPOS="272" WIDTH="49" HEIGHT="15" WC="0.93" CONTENT="mon"/><SP WIDTH="16" VPOS="272" HPOS="535"/>
							<String ID="string_27" HPOS="551" VPOS="266" WIDTH="85" HEIGHT="22" WC="0.96" CONTENT="komme"/><SP WIDTH="16" VPOS="266" HPOS="636"/>
							<String ID="string_28" HPOS="652" VPOS="268" WIDTH="33" HEIGHT="20" WC="0.93" CONTENT="att"/><SP WIDTH="15" VPOS="268" HPOS="685"/>
							<String ID="string_29" HPOS="700" VPOS="266" WIDTH="80" HEIGHT="22" WC="0.68" CONTENT="verka"/><SP WIDTH="-12" VPOS="266" HPOS="780"/>
							<String ID="string_30" HPOS="768" VPOS="260" WIDTH="11" HEIGHT="38" WC="0.68" CONTENT="i"/><SP WIDTH="12" VPOS="260" HPOS="779"/>
							<String ID="string_31" HPOS="791" VPOS="266" WIDTH="82" HEIGHT="28" WC="0.70" CONTENT="äsyftad"/><SP WIDTH="11" VPOS="266" HPOS="873"/>
							<String ID="string_32" HPOS="884" VPOS="267" WIDTH="53" HEIGHT="21" WC="0.93" CONTENT="rikt-"/>
						</TextLine>
						<TextLine ID="line_4" HPOS="178" VPOS="298" WIDTH="759" HEIGHT="30">
							<String ID="string_33" HPOS="178" VPOS="298" WIDTH="50" HEIGHT="28" WC="0.96" CONTENT="ning"/><SP WIDTH="22" VPOS="298" HPOS="228"/>
							<String ID="string_34" HPOS="250" VPOS="299" WIDTH="62" HEIGHT="21" WC="0.96" CONTENT="torde"/><SP WIDTH="22" VPOS="299" HPOS="312"/>
							<String ID="string_35" HPOS="334" VPOS="299" WIDTH="72" HEIGHT="21" WC="0.96" CONTENT="kunna"/><SP WIDTH="22" VPOS="299" HPOS="406"/>
							<String ID="string_36" HPOS="428" VPOS="306" WIDTH="61" HEIGHT="15" WC="0.96" CONTENT="anses"/><SP WIDTH="22" VPOS="306" HPOS="489"/>
							<String ID="string_37" HPOS="511" VPOS="300" WIDTH="34" HEIGHT="21" WC="0.92" CONTENT="för"/><SP WIDTH="22" VPOS="300" HPOS="545"/>
							<String ID="string_38" HPOS="567" VPOS="300" WIDTH="72" HEIGHT="27" WC="0.92" CONTENT="gifvet,"/><SP WIDTH="23" VPOS="300" HPOS="639"/>
							<String ID="string_39" HPOS="662" VPOS="306" WIDTH="48" HEIGHT="16" WC="0.96" CONTENT="men"/><SP WIDTH="18" VPOS="306" HPOS="710"/>
							<String ID="string_40" HPOS="728" VPOS="301" WIDTH="6" HEIGHT="20" WC="0.96" CONTENT="i"/><SP WIDTH="16" VPOS="301" HPOS="734"/>
							<String ID="string_41" HPOS="750" VPOS="300" WIDTH="55" HEIGHT="22" WC="0.93" CONTENT="huru"/><SP WIDTH="22" VPOS="300" HPOS="805"/>
							<String ID="string_42" HPOS="827" VPOS="301" WIDTH="43" HEIGHT="27" WC="0.93" CONTENT="hög"/><SP WIDTH="14" VPOS="301" HPOS="870"/>
							<String ID="string_43" HPOS="884" VPOS="301" WIDTH="53" HEIGHT="27" WC="0.96" CONTENT="grad"/>
						</TextLine>
						<TextLine ID="line_5" HPOS="179" VPOS="332" WIDTH="758" HEIGHT="30">
							<String ID="string_44" HPOS="179" VPOS="332" WIDTH="60" HEIGHT="22" WC="0.85" CONTENT="detta"/><SP WIDTH="29" VPOS="332" HPOS="239"/>
							<String ID="string_45" HPOS="268" VPOS="332" WIDTH="68" HEIGHT="22" WC="0.67" CONTENT="blefve"/><SP WIDTH="22" VPOS="332" HPOS="336"/>
							<String ID="string_46" HPOS="358" VPOS="333" WIDTH="67" HEIGHT="27" WC="0.96" CONTENT="fallet,"/><SP WIDTH="23" VPOS="333" HPOS="425"/>
							<String ID="string_47" HPOS="448" VPOS="336" WIDTH="24" HEIGHT="18" WC="0.93" CONTENT="är"/><SP WIDTH="21" VPOS="336" HPOS="472"/>
							<String ID="string_48" HPOS="493" VPOS="334" WIDTH="47" HEIGHT="22" WC="0.96" CONTENT="icke"/><SP WIDTH="31" VPOS="334" HPOS="540"/>
							<String ID="string_49" HPOS="571" VPOS="334" WIDTH="83" HEIGHT="28" WC="0.95" CONTENT="möjligt"/><SP WIDTH="32" VPOS="334" HPOS="654"/>
							<String ID="string_50" HPOS="686" VPOS="336" WIDTH="34" HEIGHT="20" WC="0.96" CONTENT="att"/><SP WIDTH="22" VPOS="336" HPOS="720"/>
							<String ID="string_51" HPOS="742" VPOS="340" WIDTH="36" HEIGHT="16" WC="0.93" CONTENT="ens"/><SP WIDTH="22" VPOS="340" HPOS="778"/>
							<String ID="string_52" HPOS="800" VPOS="336" WIDTH="137" HEIGHT="21" WC="0.93" CONTENT="närmelsevis"/>
						</TextLine>
						<TextLine ID="line_6" HPOS="178" VPOS="367" WIDTH="758" HEIGHT="28">
							<String ID="string_53" HPOS="178" VPOS="367" WIDTH="101" HEIGHT="25" WC="0.89" CONTENT="beräkna,"/><SP WIDTH="23" VPOS="367" HPOS="279"/>
							<String ID="string_54" HPOS="302" VPOS="368" WIDTH="64" HEIGHT="20" WC="0.91" CONTENT="innan"/><SP WIDTH="16" VPOS="368" HPOS="366"/>
							<String ID="string_55" HPOS="382" VPOS="374" WIDTH="26" HEIGHT="15" WC="0.96" CONTENT="en"/><SP WIDTH="15" VPOS="374" HPOS="408"/>
							<String ID="string_56" HPOS="423" VPOS="368" WIDTH="125" HEIGHT="27" WC="0.96" CONTENT="fullständig"/><SP WIDTH="17" VPOS="368" HPOS="548"/>
							<String ID="string_57" HPOS="565" VPOS="369" WIDTH="162" HEIGHT="26" WC="0.96" CONTENT="undersökning"/><SP WIDTH="14" VPOS="369" HPOS="727"/>
							<String ID="string_58" HPOS="741" VPOS="369" WIDTH="7" HEIGHT="21" WC="0.96" CONTENT="i"/><SP WIDTH="16" VPOS="369" HPOS="748"/>
							<String ID="string_59" HPOS="764" VPOS="369" WIDTH="59" HEIGHT="21" WC="0.93" CONTENT="detta"/><SP WIDTH="14" VPOS="369" HPOS="823"/>
							<String ID="string_60" HPOS="837" VPOS="370" WIDTH="99" HEIGHT="21" WC="0.93" CONTENT="afseende"/>
						</TextLine>
						<TextLine ID="line_7" HPOS="177" VPOS="401" WIDTH="199" HEIGHT="21">
							<String ID="string_61" HPOS="177" VPOS="401" WIDTH="69" HEIGHT="21" WC="0.93" CONTENT="blifvit"/><SP WIDTH="14" VPOS="401" HPOS="246"/>
							<String ID="string_62" HPOS="260" VPOS="401" WIDTH="116" HEIGHT="21" WC="0.88" CONTENT="verkstäld."/>
						</TextLine>
					</TextBlock>
					<TextBlock ID="block_2" HPOS="175" VPOS="435" WIDTH="762" HEIGHT="370">
						<TextLine ID="line_8" HPOS="247" VPOS="435" WIDTH="690" HEIGHT="29">
							<String ID="string_63" HPOS="247" VPOS="435" WIDTH="43" HEIGHT="21" WC="0.96" CONTENT="För"/><SP WIDTH="22" VPOS="435" HPOS="290"/>
							<String ID="string_64" HPOS="312" VPOS="438" WIDTH="33" HEIGHT="18" WC="0.96" CONTENT="att"/><SP WIDTH="22" VPOS="438" HPOS="345"/>
							<String ID="string_65" HPOS="367" VPOS="436" WIDTH="53" HEIGHT="21" WC="0.93" CONTENT="söka"/><SP WIDTH="21" VPOS="436" HPOS="420"/>
							<String ID="string_66" HPOS="441" VPOS="436" WIDTH="149" HEIGHT="21" WC="0.92" CONTENT="ästadkomma"/><SP WIDTH="23" VPOS="436" HPOS="590"/>
							<String ID="string_67" HPOS="613" VPOS="443" WIDTH="26" HEIGHT="15" WC="0.93" CONTENT="en"/><SP WIDTH="14" VPOS="443" HPOS="639"/>
							<String ID="string_68" HPOS="653" VPOS="437" WIDTH="156" HEIGHT="27" WC="0.91" CONTENT="approximativ"/><SP WIDTH="14" VPOS="437" HPOS="809"/>
							<String ID="string_69" HPOS="823" VPOS="438" WIDTH="114" HEIGHT="26" WC="0.96" CONTENT="utredning"/>
						</TextLine>
						<TextLine ID="line_9" HPOS="177" VPOS="466" WIDTH="759" HEIGHT="32">
							<String ID="string_70" HPOS="177" VPOS="470" WIDTH="130" HEIGHT="21" WC="0.93" CONTENT="härutinnan"/><SP WIDTH="15" VPOS="470" HPOS="307"/>
							<String ID="string_71" HPOS="322" VPOS="470" WIDTH="40" HEIGHT="21" WC="0.93" CONTENT="har"/><SP WIDTH="15" VPOS="470" HPOS="362"/>
							<String ID="string_72" HPOS="377" VPOS="466" WIDTH="169" HEIGHT="32" WC="0.92" CONTENT="Öfverstyrelsen"/><SP WIDTH="15" VPOS="466" HPOS="546"/>
							<String ID="string_73" HPOS="561" VPOS="471" WIDTH="34" HEIGHT="21" WC="0.93" CONTENT="för"/><SP WIDTH="10" VPOS="471" HPOS="595"/>
							<String ID="string_74" HPOS="605" VPOS="472" WIDTH="171" HEIGHT="21" WC="0.93" CONTENT="Landtmäteriet"/><SP WIDTH="15" VPOS="472" HPOS="776"/>
							<String ID="string_75" HPOS="791" VPOS="472" WIDTH="68" HEIGHT="20" WC="0.89" CONTENT="blifvit"/><SP WIDTH="15" VPOS="472" HPOS="859"/>
							<String ID="string_76" HPOS="874" VPOS="472" WIDTH="23" HEIGHT="21" WC="0.93" CONTENT="af"/><SP WIDTH="13" VPOS="472" HPOS="897"/>
							<String ID="string_77" HPOS="910" VPOS="472" WIDTH="26" HEIGHT="21" WC="0.93" CONTENT="K-"/>
						</TextLine>
						<TextLine ID="line_10" HPOS="179" VPOS="501" WIDTH="758" HEIGHT="32">
							<String ID="string_78" HPOS="179" VPOS="504" WIDTH="93" HEIGHT="21" WC="0.92" CONTENT="Senaten"/><SP WIDTH="14" VPOS="504" HPOS="272"/>
							<String ID="string_79" HPOS="286" VPOS="504" WIDTH="100" HEIGHT="22" WC="0.92" CONTENT="anbefald"/><SP WIDTH="15" VPOS="504" HPOS="386"/>
							<String ID="string_80" HPOS="401" VPOS="506" WIDTH="32" HEIGHT="20" WC="0.93" CONTENT="att"/><SP WIDTH="15" VPOS="506" HPOS="433"/>
							<String ID="string_81" HPOS="448" VPOS="504" WIDTH="51" HEIGHT="27" WC="0.92" CONTENT="läta,"/><SP WIDTH="16" VPOS="504" HPOS="499"/>
							<String ID="string_82" HPOS="515" VPOS="505" WIDTH="28" HEIGHT="26" WC="0.96" CONTENT="pä"/><SP WIDTH="14" VPOS="505" HPOS="543"/>
							<String ID="string_83" HPOS="557" VPOS="506" WIDTH="70" HEIGHT="26" WC="0.96" CONTENT="grund"/><SP WIDTH="9" VPOS="506" HPOS="627"/>
							<String ID="string_84" HPOS="636" VPOS="506" WIDTH="23" HEIGHT="20" WC="0.96" CONTENT="af"/><SP WIDTH="9" VPOS="506" HPOS="659"/>
							<String ID="string_85" HPOS="668" VPOS="506" WIDTH="38" HEIGHT="20" WC="0.93" CONTENT="hos"/><SP WIDTH="12" VPOS="506" HPOS="706"/>
							<String ID="string_86" HPOS="718" VPOS="501" WIDTH="166" HEIGHT="32" WC="0.91" CONTENT="Öfverstyrelsen"/><SP WIDTH="10" VPOS="501" HPOS="884"/>
							<String ID="string_87" HPOS="894" VPOS="506" WIDTH="43" HEIGHT="21" WC="0.93" CONTENT="för-"/>
						</TextLine>
						<TextLine ID="line_11" HPOS="177" VPOS="538" WIDTH="760" HEIGHT="28">
							<String ID="string_88" HPOS="177" VPOS="538" WIDTH="79" HEIGHT="22" WC="0.92" CONTENT="varade"/><SP WIDTH="16" VPOS="538" HPOS="256"/>
							<String ID="string_89" HPOS="272" VPOS="539" WIDTH="115" HEIGHT="27" WC="0.91" CONTENT="egokartor"/><SP WIDTH="16" VPOS="539" HPOS="387"/>
							<String ID="string_90" HPOS="403" VPOS="539" WIDTH="38" HEIGHT="21" WC="0.93" CONTENT="och"/><SP WIDTH="16" VPOS="539" HPOS="441"/>
							<String ID="string_91" HPOS="457" VPOS="539" WIDTH="128" HEIGHT="27" WC="0.92" CONTENT="handlingar"/><SP WIDTH="16" VPOS="539" HPOS="585"/>
							<String ID="string_92" HPOS="601" VPOS="541" WIDTH="55" HEIGHT="19" WC="0.96" CONTENT="samt"/><SP WIDTH="16" VPOS="541" HPOS="656"/>
							<String ID="string_93" HPOS="672" VPOS="540" WIDTH="68" HEIGHT="20" WC="0.96" CONTENT="andra"/><SP WIDTH="14" VPOS="540" HPOS="740"/>
							<String ID="string_94" HPOS="754" VPOS="540" WIDTH="41" HEIGHT="21" WC="0.93" CONTENT="lätt"/><SP WIDTH="10" VPOS="540" HPOS="795"/>
							<String ID="string_95" HPOS="805" VPOS="540" WIDTH="132" HEIGHT="26" WC="0.91" CONTENT="tillgängliga"/>
						</TextLine>
						<TextLine ID="line_12" HPOS="177" VPOS="572" WIDTH="760" HEIGHT="28">
							<String ID="string_96" HPOS="177" VPOS="572" WIDTH="159" HEIGHT="28" WC="0.93" CONTENT="upplysningar,"/><SP WIDTH="16" VPOS="572" HPOS="336"/>
							<String ID="string_97" HPOS="352" VPOS="575" WIDTH="96" HEIGHT="25" WC="0.91" CONTENT="uppgöra"/><SP WIDTH="22" VPOS="575" HPOS="448"/>
							<String ID="string_98" HPOS="470" VPOS="573" WIDTH="59" HEIGHT="22" WC="0.90" CONTENT="förut"/><SP WIDTH="23" VPOS="573" HPOS="529"/>
							<String ID="string_99" HPOS="552" VPOS="574" WIDTH="130" HEIGHT="20" WC="0.89" CONTENT="omnämnda"/><SP WIDTH="15" VPOS="574" HPOS="682"/>
							<String ID="string_100" HPOS="697" VPOS="574" WIDTH="80" HEIGHT="26" WC="0.96" CONTENT="förslag"/><SP WIDTH="15" VPOS="574" HPOS="777"/>
							<String ID="string_101" HPOS="792" VPOS="574" WIDTH="32" HEIGHT="21" WC="0.93" CONTENT="till"/><SP WIDTH="15" VPOS="574" HPOS="824"/>
							<String ID="string_102" HPOS="839" VPOS="574" WIDTH="98" HEIGHT="21" WC="0.92" CONTENT="eventuel"/>
						</TextLine>
						<TextLine ID="line_13" HPOS="178" VPOS="604" WIDTH="759" HEIGHT="31">
							<String ID="string_103" HPOS="178" VPOS="607" WIDTH="202" HEIGHT="27" WC="0.90" CONTENT="skatteförmedling."/><SP WIDTH="31" VPOS="607" HPOS="380"/>
							<String ID="string_104" HPOS="411" VPOS="608" WIDTH="11" HEIGHT="20" WC="0.95" CONTENT="I"/><SP WIDTH="21" VPOS="608" HPOS="422"/>
							<String ID="string_105" HPOS="443" VPOS="608" WIDTH="114" HEIGHT="26" WC="0.96" CONTENT="anledning"/><SP WIDTH="23" VPOS="608" HPOS="557"/>
							<String ID="string_106" HPOS="580" VPOS="608" WIDTH="62" HEIGHT="21" WC="0.96" CONTENT="deraf"/><SP WIDTH="17" VPOS="608" HPOS="642"/>
							<String ID="string_107" HPOS="659" VPOS="608" WIDTH="39" HEIGHT="20" WC="0.93" CONTENT="har"/><SP WIDTH="19" VPOS="608" HPOS="698"/>
							<String ID="string_108" HPOS="717" VPOS="608" WIDTH="97" HEIGHT="21" WC="0.92" CONTENT="bemälde"/><SP WIDTH="16" VPOS="608" HPOS="814"/>
							<String ID="string_109" HPOS="830" VPOS="604" WIDTH="107" HEIGHT="31" WC="0.91" CONTENT="Öfversty-"/>
						</TextLine>
						<TextLine ID="line_14" HPOS="177" VPOS="636" WIDTH="759" HEIGHT="33">
							<String ID="string_110" HPOS="177" VPOS="642" WIDTH="54" HEIGHT="20" WC="0.92" CONTENT="relse"/><SP WIDTH="23" VPOS="642" HPOS="231"/>
							<String ID="string_111" HPOS="254" VPOS="641" WIDTH="115" HEIGHT="27" WC="0.91" CONTENT="uppdragit"/><SP WIDTH="23" VPOS="641" HPOS="369"/>
							<String ID="string_112" HPOS="392" VPOS="641" WIDTH="22" HEIGHT="21" WC="0.93" CONTENT="ät"/><SP WIDTH="21" VPOS="641" HPOS="414"/>
							<String ID="string_113" HPOS="435" VPOS="642" WIDTH="220" HEIGHT="21" WC="0.92" CONTENT="länelandtmätarene"/><SP WIDTH="23" VPOS="642" HPOS="655"/>
							<String ID="string_114" HPOS="678" VPOS="642" WIDTH="7" HEIGHT="20" WC="0.96" CONTENT="i"/><SP WIDTH="22" VPOS="642" HPOS="685"/>
							<String ID="string_115" HPOS="707" VPOS="642" WIDTH="101" HEIGHT="27" WC="0.93" CONTENT="Nylands,"/><SP WIDTH="23" VPOS="642" HPOS="808"/>
							<String ID="string_116" HPOS="831" VPOS="636" WIDTH="46" HEIGHT="27" WC="0.89" CONTENT="Äbo"/><SP WIDTH="19" VPOS="636" HPOS="877"/>
							<String ID="string_117" HPOS="896" VPOS="642" WIDTH="40" HEIGHT="21" WC="0.96" CONTENT="och"/>
						</TextLine>
						<TextLine ID="line_15" HPOS="177" VPOS="675" WIDTH="759" HEIGHT="28">
							<String ID="string_118" HPOS="177" VPOS="675" WIDTH="150" HEIGHT="27" WC="0.90" CONTENT="Björneborgs,"/><SP WIDTH="17" VPOS="675" HPOS="327"/>
							<String ID="string_119" HPOS="344" VPOS="676" WIDTH="131" HEIGHT="21" WC="0.92" CONTENT="Tavastehus"/><SP WIDTH="15" VPOS="676" HPOS="475"/>
							<String ID="string_120" HPOS="490" VPOS="676" WIDTH="39" HEIGHT="21" WC="0.96" CONTENT="och"/><SP WIDTH="17" VPOS="676" HPOS="529"/>
							<String ID="string_121" HPOS="546" VPOS="676" WIDTH="32" HEIGHT="21" WC="0.96" CONTENT="S:t"/><SP WIDTH="15" VPOS="676" HPOS="578"/>
							<String ID="string_122" HPOS="593" VPOS="676" WIDTH="89" HEIGHT="22" WC="0.96" CONTENT="Michels"/><SP WIDTH="15" VPOS="676" HPOS="682"/>
							<String ID="string_123" HPOS="697" VPOS="676" WIDTH="35" HEIGHT="21" WC="0.96" CONTENT="län"/><SP WIDTH="16" VPOS="676" HPOS="732"/>
							<String ID="string_124" HPOS="748" VPOS="678" WIDTH="32" HEIGHT="19" WC="0.93" CONTENT="att"/><SP WIDTH="15" VPOS="678" HPOS="780"/>
							<String ID="string_125" HPOS="795" VPOS="676" WIDTH="52" HEIGHT="21" WC="0.92" CONTENT="hvar"/><SP WIDTH="13" VPOS="676" HPOS="847"/>
							<String ID="string_126" HPOS="860" VPOS="676" WIDTH="34" HEIGHT="21" WC="0.96" CONTENT="för"/><SP WIDTH="11" VPOS="676" HPOS="894"/>
							<String ID="string_127" HPOS="905" VPOS="677" WIDTH="31" HEIGHT="26" WC="0.96" CONTENT="sig"/>
						</TextLine>
						<TextLine ID="line_16" HPOS="175" VPOS="705" WIDTH="761" HEIGHT="32">
							<String ID="string_128" HPOS="175" VPOS="705" WIDTH="110" HEIGHT="25" WC="0.92" CONTENT="inkomma"/><SP WIDTH="14" VPOS="705" HPOS="285"/>
							<String ID="string_129" HPOS="299" VPOS="710" WIDTH="48" HEIGHT="20" WC="0.93" CONTENT="med"/><SP WIDTH="15" VPOS="710" HPOS="347"/>
							<String ID="string_130" HPOS="362" VPOS="710" WIDTH="75" HEIGHT="26" WC="0.92" CONTENT="antydt"/><SP WIDTH="16" VPOS="710" HPOS="437"/>
							<String ID="string_131" HPOS="453" VPOS="710" WIDTH="79" HEIGHT="27" WC="0.96" CONTENT="förslag"/><SP WIDTH="23" VPOS="710" HPOS="532"/>
							<String ID="string_132" HPOS="555" VPOS="710" WIDTH="134" HEIGHT="21" WC="0.96" CONTENT="beträffande"/><SP WIDTH="15" VPOS="710" HPOS="689"/>
							<String ID="string_133" HPOS="704" VPOS="711" WIDTH="57" HEIGHT="20" WC="0.96" CONTENT="inom"/><SP WIDTH="16" VPOS="711" HPOS="761"/>
							<String ID="string_134" HPOS="777" VPOS="710" WIDTH="25" HEIGHT="21" WC="0.93" CONTENT="de"/><SP WIDTH="15" VPOS="710" HPOS="802"/>
							<String ID="string_135" HPOS="817" VPOS="710" WIDTH="119" HEIGHT="26" WC="0.93" CONTENT="respektive"/>
						</TextLine>
						<TextLine ID="line_17" HPOS="176" VPOS="743" WIDTH="761" HEIGHT="28">
							<String ID="string_136" HPOS="176" VPOS="744" WIDTH="63" HEIGHT="21" WC="0.92" CONTENT="länen"/><SP WIDTH="23" VPOS="744" HPOS="239"/>
							<String ID="string_137" HPOS="262" VPOS="743" WIDTH="109" HEIGHT="27" WC="0.89" CONTENT="befintliga"/><SP WIDTH="22" VPOS="743" HPOS="371"/>
							<String ID="string_138" HPOS="393" VPOS="744" WIDTH="97" HEIGHT="21" WC="0.89" CONTENT="rusthäll."/><SP WIDTH="31" VPOS="744" HPOS="490"/>
							<String ID="string_139" HPOS="521" VPOS="744" WIDTH="30" HEIGHT="21" WC="0.89" CONTENT="Pä"/><SP WIDTH="22" VPOS="744" HPOS="551"/>
							<String ID="string_140" HPOS="573" VPOS="745" WIDTH="70" HEIGHT="26" WC="0.96" CONTENT="grund"/><SP WIDTH="23" VPOS="745" HPOS="643"/>
							<String ID="string_141" HPOS="666" VPOS="744" WIDTH="23" HEIGHT="21" WC="0.96" CONTENT="af"/><SP WIDTH="14" VPOS="744" HPOS="689"/>
							<String ID="string_142" HPOS="703" VPOS="744" WIDTH="40" HEIGHT="21" WC="0.93" CONTENT="den"/><SP WIDTH="20" VPOS="744" HPOS="743"/>
							<String ID="string_143" HPOS="763" VPOS="744" WIDTH="88" HEIGHT="21" WC="0.92" CONTENT="sälunda"/><SP WIDTH="14" VPOS="744" HPOS="851"/>
							<String ID="string_144" HPOS="865" VPOS="751" WIDTH="72" HEIGHT="14" WC="0.92" CONTENT="vunna"/>
						</TextLine>
						<TextLine ID="line_18" HPOS="176" VPOS="774" WIDTH="526" HEIGHT="31">
							<String ID="string_145" HPOS="176" VPOS="778" WIDTH="140" HEIGHT="26" WC="0.91" CONTENT="utredningen"/><SP WIDTH="16" VPOS="778" HPOS="316"/>
							<String ID="string_146" HPOS="332" VPOS="778" WIDTH="39" HEIGHT="21" WC="0.93" CONTENT="har"/><SP WIDTH="16" VPOS="778" HPOS="371"/>
							<String ID="string_147" HPOS="387" VPOS="774" WIDTH="168" HEIGHT="31" WC="0.92" CONTENT="Öfverstyrelsen"/><SP WIDTH="15" VPOS="774" HPOS="555"/>
							<String ID="string_148" HPOS="570" VPOS="778" WIDTH="74" HEIGHT="22" WC="0.92" CONTENT="utlätit"/><SP WIDTH="16" VPOS="778" HPOS="644"/>
							<String ID="string_149" HPOS="660" VPOS="778" WIDTH="42" HEIGHT="27" WC="0.94" CONTENT="sig:"/>
						</TextLine>
					</TextBlock>
					<TextBlock ID="block_3" HPOS="176" VPOS="812" WIDTH="760" HEIGHT="95">
						<TextLine ID="line_19" HPOS="245" VPOS="812" WIDTH="691" HEIGHT="27">
							<String ID="string_150" HPOS="245" VPOS="815" WIDTH="44" HEIGHT="24" WC="0.30" CONTENT="yätt"/><SP WIDTH="21" VPOS="815" HPOS="289"/>
							<String ID="string_151" HPOS="310" VPOS="819" WIDTH="50" HEIGHT="14" WC="0.96" CONTENT="man"/><SP WIDTH="15" VPOS="819" HPOS="360"/>
							<String ID="string_152" HPOS="375" VPOS="813" WIDTH="49" HEIGHT="21" WC="0.96" CONTENT="med"/><SP WIDTH="21" VPOS="813" HPOS="424"/>
							<String ID="string_153" HPOS="445" VPOS="813" WIDTH="26" HEIGHT="21" WC="0.95" CONTENT="de"/><SP WIDTH="16" VPOS="813" HPOS="471"/>
							<String ID="string_154" HPOS="487" VPOS="813" WIDTH="159" HEIGHT="26" WC="0.95" CONTENT="upplysningar,"/><SP WIDTH="20" VPOS="813" HPOS="646"/>
							<String ID="string_155" HPOS="666" VPOS="818" WIDTH="46" HEIGHT="15" WC="0.96" CONTENT="som"/><SP WIDTH="16" VPOS="818" HPOS="712"/>
							<String ID="string_156" HPOS="728" VPOS="812" WIDTH="34" HEIGHT="22" WC="0.96" CONTENT="stä"/><SP WIDTH="14" VPOS="812" HPOS="762"/>
							<String ID="string_157" HPOS="776" VPOS="814" WIDTH="32" HEIGHT="20" WC="0.93" CONTENT="att"/><SP WIDTH="15" VPOS="814" HPOS="808"/>
							<String ID="string_158" HPOS="823" VPOS="812" WIDTH="72" HEIGHT="22" WC="0.92" CONTENT="hemta"/><SP WIDTH="15" VPOS="812" HPOS="895"/>
							<String ID="string_159" HPOS="910" VPOS="819" WIDTH="26" HEIGHT="15" WC="0.96" CONTENT="ur"/>
						</TextLine>
						<TextLine ID="line_20" HPOS="176" VPOS="841" WIDTH="760" HEIGHT="32">
							<String ID="string_160" HPOS="176" VPOS="846" WIDTH="110" HEIGHT="27" WC="0.96" CONTENT="befintliga"/><SP WIDTH="21" VPOS="846" HPOS="286"/>
							<String ID="string_161" HPOS="307" VPOS="847" WIDTH="75" HEIGHT="20" WC="0.96" CONTENT="kartor"/><SP WIDTH="22" VPOS="847" HPOS="382"/>
							<String ID="string_162" HPOS="404" VPOS="847" WIDTH="39" HEIGHT="20" WC="0.93" CONTENT="och"/><SP WIDTH="16" VPOS="847" HPOS="443"/>
							<String ID="string_163" HPOS="459" VPOS="847" WIDTH="203" HEIGHT="26" WC="0.89" CONTENT="egobeskrifningar,"/><SP WIDTH="23" VPOS="847" HPOS="662"/>
							<String ID="string_164" HPOS="685" VPOS="846" WIDTH="46" HEIGHT="21" WC="0.96" CONTENT="icke"/><SP WIDTH="16" VPOS="846" HPOS="731"/>
							<String ID="string_165" HPOS="747" VPOS="846" WIDTH="42" HEIGHT="21" WC="0.97" CONTENT="kan"/><SP WIDTH="15" VPOS="846" HPOS="789"/>
							<String ID="string_166" HPOS="804" VPOS="847" WIDTH="85" HEIGHT="20" WC="0.95" CONTENT="komma"/><SP WIDTH="14" VPOS="847" HPOS="889"/>
							<String ID="string_167" HPOS="903" VPOS="841" WIDTH="33" HEIGHT="26" WC="0.95" CONTENT="till"/>
						</TextLine>
						<TextLine ID="line_21" HPOS="176" VPOS="880" WIDTH="614" HEIGHT="27">
							<String ID="string_168" HPOS="176" VPOS="886" WIDTH="26" HEIGHT="15" WC="0.93" CONTENT="en"/><SP WIDTH="15" VPOS="886" HPOS="202"/>
							<String ID="string_169" HPOS="217" VPOS="881" WIDTH="197" HEIGHT="21" WC="0.90" CONTENT="tillfredsställande"/><SP WIDTH="16" VPOS="881" HPOS="414"/>
							<String ID="string_170" HPOS="430" VPOS="880" WIDTH="304" HEIGHT="27" WC="0.92" CONTENT="skatteförmedlingsuppgift;"/><SP WIDTH="16" VPOS="880" HPOS="734"/>
							<String ID="string_171" HPOS="750" VPOS="881" WIDTH="40" HEIGHT="20" WC="0.96" CONTENT="och"/>
						</TextLine>
					</TextBlock>
					<TextBlock ID="block_4" HPOS="173" VPOS="915" WIDTH="763" HEIGHT="396">
						<TextLine ID="line_22" HPOS="245" VPOS="915" WIDTH="690" HEIGHT="26">
							<String ID="string_172" HPOS="245" VPOS="917" WIDTH="39" HEIGHT="23" WC="0.96" CONTENT="att,"/><SP WIDTH="23" VPOS="917" HPOS="284"/>
							<String ID="string_173" HPOS="307" VPOS="915" WIDTH="33" HEIGHT="21" WC="0.92" CONTENT="för"/><SP WIDTH="23" VPOS="915" HPOS="340"/>
							<String ID="string_174" HPOS="363" VPOS="915" WIDTH="129" HEIGHT="21" WC="0.91" CONTENT="rusthällens"/><SP WIDTH="21" VPOS="915" HPOS="492"/>
							<String ID="string_175" HPOS="513" VPOS="915" WIDTH="167" HEIGHT="26" WC="0.91" CONTENT="jemnställande"/><SP WIDTH="15" VPOS="915" HPOS="680"/>
							<String ID="string_176" HPOS="695" VPOS="915" WIDTH="49" HEIGHT="21" WC="0.93" CONTENT="med"/><SP WIDTH="15" VPOS="915" HPOS="744"/>
							<String ID="string_177" HPOS="759" VPOS="915" WIDTH="46" HEIGHT="20" WC="0.92" CONTENT="icke"/><SP WIDTH="16" VPOS="915" HPOS="805"/>
							<String ID="string_178" HPOS="821" VPOS="915" WIDTH="114" HEIGHT="21" WC="0.92" CONTENT="berustade"/>
						</TextLine>
						<TextLine ID="line_23" HPOS="176" VPOS="949" WIDTH="760" HEIGHT="27">
							<String ID="string_179" HPOS="176" VPOS="949" WIDTH="105" HEIGHT="26" WC="0.95" CONTENT="hemman,"/><SP WIDTH="23" VPOS="949" HPOS="281"/>
							<String ID="string_180" HPOS="304" VPOS="955" WIDTH="26" HEIGHT="15" WC="0.93" CONTENT="en"/><SP WIDTH="22" VPOS="955" HPOS="330"/>
							<String ID="string_181" HPOS="352" VPOS="949" WIDTH="127" HEIGHT="27" WC="0.96" CONTENT="förmedling"/><SP WIDTH="16" VPOS="949" HPOS="479"/>
							<String ID="string_182" HPOS="495" VPOS="949" WIDTH="23" HEIGHT="21" WC="0.96" CONTENT="af"/><SP WIDTH="13" VPOS="949" HPOS="518"/>
							<String ID="string_183" HPOS="531" VPOS="949" WIDTH="26" HEIGHT="21" WC="0.93" CONTENT="de"/><SP WIDTH="22" VPOS="949" HPOS="557"/>
							<String ID="string_184" HPOS="579" VPOS="949" WIDTH="149" HEIGHT="22" WC="0.96" CONTENT="förstnämnda"/><SP WIDTH="23" VPOS="949" HPOS="728"/>
							<String ID="string_185" HPOS="751" VPOS="949" WIDTH="75" HEIGHT="21" WC="0.89" CONTENT="endast"/><SP WIDTH="14" VPOS="949" HPOS="826"/>
							<String ID="string_186" HPOS="840" VPOS="949" WIDTH="7" HEIGHT="20" WC="0.96" CONTENT="i"/><SP WIDTH="15" VPOS="949" HPOS="847"/>
							<String ID="string_187" HPOS="862" VPOS="949" WIDTH="21" HEIGHT="21" WC="0.96" CONTENT="få"/><SP WIDTH="15" VPOS="949" HPOS="883"/>
							<String ID="string_188" HPOS="898" VPOS="949" WIDTH="38" HEIGHT="21" WC="0.97" CONTENT="fall"/>
						</TextLine>
						<TextLine ID="line_24" HPOS="175" VPOS="983" WIDTH="761" HEIGHT="26">
							<String ID="string_189" HPOS="175" VPOS="983" WIDTH="61" HEIGHT="21" WC="0.96" CONTENT="torde"/><SP WIDTH="16" VPOS="983" HPOS="236"/>
							<String ID="string_190" HPOS="252" VPOS="990" WIDTH="52" HEIGHT="14" WC="0.96" CONTENT="vara"/><SP WIDTH="16" VPOS="990" HPOS="304"/>
							<String ID="string_191" HPOS="320" VPOS="983" WIDTH="23" HEIGHT="21" WC="0.93" CONTENT="af"/><SP WIDTH="13" VPOS="983" HPOS="343"/>
							<String ID="string_192" HPOS="356" VPOS="983" WIDTH="99" HEIGHT="22" WC="0.92" CONTENT="behofvet"/><SP WIDTH="16" VPOS="983" HPOS="455"/>
							<String ID="string_193" HPOS="471" VPOS="983" WIDTH="106" HEIGHT="26" WC="0.91" CONTENT="päkallad."/><SP WIDTH="30" VPOS="983" HPOS="577"/>
							<String ID="string_194" HPOS="607" VPOS="984" WIDTH="38" HEIGHT="21" WC="0.93" CONTENT="Ett"/><SP WIDTH="16" VPOS="984" HPOS="645"/>
							<String ID="string_195" HPOS="661" VPOS="983" WIDTH="77" HEIGHT="21" WC="0.92" CONTENT="sädant"/><SP WIDTH="14" VPOS="983" HPOS="738"/>
							<String ID="string_196" HPOS="752" VPOS="983" WIDTH="132" HEIGHT="21" WC="0.93" CONTENT="förhällande"/><SP WIDTH="12" VPOS="983" HPOS="884"/>
							<String ID="string_197" HPOS="896" VPOS="983" WIDTH="40" HEIGHT="21" WC="0.96" CONTENT="bör"/>
						</TextLine>
						<TextLine ID="line_25" HPOS="175" VPOS="1017" WIDTH="761" HEIGHT="27">
							<String ID="string_198" HPOS="175" VPOS="1017" WIDTH="107" HEIGHT="27" WC="0.93" CONTENT="knappast"/><SP WIDTH="21" VPOS="1017" HPOS="282"/>
							<String ID="string_199" HPOS="303" VPOS="1017" WIDTH="92" HEIGHT="22" WC="0.91" CONTENT="behöfva"/><SP WIDTH="21" VPOS="1017" HPOS="395"/>
							<String ID="string_200" HPOS="416" VPOS="1017" WIDTH="155" HEIGHT="27" WC="0.91" CONTENT="ifrägakomma"/><SP WIDTH="17" VPOS="1017" HPOS="571"/>
							<String ID="string_201" HPOS="588" VPOS="1018" WIDTH="35" HEIGHT="21" WC="0.96" CONTENT="för"/><SP WIDTH="15" VPOS="1018" HPOS="623"/>
							<String ID="string_202" HPOS="638" VPOS="1018" WIDTH="68" HEIGHT="20" WC="0.96" CONTENT="andra"/><SP WIDTH="15" VPOS="1018" HPOS="706"/>
							<String ID="string_203" HPOS="721" VPOS="1019" WIDTH="27" HEIGHT="19" WC="0.93" CONTENT="än"/><SP WIDTH="16" VPOS="1019" HPOS="748"/>
							<String ID="string_204" HPOS="764" VPOS="1017" WIDTH="67" HEIGHT="27" WC="0.96" CONTENT="några"/><SP WIDTH="14" VPOS="1017" HPOS="831"/>
							<String ID="string_205" HPOS="845" VPOS="1017" WIDTH="91" HEIGHT="22" WC="0.96" CONTENT="enstaka"/>
						</TextLine>
						<TextLine ID="line_26" HPOS="175" VPOS="1046" WIDTH="760" HEIGHT="33">
							<String ID="string_206" HPOS="175" VPOS="1051" WIDTH="90" HEIGHT="22" WC="0.92" CONTENT="rusthäll"/><SP WIDTH="23" VPOS="1051" HPOS="265"/>
							<String ID="string_207" HPOS="288" VPOS="1052" WIDTH="7" HEIGHT="21" WC="0.95" CONTENT="i"/><SP WIDTH="16" VPOS="1052" HPOS="295"/>
							<String ID="string_208" HPOS="311" VPOS="1052" WIDTH="95" HEIGHT="27" WC="0.95" CONTENT="Nylands"/><SP WIDTH="22" VPOS="1052" HPOS="406"/>
							<String ID="string_209" HPOS="428" VPOS="1052" WIDTH="41" HEIGHT="21" WC="0.95" CONTENT="och"/><SP WIDTH="21" VPOS="1052" HPOS="469"/>
							<String ID="string_210" HPOS="490" VPOS="1046" WIDTH="47" HEIGHT="27" WC="0.91" CONTENT="Äbo"/><SP WIDTH="24" VPOS="1046" HPOS="537"/>
							<String ID="string_211" HPOS="561" VPOS="1052" WIDTH="42" HEIGHT="25" WC="0.93" CONTENT="län,"/><SP WIDTH="23" VPOS="1052" HPOS="603"/>
							<String ID="string_212" HPOS="626" VPOS="1054" WIDTH="60" HEIGHT="19" WC="0.88" CONTENT="utom"/><SP WIDTH="23" VPOS="1054" HPOS="686"/>
							<String ID="string_213" HPOS="709" VPOS="1051" WIDTH="99" HEIGHT="22" WC="0.88" CONTENT="Kandola"/><SP WIDTH="14" VPOS="1051" HPOS="808"/>
							<String ID="string_214" HPOS="822" VPOS="1051" WIDTH="113" HEIGHT="22" WC="0.92" CONTENT="rusthäll"/><SP WIDTH="-11" VPOS="1051" HPOS="935"/>
							<String ID="string_215" HPOS="924" VPOS="1042" WIDTH="14" HEIGHT="39" WC="0.96" CONTENT="i"/>
						</TextLine>
						<TextLine ID="line_27" HPOS="175" VPOS="1085" WIDTH="760" HEIGHT="28">
							<String ID="string_216" HPOS="175" VPOS="1086" WIDTH="133" HEIGHT="21" WC="0.91" CONTENT="Tavastehus"/><SP WIDTH="22" VPOS="1086" HPOS="308"/>
							<String ID="string_217" HPOS="330" VPOS="1086" WIDTH="42" HEIGHT="26" WC="0.96" CONTENT="län,"/><SP WIDTH="15" VPOS="1086" HPOS="372"/>
							<String ID="string_218" HPOS="387" VPOS="1088" WIDTH="23" HEIGHT="25" WC="0.96" CONTENT="ty"/><SP WIDTH="23" VPOS="1088" HPOS="410"/>
							<String ID="string_219" HPOS="433" VPOS="1086" WIDTH="38" HEIGHT="21" WC="0.93" CONTENT="der"/><SP WIDTH="22" VPOS="1086" HPOS="471"/>
							<String ID="string_220" HPOS="493" VPOS="1086" WIDTH="119" HEIGHT="21" WC="0.91" CONTENT="rusthällen"/><SP WIDTH="23" VPOS="1086" HPOS="612"/>
							<String ID="string_221" HPOS="635" VPOS="1087" WIDTH="58" HEIGHT="26" WC="0.91" CONTENT="legat"/><SP WIDTH="15" VPOS="1087" HPOS="693"/>
							<String ID="string_222" HPOS="708" VPOS="1087" WIDTH="6" HEIGHT="20" WC="0.93" CONTENT="i"/><SP WIDTH="16" VPOS="1087" HPOS="714"/>
							<String ID="string_223" HPOS="730" VPOS="1085" WIDTH="142" HEIGHT="27" WC="0.92" CONTENT="samfällighet"/><SP WIDTH="14" VPOS="1085" HPOS="872"/>
							<String ID="string_224" HPOS="886" VPOS="1085" WIDTH="49" HEIGHT="22" WC="0.96" CONTENT="med"/>
						</TextLine>
						<TextLine ID="line_28" HPOS="175" VPOS="1119" WIDTH="760" HEIGHT="28">
							<String ID="string_225" HPOS="175" VPOS="1120" WIDTH="67" HEIGHT="21" WC="0.93" CONTENT="andra"/><SP WIDTH="15" VPOS="1120" HPOS="242"/>
							<String ID="string_226" HPOS="257" VPOS="1120" WIDTH="131" HEIGHT="27" WC="0.92" CONTENT="lägenheter,"/><SP WIDTH="16" VPOS="1120" HPOS="388"/>
							<String ID="string_227" HPOS="404" VPOS="1120" WIDTH="64" HEIGHT="21" WC="0.89" CONTENT="hafva"/><SP WIDTH="21" VPOS="1120" HPOS="468"/>
							<String ID="string_228" HPOS="489" VPOS="1120" WIDTH="109" HEIGHT="21" WC="0.91" CONTENT="desamma"/><SP WIDTH="15" VPOS="1120" HPOS="598"/>
							<String ID="string_229" HPOS="613" VPOS="1120" WIDTH="35" HEIGHT="21" WC="0.93" CONTENT="vid"/><SP WIDTH="20" VPOS="1120" HPOS="648"/>
							<String ID="string_230" HPOS="668" VPOS="1119" WIDTH="120" HEIGHT="22" WC="0.92" CONTENT="storskiftet"/><SP WIDTH="15" VPOS="1119" HPOS="788"/>
							<String ID="string_231" HPOS="803" VPOS="1119" WIDTH="85" HEIGHT="22" WC="0.93" CONTENT="erhällit"/><SP WIDTH="15" VPOS="1119" HPOS="888"/>
							<String ID="string_232" HPOS="903" VPOS="1120" WIDTH="32" HEIGHT="21" WC="0.97" CONTENT="sin"/>
						</TextLine>
						<TextLine ID="line_29" HPOS="175" VPOS="1153" WIDTH="760" HEIGHT="28">
							<String ID="string_233" HPOS="175" VPOS="1154" WIDTH="63" HEIGHT="21" WC="0.96" CONTENT="andel"/><SP WIDTH="22" VPOS="1154" HPOS="238"/>
							<String ID="string_234" HPOS="260" VPOS="1154" WIDTH="7" HEIGHT="21" WC="0.92" CONTENT="i"/><SP WIDTH="16" VPOS="1154" HPOS="267"/>
							<String ID="string_235" HPOS="283" VPOS="1154" WIDTH="182" HEIGHT="27" WC="0.88" CONTENT="samfällighetens"/><SP WIDTH="22" VPOS="1154" HPOS="465"/>
							<String ID="string_236" HPOS="487" VPOS="1160" WIDTH="112" HEIGHT="21" WC="0.92" CONTENT="egomassa"/><SP WIDTH="15" VPOS="1160" HPOS="599"/>
							<String ID="string_237" HPOS="614" VPOS="1155" WIDTH="55" HEIGHT="20" WC="0.96" CONTENT="efter"/><SP WIDTH="20" VPOS="1155" HPOS="669"/>
							<String ID="string_238" HPOS="689" VPOS="1154" WIDTH="46" HEIGHT="21" WC="0.96" CONTENT="sina"/><SP WIDTH="15" VPOS="1154" HPOS="735"/>
							<String ID="string_239" HPOS="750" VPOS="1153" WIDTH="80" HEIGHT="21" WC="0.95" CONTENT="mantal"/><SP WIDTH="17" VPOS="1153" HPOS="830"/>
							<String ID="string_240" HPOS="847" VPOS="1153" WIDTH="39" HEIGHT="21" WC="0.93" CONTENT="och"/><SP WIDTH="15" VPOS="1153" HPOS="886"/>
							<String ID="string_241" HPOS="901" VPOS="1153" WIDTH="34" HEIGHT="21" WC="0.92" CONTENT="sä-"/>
						</TextLine>
						<TextLine ID="line_30" HPOS="173" VPOS="1187" WIDTH="762" HEIGHT="28">
							<String ID="string_242" HPOS="173" VPOS="1188" WIDTH="66" HEIGHT="21" WC="0.92" CONTENT="lunda"/><SP WIDTH="15" VPOS="1188" HPOS="239"/>
							<String ID="string_243" HPOS="254" VPOS="1188" WIDTH="103" HEIGHT="21" WC="0.93" CONTENT="tilldelats"/><SP WIDTH="15" VPOS="1188" HPOS="357"/>
							<String ID="string_244" HPOS="372" VPOS="1189" WIDTH="149" HEIGHT="26" WC="0.91" CONTENT="egoförmoner"/><SP WIDTH="14" VPOS="1189" HPOS="521"/>
							<String ID="string_245" HPOS="535" VPOS="1189" WIDTH="7" HEIGHT="20" WC="0.96" CONTENT="i"/><SP WIDTH="16" VPOS="1189" HPOS="542"/>
							<String ID="string_246" HPOS="558" VPOS="1195" WIDTH="81" HEIGHT="14" WC="0.93" CONTENT="samma"/><SP WIDTH="15" VPOS="1195" HPOS="639"/>
							<String ID="string_247" HPOS="654" VPOS="1188" WIDTH="142" HEIGHT="24" WC="0.91" CONTENT="förhällande,"/><SP WIDTH="15" VPOS="1188" HPOS="796"/>
							<String ID="string_248" HPOS="811" VPOS="1194" WIDTH="46" HEIGHT="15" WC="0.96" CONTENT="som"/><SP WIDTH="10" VPOS="1194" HPOS="857"/>
							<String ID="string_249" HPOS="867" VPOS="1187" WIDTH="68" HEIGHT="21" WC="0.96" CONTENT="andra"/>
						</TextLine>
						<TextLine ID="line_31" HPOS="173" VPOS="1221" WIDTH="761" HEIGHT="23">
							<String ID="string_250" HPOS="173" VPOS="1222" WIDTH="106" HEIGHT="21" WC="0.92" CONTENT="hemman."/><SP WIDTH="31" VPOS="1222" HPOS="279"/>
							<String ID="string_251" HPOS="310" VPOS="1223" WIDTH="42" HEIGHT="20" WC="0.95" CONTENT="Det"/><SP WIDTH="15" VPOS="1223" HPOS="352"/>
							<String ID="string_252" HPOS="367" VPOS="1223" WIDTH="40" HEIGHT="20" WC="0.96" CONTENT="har"/><SP WIDTH="14" VPOS="1223" HPOS="407"/>
							<String ID="string_253" HPOS="421" VPOS="1223" WIDTH="35" HEIGHT="21" WC="0.96" CONTENT="väl"/><SP WIDTH="15" VPOS="1223" HPOS="456"/>
							<String ID="string_254" HPOS="471" VPOS="1223" WIDTH="82" HEIGHT="21" WC="0.93" CONTENT="kunnat"/><SP WIDTH="15" VPOS="1223" HPOS="553"/>
							<String ID="string_255" HPOS="568" VPOS="1223" WIDTH="87" HEIGHT="20" WC="0.93" CONTENT="inträffa"/><SP WIDTH="15" VPOS="1223" HPOS="655"/>
							<String ID="string_256" HPOS="670" VPOS="1224" WIDTH="34" HEIGHT="19" WC="0.97" CONTENT="att"/><SP WIDTH="14" VPOS="1224" HPOS="704"/>
							<String ID="string_257" HPOS="718" VPOS="1222" WIDTH="63" HEIGHT="21" WC="0.96" CONTENT="dessa"/><SP WIDTH="15" VPOS="1222" HPOS="781"/>
							<String ID="string_258" HPOS="796" VPOS="1227" WIDTH="73" HEIGHT="15" WC="0.96" CONTENT="senare"/><SP WIDTH="12" VPOS="1227" HPOS="869"/>
							<String ID="string_259" HPOS="881" VPOS="1221" WIDTH="53" HEIGHT="21" WC="0.96" CONTENT="efter"/>
						</TextLine>
						<TextLine ID="line_32" HPOS="174" VPOS="1255" WIDTH="760" HEIGHT="28">
							<String ID="string_260" HPOS="174" VPOS="1256" WIDTH="120" HEIGHT="21" WC="0.91" CONTENT="storskiftet"/><SP WIDTH="22" VPOS="1256" HPOS="294"/>
							<String ID="string_261" HPOS="316" VPOS="1257" WIDTH="75" HEIGHT="20" WC="0.91" CONTENT="vunnit"/><SP WIDTH="21" VPOS="1257" HPOS="391"/>
							<String ID="string_262" HPOS="412" VPOS="1257" WIDTH="133" HEIGHT="26" WC="0.93" CONTENT="förmedling,"/><SP WIDTH="16" VPOS="1257" HPOS="545"/>
							<String ID="string_263" HPOS="561" VPOS="1263" WIDTH="49" HEIGHT="14" WC="0.93" CONTENT="men"/><SP WIDTH="16" VPOS="1263" HPOS="610"/>
							<String ID="string_264" HPOS="626" VPOS="1256" WIDTH="81" HEIGHT="22" WC="0.92" CONTENT="sädana"/><SP WIDTH="14" VPOS="1256" HPOS="707"/>
							<String ID="string_265" HPOS="721" VPOS="1256" WIDTH="39" HEIGHT="21" WC="0.96" CONTENT="fall"/><SP WIDTH="15" VPOS="1256" HPOS="760"/>
							<String ID="string_266" HPOS="775" VPOS="1256" WIDTH="61" HEIGHT="21" WC="0.93" CONTENT="torde"/><SP WIDTH="16" VPOS="1256" HPOS="836"/>
							<String ID="string_267" HPOS="852" VPOS="1255" WIDTH="82" HEIGHT="21" WC="0.92" CONTENT="ändock"/>
						</TextLine>
						<TextLine ID="line_33" HPOS="173" VPOS="1290" WIDTH="106" HEIGHT="21">
							<String ID="string_268" HPOS="173" VPOS="1296" WIDTH="52" HEIGHT="15" WC="0.96" CONTENT="vara"/><SP WIDTH="15" VPOS="1296" HPOS="225"/>
							<String ID="string_269" HPOS="240" VPOS="1290" WIDTH="39" HEIGHT="21" WC="0.86" CONTENT="få&quot;."/>
						</TextLine>
					</TextBlock>
					<TextBlock ID="block_5" HPOS="170" VPOS="1323" WIDTH="764" HEIGHT="158">
						<TextLine ID="line_34" HPOS="239" VPOS="1323" WIDTH="695" HEIGHT="29">
							<String ID="string_270" HPOS="239" VPOS="1325" WIDTH="44" HEIGHT="20" WC="0.96" CONTENT="Det"/><SP WIDTH="15" VPOS="1325" HPOS="283"/>
							<String ID="string_271" HPOS="298" VPOS="1327" WIDTH="24" HEIGHT="18" WC="0.93" CONTENT="är"/><SP WIDTH="16" VPOS="1327" HPOS="322"/>
							<String ID="string_272" HPOS="338" VPOS="1325" WIDTH="90" HEIGHT="21" WC="0.92" CONTENT="sälunda"/><SP WIDTH="14" VPOS="1325" HPOS="428"/>
							<String ID="string_273" HPOS="442" VPOS="1325" WIDTH="82" HEIGHT="27" WC="0.93" CONTENT="ganska"/><SP WIDTH="21" VPOS="1325" HPOS="524"/>
							<String ID="string_274" HPOS="545" VPOS="1325" WIDTH="145" HEIGHT="26" WC="0.92" CONTENT="tvifvelaktigt"/><SP WIDTH="15" VPOS="1325" HPOS="690"/>
							<String ID="string_275" HPOS="705" VPOS="1324" WIDTH="104" HEIGHT="21" WC="0.96" CONTENT="huruvida"/><SP WIDTH="15" VPOS="1324" HPOS="809"/>
							<String ID="string_276" HPOS="824" VPOS="1323" WIDTH="36" HEIGHT="21" WC="0.96" CONTENT="det"/><SP WIDTH="14" VPOS="1323" HPOS="860"/>
							<String ID="string_277" HPOS="874" VPOS="1323" WIDTH="8" HEIGHT="21" WC="0.93" CONTENT="i"/><SP WIDTH="15" VPOS="1323" HPOS="882"/>
							<String ID="string_278" HPOS="897" VPOS="1323" WIDTH="37" HEIGHT="21" WC="0.93" CONTENT="nä-"/>
						</TextLine>
						<TextLine ID="line_35" HPOS="172" VPOS="1357" WIDTH="762" HEIGHT="28">
							<String ID="string_279" HPOS="172" VPOS="1358" WIDTH="49" HEIGHT="27" WC="0.90" CONTENT="diga"/><SP WIDTH="21" VPOS="1358" HPOS="221"/>
							<String ID="string_280" HPOS="242" VPOS="1359" WIDTH="161" HEIGHT="26" WC="0.93" CONTENT="propositionen"/><SP WIDTH="15" VPOS="1359" HPOS="403"/>
							<String ID="string_281" HPOS="418" VPOS="1359" WIDTH="89" HEIGHT="22" WC="0.93" CONTENT="afsedda"/><SP WIDTH="22" VPOS="1359" HPOS="507"/>
							<String ID="string_282" HPOS="529" VPOS="1359" WIDTH="114" HEIGHT="21" WC="0.90" CONTENT="resultatet"/><SP WIDTH="15" VPOS="1359" HPOS="643"/>
							<String ID="string_283" HPOS="658" VPOS="1358" WIDTH="24" HEIGHT="21" WC="0.93" CONTENT="af"/><SP WIDTH="13" VPOS="1358" HPOS="682"/>
							<String ID="string_284" HPOS="695" VPOS="1358" WIDTH="153" HEIGHT="26" WC="0.92" CONTENT="förmedlingen"/><SP WIDTH="14" VPOS="1358" HPOS="848"/>
							<String ID="string_285" HPOS="862" VPOS="1357" WIDTH="72" HEIGHT="21" WC="0.96" CONTENT="kunde"/>
						</TextLine>
						<TextLine ID="line_36" HPOS="171" VPOS="1391" WIDTH="763" HEIGHT="28">
							<String ID="string_286" HPOS="171" VPOS="1392" WIDTH="29" HEIGHT="27" WC="0.96" CONTENT="pä"/><SP WIDTH="14" VPOS="1392" HPOS="200"/>
							<String ID="string_287" HPOS="214" VPOS="1393" WIDTH="70" HEIGHT="20" WC="0.96" CONTENT="denna"/><SP WIDTH="15" VPOS="1393" HPOS="284"/>
							<String ID="string_288" HPOS="299" VPOS="1395" WIDTH="40" HEIGHT="24" WC="0.93" CONTENT="väg"/><SP WIDTH="15" VPOS="1395" HPOS="339"/>
							<String ID="string_289" HPOS="354" VPOS="1393" WIDTH="89" HEIGHT="26" WC="0.92" CONTENT="uppnäs,"/><SP WIDTH="16" VPOS="1393" HPOS="443"/>
							<String ID="string_290" HPOS="459" VPOS="1399" WIDTH="48" HEIGHT="15" WC="0.96" CONTENT="men"/><SP WIDTH="16" VPOS="1399" HPOS="507"/>
							<String ID="string_291" HPOS="523" VPOS="1393" WIDTH="48" HEIGHT="21" WC="0.93" CONTENT="dess"/><SP WIDTH="15" VPOS="1393" HPOS="571"/>
							<String ID="string_292" HPOS="586" VPOS="1392" WIDTH="159" HEIGHT="22" WC="0.92" CONTENT="verkställande"/><SP WIDTH="16" VPOS="1392" HPOS="745"/>
							<String ID="string_293" HPOS="761" VPOS="1391" WIDTH="68" HEIGHT="22" WC="0.96" CONTENT="skulle"/><SP WIDTH="15" VPOS="1391" HPOS="829"/>
							<String ID="string_294" HPOS="844" VPOS="1391" WIDTH="7" HEIGHT="21" WC="0.93" CONTENT="i"/><SP WIDTH="10" VPOS="1391" HPOS="851"/>
							<String ID="string_295" HPOS="861" VPOS="1391" WIDTH="73" HEIGHT="26" WC="0.93" CONTENT="hvarje"/>
						</TextLine>
						<TextLine ID="line_37" HPOS="171" VPOS="1425" WIDTH="763" HEIGHT="29">
							<String ID="string_296" HPOS="171" VPOS="1426" WIDTH="102" HEIGHT="28" WC="0.92" CONTENT="händelse"/><SP WIDTH="15" VPOS="1426" HPOS="273"/>
							<String ID="string_297" HPOS="288" VPOS="1427" WIDTH="98" HEIGHT="22" WC="0.92" CONTENT="medföra"/><SP WIDTH="16" VPOS="1427" HPOS="386"/>
							<String ID="string_298" HPOS="402" VPOS="1434" WIDTH="25" HEIGHT="15" WC="0.93" CONTENT="en"/><SP WIDTH="16" VPOS="1434" HPOS="427"/>
							<String ID="string_299" HPOS="443" VPOS="1428" WIDTH="45" HEIGHT="21" WC="0.89" CONTENT="icke"/><SP WIDTH="24" VPOS="1428" HPOS="488"/>
							<String ID="string_300" HPOS="512" VPOS="1427" WIDTH="110" HEIGHT="27" WC="0.90" CONTENT="obetydlig"/><SP WIDTH="15" VPOS="1427" HPOS="622"/>
							<String ID="string_301" HPOS="637" VPOS="1429" WIDTH="62" HEIGHT="18" WC="0.93" CONTENT="extra"/><SP WIDTH="16" VPOS="1429" HPOS="699"/>
							<String ID="string_302" HPOS="715" VPOS="1426" WIDTH="91" HEIGHT="21" WC="0.92" CONTENT="kostnad"/><SP WIDTH="15" VPOS="1426" HPOS="806"/>
							<String ID="string_303" HPOS="821" VPOS="1425" WIDTH="33" HEIGHT="21" WC="0.93" CONTENT="för"/><SP WIDTH="16" VPOS="1425" HPOS="854"/>
							<String ID="string_304" HPOS="870" VPOS="1427" WIDTH="64" HEIGHT="20" WC="0.92" CONTENT="stats-"/>
						</TextLine>
						<TextLine ID="line_38" HPOS="170" VPOS="1460" WIDTH="81" HEIGHT="21">
							<String ID="string_305" HPOS="170" VPOS="1460" WIDTH="81" HEIGHT="21" WC="0.96" CONTENT="verket."/>
						</TextLine>
					</TextBlock>
					<TextBlock ID="block_6" HPOS="240" VPOS="1500" WIDTH="364" HEIGHT="18">
						<TextLine ID="line_39" HPOS="240" VPOS="1500" WIDTH="364" HEIGHT="18">
							<String ID="string_306" HPOS="240" VPOS="1501" WIDTH="152" HEIGHT="17" WC="0.92" CONTENT="Statsutskottets"/><SP WIDTH="14" VPOS="1501" HPOS="392"/>
							<String ID="string_307" HPOS="406" VPOS="1501" WIDTH="116" HEIGHT="17" WC="0.92" CONTENT="betänkande"/><SP WIDTH="14" VPOS="1501" HPOS="522"/>
							<String ID="string_308" HPOS="536" VPOS="1500" WIDTH="37" HEIGHT="17" WC="0.95" CONTENT="N:o"/><SP WIDTH="14" VPOS="1500" HPOS="573"/>
							<String ID="string_309" HPOS="587" VPOS="1500" WIDTH="17" HEIGHT="17" WC="0.96" CONTENT="6."/>
						</TextLine>
					</TextBlock>
				</ComposedBlock>
			</PrintSpace>
		</Page>
	</Layout>
</alto>
