1078 1692
244 143 27 19 34
550 142 37 24 N:o
604 142 23 23 4.

214 207 38 22 ock
274 208 76 22 utöfva
372 208 41 23 den
435 208 75 28 tillsyn
532 209 61 23 öfver
613 208 229 29 justeringsväsendet,
860 215 44 16 som
919 210 43 20 sär-

212 242 67 22 skildt
300 243 44 22 kan
366 243 25 22 af
411 244 288 28 Justeringskommissionen
721 244 68 22 varda
811 244 74 22 honom
911 250 51 21 upp-

213 277 87 28 dragen.

180 315 25 20 N
562 332 48 26 38.

278 375 106 23 Städerna
400 383 41 22 ega
456 377 78 28 sjelfve
549 378 66 22 bland
625 384 107 21 personer,
742 384 45 16 som
798 376 24 23 af
830 377 130 28 Justerings-

209 409 161 24 kommissionen
387 411 116 23 förklarats
519 412 72 22 dertill
606 413 143 27 kompetente,
766 414 80 26 antaga
862 412 38 22 och
910 412 49 22 aflö-

208 451 28 15 na
249 445 107 28 justerare
372 446 25 22 af
409 448 61 26 mått,
486 447 49 28 vigt
551 448 38 21 och
605 447 207 28 vägningsredskap.

274 481 112 23 Justerare
408 482 28 28 på
458 482 75 22 landet
555 482 113 22 förordnas
690 482 25 22 af
738 481 220 28 Justeringskommis-

208 515 80 23 sionen.

274 551 293 29 Justeringskontrollörerne
589 552 73 22 kunna
684 552 72 22 tillika
778 558 53 16 vara
850 552 106 27 justerare

206 585 56 22 inom
278 586 37 22 det
330 586 94 28 distrikt,
440 587 38 22 der
494 587 26 22 de
535 590 37 19 äro
592 588 91 22 bosatte.

272 620 112 23 Justerare
406 622 85 27 åligger
513 624 34 20 att
569 622 65 22 ställa
655 622 34 28 sig
704 621 34 22 till
753 621 143 22 efterrättelse
911 620 44 28 gäl-

204 654 63 23 lande
284 655 157 29 författningar
451 657 114 27 angående
576 658 61 26 mått,
648 657 48 27 vigt
706 657 39 21 och
754 655 200 29 vägningsredskap

203 692 55 19 samt
280 690 26 22 de
328 693 98 20 närmare
447 692 162 22 bestämmelser
631 692 37 21 och
692 691 107 22 särskilda
813 689 140 28 föreskrifter,

204 730 43 16 som
264 724 24 22 af
301 725 289 29 Justeringskommissionen
607 726 115 22 meddelas.

270 759 44 22 För
328 760 124 28 kompetens
468 761 35 21 till
510 760 233 28 justerarebefattning
753 760 82 22 fordras
847 761 33 20 att
887 758 66 23 hafva

203 793 103 28 antingen
322 794 68 28 aflagt
404 795 230 22 landtmäteriexamen
649 796 52 21 eller
719 795 40 21 ock
773 794 8 22 i
796 794 40 22 den
855 793 96 28 ordning,

202 828 287 28 Justeringskommissionen
511 830 145 27 föreskrifver,
679 830 118 27 ådagalagt
813 828 139 27 erforderliga

200 863 124 27 kunskaper
338 863 8 22 i
361 864 127 21 matematik
511 864 38 21 och
571 864 58 28 fysik
643 864 68 28 jemte
725 863 119 22 kännedom
859 869 32 15 om
906 862 45 27 gäl-

199 897 63 22 lande
272 897 158 28 författningar
439 899 40 21 och
489 898 193 28 reglementariska
692 897 135 23 föreskrifter
838 896 111 29 angående

199 932 61 27 mått,
284 932 48 28 vigt
354 933 39 21 och
416 933 200 28 vägningsredskap
634 934 56 21 samt
704 932 100 27 praktisk
819 931 109 28 färdighet
943 931 7 20 i

200 966 43 22 alla
258 966 26 22 de
300 967 104 31 göromål,
427 974 44 15 som
485 967 88 22 tillhöra
586 968 119 27 justerare;
722 967 82 27 egande
819 965 130 28 Justerings-

197 1001 169 28 kommissionen,
391 1008 33 15 om
445 1001 118 28 anledning
585 1002 72 22 dertill
679 1001 147 27 förekommer,
849 1001 52 21 utan
920 999 30 22 af-

196 1035 78 22 seende
296 1036 29 27 på
347 1036 116 23 utfärdade
478 1037 67 27 betyg
559 1037 8 21 i
582 1037 63 22 dessa
660 1039 82 24 ämnen,
759 1035 93 23 förvissa
866 1034 34 28 sig
916 1040 31 15 om

196 1070 122 23 sökandens
332 1071 127 28 kompetens
475 1078 75 21 genom
566 1070 137 23 anställande
722 1071 79 22 förhör.

550 1135 13 26 8
579 1137 19 19 9.

261 1179 11 22 I
288 1179 27 22 de
330 1179 128 29 landsorter,
475 1180 38 22 der
528 1180 107 28 bränning
650 1179 25 23 af
688 1179 58 28 tjära
758 1179 51 22 eller
818 1178 96 27 kokning
924 1177 26 22 af

195 1213 54 22 beck
263 1213 69 29 idkas,
349 1215 53 22 eller
417 1215 40 22 fisk
473 1215 53 22 eller
540 1215 49 21 kött
604 1214 34 22 till
653 1213 71 23 afsalu
734 1213 96 27 insaltas,
842 1219 52 22 eger
904 1212 43 22 Gu-

193 1250 112 26 vernören,
326 1249 104 28 antingen
445 1249 52 28 sjelf
510 1249 52 22 eller
577 1255 75 22 genom
668 1248 173 22 domhafvanden
856 1247 7 22 i
878 1249 66 25 orten,

193 1283 34 22 för
242 1283 142 28 uppmätning
398 1285 40 21 och
453 1283 117 28 stämpling
585 1283 25 22 af
623 1284 26 21 de
659 1283 35 22 för
704 1284 109 26 transport
823 1282 25 22 af
856 1281 91 23 berörda

193 1324 65 16 varor
280 1318 144 28 erforderliga
445 1318 102 28 laggkärl
569 1320 81 25 antaga
673 1317 101 28 pälitlige
788 1317 39 22 och
842 1316 104 22 edsvurne

193 1354 55 26 män,
271 1352 76 23 hvilka
366 1353 49 22 med
430 1353 60 22 bevis
505 1352 25 22 af
541 1353 121 27 justeraren
678 1352 8 21 i
701 1352 112 22 distriktet
827 1351 71 28 styrkt
912 1351 35 27 sig

193 1393 43 20 ega
250 1387 27 22 de
292 1387 34 22 för
341 1387 128 28 utöfningen
483 1387 25 22 af
521 1393 26 16 en
563 1387 42 22 slik
619 1387 125 28 befattning
758 1385 81 28 nödiga
848 1385 97 28 insigter.

193 1420 68 23 Desse
284 1422 207 28 laggkärlskrönare
513 1422 62 21 skola
596 1424 66 25 uppte
678 1421 48 22 sina
740 1419 156 24 förordnanden
911 1419 35 22 för

191 1455 129 29 justeraren,
342 1457 67 22 innan
432 1457 27 21 de
476 1457 22 21 fä
514 1457 64 21 träda
593 1457 6 20 i
614 1456 102 28 utöfning
730 1456 25 22 af
768 1456 33 22 sin
816 1454 128 27 befattning.
