1078 1692
205 164 13 21 2
427 165 19 21 U.
462 165 20 22 B.
498 178 28 3 —
541 166 52 28 Prop.
611 166 31 21 N:o
659 162 29 25 11.

177 226 79 28 dragit
278 228 116 21 utskottet
416 230 35 20 att
473 229 90 27 föreslå,
587 230 60 20 samt
669 228 45 22 den
733 228 27 22 af
771 228 161 29 ridderskapet

177 260 43 22 och
236 261 69 21 adeln
320 264 104 26 antagna
438 262 110 22 rubriken
564 265 129 19 motsvarar
708 262 179 28 förordningens
898 263 34 21 in-

179 294 85 29 nehåll,
280 295 36 23 får
331 296 114 22 utskottet
463 298 118 20 vördsamt
596 304 116 22 uppmana
728 297 28 21 de
772 296 75 28 öfriga
862 297 68 21 Stän-

177 329 45 21 den
238 331 35 19 att
288 330 80 22 förena
386 330 37 29 sig
438 338 37 14 om
490 332 172 28 ridderskapets
678 331 43 21 och
737 331 80 21 adelns
832 330 76 22 beslut
924 331 8 21 i

177 363 76 22 denna
269 364 43 22 del.
635 361 6 5 ”

248 398 65 22 Första
336 401 95 20 momentet
455 400 26 21 af
500 400 113 28 förslaget
635 400 37 21 till
695 399 136 28 förordning
850 399 42 21 har
908 399 27 21 af

175 431 163 29 ridderskapet
352 433 44 21 och
414 434 75 27 adeln,
505 436 87 26 presta-
608 434 44 21 och
666 433 197 29 borgarestånden
878 434 54 21 blif-

176 466 36 21 vit
227 466 150 22 oförändradt
392 468 127 27 godkändt,
536 476 53 13 men
605 468 26 21 af
643 468 170 22 bondeståndet
829 468 103 28 antagits

176 500 53 21 med
245 500 45 21 den
306 501 106 29 ändring,
428 504 35 19 att
479 502 70 21 orden
565 502 77 28 ,öfver
657 504 35 19 ett
702 503 25 21 år
737 502 111 28 gammal"
859 502 72 22 borde

176 534 96 28 utbytas
287 537 50 19 mot
352 536 70 28 ,öfver
433 539 27 18 ett
471 537 36 20 och
519 539 27 18 ett
556 537 57 26 halft
624 538 26 20 år
659 537 113 27 gammal,"
784 536 128 29 hvarjemte
923 536 8 21 i

175 568 76 22 finska
262 571 80 19 texten
350 570 74 21 skulle
433 571 30 27 på
471 570 74 28 tredje
553 570 72 22 raden
634 570 96 22 framför
738 571 150 28 ,laitumena*
896 571 35 21 in-

176 602 90 29 skjutas
274 604 136 28 ,yhteisenä.*
421 605 64 21 Enär
492 607 34 19 tre
535 605 67 21 stånd
612 605 92 28 antagit
712 605 127 21 utskottets
847 604 84 22 formu-

175 636 76 28 lering
260 638 26 20 af
294 638 65 22 detta
369 641 103 19 moment
481 639 139 21 oförändrad
629 639 63 22 såväl
701 639 36 21 till
746 639 128 21 innehållet
882 646 49 14 som

176 670 168 29 ordalydelsen,
356 672 35 22 fär
401 673 115 21 utskottet
531 674 117 21 vördsamt
660 680 118 21 uppmana
787 673 145 21 Bondestän-

176 704 39 22 det
231 707 35 19 att
281 706 8 21 i
306 706 64 22 detta
378 707 107 21 afseende
497 708 80 21 förena
589 708 36 28 sig
636 708 52 21 med
699 708 29 20 de
740 708 74 27 öfriga
825 706 105 22 ständen.

246 740 60 22 Andra
321 743 96 19 momentet
435 741 43 21 har
493 742 26 21 af
531 742 161 28 ridderskapet
708 741 43 21 och
768 741 67 21 adeln
851 740 81 22 blifvit

175 774 197 22 äterremitteradt
388 775 35 21 för
438 776 173 28 omredigering
626 776 8 21 i
650 776 67 28 syfte,
734 777 35 20 att
779 775 110 28 beloppet
907 775 27 21 af

174 807 67 21 böter
263 808 36 21 för
322 808 92 29 hingsts
436 810 155 28 utsläppande
616 811 13 21 å
651 817 133 21 gemensam
799 809 132 21 betesmark

174 841 53 21 med
249 841 58 29 vilja
322 842 130 22 bestämdes
473 843 51 22 från
540 844 33 21 tio
590 844 37 21 till
643 843 126 22 etthundra
784 843 66 21 mark
865 845 65 26 samt,

175 875 40 21 der
230 875 40 21 det
286 877 86 21 skedde
387 884 84 21 genom
481 878 158 21 försummelse
650 878 57 21 eller
716 877 152 27 vårdslöshet,
879 877 52 22 från

174 909 46 21 fem
243 909 38 22 till
303 910 80 21 femtio
407 911 71 28 mark,
502 911 129 29 hvarjemte
650 905 30 39 ur
685 913 139 20 momentets
840 911 91 28 ordaly-

174 942 62 22 delse
252 944 108 28 tydligen
375 945 72 21 borde
463 945 94 28 framgå,
575 948 36 19 att
626 946 27 21 de
670 945 50 22 deri
735 947 89 20 utsatta
833 945 98 21 böterna

174 984 55 14 vore
257 978 133 28 vitesböter,
414 979 40 21 vid
478 979 90 22 hvilket
595 979 145 22 förhållande
762 980 50 21 åter
834 986 68 14 mom.
918 979 14 21 5

173 1011 92 22 komme
288 1015 36 18 att
346 1013 115 22 bortfalla.
491 1014 176 21 Prestaståndet
690 1014 42 21 har
755 1014 92 27 antagit
866 1013 65 21 detta

173 1048 104 19 moment
297 1049 58 19 utan
378 1055 77 14 annan
478 1048 106 28 ändring,
601 1052 30 17 än
646 1050 36 19 att
698 1049 13 20 å
726 1049 44 20 5:te
786 1048 71 21 raden
873 1047 58 22 efter

174 1079 66 22 ordet
263 1081 93 27 ägare"
380 1081 71 22 borde
472 1082 109 28 tilläggas
605 1083 61 27 eller
689 1089 74 14 annan
786 1083 83 20 hvilken
888 1089 43 14 om-

172 1120 75 21 sorgen
267 1121 33 14 om
316 1115 72 27 djuret
402 1116 99 28 åligger".
532 1116 198 27 Borgareständet
745 1116 43 21 har
803 1116 127 22 återremit-

172 1149 61 19 terat
255 1152 127 18 momentet
404 1149 36 22 för
455 1152 35 19 att
505 1150 104 28 undergå
624 1150 72 22 sådan
712 1151 105 27 ändring,
834 1152 35 19 att
885 1149 45 22 den

173 1189 49 13 som
244 1183 53 20 med
320 1183 58 28 vilja
396 1184 80 28 bryter
491 1187 48 18 mot
554 1184 115 27 förbudet,
686 1185 76 20 skulle
777 1185 56 20 böta
848 1183 82 22 endast

172 1216 52 20 från
240 1216 44 21 och
300 1217 51 21 med
368 1218 33 21 tin
418 1218 38 21 till
471 1218 126 21 etthundra
612 1219 66 20 mark
694 1221 60 18 samt
770 1218 50 27 den,
833 1225 48 14 som
891 1225 39 20 ge-

171 1257 55 13 nom
249 1250 159 23 försummelse
430 1252 57 21 eller
504 1252 146 22 vårdslöshet
665 1253 59 20 låter
740 1252 67 28 dylik
822 1252 108 21 förseelse

172 1283 94 22 komma
282 1285 36 28 sig
334 1285 37 21 till
386 1285 51 28 last,
455 1286 82 21 endast
551 1287 52 20 från
619 1287 46 26 fem
680 1287 38 20 till
728 1286 117 28 tjugufem
855 1286 74 26 mark;

171 1317 129 29 hvarjemte
321 1320 119 21 anmärkts
457 1322 34 19 att
507 1321 66 20 ordet
588 1321 69 28 ,han'
674 1321 8 20 i
697 1320 72 21 andra
784 1320 72 21 raden
871 1320 59 21 neri-

171 1351 52 22 från
239 1352 8 21 i
263 1353 116 28 språkligt
394 1354 108 21 afseende
518 1361 93 14 snarare
627 1354 78 21 kunde
720 1354 110 21 hänföras
847 1353 36 21 till
896 1361 34 14 or-

171 1385 40 22 det
226 1387 106 28 ,hingst"
348 1391 29 18 än
394 1388 37 21 till
447 1389 65 20 ordet
523 1389 92 28 ,ägare*
627 1389 8 20 i
646 1396 88 13 samma
744 1388 102 27 mening.
869 1388 61 21 Bon-

172 1420 125 23 deståndet
313 1422 41 21 har
369 1423 106 26 godkänt
491 1425 138 19 momentets
646 1422 106 21 inrehåll
767 1422 52 21 med
830 1421 100 28 ändring

171 1454 26 21 af
211 1455 121 28 åtskilliga
348 1457 79 27 språk-
443 1457 43 21 och
501 1457 101 28 tryckfel
618 1457 7 21 i
642 1457 45 20 den
702 1453 75 24 finska
793 1459 85 18 texten.
895 1457 35 22 Då

172 1489 89 22 således
284 1492 139 21 momentets
439 1491 147 29 väsendtliga
601 1491 106 22 innehäll
723 1495 25 17 är
762 1491 168 29 grundlagsen-
