1078 1692
346 145 80 24 Ständ.
441 145 38 23 Sv.
496 158 24 2 —
537 145 69 28 Prop.
622 145 40 22 N:o
676 144 32 23 11.
854 146 13 21 3

389 209 130 27 Förordning,
535 209 106 28 angående
657 209 71 22 förbud
746 210 40 21 mot
794 209 101 27 hingstars

355 244 134 27 utsläppande
504 243 13 22 å
532 248 118 23 gemensam
666 243 122 23 betesmark.

566 296 15 26 $
596 297 19 19 1.

355 335 86 28 Hingst,
457 342 45 14 som
518 336 27 20 är
561 335 60 27 öfver
636 338 28 18 ett
680 336 26 20 år
720 335 100 27 gammal,
831 336 34 20 må
876 336 20 27 ej

288 370 113 27 utsläppas
413 370 32 27 på
459 372 131 25 gemensamt
606 369 50 27 bete,
672 368 122 22 hvarunder
803 369 92 28 inbegri-

283 410 43 20 pas
337 404 81 26 jemväl
433 404 77 21 odlade
526 404 38 20 och
579 403 123 28 inhägnade
717 405 59 25 ägor,
792 404 27 20 då
835 404 61 21 dessa

287 437 78 21 härtill
380 438 118 21 användas.
621 442 2 2 |

531 490 15 26 $
561 492 21 19 2.

355 535 79 29 Bryter
456 536 72 28 någon
551 539 42 18 mot
608 536 58 21 detta
677 536 84 27 förbud
776 536 46 21 med
837 537 58 27 vilja,

288 570 46 21 böte
352 570 58 27 från
433 570 38 21 och
493 570 48 21 med
564 571 29 20 tio
615 570 35 21 till
666 570 36 21 och
718 570 47 22 med
780 570 115 21 etthundra

286 604 72 26 mark;
372 604 49 22 sker
437 605 34 21 det
485 612 76 20 genom
567 604 153 28 försummelse
730 605 52 21 eller
789 604 106 22 vårdslös-

286 639 40 26 het,
342 646 50 14 vare
408 638 33 22 bot
455 638 53 26 från
521 639 47 27 fem
585 639 34 21 till
629 639 79 27 femtio
719 638 67 22 mark.
815 638 81 22 Finnes

286 673 74 27 hingst
376 672 67 28 hafva
459 674 13 20 &
489 673 118 21 betesmark
622 673 117 25 inkommit,
754 675 53 19 utan
822 675 32 19 att
862 674 33 20 sä-

287 708 54 20 dant
363 708 84 21 kunnat
468 708 97 26 förutses
581 708 52 21 eller
648 714 74 21 genom
737 708 43 27 god
794 707 55 21 vård
859 707 37 27 fö-

286 742 124 26 rekommas,
433 744 38 26 äge
495 748 80 15 ansvar
599 742 44 21 icke
663 749 52 14 rum.
746 742 16 20 I
774 742 44 21 alla
834 736 62 27 dessa

282 776 48 27 fall
346 776 57 21 skall
418 778 83 26 ägaren
516 776 53 21 dock
584 778 81 19 ersätta
681 776 75 26 skada,
772 782 42 15 som
823 776 74 28 hingst

288 810 76 22 dervid
379 811 13 20 å
408 817 85 15 annans
509 810 90 22 kreatur
613 811 74 21 vållat.

356 844 49 21 Har
420 851 74 14 annan
510 846 29 19 än
555 846 67 26 ägare
633 844 135 27 förorsakat,
785 847 32 18 att
824 843 73 28 hingst

284 879 31 27 på
338 879 79 20 sådant
437 879 44 21 bete
495 878 118 26 inkommit,
629 879 37 20 och
682 878 42 21 har
738 878 68 21 skada
822 878 75 21 dervid

289 914 68 25 timat,
380 913 35 21 må
437 915 82 25 ägaren
539 913 53 21 söka
607 913 121 28 ersättning
743 913 30 27 af
785 913 40 20 den
839 912 57 28 skyl-

287 948 48 27 dige
351 947 41 28 för
407 947 91 28 utgifvet
513 947 138 22 skadestånd.
684 947 38 22 Om
738 947 71 28 hingst
825 946 72 28 blifvit

287 981 147 28 öfverlemnad
455 982 24 21 åt
501 989 75 14 annan
592 983 32 26 på
640 983 46 27 lega
702 982 52 21 eller
770 981 127 21 annorledes

288 1017 34 20 till
340 1017 123 27 nyttjande,
479 1017 58 27 gälle
552 1017 112 27 angående
678 1015 148 28 innehafvare,
843 1015 55 21 hvad

288 1051 42 21 här
344 1057 34 15 om
394 1053 65 25 ägare
475 1051 97 28 stadgas.

534 1103 51 27 $3.

356 1148 116 27 Anträfas
488 1148 75 28 hingst
575 1149 13 20 &
597 1150 129 26 gemensamt
736 1147 50 27 bete,
797 1153 49 15 vare
855 1146 41 21 del-

289 1185 66 25 ägare
378 1183 46 20 deri
447 1183 123 27 berättigad
593 1185 31 18 att
640 1183 75 27 intaga
731 1181 38 22 och
784 1180 113 29 gvarhälla

288 1217 130 26 densamma,
434 1217 37 21 och
487 1217 59 28 gälle
563 1217 131 21 derutinnan
710 1216 56 21 hvad
777 1223 31 14 om
817 1216 82 27 intaget

288 1251 96 27 husdjur
398 1251 73 27 finnes
487 1251 106 28 stadgadt
608 1252 7 20 i
628 1251 89 27 Nädiga
732 1249 166 28 Förordningen

288 1291 32 15 om
336 1287 65 26 ägors
412 1285 112 27 fredande
539 1288 44 18 mot
599 1285 67 21 skada
682 1284 25 28 af
718 1284 98 28 husdjur,
825 1282 73 29 gifven

288 1320 41 21 den
345 1321 27 20 19
389 1319 114 22 December
518 1320 64 21 1864.

569 1371 49 28 84

356 1410 72 27 Böter,
451 1417 44 15 som
511 1411 69 27 enligt
595 1411 70 21 denna
676 1410 135 28 förordning
827 1409 70 21 ädöm-

288 1451 52 18 mas,
363 1444 61 22 skola
442 1445 103 27 jördelas
565 1445 44 26 och,
625 1445 39 20 der
678 1444 26 21 de
719 1445 21 26 ej
755 1444 30 26 af
796 1444 39 21 den
851 1443 47 21 sak-
