1078 1692
378 144 20 23 U.
414 143 19 23 B.
449 156 28 3 —
493 143 55 29 Prop.
564 143 32 23 N:o
612 143 20 23 6.
838 143 25 21 19

558 200 15 26 $
588 200 22 20 6.

343 240 78 21 Derest
435 240 94 21 rusthäll
545 247 45 14 som
599 242 99 26 augment
709 239 96 27 ätnjuter
815 238 78 22 krono-

275 274 79 25 tionde,
384 274 145 28 stadgaränta
552 275 52 21 eller
625 280 76 15 annan
728 273 61 28 dylik
807 272 85 28 fördel,

276 309 51 21 böra
338 309 82 27 jemväl
435 309 63 21 dessa
508 309 119 27 förmoner
637 308 36 21 vid
682 308 153 21 reduktionens
845 307 48 21 bör-

271 343 44 27 jan
331 343 34 21 till
381 342 141 22 rubelskatter
537 342 113 22 uträknas.

558 440 15 27 $
589 442 20 18 7.

345 486 66 20 Hvad
433 485 30 28 af
473 486 105 20 rusthälls
599 492 54 22 egna
668 487 76 19 räntor
759 485 35 20 till
809 484 85 21 kronan

276 520 109 28 indragits
403 520 87 27 förblir
505 527 26 13 en
545 520 115 21 rusthället
675 519 116 28 äliggande
806 518 88 28 ständig

276 554 64 26 skatt,
356 554 108 21 hvaremot
479 554 35 21 det
525 554 135 21 äterstäende
670 553 159 27 räntebeloppet
834 553 60 27 fort-

272 589 99 27 farande
394 588 129 28 oafkortadt
545 588 163 28 tillgodonjutes
730 588 29 28 af
773 588 120 24 rusthället,

275 630 44 14 som
330 622 42 28 för
383 623 125 27 framtiden
522 623 111 27 frikallas
650 623 58 27 från
726 623 31 21 all
772 622 122 27 rustnings-

276 657 126 28 skyldighet,
418 664 48 14 men
481 658 8 20 i
505 657 101 27 afseende
615 658 13 20 å
643 656 207 29 roteringsbesväret,
861 656 33 26 ef-

277 694 31 18 ter
323 692 108 27 utgängen
446 692 29 26 af
486 692 41 20 den
537 692 45 27 för
596 691 75 27 hvarje
686 691 92 21 rusthäll
791 689 104 29 gällande

278 726 185 27 indragningstid,
480 728 53 18 utan
549 726 112 20 ätskilnad
669 726 35 21 till
714 725 121 27 jordnatur
852 723 42 22 lik-

276 760 74 20 ställes
365 760 48 20 med
428 767 26 13 en
469 760 54 28 half
533 762 51 18 rote.

561 857 15 27 $
591 858 20 19 8.

346 897 46 20 För
406 896 75 27 hvarje
503 897 95 20 rusthäll
613 898 117 26 upprättas
745 903 26 14 en
787 895 59 22 tablå
861 895 35 27 öf-

277 937 35 14 ver
328 930 172 28 indragningens
511 930 114 28 fortgäng,
630 931 43 27 för
688 933 31 18 att
729 930 167 21 rusthällsinne-

277 965 107 27 hafvaren
400 965 119 20 tillställas.

345 999 39 20 Ett
399 999 154 28 sammandrag
569 999 30 28 af
610 999 63 21 dessa
692 999 83 21 tabläer
790 999 108 26 uppgöres

271 1033 43 28 för
336 1033 49 21 hela
406 1033 91 22 häradet
520 1034 35 20 till
577 1033 89 28 ledning
682 1033 44 28 för
740 1031 158 23 vederbörande

277 1067 169 28 uppbördsmän.

563 1165 16 27 $
594 1166 20 19 9.

347 1204 34 21 De
404 1205 8 20 i
428 1204 79 27 Kongl.
523 1204 143 28 kungörelsen
689 1204 41 21 den
752 1205 14 20 4
781 1203 47 27 maj
842 1204 58 20 1778

273 1238 125 27 faststälda
420 1238 93 28 afgifter
530 1238 45 27 för
605 1238 230 28 rusthällareombyten
862 1244 39 20 ega

278 1272 47 21 icke
341 1273 75 20 vidare
430 1279 60 18 rum;
505 1273 38 20 och
556 1273 35 20 det
606 1273 9 20 i
629 1273 16 26 $
658 1273 54 28 2af
725 1272 79 27 Kongl.
819 1271 83 21 resolu-

280 1307 74 20 tionen
365 1307 33 26 pä
414 1306 152 28 krigsbefälets
581 1306 75 21 besvär
671 1307 31 27 af
712 1304 41 23 den
764 1307 28 20 16
810 1305 92 21 Oktober

280 1342 60 20 1723
362 1341 105 27 stadgade
484 1340 87 28 förbud
586 1343 54 18 emot
650 1341 138 27 jörmedling
803 1339 30 28 af
843 1341 58 19 rust-

281 1375 47 21 håll
342 1375 86 27 upphör
443 1377 31 18 att
489 1381 54 14 vara
557 1375 111 27 gällande.

216 1505 150 18 Statsutskottets
378 1505 116 18 betänkande
507 1505 36 18 N:o
556 1505 17 17 6.
