<?xml version="1.0" encoding="UTF-8"?>
<alto xmlns="http://www.loc.gov/standards/alto/ns-v3#" xmlns:xlink="http://www.w3.org/1999/xlink" xmlns:xsi="http://www.w3.org/2001/XMLSchema-instance" xsi:schemaLocation="http://www.loc.gov/standards/alto/ns-v3# http://www.loc.gov/alto/v3/alto-3-0.xsd">
	<Description>
		<MeasurementUnit>pixel</MeasurementUnit>
		<sourceImageInformation>
			<fileName>/tmp/tess_c9mut1u__input.PNG</fileName>
		</sourceImageInformation>
		<OCRProcessing ID="OCR_0">
			<ocrProcessingStep>
				<processingSoftware>
					<softwareName>tesseract 5.3.4</softwareName>
				</processingSoftware>
			</ocrProcessingStep>
		</OCRProcessing>
	</Description>
	<Layout>
		<Page WIDTH="1078" HEIGHT="1692" PHYSICAL_IMG_NR="0" ID="page_0">
			<PrintSpace HPOS="0" VPOS="0" WIDTH="1078" HEIGHT="1692">
				<ComposedBlock ID="cblock_0" HPOS="320" VPOS="150" WIDTH="394" HEIGHT="29">
					<TextBlock ID="block_0" HPOS="320" VPOS="150" WIDTH="394" HEIGHT="29">
						<TextLine ID="line_0" HPOS="320" VPOS="150" WIDTH="394" HEIGHT="29">
							<String ID="string_0" HPOS="320" VPOS="151" WIDTH="34" HEIGHT="22" WC="0.92" CONTENT="U."/><SP WIDTH="19" VPOS="151" HPOS="354"/>
							<String ID="string_1" HPOS="373" VPOS="151" WIDTH="42" HEIGHT="23" WC="0.88" CONTENT="B."/><SP WIDTH="16" VPOS="151" HPOS="415"/>
							<String ID="string_2" HPOS="431" VPOS="162" WIDTH="29" HEIGHT="6" WC="0.89" CONTENT="—"/><SP WIDTH="15" VPOS="162" HPOS="460"/>
							<String ID="string_3" HPOS="475" VPOS="150" WIDTH="102" HEIGHT="29" WC="0.95" CONTENT="Prop."/><SP WIDTH="22" VPOS="150" HPOS="577"/>
							<String ID="string_4" HPOS="599" VPOS="150" WIDTH="59" HEIGHT="23" WC="0.96" CONTENT="N:o"/><SP WIDTH="22" VPOS="150" HPOS="658"/>
							<String ID="string_5" HPOS="680" VPOS="151" WIDTH="34" HEIGHT="22" WC="0.96" CONTENT="6."/>
						</TextLine>
					</TextBlock>
				</ComposedBlock>
				<ComposedBlock ID="cblock_1" HPOS="280" VPOS="486" WIDTH="616" HEIGHT="270">
					<TextBlock ID="block_1" HPOS="280" VPOS="486" WIDTH="616" HEIGHT="270">
						<TextLine ID="line_1" HPOS="348" VPOS="486" WIDTH="547" HEIGHT="30">
							<String ID="string_6" HPOS="348" VPOS="487" WIDTH="213" HEIGHT="24" WC="0.90" CONTENT="Statsutskottets"/><SP WIDTH="22" VPOS="487" HPOS="561"/>
							<String ID="string_7" HPOS="583" VPOS="487" WIDTH="93" HEIGHT="29" WC="0.96" CONTENT="förslag"/><SP WIDTH="22" VPOS="487" HPOS="676"/>
							<String ID="string_8" HPOS="698" VPOS="487" WIDTH="27" HEIGHT="23" WC="0.93" CONTENT="till"/><SP WIDTH="26" VPOS="487" HPOS="725"/>
							<String ID="string_9" HPOS="751" VPOS="486" WIDTH="144" HEIGHT="28" WC="0.91" CONTENT="sammanjomk-"/>
						</TextLine>
						<TextLine ID="line_2" HPOS="281" VPOS="520" WIDTH="614" HEIGHT="30">
							<String ID="string_10" HPOS="281" VPOS="522" WIDTH="41" HEIGHT="28" WC="0.96" CONTENT="ning"/><SP WIDTH="16" VPOS="522" HPOS="322"/>
							<String ID="string_11" HPOS="338" VPOS="522" WIDTH="20" HEIGHT="22" WC="0.92" CONTENT="af"/><SP WIDTH="21" VPOS="522" HPOS="358"/>
							<String ID="string_12" HPOS="379" VPOS="521" WIDTH="91" HEIGHT="24" WC="0.89" CONTENT="ständens"/><SP WIDTH="23" VPOS="521" HPOS="470"/>
							<String ID="string_13" HPOS="493" VPOS="522" WIDTH="108" HEIGHT="28" WC="0.95" CONTENT="skiljaktiga"/><SP WIDTH="22" VPOS="522" HPOS="601"/>
							<String ID="string_14" HPOS="623" VPOS="522" WIDTH="62" HEIGHT="23" WC="0.96" CONTENT="beslut"/><SP WIDTH="23" VPOS="522" HPOS="685"/>
							<String ID="string_15" HPOS="708" VPOS="521" WIDTH="82" HEIGHT="23" WC="0.93" CONTENT="rörande"/><SP WIDTH="19" VPOS="521" HPOS="790"/>
							<String ID="string_16" HPOS="809" VPOS="520" WIDTH="86" HEIGHT="24" WC="0.93" CONTENT="Statsut-"/>
						</TextLine>
						<TextLine ID="line_3" HPOS="280" VPOS="555" WIDTH="616" HEIGHT="29">
							<String ID="string_17" HPOS="280" VPOS="556" WIDTH="84" HEIGHT="23" WC="0.91" CONTENT="skottets"/><SP WIDTH="22" VPOS="556" HPOS="364"/>
							<String ID="string_18" HPOS="386" VPOS="556" WIDTH="116" HEIGHT="23" WC="0.94" CONTENT="betänkande"/><SP WIDTH="21" VPOS="556" HPOS="502"/>
							<String ID="string_19" HPOS="523" VPOS="556" WIDTH="32" HEIGHT="23" WC="0.41" CONTENT="N:o"/><SP WIDTH="16" VPOS="556" HPOS="555"/>
							<String ID="string_20" HPOS="571" VPOS="556" WIDTH="12" HEIGHT="23" WC="0.90" CONTENT="6"/><SP WIDTH="16" VPOS="556" HPOS="583"/>
							<String ID="string_21" HPOS="599" VPOS="556" WIDTH="4" HEIGHT="23" WC="0.96" CONTENT="i"/><SP WIDTH="17" VPOS="556" HPOS="603"/>
							<String ID="string_22" HPOS="620" VPOS="556" WIDTH="96" HEIGHT="28" WC="0.79" CONTENT="anledning"/><SP WIDTH="16" VPOS="556" HPOS="716"/>
							<String ID="string_23" HPOS="732" VPOS="556" WIDTH="20" HEIGHT="23" WC="0.93" CONTENT="af"/><SP WIDTH="15" VPOS="556" HPOS="752"/>
							<String ID="string_24" HPOS="767" VPOS="555" WIDTH="66" HEIGHT="29" WC="0.93" CONTENT="nådiga"/><SP WIDTH="16" VPOS="555" HPOS="833"/>
							<String ID="string_25" HPOS="849" VPOS="561" WIDTH="47" HEIGHT="22" WC="0.91" CONTENT="pro-"/>
						</TextLine>
						<TextLine ID="line_4" HPOS="281" VPOS="588" WIDTH="615" HEIGHT="31">
							<String ID="string_26" HPOS="281" VPOS="590" WIDTH="103" HEIGHT="28" WC="0.96" CONTENT="positionen"/><SP WIDTH="23" VPOS="590" HPOS="384"/>
							<String ID="string_27" HPOS="407" VPOS="596" WIDTH="28" HEIGHT="17" WC="0.92" CONTENT="om"/><SP WIDTH="24" VPOS="596" HPOS="435"/>
							<String ID="string_28" HPOS="459" VPOS="590" WIDTH="239" HEIGHT="29" WC="0.85" CONTENT="rustningsskyldighetens"/><SP WIDTH="20" VPOS="590" HPOS="698"/>
							<String ID="string_29" HPOS="718" VPOS="589" WIDTH="127" HEIGHT="29" WC="0.91" CONTENT="upphäfvande"/><SP WIDTH="16" VPOS="589" HPOS="845"/>
							<String ID="string_30" HPOS="861" VPOS="588" WIDTH="35" HEIGHT="24" WC="0.96" CONTENT="och"/>
						</TextLine>
						<TextLine ID="line_5" HPOS="280" VPOS="622" WIDTH="616" HEIGHT="30">
							<String ID="string_31" HPOS="280" VPOS="624" WIDTH="108" HEIGHT="28" WC="0.95" CONTENT="indragning"/><SP WIDTH="24" VPOS="624" HPOS="388"/>
							<String ID="string_32" HPOS="412" VPOS="624" WIDTH="19" HEIGHT="23" WC="0.96" CONTENT="af"/><SP WIDTH="14" VPOS="624" HPOS="431"/>
							<String ID="string_33" HPOS="445" VPOS="624" WIDTH="23" HEIGHT="24" WC="0.90" CONTENT="de"/><SP WIDTH="23" VPOS="624" HPOS="468"/>
							<String ID="string_34" HPOS="491" VPOS="624" WIDTH="104" HEIGHT="24" WC="0.90" CONTENT="rusthållen"/><SP WIDTH="25" VPOS="624" HPOS="595"/>
							<String ID="string_35" HPOS="620" VPOS="624" WIDTH="89" HEIGHT="23" WC="0.93" CONTENT="anvisade"/><SP WIDTH="23" VPOS="624" HPOS="709"/>
							<String ID="string_36" HPOS="732" VPOS="624" WIDTH="110" HEIGHT="28" WC="0.91" CONTENT="augments-"/><SP WIDTH="19" VPOS="624" HPOS="842"/>
							<String ID="string_37" HPOS="861" VPOS="622" WIDTH="35" HEIGHT="24" WC="0.96" CONTENT="och"/>
						</TextLine>
						<TextLine ID="line_6" HPOS="280" VPOS="656" WIDTH="616" HEIGHT="32">
							<String ID="string_38" HPOS="280" VPOS="658" WIDTH="61" HEIGHT="29" WC="0.96" CONTENT="öfriga"/><SP WIDTH="15" VPOS="658" HPOS="341"/>
							<String ID="string_39" HPOS="356" VPOS="660" WIDTH="66" HEIGHT="22" WC="0.96" CONTENT="räntor"/><SP WIDTH="15" VPOS="660" HPOS="422"/>
							<String ID="string_40" HPOS="437" VPOS="660" WIDTH="50" HEIGHT="22" WC="0.93" CONTENT="samt"/><SP WIDTH="15" VPOS="660" HPOS="487"/>
							<String ID="string_41" HPOS="502" VPOS="659" WIDTH="136" HEIGHT="29" WC="0.92" CONTENT="eftergifvande"/><SP WIDTH="16" VPOS="659" HPOS="638"/>
							<String ID="string_42" HPOS="654" VPOS="658" WIDTH="20" HEIGHT="24" WC="0.96" CONTENT="af"/><SP WIDTH="17" VPOS="658" HPOS="674"/>
							<String ID="string_43" HPOS="691" VPOS="659" WIDTH="23" HEIGHT="23" WC="0.96" CONTENT="de"/><SP WIDTH="15" VPOS="659" HPOS="714"/>
							<String ID="string_44" HPOS="729" VPOS="658" WIDTH="42" HEIGHT="23" WC="0.93" CONTENT="från"/><SP WIDTH="16" VPOS="658" HPOS="771"/>
							<String ID="string_45" HPOS="787" VPOS="656" WIDTH="109" HEIGHT="26" WC="0.91" CONTENT="rusthållen,"/>
						</TextLine>
						<TextLine ID="line_7" HPOS="281" VPOS="692" WIDTH="615" HEIGHT="29">
							<String ID="string_46" HPOS="281" VPOS="693" WIDTH="89" HEIGHT="23" WC="0.95" CONTENT="roterade"/><SP WIDTH="23" VPOS="693" HPOS="370"/>
							<String ID="string_47" HPOS="393" VPOS="693" WIDTH="83" HEIGHT="23" WC="0.96" CONTENT="hemman"/><SP WIDTH="23" VPOS="693" HPOS="476"/>
							<String ID="string_48" HPOS="499" VPOS="693" WIDTH="35" HEIGHT="23" WC="0.96" CONTENT="och"/><SP WIDTH="16" VPOS="693" HPOS="534"/>
							<String ID="string_49" HPOS="550" VPOS="692" WIDTH="136" HEIGHT="24" WC="0.96" CONTENT="båtsmanshåll"/><SP WIDTH="20" VPOS="692" HPOS="686"/>
							<String ID="string_50" HPOS="706" VPOS="692" WIDTH="92" HEIGHT="29" WC="0.93" CONTENT="utgående"/><SP WIDTH="15" VPOS="692" HPOS="798"/>
							<String ID="string_51" HPOS="813" VPOS="692" WIDTH="83" HEIGHT="23" WC="0.92" CONTENT="vakans-"/>
						</TextLine>
						<TextLine ID="line_8" HPOS="281" VPOS="727" WIDTH="83" HEIGHT="29">
							<String ID="string_52" HPOS="281" VPOS="727" WIDTH="83" HEIGHT="29" WC="0.91" CONTENT="afgifter."/>
						</TextLine>
					</TextBlock>
				</ComposedBlock>
				<ComposedBlock ID="cblock_2" HPOS="145" VPOS="788" WIDTH="757" HEIGHT="737">
					<TextBlock ID="block_2" HPOS="145" VPOS="788" WIDTH="753" HEIGHT="95">
						<TextLine ID="line_9" HPOS="213" VPOS="788" WIDTH="685" HEIGHT="28">
							<String ID="string_53" HPOS="213" VPOS="790" WIDTH="40" HEIGHT="21" WC="0.96" CONTENT="Vid"/><SP WIDTH="23" VPOS="790" HPOS="253"/>
							<String ID="string_54" HPOS="276" VPOS="789" WIDTH="185" HEIGHT="27" WC="0.95" CONTENT="handläggningen"/><SP WIDTH="15" VPOS="789" HPOS="461"/>
							<String ID="string_55" HPOS="476" VPOS="790" WIDTH="23" HEIGHT="21" WC="0.93" CONTENT="af"/><SP WIDTH="14" VPOS="790" HPOS="499"/>
							<String ID="string_56" HPOS="513" VPOS="790" WIDTH="157" HEIGHT="21" WC="0.91" CONTENT="ofvannämnda"/><SP WIDTH="15" VPOS="790" HPOS="670"/>
							<String ID="string_57" HPOS="685" VPOS="789" WIDTH="134" HEIGHT="22" WC="0.96" CONTENT="betänkande"/><SP WIDTH="15" VPOS="789" HPOS="819"/>
							<String ID="string_58" HPOS="834" VPOS="788" WIDTH="64" HEIGHT="21" WC="0.96" CONTENT="hafva"/>
						</TextLine>
						<TextLine ID="line_10" HPOS="145" VPOS="822" WIDTH="752" HEIGHT="28">
							<String ID="string_59" HPOS="145" VPOS="823" WIDTH="96" HEIGHT="26" WC="0.95" CONTENT="stånden,"/><SP WIDTH="23" VPOS="823" HPOS="241"/>
							<String ID="string_60" HPOS="264" VPOS="824" WIDTH="65" HEIGHT="25" WC="0.96" CONTENT="enligt"/><SP WIDTH="15" VPOS="824" HPOS="329"/>
							<String ID="string_61" HPOS="344" VPOS="824" WIDTH="101" HEIGHT="20" WC="0.92" CONTENT="inkomna"/><SP WIDTH="22" VPOS="824" HPOS="445"/>
							<String ID="string_62" HPOS="467" VPOS="824" WIDTH="205" HEIGHT="26" WC="0.91" CONTENT="protokollsutdrag,"/><SP WIDTH="16" VPOS="824" HPOS="672"/>
							<String ID="string_63" HPOS="688" VPOS="825" WIDTH="86" HEIGHT="20" WC="0.95" CONTENT="stannat"/><SP WIDTH="14" VPOS="825" HPOS="774"/>
							<String ID="string_64" HPOS="788" VPOS="823" WIDTH="8" HEIGHT="20" WC="0.93" CONTENT="i"/><SP WIDTH="15" VPOS="823" HPOS="796"/>
							<String ID="string_65" HPOS="811" VPOS="822" WIDTH="86" HEIGHT="27" WC="0.92" CONTENT="skiljak-"/>
						</TextLine>
						<TextLine ID="line_11" HPOS="145" VPOS="857" WIDTH="210" HEIGHT="26">
							<String ID="string_66" HPOS="145" VPOS="857" WIDTH="44" HEIGHT="26" WC="0.95" CONTENT="tiga"/><SP WIDTH="15" VPOS="857" HPOS="189"/>
							<String ID="string_67" HPOS="204" VPOS="857" WIDTH="76" HEIGHT="26" WC="0.95" CONTENT="beslut,"/><SP WIDTH="16" VPOS="857" HPOS="280"/>
							<String ID="string_68" HPOS="296" VPOS="857" WIDTH="7" HEIGHT="20" WC="0.96" CONTENT="i"/><SP WIDTH="16" VPOS="857" HPOS="303"/>
							<String ID="string_69" HPOS="319" VPOS="857" WIDTH="36" HEIGHT="21" WC="0.96" CONTENT="det"/>
						</TextLine>
					</TextBlock>
					<TextBlock ID="block_3" HPOS="145" VPOS="890" WIDTH="755" HEIGHT="301">
						<TextLine ID="line_12" HPOS="214" VPOS="890" WIDTH="684" HEIGHT="28">
							<String ID="string_70" HPOS="214" VPOS="891" WIDTH="160" HEIGHT="27" WC="0.92" CONTENT="Ridderskapet"/><SP WIDTH="22" VPOS="891" HPOS="374"/>
							<String ID="string_71" HPOS="396" VPOS="892" WIDTH="38" HEIGHT="20" WC="0.92" CONTENT="och"/><SP WIDTH="23" VPOS="892" HPOS="434"/>
							<String ID="string_72" HPOS="457" VPOS="891" WIDTH="72" HEIGHT="21" WC="0.90" CONTENT="Adeln"/><SP WIDTH="22" VPOS="891" HPOS="529"/>
							<String ID="string_73" HPOS="551" VPOS="892" WIDTH="55" HEIGHT="21" WC="0.93" CONTENT="först"/><SP WIDTH="15" VPOS="892" HPOS="606"/>
							<String ID="string_74" HPOS="621" VPOS="892" WIDTH="88" HEIGHT="21" WC="0.91" CONTENT="beslutit"/><SP WIDTH="19" VPOS="892" HPOS="709"/>
							<String ID="string_75" HPOS="728" VPOS="893" WIDTH="39" HEIGHT="25" WC="0.96" CONTENT="att,"/><SP WIDTH="15" VPOS="893" HPOS="767"/>
							<String ID="string_76" HPOS="782" VPOS="891" WIDTH="49" HEIGHT="21" WC="0.92" CONTENT="med"/><SP WIDTH="16" VPOS="891" HPOS="831"/>
							<String ID="string_77" HPOS="847" VPOS="890" WIDTH="51" HEIGHT="27" WC="0.90" CONTENT="ogil-"/>
						</TextLine>
						<TextLine ID="line_13" HPOS="145" VPOS="925" WIDTH="753" HEIGHT="28">
							<String ID="string_78" HPOS="145" VPOS="925" WIDTH="63" HEIGHT="21" WC="0.96" CONTENT="lande"/><SP WIDTH="16" VPOS="925" HPOS="208"/>
							<String ID="string_79" HPOS="224" VPOS="925" WIDTH="22" HEIGHT="21" WC="0.96" CONTENT="af"/><SP WIDTH="14" VPOS="925" HPOS="246"/>
							<String ID="string_80" HPOS="260" VPOS="925" WIDTH="122" HEIGHT="21" WC="0.96" CONTENT="Utskottets"/><SP WIDTH="16" VPOS="925" HPOS="382"/>
							<String ID="string_81" HPOS="398" VPOS="925" WIDTH="76" HEIGHT="27" WC="0.96" CONTENT="åtgärd"/><SP WIDTH="15" VPOS="925" HPOS="474"/>
							<String ID="string_82" HPOS="489" VPOS="927" WIDTH="32" HEIGHT="19" WC="0.96" CONTENT="att"/><SP WIDTH="16" VPOS="927" HPOS="521"/>
							<String ID="string_83" HPOS="537" VPOS="926" WIDTH="100" HEIGHT="27" WC="0.96" CONTENT="särskilja"/><SP WIDTH="14" VPOS="926" HPOS="637"/>
							<String ID="string_84" HPOS="651" VPOS="925" WIDTH="75" HEIGHT="28" WC="0.96" CONTENT="frågan"/><SP WIDTH="11" VPOS="925" HPOS="726"/>
							<String ID="string_85" HPOS="737" VPOS="932" WIDTH="35" HEIGHT="15" WC="0.93" CONTENT="om"/><SP WIDTH="10" VPOS="932" HPOS="772"/>
							<String ID="string_86" HPOS="782" VPOS="925" WIDTH="116" HEIGHT="25" WC="0.91" CONTENT="rustnings-"/>
						</TextLine>
						<TextLine ID="line_14" HPOS="145" VPOS="958" WIDTH="753" HEIGHT="29">
							<String ID="string_87" HPOS="145" VPOS="959" WIDTH="157" HEIGHT="27" WC="0.92" CONTENT="skyldighetens"/><SP WIDTH="16" VPOS="959" HPOS="302"/>
							<String ID="string_88" HPOS="318" VPOS="959" WIDTH="155" HEIGHT="27" WC="0.91" CONTENT="upphäfvande,"/><SP WIDTH="16" VPOS="959" HPOS="473"/>
							<String ID="string_89" HPOS="489" VPOS="960" WIDTH="223" HEIGHT="27" WC="0.91" CONTENT="rustningsräntornas"/><SP WIDTH="10" VPOS="960" HPOS="712"/>
							<String ID="string_90" HPOS="722" VPOS="959" WIDTH="126" HEIGHT="27" WC="0.96" CONTENT="indragning"/><SP WIDTH="11" VPOS="959" HPOS="848"/>
							<String ID="string_91" HPOS="859" VPOS="958" WIDTH="39" HEIGHT="21" WC="0.96" CONTENT="och"/>
						</TextLine>
						<TextLine ID="line_15" HPOS="145" VPOS="993" WIDTH="753" HEIGHT="28">
							<String ID="string_92" HPOS="145" VPOS="993" WIDTH="221" HEIGHT="22" WC="0.90" CONTENT="rusthållsvakansens"/><SP WIDTH="22" VPOS="993" HPOS="366"/>
							<String ID="string_93" HPOS="388" VPOS="994" WIDTH="153" HEIGHT="26" WC="0.89" CONTENT="eftergifvande"/><SP WIDTH="22" VPOS="994" HPOS="541"/>
							<String ID="string_94" HPOS="563" VPOS="993" WIDTH="47" HEIGHT="22" WC="0.96" CONTENT="från"/><SP WIDTH="15" VPOS="993" HPOS="610"/>
							<String ID="string_95" HPOS="625" VPOS="994" WIDTH="75" HEIGHT="27" WC="0.96" CONTENT="frågan"/><SP WIDTH="23" VPOS="994" HPOS="700"/>
							<String ID="string_96" HPOS="723" VPOS="1000" WIDTH="34" HEIGHT="15" WC="0.93" CONTENT="om"/><SP WIDTH="16" VPOS="1000" HPOS="757"/>
							<String ID="string_97" HPOS="773" VPOS="993" WIDTH="125" HEIGHT="22" WC="0.92" CONTENT="rotevakan-"/>
						</TextLine>
						<TextLine ID="line_16" HPOS="146" VPOS="1026" WIDTH="753" HEIGHT="28">
							<String ID="string_98" HPOS="146" VPOS="1033" WIDTH="47" HEIGHT="15" WC="0.93" CONTENT="sens"/><SP WIDTH="16" VPOS="1033" HPOS="193"/>
							<String ID="string_99" HPOS="209" VPOS="1027" WIDTH="120" HEIGHT="27" WC="0.91" CONTENT="aflyftande,"/><SP WIDTH="17" VPOS="1027" HPOS="329"/>
							<String ID="string_100" HPOS="346" VPOS="1027" WIDTH="157" HEIGHT="22" WC="0.95" CONTENT="återremittera"/><SP WIDTH="16" VPOS="1027" HPOS="503"/>
							<String ID="string_101" HPOS="519" VPOS="1028" WIDTH="89" HEIGHT="21" WC="0.96" CONTENT="ärendet"/><SP WIDTH="10" VPOS="1028" HPOS="608"/>
							<String ID="string_102" HPOS="618" VPOS="1028" WIDTH="33" HEIGHT="21" WC="0.96" CONTENT="till"/><SP WIDTH="11" VPOS="1028" HPOS="651"/>
							<String ID="string_103" HPOS="662" VPOS="1028" WIDTH="111" HEIGHT="21" WC="0.96" CONTENT="Utskottet"/><SP WIDTH="10" VPOS="1028" HPOS="773"/>
							<String ID="string_104" HPOS="783" VPOS="1027" WIDTH="6" HEIGHT="21" WC="0.96" CONTENT="i"/><SP WIDTH="10" VPOS="1027" HPOS="789"/>
							<String ID="string_105" HPOS="799" VPOS="1026" WIDTH="100" HEIGHT="22" WC="0.96" CONTENT="afseende"/>
						</TextLine>
						<TextLine ID="line_17" HPOS="146" VPOS="1061" WIDTH="753" HEIGHT="27">
							<String ID="string_106" HPOS="146" VPOS="1061" WIDTH="13" HEIGHT="21" WC="0.92" CONTENT="å"/><SP WIDTH="14" VPOS="1061" HPOS="159"/>
							<String ID="string_107" HPOS="173" VPOS="1061" WIDTH="56" HEIGHT="22" WC="0.96" CONTENT="båda"/><SP WIDTH="22" VPOS="1061" HPOS="229"/>
							<String ID="string_108" HPOS="251" VPOS="1061" WIDTH="62" HEIGHT="22" WC="0.93" CONTENT="dessa"/><SP WIDTH="21" VPOS="1061" HPOS="313"/>
							<String ID="string_109" HPOS="334" VPOS="1061" WIDTH="83" HEIGHT="27" WC="0.92" CONTENT="frågors"/><SP WIDTH="22" VPOS="1061" HPOS="417"/>
							<String ID="string_110" HPOS="439" VPOS="1061" WIDTH="149" HEIGHT="22" WC="0.96" CONTENT="behandlande"/><SP WIDTH="16" VPOS="1061" HPOS="588"/>
							<String ID="string_111" HPOS="604" VPOS="1062" WIDTH="7" HEIGHT="21" WC="0.96" CONTENT="i"/><SP WIDTH="16" VPOS="1062" HPOS="611"/>
							<String ID="string_112" HPOS="627" VPOS="1063" WIDTH="31" HEIGHT="20" WC="0.96" CONTENT="ett"/><SP WIDTH="15" VPOS="1063" HPOS="658"/>
							<String ID="string_113" HPOS="673" VPOS="1061" WIDTH="162" HEIGHT="26" WC="0.95" CONTENT="sammanhang;"/><SP WIDTH="16" VPOS="1061" HPOS="835"/>
							<String ID="string_114" HPOS="851" VPOS="1066" WIDTH="48" HEIGHT="15" WC="0.96" CONTENT="men"/>
						</TextLine>
						<TextLine ID="line_18" HPOS="146" VPOS="1094" WIDTH="754" HEIGHT="29">
							<String ID="string_115" HPOS="146" VPOS="1095" WIDTH="127" HEIGHT="26" WC="0.95" CONTENT="sedermera,"/><SP WIDTH="15" VPOS="1095" HPOS="273"/>
							<String ID="string_116" HPOS="288" VPOS="1095" WIDTH="28" HEIGHT="27" WC="0.96" CONTENT="på"/><SP WIDTH="14" VPOS="1095" HPOS="316"/>
							<String ID="string_117" HPOS="330" VPOS="1096" WIDTH="130" HEIGHT="27" WC="0.95" CONTENT="uppmaning"/><SP WIDTH="21" VPOS="1096" HPOS="460"/>
							<String ID="string_118" HPOS="481" VPOS="1096" WIDTH="24" HEIGHT="21" WC="0.96" CONTENT="af"/><SP WIDTH="19" VPOS="1096" HPOS="505"/>
							<String ID="string_119" HPOS="524" VPOS="1096" WIDTH="113" HEIGHT="21" WC="0.96" CONTENT="Utskottet"/><SP WIDTH="15" VPOS="1096" HPOS="637"/>
							<String ID="string_120" HPOS="652" VPOS="1098" WIDTH="38" HEIGHT="23" WC="0.96" CONTENT="att,"/><SP WIDTH="16" VPOS="1098" HPOS="690"/>
							<String ID="string_121" HPOS="706" VPOS="1097" WIDTH="7" HEIGHT="20" WC="0.96" CONTENT="i"/><SP WIDTH="15" VPOS="1097" HPOS="713"/>
							<String ID="string_122" HPOS="728" VPOS="1096" WIDTH="68" HEIGHT="21" WC="0.96" CONTENT="likhet"/><SP WIDTH="14" VPOS="1096" HPOS="796"/>
							<String ID="string_123" HPOS="810" VPOS="1094" WIDTH="48" HEIGHT="21" WC="0.96" CONTENT="med"/><SP WIDTH="16" VPOS="1094" HPOS="858"/>
							<String ID="string_124" HPOS="874" VPOS="1094" WIDTH="26" HEIGHT="21" WC="0.96" CONTENT="de"/>
						</TextLine>
						<TextLine ID="line_19" HPOS="147" VPOS="1128" WIDTH="752" HEIGHT="28">
							<String ID="string_125" HPOS="147" VPOS="1129" WIDTH="66" HEIGHT="27" WC="0.96" CONTENT="öfriga"/><SP WIDTH="15" VPOS="1129" HPOS="213"/>
							<String ID="string_126" HPOS="228" VPOS="1129" WIDTH="96" HEIGHT="26" WC="0.96" CONTENT="stånden,"/><SP WIDTH="8" VPOS="1129" HPOS="324"/>
							<String ID="string_127" HPOS="332" VPOS="1131" WIDTH="58" HEIGHT="25" WC="0.96" CONTENT="yttra"/><SP WIDTH="16" VPOS="1131" HPOS="390"/>
							<String ID="string_128" HPOS="406" VPOS="1130" WIDTH="31" HEIGHT="26" WC="0.96" CONTENT="sig"/><SP WIDTH="15" VPOS="1130" HPOS="437"/>
							<String ID="string_129" HPOS="452" VPOS="1130" WIDTH="7" HEIGHT="21" WC="0.93" CONTENT="i"/><SP WIDTH="15" VPOS="1130" HPOS="459"/>
							<String ID="string_130" HPOS="474" VPOS="1130" WIDTH="155" HEIGHT="26" WC="0.91" CONTENT="hufvudsaken,"/><SP WIDTH="16" VPOS="1130" HPOS="629"/>
							<String ID="string_131" HPOS="645" VPOS="1130" WIDTH="88" HEIGHT="21" WC="0.92" CONTENT="beslutit"/><SP WIDTH="15" VPOS="1130" HPOS="733"/>
							<String ID="string_132" HPOS="748" VPOS="1131" WIDTH="33" HEIGHT="20" WC="0.96" CONTENT="att"/><SP WIDTH="16" VPOS="1131" HPOS="781"/>
							<String ID="string_133" HPOS="797" VPOS="1128" WIDTH="44" HEIGHT="22" WC="0.92" CONTENT="låta"/><SP WIDTH="16" VPOS="1128" HPOS="841"/>
							<String ID="string_134" HPOS="857" VPOS="1128" WIDTH="42" HEIGHT="21" WC="0.91" CONTENT="frå-"/>
						</TextLine>
						<TextLine ID="line_20" HPOS="145" VPOS="1163" WIDTH="551" HEIGHT="28">
							<String ID="string_135" HPOS="145" VPOS="1169" WIDTH="42" HEIGHT="20" WC="0.91" CONTENT="gan"/><SP WIDTH="14" VPOS="1169" HPOS="187"/>
							<String ID="string_136" HPOS="201" VPOS="1163" WIDTH="33" HEIGHT="22" WC="0.96" CONTENT="för"/><SP WIDTH="16" VPOS="1163" HPOS="234"/>
							<String ID="string_137" HPOS="250" VPOS="1163" WIDTH="68" HEIGHT="22" WC="0.96" CONTENT="denna"/><SP WIDTH="14" VPOS="1163" HPOS="318"/>
							<String ID="string_138" HPOS="332" VPOS="1163" WIDTH="56" HEIGHT="28" WC="0.96" CONTENT="gång"/><SP WIDTH="15" VPOS="1163" HPOS="388"/>
							<String ID="string_139" HPOS="403" VPOS="1164" WIDTH="44" HEIGHT="21" WC="0.96" CONTENT="helt"/><SP WIDTH="16" VPOS="1164" HPOS="447"/>
							<String ID="string_140" HPOS="463" VPOS="1164" WIDTH="40" HEIGHT="21" WC="0.96" CONTENT="och"/><SP WIDTH="15" VPOS="1164" HPOS="503"/>
							<String ID="string_141" HPOS="518" VPOS="1163" WIDTH="67" HEIGHT="22" WC="0.96" CONTENT="hållet"/><SP WIDTH="15" VPOS="1163" HPOS="585"/>
							<String ID="string_142" HPOS="600" VPOS="1164" WIDTH="96" HEIGHT="25" WC="0.91" CONTENT="förfalla;"/>
						</TextLine>
					</TextBlock>
					<TextBlock ID="block_4" HPOS="146" VPOS="1196" WIDTH="754" HEIGHT="199">
						<TextLine ID="line_21" HPOS="214" VPOS="1196" WIDTH="685" HEIGHT="28">
							<String ID="string_143" HPOS="214" VPOS="1197" WIDTH="162" HEIGHT="21" WC="0.89" CONTENT="Presteståndet"/><SP WIDTH="14" VPOS="1197" HPOS="376"/>
							<String ID="string_144" HPOS="390" VPOS="1198" WIDTH="95" HEIGHT="26" WC="0.95" CONTENT="godkänt"/><SP WIDTH="16" VPOS="1198" HPOS="485"/>
							<String ID="string_145" HPOS="501" VPOS="1198" WIDTH="36" HEIGHT="21" WC="0.96" CONTENT="det"/><SP WIDTH="15" VPOS="1198" HPOS="537"/>
							<String ID="string_146" HPOS="552" VPOS="1198" WIDTH="23" HEIGHT="21" WC="0.96" CONTENT="af"/><SP WIDTH="13" VPOS="1198" HPOS="575"/>
							<String ID="string_147" HPOS="588" VPOS="1197" WIDTH="112" HEIGHT="22" WC="0.93" CONTENT="Utskottet"/><SP WIDTH="15" VPOS="1197" HPOS="700"/>
							<String ID="string_148" HPOS="715" VPOS="1196" WIDTH="126" HEIGHT="23" WC="0.92" CONTENT="framstälda"/><SP WIDTH="15" VPOS="1196" HPOS="841"/>
							<String ID="string_149" HPOS="856" VPOS="1196" WIDTH="43" HEIGHT="21" WC="0.93" CONTENT="för-"/>
						</TextLine>
						<TextLine ID="line_22" HPOS="146" VPOS="1230" WIDTH="753" HEIGHT="28">
							<String ID="string_150" HPOS="146" VPOS="1231" WIDTH="45" HEIGHT="26" WC="0.96" CONTENT="slag"/><SP WIDTH="23" VPOS="1231" HPOS="191"/>
							<String ID="string_151" HPOS="214" VPOS="1231" WIDTH="32" HEIGHT="21" WC="0.96" CONTENT="till"/><SP WIDTH="21" VPOS="1231" HPOS="246"/>
							<String ID="string_152" HPOS="267" VPOS="1231" WIDTH="124" HEIGHT="27" WC="0.96" CONTENT="förordning"/><SP WIDTH="15" VPOS="1231" HPOS="391"/>
							<String ID="string_153" HPOS="406" VPOS="1232" WIDTH="7" HEIGHT="21" WC="0.96" CONTENT="i"/><SP WIDTH="15" VPOS="1232" HPOS="413"/>
							<String ID="string_154" HPOS="428" VPOS="1233" WIDTH="78" HEIGHT="24" WC="0.96" CONTENT="ämnet,"/><SP WIDTH="23" VPOS="1233" HPOS="506"/>
							<String ID="string_155" HPOS="529" VPOS="1232" WIDTH="112" HEIGHT="21" WC="0.95" CONTENT="hvaremot"/><SP WIDTH="20" VPOS="1232" HPOS="641"/>
							<String ID="string_156" HPOS="661" VPOS="1231" WIDTH="91" HEIGHT="26" WC="0.95" CONTENT="ståndet,"/><SP WIDTH="16" VPOS="1231" HPOS="752"/>
							<String ID="string_157" HPOS="768" VPOS="1230" WIDTH="131" HEIGHT="22" WC="0.96" CONTENT="beträffande"/>
						</TextLine>
						<TextLine ID="line_23" HPOS="146" VPOS="1265" WIDTH="754" HEIGHT="28">
							<String ID="string_158" HPOS="146" VPOS="1265" WIDTH="166" HEIGHT="21" WC="0.92" CONTENT="rotevakansens"/><SP WIDTH="15" VPOS="1265" HPOS="312"/>
							<String ID="string_159" HPOS="327" VPOS="1265" WIDTH="160" HEIGHT="27" WC="0.91" CONTENT="eftergifvande,"/><SP WIDTH="8" VPOS="1265" HPOS="487"/>
							<String ID="string_160" HPOS="495" VPOS="1265" WIDTH="90" HEIGHT="22" WC="0.96" CONTENT="anslutit"/><SP WIDTH="11" VPOS="1265" HPOS="585"/>
							<String ID="string_161" HPOS="596" VPOS="1266" WIDTH="31" HEIGHT="27" WC="0.96" CONTENT="sig"/><SP WIDTH="12" VPOS="1266" HPOS="627"/>
							<String ID="string_162" HPOS="639" VPOS="1266" WIDTH="31" HEIGHT="21" WC="0.96" CONTENT="till"/><SP WIDTH="10" VPOS="1266" HPOS="670"/>
							<String ID="string_163" HPOS="680" VPOS="1265" WIDTH="90" HEIGHT="22" WC="0.95" CONTENT="friherre"/><SP WIDTH="10" VPOS="1265" HPOS="770"/>
							<String ID="string_164" HPOS="780" VPOS="1271" WIDTH="41" HEIGHT="15" WC="0.93" CONTENT="von"/><SP WIDTH="10" VPOS="1271" HPOS="821"/>
							<String ID="string_165" HPOS="831" VPOS="1265" WIDTH="69" HEIGHT="20" WC="0.91" CONTENT="Borns"/>
						</TextLine>
						<TextLine ID="line_24" HPOS="146" VPOS="1298" WIDTH="754" HEIGHT="31">
							<String ID="string_166" HPOS="146" VPOS="1299" WIDTH="7" HEIGHT="20" WC="0.96" CONTENT="i"/><SP WIDTH="15" VPOS="1299" HPOS="153"/>
							<String ID="string_167" HPOS="168" VPOS="1299" WIDTH="53" HEIGHT="21" WC="0.95" CONTENT="hans"/><SP WIDTH="21" VPOS="1299" HPOS="221"/>
							<String ID="string_168" HPOS="242" VPOS="1299" WIDTH="146" HEIGHT="22" WC="0.93" CONTENT="betänkandet"/><SP WIDTH="21" VPOS="1299" HPOS="388"/>
							<String ID="string_169" HPOS="409" VPOS="1299" WIDTH="112" HEIGHT="30" WC="0.92" CONTENT="vidfogade"/><SP WIDTH="16" VPOS="1299" HPOS="521"/>
							<String ID="string_170" HPOS="537" VPOS="1300" WIDTH="132" HEIGHT="21" WC="0.96" CONTENT="reservation"/><SP WIDTH="14" VPOS="1300" HPOS="669"/>
							<String ID="string_171" HPOS="683" VPOS="1299" WIDTH="122" HEIGHT="27" WC="0.93" CONTENT="föreslagna"/><SP WIDTH="15" VPOS="1299" HPOS="805"/>
							<String ID="string_172" HPOS="820" VPOS="1298" WIDTH="80" HEIGHT="21" WC="0.92" CONTENT="resolu-"/>
						</TextLine>
						<TextLine ID="line_25" HPOS="146" VPOS="1332" WIDTH="754" HEIGHT="28">
							<String ID="string_173" HPOS="146" VPOS="1333" WIDTH="51" HEIGHT="26" WC="0.96" CONTENT="tion,"/><SP WIDTH="16" VPOS="1333" HPOS="197"/>
							<String ID="string_174" HPOS="213" VPOS="1333" WIDTH="85" HEIGHT="21" WC="0.96" CONTENT="hvilken"/><SP WIDTH="14" VPOS="1333" HPOS="298"/>
							<String ID="string_175" HPOS="312" VPOS="1333" WIDTH="24" HEIGHT="21" WC="0.96" CONTENT="af"/><SP WIDTH="13" VPOS="1333" HPOS="336"/>
							<String ID="string_176" HPOS="349" VPOS="1333" WIDTH="85" HEIGHT="22" WC="0.96" CONTENT="ståndet"/><SP WIDTH="15" VPOS="1333" HPOS="434"/>
							<String ID="string_177" HPOS="449" VPOS="1334" WIDTH="94" HEIGHT="26" WC="0.96" CONTENT="antagits"/><SP WIDTH="16" VPOS="1334" HPOS="543"/>
							<String ID="string_178" HPOS="559" VPOS="1334" WIDTH="48" HEIGHT="21" WC="0.96" CONTENT="med"/><SP WIDTH="16" VPOS="1334" HPOS="607"/>
							<String ID="string_179" HPOS="623" VPOS="1333" WIDTH="66" HEIGHT="22" WC="0.93" CONTENT="sådan"/><SP WIDTH="15" VPOS="1333" HPOS="689"/>
							<String ID="string_180" HPOS="704" VPOS="1332" WIDTH="196" HEIGHT="23" WC="0.91" CONTENT="redaktionsförän-"/>
						</TextLine>
						<TextLine ID="line_26" HPOS="147" VPOS="1367" WIDTH="474" HEIGHT="28">
							<String ID="string_181" HPOS="147" VPOS="1367" WIDTH="61" HEIGHT="26" WC="0.92" CONTENT="dring"/><SP WIDTH="14" VPOS="1367" HPOS="208"/>
							<String ID="string_182" HPOS="222" VPOS="1368" WIDTH="33" HEIGHT="20" WC="0.96" CONTENT="att"/><SP WIDTH="15" VPOS="1368" HPOS="255"/>
							<String ID="string_183" HPOS="270" VPOS="1367" WIDTH="41" HEIGHT="21" WC="0.93" CONTENT="den"/><SP WIDTH="15" VPOS="1367" HPOS="311"/>
							<String ID="string_184" HPOS="326" VPOS="1367" WIDTH="81" HEIGHT="22" WC="0.91" CONTENT="erhölle"/><SP WIDTH="15" VPOS="1367" HPOS="407"/>
							<String ID="string_185" HPOS="422" VPOS="1367" WIDTH="93" HEIGHT="27" WC="0.96" CONTENT="följande"/><SP WIDTH="15" VPOS="1367" HPOS="515"/>
							<String ID="string_186" HPOS="530" VPOS="1368" WIDTH="91" HEIGHT="27" WC="0.96" CONTENT="lydelse:"/>
						</TextLine>
					</TextBlock>
					<TextBlock ID="block_5" HPOS="146" VPOS="1399" WIDTH="756" HEIGHT="97">
						<TextLine ID="line_27" HPOS="215" VPOS="1399" WIDTH="686" HEIGHT="30">
							<String ID="string_187" HPOS="215" VPOS="1403" WIDTH="42" HEIGHT="25" WC="0.52" CONTENT="yt"/><SP WIDTH="17" VPOS="1403" HPOS="257"/>
							<String ID="string_188" HPOS="274" VPOS="1401" WIDTH="58" HEIGHT="27" WC="0.96" CONTENT="från"/><SP WIDTH="23" VPOS="1401" HPOS="332"/>
							<String ID="string_189" HPOS="355" VPOS="1401" WIDTH="38" HEIGHT="20" WC="0.92" CONTENT="och"/><SP WIDTH="19" VPOS="1401" HPOS="393"/>
							<String ID="string_190" HPOS="412" VPOS="1403" WIDTH="40" HEIGHT="25" WC="0.92" CONTENT="jör"/><SP WIDTH="23" VPOS="1403" HPOS="452"/>
							<String ID="string_191" HPOS="475" VPOS="1403" WIDTH="58" HEIGHT="19" WC="0.95" CONTENT="1889"/><SP WIDTH="16" VPOS="1403" HPOS="533"/>
							<String ID="string_192" HPOS="549" VPOS="1402" WIDTH="52" HEIGHT="20" WC="0.95" CONTENT="eller"/><SP WIDTH="23" VPOS="1402" HPOS="601"/>
							<String ID="string_193" HPOS="624" VPOS="1402" WIDTH="159" HEIGHT="27" WC="0.96" CONTENT="dessförinnan"/><SP WIDTH="16" VPOS="1402" HPOS="783"/>
							<String ID="string_194" HPOS="799" VPOS="1399" WIDTH="102" HEIGHT="28" WC="0.96" CONTENT="samtliga"/>
						</TextLine>
						<TextLine ID="line_28" HPOS="146" VPOS="1433" WIDTH="756" HEIGHT="30">
							<String ID="string_195" HPOS="146" VPOS="1435" WIDTH="98" HEIGHT="20" WC="0.96" CONTENT="roterade"/><SP WIDTH="22" VPOS="1435" HPOS="244"/>
							<String ID="string_196" HPOS="266" VPOS="1435" WIDTH="99" HEIGHT="20" WC="0.96" CONTENT="hemman"/><SP WIDTH="21" VPOS="1435" HPOS="365"/>
							<String ID="string_197" HPOS="386" VPOS="1435" WIDTH="38" HEIGHT="21" WC="0.96" CONTENT="och"/><SP WIDTH="16" VPOS="1435" HPOS="424"/>
							<String ID="string_198" HPOS="440" VPOS="1435" WIDTH="158" HEIGHT="21" WC="0.93" CONTENT="båtsmanshåll"/><SP WIDTH="17" VPOS="1435" HPOS="598"/>
							<String ID="string_199" HPOS="615" VPOS="1435" WIDTH="111" HEIGHT="28" WC="0.91" CONTENT="frikallas"/><SP WIDTH="10" VPOS="1435" HPOS="726"/>
							<String ID="string_200" HPOS="736" VPOS="1435" WIDTH="58" HEIGHT="27" WC="0.92" CONTENT="från"/><SP WIDTH="15" VPOS="1435" HPOS="794"/>
							<String ID="string_201" HPOS="809" VPOS="1433" WIDTH="93" HEIGHT="22" WC="0.91" CONTENT="vakans-"/>
						</TextLine>
						<TextLine ID="line_29" HPOS="147" VPOS="1468" WIDTH="332" HEIGHT="28">
							<String ID="string_202" HPOS="147" VPOS="1468" WIDTH="38" HEIGHT="21" WC="0.93" CONTENT="och"/><SP WIDTH="12" VPOS="1468" HPOS="185"/>
							<String ID="string_203" HPOS="197" VPOS="1469" WIDTH="282" HEIGHT="27" WC="0.45" CONTENT="passevolansajfgifterna*,"/>
						</TextLine>
					</TextBlock>
					<TextBlock ID="block_6" HPOS="216" VPOS="1508" WIDTH="354" HEIGHT="17">
						<TextLine ID="line_30" HPOS="216" VPOS="1508" WIDTH="354" HEIGHT="17">
							<String ID="string_204" HPOS="216" VPOS="1508" WIDTH="150" HEIGHT="17" WC="0.88" CONTENT="Statsutskottets"/><SP WIDTH="13" VPOS="1508" HPOS="366"/>
							<String ID="string_205" HPOS="379" VPOS="1508" WIDTH="116" HEIGHT="17" WC="0.95" CONTENT="betänkande"/><SP WIDTH="13" VPOS="1508" HPOS="495"/>
							<String ID="string_206" HPOS="508" VPOS="1513" WIDTH="31" HEIGHT="12" WC="0.95" CONTENT="n:o"/><SP WIDTH="14" VPOS="1513" HPOS="539"/>
							<String ID="string_207" HPOS="553" VPOS="1508" WIDTH="17" HEIGHT="17" WC="0.95" CONTENT="6."/>
						</TextLine>
					</TextBlock>
				</ComposedBlock>
				<GraphicalElement ID="cblock_3" HPOS="1074" VPOS="645" WIDTH="4" HEIGHT="331"></GraphicalElement >
			</PrintSpace>
		</Page>
	</Layout>
</alto>
