1078 1692
500 135 35 21 N:o
551 134 32 22 10.
872 136 12 20 9

224 203 201 26 Postsparbankens
448 202 69 28 öfriga
540 203 116 27 tillgångar
679 203 41 26 må,
740 204 33 21 för
793 203 70 21 såvidt
878 203 35 21 de-

155 244 83 14 samma
254 239 36 19 äro
307 236 35 22 för
356 238 93 26 löpande
464 237 100 27 utgifters
580 238 138 21 bestridande
733 238 128 26 umbärliga,
876 240 37 24 gö-

154 278 37 14 ras
206 272 158 20 räntebärande
379 278 76 20 genom
471 272 118 26 insättning
604 272 7 20 i
627 272 65 21 bank.

503 335 12 27 $
533 336 32 20 16.

224 375 30 21 De
270 374 34 22 för
321 375 197 27 postsparbankens
528 374 69 22 första
608 376 147 26 organisation
766 375 79 27 nödiga
855 375 58 21 med-

155 409 34 21 len
213 409 117 27 förskjutas
352 409 24 21 af
394 409 129 27 postverket.
554 409 126 21 Postverket
695 410 101 26 bidrager
811 410 103 20 likaledes

155 444 49 21 med
227 443 135 28 erforderligt
387 444 76 26 belopp
486 443 33 21 till
541 444 135 20 betäckande
692 444 24 20 af
729 444 60 21 såväl
805 444 12 21 å
832 444 82 21 insatta

156 478 68 21 medel
240 478 110 27 upplupna
366 480 74 19 räntor
455 484 45 15 som
517 478 267 26 förvaltningskostnader,
800 478 55 21 intill
866 479 48 20 dess

157 514 32 19 att
212 512 62 22 dessa
296 512 87 27 utgifter
405 512 73 22 kunna
501 512 23 21 af
541 512 198 27 postsparbankens
760 512 67 27 årliga
842 514 72 19 ränte-

155 547 56 21 vinst
227 547 114 21 bestridas.
367 547 50 21 Men
433 546 112 22 efterhand
561 553 45 15 som
622 547 197 27 postsparbankens
834 547 80 21 rörelse

156 582 44 20 kan
222 581 86 21 komma
332 584 32 18 att
386 582 71 21 lemna
480 581 124 26 öfverskott,
626 581 60 21 skola
702 581 44 21 alla
761 582 62 20 dessa
838 581 76 27 bidrag

157 616 128 26 återgäldas,
302 616 56 21 dock
373 618 52 18 utan
440 618 71 19 ränta.
542 615 73 22 Skulle
634 616 133 26 postmedlen
782 615 46 21 icke
843 616 71 20 lemna

155 650 90 27 tillgång
267 650 32 21 till
322 650 145 21 bekostandet
482 650 24 20 af
520 650 143 22 omförmälda
678 650 94 27 utgifter,
789 656 49 20 eger
853 650 61 21 Post-

156 684 122 22 direktören
302 685 73 21 derom
398 685 87 21 anmäla
507 684 40 21 hos
571 684 103 22 Senatens
697 684 217 27 Ekonomiedeparte-

155 721 59 19 ment
236 719 8 20 i
267 718 98 22 afseende
389 719 13 21 å
426 719 181 21 utbekommande
631 719 23 21 af
675 719 134 27 erforderligt
824 718 91 22 förskott

156 752 48 22 från
220 753 70 26 öfriga
306 753 129 21 statsmedel.

226 787 72 21 Sedan
322 787 159 21 ofvannämnda
504 788 77 26 bidrag
604 788 69 20 blifvit
695 788 33 20 till
750 788 51 21 fullo
827 788 86 26 guldna,

157 821 55 20 skall
232 821 23 20 af
268 822 196 25 postsparbankens
481 821 68 27 årliga
569 822 123 27 behållning
707 822 70 21 bildas
793 828 26 15 en
834 827 80 16 reserv-

157 855 58 26 fond,
239 855 92 25 hvilken,
355 855 33 21 för
411 857 32 19 att
465 855 143 28 tilläfventyrs
626 857 173 26 uppkommande
815 855 100 22 förluster

157 890 48 21 med
229 889 100 22 säkerhet
351 889 35 22 må
409 890 74 20 kunna
504 890 111 26 betäckas,
636 891 39 20 bör
690 891 131 26 uppbringas
837 890 32 21 till
884 891 31 20 ett

157 924 83 26 belopp,
264 924 152 21 motsvarande
435 924 36 21 två
489 924 175 21 hundradedelar
679 925 23 20 af
716 925 142 21 insättarenes
873 924 41 21 till-

157 957 171 28 godohafvande.

225 992 171 21 Reservfondens
411 993 116 27 tillgångar
542 993 111 27 förvaltas,
670 993 28 27 pä
714 995 44 20 sätt
773 994 7 20 i
793 993 8 28 8
815 994 25 20 15
851 993 63 26 sagdt

160 1029 30 24 är,
207 1027 24 20 af
244 1027 166 22 Statskontoret.

225 1057 130 30 Öfverskott,
379 1068 46 15 som
447 1062 68 27 enligt
537 1063 96 20 nämnda
653 1062 200 27 beräkningsgrund
868 1061 48 21 icke

157 1097 38 20 äro
211 1095 141 27 erforderliga
366 1096 34 21 för
415 1096 158 26 reservfonden,
585 1097 68 26 skola,
665 1097 66 26 enligt
742 1096 105 21 Senatens
858 1095 57 22 Eko-

156 1130 232 26 nomiedepartements
408 1132 99 19 närmare
526 1131 170 26 bestämmande,
712 1131 34 21 för
760 1130 155 27 postsparban-

156 1165 53 21 kens
225 1171 54 20 egna
296 1164 101 21 ändamål
413 1165 118 26 användas,
547 1165 77 22 främst
639 1166 33 21 till
688 1165 107 28 åtgärder,
811 1171 47 14 som
868 1164 46 21 afse

156 1199 153 21 befordramdet
329 1199 23 20 af
370 1199 135 26 sparsamhet
520 1199 40 22 hos
577 1200 26 21 de
618 1200 82 21 mindre
717 1199 125 22 bemedlade
857 1205 56 15 sam-

158 1233 175 22 hällsklasserna.

504 1263 11 26 $
533 1263 34 21 17.

225 1301 59 22 Efter
307 1303 92 26 bokslut,
424 1309 46 14 som
493 1302 34 21 för
549 1303 76 27 hvarje
650 1302 129 22 kalenderår
802 1303 113 25 uppgöres,

156 1336 55 21 skall
234 1337 198 26 postsparbankens
448 1337 89 26 styrelse
553 1337 34 21 till
603 1337 93 21 Senaten
712 1336 81 27 afgifva
808 1335 106 21 underdå-

155 1371 36 26 nig
207 1371 115 21 berättelse
342 1377 35 15 om
392 1371 202 27 postsparbankens
609 1371 97 21 tillstånd
722 1371 40 21 och
778 1369 137 26 förvaltning,

157 1404 76 27 åtföljd
257 1405 23 20 af
300 1405 81 27 förslag
403 1405 92 21 rörande
519 1406 167 26 användningen
710 1405 22 20 af
754 1405 79 21 sådant
849 1403 67 21 öfver-

156 1438 65 26 skott,
238 1445 46 15 som
299 1439 7 20 i
322 1439 11 27 &
351 1441 25 20 16
392 1446 63 15 mom.
471 1441 13 19 4
501 1439 144 22 omförmäles.
