1078 1692
256 151 80 23 Ständ.
352 151 38 23 Sv.
405 163 28 3 —
448 151 71 27 Prop.
535 151 61 22 N:ris
612 150 28 22 16
655 150 44 22 och
714 150 33 22 37.
826 148 25 22 11

127 215 124 21 Dessutom
275 214 70 21 hafva
368 214 131 21 Ständerna
520 214 37 21 till
573 214 28 20 de
622 214 3 20 i
640 214 126 20 momentet
781 210 101 30 uppräk-

127 248 60 22 nade
203 248 127 21 föremålen
345 248 36 21 för
396 248 112 28 tillgrepp
525 248 70 21 äfven
605 247 49 28 lagt
666 247 84 21 kottar.
779 247 12 21 I
806 246 75 21 öfver-

127 282 174 22 ensstämmelse
317 282 53 22 med
386 282 45 22 den
442 282 106 28 ändring,
561 289 48 14 som
617 282 9 20 i
635 281 70 21 ofvan
716 280 82 22 anförd
808 280 73 21 måtto

128 317 75 28 gjorts
218 317 8 20 i
242 316 73 28 sagda
337 319 108 25 moment,
469 316 42 22 har
527 316 69 21 äfven
612 316 38 20 det
665 315 74 29 tredje
754 315 127 21 momentet

128 351 140 21 förändrats.

198 385 42 21 Uti
255 387 12 25 $
283 386 27 20 35
326 384 42 22 har
389 384 120 28 uttrycket
530 384 83 28 ,hage*
634 386 88 20 ansetts
738 384 56 20 böra
809 384 73 20 sättas

128 420 8 20 i
153 419 79 21 stället
246 419 36 21 för
301 419 27 21 de
344 419 8 21 i
367 419 176 28 propositionen
557 418 136 29 begagnade
709 418 71 21 orden
795 421 89 25 ,öppna

130 454 84 21 mark".

198 488 88 22 Minsta
301 488 110 28 beloppet
426 488 26 20 af
465 487 44 21 dei$
541 488 27 21 36
579 487 111 28 stadgade
702 487 65 21 böter
777 487 36 20 för
824 485 56 22 olof-

132 523 45 28 ligt
194 522 126 28 svedjande
336 522 56 21 eller
410 521 114 28 kyttande
536 522 13 20 å
561 529 87 13 annans
659 521 65 21 mark
734 521 71 21 hafva
816 520 67 21 Stän-

131 557 78 26 derna,
232 556 53 21 med
308 556 108 21 afseende
433 556 13 20 å
460 556 100 20 brottets
583 556 161 21 beskaffenhet
762 555 20 29 ej
798 554 62 22 blott
875 554 9 20 i

131 591 44 21 och
190 591 36 21 för
241 590 43 28 sig,
300 592 58 20 utan
374 590 69 21 äfven
458 590 8 21 i
481 590 145 21 förhållande
643 592 15 19 t.
670 597 35 13 ex.
717 590 27 21 de
756 590 8 20 i
774 591 13 25 $
798 590 27 20 41
837 595 46 15 om-

131 625 101 21 nämnda
247 625 129 25 förseelser,
394 626 76 20 ansett
486 624 35 28 sig
536 624 57 21 böra
608 624 54 28 höja
672 624 38 21 till
719 624 80 21 femtio
811 622 71 22 mark.

201 659 41 22 Uti
258 661 13 25 &
286 660 27 20 39
329 659 71 21 hafva
416 658 131 22 Ständerna
569 658 87 28 intagit
672 657 212 22 straffbestämmel-

132 701 37 14 ser
185 694 99 20 allenast
302 693 37 21 för
353 693 29 21 de
398 693 8 21 i
424 694 26 26 $$
466 694 26 20 21
509 693 43 21 och
568 694 27 20 26
611 694 137 20 omnämnda
770 692 115 29 lagöfver-

132 728 144 21 trädelserna
299 727 126 28 svedjande
449 727 43 21 och
515 727 120 28 kyttande.
667 727 80 21 Skulle
770 727 67 28 dylik
853 726 32 22 öf-

131 762 142 21 verträdelse
296 761 78 21 tillika
396 762 72 27 begås
491 762 12 20 å
527 769 77 13 annan
624 762 106 27 tillhörig
753 762 57 20 eller
826 768 58 14 sam-

132 796 49 21 fäld
196 796 71 26 mark,
284 796 30 28 pä
330 797 46 19 sätt
391 796 8 20 i
414 796 27 28 $$
457 796 26 20 36
499 796 43 20 och
557 797 28 21 38
601 800 69 24 sagts,
683 796 25 21 så
719 796 88 21 komme
819 794 69 22 straff

135 832 34 19 att
185 830 93 21 ådömas
294 830 45 20 den
355 830 108 27 skyldige
475 830 53 21 med
538 830 152 28 tillämpning
700 830 26 21 af
732 830 27 21 de
768 830 119 21 allmänna

134 864 108 28 grunder,
268 871 48 14 som
338 863 41 22 vid
395 864 218 21 sammanträffande
630 865 26 20 af
668 864 62 21 brott
744 864 69 28 gälla,
829 865 57 20 utan

135 900 34 19 att
185 898 82 21 sådant
283 898 113 21 behöfver
406 898 8 21 i
425 899 51 26 $:en
492 898 111 21 särskildt
617 899 109 28 påpekas.
757 898 130 21 Ständerna

134 933 71 21 hafva
219 933 8 20 i
243 932 105 28 enlighet
370 933 53 20 med
441 933 167 21 ofvanstående
624 933 134 21 formulerat
774 934 57 25 $:en,
846 931 42 22 vid

134 967 96 21 hvilken
246 967 192 28 omformulering
453 967 132 22 Ständerna
597 967 88 28 jemväl
696 967 8 21 i
714 965 173 30 öfvervägande

134 1001 67 28 tagit,
218 1003 34 19 att
267 1001 40 20 det
322 1001 40 21 der
377 1003 89 19 utsatta
481 1001 84 28 högsta
580 1001 177 28 bötesbeloppet
771 1001 35 21 för
822 1000 66 22 sved-

131 1035 72 28 jande
219 1035 43 21 och
278 1035 113 28 kyttande
408 1036 13 20 å
436 1042 89 14 annans
540 1035 71 28 mark,
629 1043 35 13 om
680 1035 106 28 grunden
802 1039 25 17 är
838 1035 50 21 der-

135 1070 38 21 till
189 1069 105 28 otjenlig,
310 1069 149 28 understiger
469 1069 40 21 det
519 1069 84 28 högsta
614 1077 90 20 ansvar,
716 1077 48 13 som
774 1069 35 21 för
821 1069 67 21 dessa

135 1103 179 22 öfverträdelser
332 1103 130 22 oberoende
479 1103 25 21 af
517 1103 118 28 grundens
651 1103 161 22 beskaffenhet
828 1103 61 21 stad-

136 1145 41 21 gas
193 1138 8 21 i
216 1139 13 26 $
244 1139 28 20 36
288 1138 26 20 af
325 1137 184 28 propositionen.

205 1172 33 21 På
262 1172 57 27 skäl,
343 1179 48 14 som
412 1172 41 21 vid
470 1172 67 28 fråga
553 1179 36 14 om
605 1171 193 29 nästföregäende
813 1173 14 26 $
843 1179 47 14 om-

136 1207 111 25 förmälts,
264 1207 71 20 hafva
350 1206 131 23 Ständerna
496 1207 53 20 från
564 1208 13 25 $
587 1207 28 21 40
625 1206 141 21 bortlemnat
776 1207 46 20 den
833 1206 58 21 sista

136 1241 130 28 meningen,
290 1241 124 20 hvarutom
436 1241 66 20 ordet
521 1241 153 28 ,skogspark*
689 1241 9 20 i
712 1242 48 25 &:ns
776 1240 90 29 början,
882 1240 8 21 i

136 1274 76 23 likhet
234 1275 52 21 med
308 1275 63 21 hvad
394 1275 69 21 äfven
486 1275 63 20 skett
571 1275 53 20 med
643 1281 85 14 samma
743 1274 96 29 uttryck
854 1274 36 21 uti

137 1311 13 25 8
166 1310 27 21 12
209 1309 25 21 af
246 1309 184 28 propositionen,
447 1311 84 18 ersatts
545 1309 54 21 med
615 1308 65 21 ordet
696 1309 160 28 ,trädgrupp".

206 1345 12 26 $
234 1345 23 20 41
276 1343 9 21 i
300 1343 177 28 propositionen
495 1343 72 21 hafva
583 1343 131 21 Ständerna
728 1343 80 21 funnit
823 1343 67 21 ofull-

137 1377 94 28 ständig
246 1378 25 21 så
287 1377 37 21 till
339 1378 61 25 vida,
423 1379 35 20 att
473 1377 40 21 der
528 1377 53 21 icke
597 1377 55 28 ingå
667 1378 73 27 några
754 1377 136 22 ansvarsbe-

137 1412 143 21 stämmelser
302 1412 36 21 för
361 1411 166 22 öfverträdelse
549 1412 26 20 af
588 1412 159 28 stadgandena
764 1412 36 21 uti
819 1413 28 26 $$
862 1412 28 21 26

137 1446 43 21 och
203 1447 25 20 27
253 1447 59 20 samt
334 1446 74 21 första
430 1448 127 19 momentet
575 1446 27 21 af
617 1447 13 26 $
650 1447 26 20 28
692 1446 7 21 i
715 1445 176 29 propositionen
