1078 1692
332 152 26 19 U.
368 152 23 19 B:
404 162 21 4 —
437 145 62 35 Prop.
516 145 52 35 N:ris
580 152 25 20 16
617 150 85 22 ock37.
859 152 12 20 8

135 210 127 27 jordmånen
277 210 76 22 funnes
369 210 70 21 dertill
455 210 84 28 tjenlig,
555 210 109 22 äfvensom:
680 208 44 24 läta
734 211 32 21 till
778 211 116 27 skogsväxt

138 245 101 27 odugliga
254 251 83 16 mossar
352 245 40 21 och
406 245 51 21 kärr
477 245 12 21 &
508 245 175 27 kronoparkerne
699 247 55 19 samt
769 246 70 20 lands:
855 245 39 22 och

138 279 264 27 häradsallmänningarna
424 281 106 25 upptagas
549 280 33 20 till
598 281 48 25 äng,
662 279 232 27 hvarjämte*odlingen

139 313 23 21 af
173 312 99 28 ödesjord
284 314 167 26 uppmuntrades
466 319 77 21 genom
553 314 102 21 odlarene
668 313 122 22 förunnade
799 314 95 21 friheter.

139 347 118 21 Enahanda
272 348 141 26 grundsatser
424 348 74 26 gjorde
515 344 32 30 sig
563 347 62 22 äfven
641 348 100 26 gällande
756 348 6 20 i
782 348 113 26 skogsord-

139 382 105 26 ningarna
259 381 24 21 af
297 382 40 20 den
354 382 28 21 10
396 382 120 21 December
533 382 56 22 1793
605 382 39 21 och
654 382 41 21 den
708 383 10 20 1
730 382 93 26 Augusti
833 382 61 22 1805.

141 416 45 21 Och
208 416 102 26 slutligen
333 416 87 26 stadgas
443 414 61 23 äfven
529 416 6 21 i
554 422 28 15 nu
603 416 101 27 gällande
722 416 125 27 förordning
861 422 33 15 om

140 450 107 26 skogarna
262 450 24 21 af
302 450 40 21 den
364 450 14 22 9
396 450 127 27 September
543 451 62 25 1851,
621 452 31 19 att
672 450 160 27 kronomarker;
851 456 44 15 som

141 484 20 27 ej
180 486 36 20 äro
236 484 33 21 till
289 484 123 27 kronopark
433 484 146 27 användbara,
602 485 52 21 böra
676 484 99 27 antingen
798 484 98 28 upplätas

141 519 32 21 till.
193 519 271 27 nybyggesanläggningar,
484 518 70 22 sävidt
572 519 87 21 marken
680 519 70 21 dertill
770 520 24 19 är
815 518 81 28 tjenlig;

142 553 53 21 eller
209 553 109 27 begagnas
334 552 32 26 till
382 553 134 27 anläggande
529 553 26 21 af
569 553 125 27 kronotorp,
706 553 56 21 eller
778 552 39 22 ock
831 553 67 21 tiller-

142 587 81 21 kännas
239 588 65 20 redan
321 587 111 27 befintliga
447 587 108 27 hemman,
573 587 110 21 äfvensom
696 588 40 20 att
758 592 82 16 mossar
858 586 40 22 och

142 621 51 21 kärr
214 621 24 21 af
259 621 82 21 mindre
364 621 93 27 omfäng,
479 622 73 20 hvilka
573 621 68 21 finnas
664 621 13 21 &
696 616 135 36 kronoskog:
840 620 59 22 eller

143 655 67 26 mark,
226 661 45 15 som
287 655 47 21 icke
349 657 25 19 är
389 655 86 21 aftösad
488 656 36 20 till
541 656 131 26 kronopark;
686 655 39 21 och
735 655 71 21 kunna
819 654 79 28 uppod-

143 690 39 25 las,
198 690 34 20 mä
247 690 34 21 för
296 690 44 20 viss
354 690 32 20 tid
402 690 39 20 och
457 692 58 19 emot
531 690 54 26 årlig
601 691 61 20 ränta
681 689 34 21 till
730 689 80 21 kronan
825 688 74 28 upplä-

144 726 33 19 tas
193 724 22 21 ät
228 724 86 27 hugäde
326 724 84 21 odlare.
425 736 29 4 —
469 724 44 21 Det
532 729 27 16 nu
578 724 147 26 föreliggande
743 722 157 28 skogslagsför-

145 758 70 27 slaget
232 759 96 21 ansluter
347 759 33 25 sig
400 758 84 22 således
503 758 31 21 uti
554 758 164 27 ifrägavarande
741 757 34 21 del
798 757 33 41 till
854 757 46 21 sina

144 793 142 27 föregängare
300 793 7 21 i
323 795 78 19 ämnet.

214 827 118 21 Enahanda
351 829 23 18 är
393 827 8 20 i
419 827 122 21 hufvudsak
561 827 38 20 ock
619 826 143 21 förhållandet
781 826 48 21 med
848 825 52 21 dei

145 861 142 27 lagförslaget
301 861 106 26 ingäende
422 861 109 21 allmänna
546 861 187 26 bestämningarna
745 861 90 20 rörande
846 865 55 15 sam-

145 895 99 27 fällighet
259 895 96 27 tillhörig
370 895 133 27 skogsmark.
534 895 44 22 För
593 895 58 27 dylik
667 894 93 21 oskiftad
776 893 126 28 skogsmark

146 930 84 21 komme
245 929 107 27 nemligen
368 929 133 22 fortfarande
516 930 41 21 den
577 929 81 27 princip
678 930 32 20 att
725 935 40 20 ega
779 927 123 27 tillämplig-

146 964 43 26 het,
205 965 33 20 att
252 964 40 21 den
309 964 39 21 har
363 964 91 26 vitsord;
465 970 44 15 som
527 964 66 22 skifta
608 964 44 21 vill.
682 963 76 21 Denna
772 961 131 27 omständig-

146 998 38 21 het
199 1004 50 20 eger
261 998 59 21 dock
334 1003 88 16 numera
437 998 62 27 ringa
514 998 98 26 praktisk
627 997 109 27 betydelse
751 997 9 21 i
774 996 100 22 afseende
890 995 13 22 &

147 1033 27 20 de
193 1032 228 27 skogsallmänningar,
440 1038 46 15 som
504 1032 34 21 för
558 1033 36 20 det
619 1031 133 22 närvarande
774 1031 67 21 finnas
860 1030 42 21 för-

147 1067 91 26 handen,
254 1067 88 21 emedan
360 1067 64 20 dessa
438 1068 77 25 utgöra
523 1067 56 20 blott
587 1068 30 19 ett
629 1066 60 21 fåtal.
708 1066 11 21 I
729 1065 96 25 Finland;
841 1064 62 21 hvar-

148 1103 34 20 est
199 1101 72 21 lands-
290 1101 39 21 och
348 1101 238 26 häradsallmänningar
600 1094 25 37 ej
635 1100 79 21 heller
732 1100 6 21 i
757 1099 76 22 fordna
847 1098 57 21 tider

148 1136 62 21 torde
237 1135 144 26 förekommit,
407 1135 64 20 hafva
497 1135 99 21 deremot
613 1135 36 20 väl
670 1132 234 27 sockneallmänningar

148 1170 59 21 förut
222 1169 56 22 varit
292 1169 92 27 vanliga.
415 1169 50 21 Men
480 1174 96 21 numera,
592 1169 65 20 sedan
674 1167 110 22 storskifte
799 1163 107 30 öfvergätt

149 1205 80 20 största
244 1204 62 21 delen
322 1203 23 21 af
358 1203 80 26 landet,
455 1203 64 21 hafva
534 1203 89 21 sockne-
635 1203 90 20 likasom
736 1200 168 29 byaallmännin-

149 1243 67 22 gärna
230 1239 67 20 redan
313 1238 33 21 för
362 1239 36 20 det
413 1239 69 20 mesta
497 1237 73 22 blifvit
584 1237 101 21 skiftade.
708 1237 38 20 Att
761 1234 147 23 förhällandet:

150 1275 25 19 är
189 1273 77 20 sådant
282 1265 112 40 bekräftas
417 1271 23 22 af
459 1272 26 21 de
505 1271 109 28 uppgifter
632 1271 82 25 härom,
736 1276 46 15 som
801 1269 105 32 utskottet

150 1313 79 21 genom
245 1307 166 26 öfverstyrelsen
430 1306 35 21 för
479 1305 162 22 landtmäteriet
655 1304 111 22 förskaffat
784 1304 39 26 sig,
839 1302 67 27 enligt

151 1341 73 22 hvilka
238 1341 111 27 uppgifter
358 1341 53 26 byar
422 1340 39 21 och
473 1339 171 27 samfälligheter
655 1340 132 25 gemensamt
796 1337 110 26 tillhöriga

151 1373 107 23 oskiftade
273 1375 151 26 skogsmarker
439 1380 90 16 numera
548 1382 29 7 —
596 1373 132 22 oberäknadt
750 1373 66 26 några
835 1371 22 21 få
874 1370 33 21 sä-

152 1409 56 21 dana
221 1409 24 21 af.
259 1409 61 26 ringa
336 1409 87 26 omfång
441 1409 57 20 inom
518 1403 49 26 Åbo
582 1407 39 22 och
636 1407 144 27 Björneborgs
796 1406 55 21 samt
865 1404 42 21 Ta-

151 1443 102 21 vastehus
268 1443 35 21 län
320 1455 26 4 —
362 1442 124 22 förefunnes
502 1443 57 20 blott
573 1442 8 21 i
595 1442 58 21 vissa
672 1441 61 21 delar
750 1440 24 21 af
788 1439 65 21 Wasa
867 1438 41 21 och

223 1483 37 21 Lag
280 1483 30 16 och
322 1482 171 17 Fkonomiutskottets
503 1481 106 18 betänkande
621 1481 34 16 N:o
669 1481 19 16 3.
