1078 1692
266 155 13 21 2
583 154 34 22 N:o
635 154 20 22 5.

238 222 103 28 tillgång,
361 223 81 27 aftjena
463 223 31 21 sin
512 222 62 22 skuld
591 223 48 21 med
656 223 75 21 arbete
748 223 51 21 eller
815 222 72 22 derför
902 221 96 27 undergå

240 257 131 27 bysättning,
388 258 79 20 varder
483 257 124 27 härigenom
626 258 104 26 stadgadt
746 264 45 14 som
808 257 72 27 följer:

595 320 11 28 8
624 322 18 20 1.

311 361 151 27 Värnepligtig
479 361 108 26 krigsman
604 361 35 21 må
656 362 18 25 ej
692 361 69 21 under
778 361 67 21 freds-
861 361 52 21 eller
929 361 69 27 krigs-

239 396 31 20 tid
287 396 97 26 bysättas
402 396 52 20 eller
471 396 32 20 till
524 395 89 21 ådömdt
633 396 75 20 arbete
724 396 35 20 för
774 396 122 26 aftjenande
912 396 22 20 af
949 396 49 27 gäld

240 430 119 26 befordras,
383 431 78 20 medan
481 430 41 21 han
544 430 95 22 befinner
656 431 33 26 sig
706 431 5 20 i
729 431 59 21 aktiv
805 431 126 26 krigstjenst
947 431 53 21 eller

242 465 97 26 deltager
356 466 5 20 i
379 471 113 15 reservens
503 465 151 27 öfningsmöte.

313 500 25 26 Ej
362 500 68 21 heller
453 500 36 20 må
511 506 70 14 annan
602 500 110 26 krigsman
730 500 68 21 under
814 500 91 26 krigstid
922 500 77 21 under-

241 534 75 21 kastas
332 534 127 27 bysättning
475 534 52 21 eller
543 534 88 21 ådömdt
647 535 80 21 arbete.

598 598 11 27 8
626 600 19 19 2.

311 632 31 26 Är
366 638 151 27 värnepligtig,
538 644 45 15 som
601 638 68 22 hälles
686 639 73 26 bysatt
777 640 52 20 eller
845 639 103 21 förrättar
964 639 38 21 ho-

242 678 49 14 nom
308 672 89 21 ädömdt
413 673 82 25 arbete,

313 707 116 26 uppbädad
445 707 34 21 till
496 707 104 27 lottning;

313 741 53 21 eller
381 742 74 20 kallad
473 742 32 20 till
521 742 59 20 aktiv
596 742 158 27 tjenstgöring
744 737 12 36 ;

314 776 52 21 eller
382 777 87 26 skyldig
485 778 32 20 att
533 777 86 27 deltaga
635 778 6 20 i
658 784 114 14 reservens
789 778 153 26 öfningsmöte;

314 811 53 21 eller
390 812 87 26 skyldig
497 813 33 19 att
545 812 35 20 vid
597 818 114 15 reservens
728 813 53 20 eller
797 813 147 20 landtvärnets
960 818 44 14 mo-

314 845 114 27 bilisering
443 846 64 20 träda
522 846 6 20 i
545 846 138 27 krigstjenst;

246 879 55 20 skall
325 879 42 21 han
390 880 47 21 frän
462 880 76 21 häktet
557 881 52 20 eller
629 881 87 21 arbetet
731 881 99 27 frigifvas
847 881 23 21 sä
886 881 70 26 tidigt,
973 881 33 20 att

246 913 41 21 han
303 913 42 22 kan
362 914 57 21 inom
437 916 70 19 utsatt
522 915 30 20 tid
569 915 85 21 anmäla
671 916 33 26 sig
716 916 33 20 till
762 916 93 26 lottning
866 915 52 21 eller
930 915 74 26 tjenst-

248 948 82 27 göring.

523 995 74 27 Enligt
621 996 59 21 Hans
701 997 123 26 Kejserliga
839 996 114 27 Majestäts
970 995 36 21 nä-

455 1030 50 27 diga
534 1031 125 26 befallning,
689 1031 73 27 gifven
792 1032 6 20 i
827 1031 108 26 Peterhof,
966 1030 40 21 den

454 1066 15 8 20
477 1064 66 13 September
559 1061 61 29 1884.

466 1086 6 9 2
481 1081 60 14 Oktober

494 1151 28 18 C.
536 1151 230 19 EHRNROOTH.

795 1217 46 21 Emil
858 1216 81 26 Streng.

279 1446 105 28 =—1
283 1457 694 8 .7m—.1""n="
601 1446 5 28 1
608 1446 47 28 12=0
657 1446 24 28 """1
682 1457 295 8 91"

366 1483 123 22 Helsingfors,
503 1483 10 17 &
526 1483 104 22 Kejserliga
644 1483 90 18 Senatens
747 1483 88 22 tryckeri,
850 1483 49 17 1884.
