1078 1692
202 137 28 21 28
402 136 24 22 U.
441 136 23 22 B.
480 150 30 3 —
525 137 62 29 Prop.
603 138 40 21 N:o
661 136 35 22 13.

171 202 123 28 säkerligen
316 202 108 28 betydligt
446 203 72 21 skulle
541 203 96 27 fördröja
659 202 85 22 banans
768 202 159 26 fullbordande,

171 238 87 22 utöfver
272 238 56 21 hvad
344 238 64 27 eljest
422 238 105 28 behöfligt
542 245 59 15 vore.

242 273 76 23 Såsom
341 275 33 21 ett
396 274 128 28 ytterligare
547 274 70 22 motiv
640 274 34 22 för
697 274 155 27 sträckningen
867 273 61 22 öfver

173 309 142 28 Haukivuori,
322 309 139 22 Pieksämäki
473 310 40 21 och
524 310 133 27 Suonenjoki
666 310 36 21 må
713 309 94 28 anföras,
816 311 33 20 att
860 309 69 21 ehuru

172 346 71 20 denna
258 345 52 21 linie
326 346 140 26 genomlöper
483 352 27 15 en
527 346 68 26 trakt,
610 345 90 22 hvilken
708 346 98 20 närmast
821 344 67 22 linien
903 346 26 20 är

171 380 89 22 relativt
282 382 68 26 något
372 387 90 21 svagare
483 380 103 23 befolkad
602 381 40 21 och
658 380 85 22 lemnar
758 380 95 22 folkrika
868 382 59 20 orter

171 417 24 20 åt
218 416 69 27 sidan,
311 416 61 22 detta
395 418 112 25 motväges
531 416 24 22 af
576 416 79 22 liniens
671 416 98 22 centrala
784 416 55 26 läge,
855 416 71 21 hvari-

172 458 78 20 genom
273 451 35 22 till
332 452 125 22 densamma
480 452 99 22 kommer
603 454 34 20 att
658 452 96 21 tillföras
773 453 70 20 större
860 450 66 22 trafik

172 487 48 22 från
235 487 57 22 båda
308 488 65 21 sidor.
405 488 118 22 Dessutom
539 490 38 19 äro
594 488 27 22 de
637 488 137 27 kommuner,
790 487 73 21 hvilka
878 489 49 19 när-

172 525 57 20 mast
245 524 69 21 skulle
330 524 88 21 beröras
433 524 24 21 af
472 524 41 21 den
529 524 98 22 centrala
643 524 78 27 banan,
738 523 78 21 stadda
832 522 7 22 i
855 522 72 22 starkt

171 558 205 23 framåtskridande.

242 594 139 23 Beträffande
397 596 188 26 skördebeloppen
601 598 38 19 äro
656 596 27 20 de
699 595 68 21 redan
782 601 30 15 nu
822 594 45 22 lika
875 600 52 22 gyn-

173 638 89 20 samma,
279 638 47 14 som
342 632 26 21 de
384 631 103 27 ostligare
503 632 93 27 belägna
611 632 165 26 kommunerna,
788 631 40 21 och
840 630 88 22 komma

172 666 122 27 säkerligen
318 666 8 22 i
349 666 119 23 framtiden
492 669 33 20 att
545 667 8 21 i
569 667 45 21 alla
629 666 141 22 hänseenden
786 666 74 22 kunna
875 665 53 22 täfla

172 702 49 22 med
237 702 27 22 de
284 704 75 20 senast
373 703 102 21 nämnda.

241 738 34 21 En
290 738 160 22 beaktansvärd
466 738 163 28 omständighet
645 740 25 20 är
685 738 126 27 ytterligare
828 738 26 21 de
862 743 65 16 ovan-

172 773 41 27 ligt
228 780 142 20 gynnsamma
385 774 261 28 terrängförhållandena,
664 780 46 15 som
731 775 53 25 göra
795 775 33 19 att
839 773 88 27 anlägg-

174 809 212 27 ningskostnaderna
397 811 13 20 å
420 808 470 28 Haukivuori—Pieksämäki—Suonenjoki
900 808 27 21 li-

173 844 51 21 nien
240 845 66 21 blifva
328 845 88 27 vidpass
436 846 82 26 11,000
538 845 63 22 mark
616 845 101 27 billigare
732 851 39 20 per
786 845 67 26 verst,
872 846 28 19 än
916 845 13 19 &

177 880 26 21 de
218 880 69 27 begge
304 881 103 27 ostligare
424 881 186 28 sträckningarne.

241 916 34 21 En
290 916 108 27 krökning
418 917 24 21 af
460 917 68 21 linien
548 917 49 22 frän
621 916 141 27 Haapakoski
783 921 76 22 genom
876 915 52 27 Jäp-

172 951 45 27 pilä
240 952 43 21 kan
307 951 48 22 icke
378 958 64 15 anses
463 959 52 15 vara
531 953 128 26 motiverad,
676 952 28 21 dä
720 953 61 20 utom
797 951 67 22 andra
880 951 48 21 skäl

171 987 127 26 härigenom
314 987 71 22 skulle
400 987 126 22 förorsakas
543 995 26 15 en
585 987 140 28 förlängning
741 987 24 21 af
780 987 26 21 11
818 988 59 20 verst
888 986 40 22 och

171 1029 28 15 en
222 1023 57 20 ökad
302 1023 94 21 kostnad
412 1023 23 22 af
454 1023 89 28 vidpass
561 1024 43 27 11/,
629 1023 86 22 million
731 1023 69 21 mark.
819 1023 56 21 1883
892 1023 34 20 års

171 1057 94 22 komit6s
282 1058 104 27 ostligare
402 1059 117 22 alternativ
535 1059 59 22 öfver
609 1059 90 27 Jäppilä
714 1058 36 21 till
764 1058 86 21 Tiihola
857 1057 70 22 blefve

171 1093 35 22 väl
226 1094 42 21 den
289 1094 87 21 absolut
396 1095 98 21 kortaste
510 1095 162 27 sträckningen,
690 1094 54 21 eller
760 1094 26 21 11
803 1096 58 19 verst
876 1093 51 21 kor-

171 1131 55 25 tare,
242 1131 28 20 än
286 1130 42 21 den
343 1129 24 22 af
381 1131 109 21 utskottet
505 1130 123 27 förordade,
645 1130 29 21 dä
689 1129 96 22 bibanan
800 1129 35 21 till
851 1128 76 22 Iisvesi

170 1166 62 26 tages
255 1165 51 21 med
329 1165 7 21 i
362 1165 157 28 beräkningen,
543 1173 49 14 men
617 1167 50 20 dess
691 1164 238 28 anläggningskostnad

170 1200 72 21 blefve
258 1201 85 21 ändock
357 1201 88 27 vidpass
463 1202 118 27 1,880,000
592 1202 62 21 mark
666 1201 85 27 dyrare,
762 1200 88 21 hvartill
861 1201 68 26 ytter-

171 1236 68 27 ligare
255 1236 39 21 bör
309 1237 75 26 läggas
400 1237 60 22 cirka
476 1238 96 27 300,000
588 1238 62 21 mark
667 1237 34 21 för
712 1236 133 27 Suonenjoki
856 1237 24 20 äs
890 1235 38 22 ka-

171 1271 126 28 nalisering.

175 1335 4 3 ,
240 1307 97 22 Härmed
362 1309 47 20 tror
431 1309 110 21 utskottet
565 1309 33 27 sig
623 1309 65 21 hafva
708 1307 73 22 anfört
797 1307 133 27 tillräckliga

172 1343 48 21 skäl
238 1343 34 22 för
294 1343 39 22 sitt
348 1343 73 22 beslut
436 1346 35 20 att
485 1344 90 22 förorda
591 1351 27 15 en
632 1343 233 28 jernvägssträckning
880 1343 48 21 från

170 1378 108 27 Kaipiais,
307 1380 111 21 eventuelt
441 1380 106 27 Kouvola,
571 1387 78 20 genom
674 1379 141 27 Mäntyharju
837 1378 35 21 till
897 1378 33 21 S:t

169 1413 80 22 Michel
266 1415 39 21 och
322 1415 96 21 derifrån
434 1422 78 20 genom
528 1415 137 22 Haukivuori
682 1415 40 21 och
738 1413 140 23 Pieksämäki
894 1413 34 22 till

171 1448 139 29 Suonenjoki,
327 1451 112 21 eventuelt
454 1451 77 21 Iisvesi
547 1451 41 21 och
603 1451 95 26 Kuopio.

239 1527 196 25 Jernvägsutskottets
451 1529 118 19 betänkande
583 1527 42 22 N:o
640 1529 18 19 1.
