1078 1692
320 151 80 22 Ständ.
416 152 36 21 Sv.
471 163 22 4 —
511 152 70 26 Prop.
597 152 40 21 N:o
652 152 32 21 10.
708 181 3 3 N
835 152 14 21 5

129 214 120 26 stämning
264 212 38 23 till
318 213 171 22 ofvannämndt
503 214 87 28 belopp
605 214 34 22 för
655 214 45 22 den
712 213 119 23 enskildes
842 214 35 21 in-

129 247 132 27 sättningar
282 246 75 23 under
380 248 54 26 äret,
450 254 55 16 anse
521 248 133 22 Ständerna
668 255 57 15 vara
740 248 25 22 af
778 247 44 23 den
838 247 40 22 be-

129 280 92 28 tydelse
243 280 114 23 särskildt
379 280 53 23 med
454 281 96 29 hänsyn
573 282 38 22 till
627 281 45 23 den
688 280 125 24 minskade
828 281 50 22 risk

129 314 147 23 Statsverket
291 314 41 23 vid
348 316 37 21 sin
396 316 91 26 garanti
499 315 24 23 af
532 315 96 23 banken
639 315 135 28 derigenom
785 315 93 22 komme

130 350 34 20 att
186 348 82 22 ikläda
291 350 43 28 sig,
347 351 39 20 att
402 348 132 24 Ständerna
549 349 52 23 icke
616 349 78 30 tveka,
710 352 34 20 att
758 348 121 30 uppställa

130 382 75 28 sagda
226 382 164 29 bestämnings
413 383 129 28 intagande
566 384 8 22 i
590 383 46 23 den
651 383 125 23 tillernade
791 383 88 23 författ-

131 418 88 26 ningen
242 418 78 22 säsom
336 420 32 20 ett
382 417 78 23 vilkor
475 418 52 22 frän
543 418 143 22 Ständernas
702 418 52 22 sida
768 418 34 22 för
816 420 63 26 post-

131 451 309 29 sparbanksinstitutionens
467 452 176 28 godkännande
670 452 44 22 och
735 451 145 31 beviljandet

131 485 26 22 af
169 484 46 24 den
230 485 88 23 äskade
333 486 114 28 garantin.

200 520 52 22 Den
279 520 89 28 nädiga
394 521 174 28 propositionen
591 520 132 22 innehäller
746 520 79 22 vidare
847 522 33 20 att

132 555 152 27 uppsägning
307 554 25 22 af
352 555 86 21 insatta
460 554 77 23 medel
559 554 71 30 skall,
652 554 116 23 beroende
790 554 25 22 af
835 553 45 23 den

133 587 88 23 äskade
242 596 122 14 summans
387 588 94 30 storlek,
504 588 142 23 verkställas
671 589 26 21 15
712 588 38 22 till
766 589 27 21 60
808 587 72 28 dagar

133 622 46 22 före
193 622 53 29 den,
262 622 30 22 dä
307 622 150 28 utbetalning
473 623 24 21 af
510 622 95 23 medlen
621 622 117 23 ästundas.
768 622 45 22 Det
823 622 58 22 före-

133 655 68 23 faller
216 656 60 22 dock
292 656 132 23 Ständerna
439 664 50 15 som
505 656 79 23 skulle
600 664 28 15 en
645 655 198 31 uppsägningstid
859 655 25 23 af

135 690 26 22 15
177 690 72 28 dagar
265 690 69 22 äfven
349 690 33 22 för
398 690 137 29 obetydliga
545 691 87 29 belopp
644 691 82 22 kunna
736 690 34 22 för
781 690 28 22 de
820 690 60 22 min-

134 723 40 23 dre
196 724 138 23 bemedlade
350 725 43 22 och
408 724 115 23 särskildt
537 725 34 22 för
586 724 46 23 den
647 725 86 27 rörliga
747 724 135 23 befolknin-

133 765 46 21 gen
202 758 103 23 medföra
320 758 93 28 ganska
428 761 61 20 stora
505 759 157 30 olägenheter,
678 758 92 24 kanske
785 758 37 22 till
838 757 43 23 och

133 792 54 22 med
202 792 74 22 verka
291 792 96 31 derhän,
403 796 33 19 att
451 794 104 27 mängen
571 793 88 23 afhölle
674 794 37 27 sig
726 793 51 22 frän
793 794 33 20 att
841 798 41 16 an-

134 826 43 22 lita
198 827 209 28 postsparbanken.
437 827 132 22 Ständerna
591 835 25 14 se
639 827 52 22 icke
713 830 33 19 att
768 826 39 23 det
829 833 53 15 vore

134 860 105 23 förenadt
254 860 54 23 med
323 861 78 28 nägon
420 861 120 28 svärighet
555 861 34 22 för
604 861 48 22 alla
668 861 28 22 de
711 859 172 30 postanstalter,

134 901 50 15 som
206 895 36 22 stä
264 895 8 22 i
287 895 44 22 lätt
345 895 142 22 förbindelse
502 895 53 22 med
570 895 183 28 hufvudstaden,
769 896 34 21 att
817 893 65 23 utbe-

135 928 49 22 tala
198 928 92 23 mindre
305 929 86 29 belopp
407 929 68 22 äfven
491 929 40 22 vid
548 937 28 14 en
592 928 200 30 uppsägningstid
807 927 24 23 af
844 935 39 14 en-

135 961 52 23 dast
209 963 75 27 nägra
307 963 23 22 fä
352 963 79 30 dagar,
454 963 43 22 och
521 965 7 20 i
551 963 55 22 flere
621 963 129 22 utländska
766 965 117 26 postspar-

134 996 146 29 bankslagar
302 997 43 23 har
367 997 37 22 till
428 998 43 22 och
493 997 54 23 med
564 997 172 28 äterbetalning
752 996 40 23 vid
808 996 75 23 anfor-

135 1030 57 23 dran
215 1031 136 28 medgifvits
374 1031 33 23 för
429 1033 86 21 smärre
538 1031 92 29 belopp.
660 1031 37 23 Då
718 1031 81 29 hvarje
821 1029 63 23 stad-

135 1065 78 27 gande
228 1073 37 14 om
281 1065 230 29 uppsägningstiden
528 1065 130 22 emellertid
674 1066 47 21 stär
737 1066 8 21 i
755 1066 58 21 nära
823 1071 61 15 sam-

135 1099 122 28 manhang
272 1099 53 22 med
341 1102 112 25 systemet
468 1099 34 22 för
517 1099 135 22 kontrollen
667 1099 42 22 vid
719 1097 165 30 postsparban-

136 1133 47 22 ken
205 1133 43 22 och
264 1133 132 22 Ständerna
411 1133 78 22 funnit
505 1133 28 22 de
549 1134 8 21 i
572 1133 262 27 författningsförslaget
848 1132 36 21 in-

135 1167 90 28 gäende
249 1167 178 28 bestämningar
452 1175 37 14 om
510 1167 135 22 kontrollen
665 1165 221 28 öfverhufvudtaget

135 1201 205 28 ändamälsenliga
360 1201 44 22 och
420 1201 33 22 för
467 1201 110 22 bankens
592 1201 110 22 säkerhet
717 1199 169 30 betryggande,

136 1235 71 22 hafva
229 1235 132 22 Ständerna
383 1237 55 20 trott
459 1236 38 27 sig
518 1235 44 22 här
585 1235 82 22 endast
690 1235 55 22 böra
759 1233 127 24 framhålla

135 1269 191 22 önskvärdheten
348 1269 70 30 deraf,
441 1271 34 20 att
497 1269 92 22 mindre
604 1269 86 28 belopp
706 1269 64 28 finge
786 1268 25 23 af
823 1270 63 26 post-

135 1303 151 28 sparbanken
308 1303 117 22 utbetalas
449 1303 56 22 efter
527 1310 28 15 en
579 1303 92 22 kortare
686 1301 200 30 uppsägningstid

136 1338 30 21 än
183 1337 51 28 den,
250 1344 49 15 som
315 1338 35 21 uti
366 1337 45 22 den
427 1337 88 28 nådiga
530 1338 175 27 propositionen
720 1337 146 22 bestämmes.

204 1371 35 22 Af
252 1371 52 22 icke
319 1372 70 27 ringa
403 1371 122 28 betydelse
541 1372 26 21 är
582 1371 113 28 slutligen
711 1371 83 27 frågan
809 1377 38 15 om
858 1368 29 23 de

137 1406 8 20 i
168 1405 96 22 banken
280 1406 86 21 insatta
382 1404 106 23 medlens
503 1405 128 28 placering.
662 1405 52 22 Den
730 1404 88 28 nådiga
833 1410 53 21 pro-

137 1440 132 27 positionen
292 1439 60 22 afser
375 1441 33 20 att
430 1439 68 22 dessa
520 1439 77 22 medel
614 1439 68 22 skola
696 1441 67 25 göras
779 1437 108 24 räntebä-
