1078 1692
495 158 35 22 N:o
545 159 17 21 1.
863 157 14 20 3

219 227 85 21 Väckas
328 227 57 21 inom
405 226 91 22 stånden
512 227 75 27 frågor
602 233 33 15 om
652 227 77 21 allmän
746 227 36 25 lag
797 225 27 27 på
839 225 66 21 annat

152 263 44 19 sätt
211 264 27 19 än
254 267 76 20 genom
347 262 88 25 motion,
452 262 53 20 eller
521 268 34 15 om
567 262 108 23 stiftande,
686 262 92 25 ändring
790 260 51 21 eller
851 265 55 21 upp-

151 296 107 22 häfvande
282 296 22 21 af
325 296 61 26 lagar
409 296 39 21 och
471 296 155 26 författningar
641 296 6 21 i
664 296 81 21 sådana
768 297 82 21 ämnen,
871 295 35 19 rö-

151 331 67 21 rande
233 331 73 21 hvilka
322 330 122 22 Ständerna
466 332 19 25 ej
502 337 40 21 ega
561 331 146 25 motionsrätt,
724 330 63 21 skola
803 328 102 22 Ständer-

151 371 39 15 nas
213 366 53 20 eller
290 365 102 21 ståndens
415 365 186 27 framställningar
616 366 7 20 i
639 365 63 21 dessa
716 364 95 22 ärenden
826 362 80 22 under-

151 400 75 20 ställas
242 400 105 26 Kejsaren
364 400 40 20 och
420 399 136 22 Storfursten
573 400 77 20 endast
666 399 70 21 såsom
753 398 121 27 petitioner,
891 396 13 21 å

152 434 72 21 hvilka
247 434 106 26 Kejsaren
377 434 39 21 och
439 434 137 22 Storfursten
600 434 67 21 fäster
682 434 36 20 det
733 433 107 24 afseende,
857 431 48 21 Han

152 468 33 22 för
201 469 74 21 landet
290 469 68 21 finner
373 469 88 27 nyttigt.

220 504 84 21 Motion
327 504 53 20 eller
399 504 91 26 petition
507 504 8 20 i
531 506 69 24 ämne,
617 510 45 14 som
677 503 74 21 tillhör
768 502 88 21 allmänt
872 503 34 19 ut-

153 538 69 22 skotts
246 538 138 27 behandling,
408 539 39 20 bör
470 539 23 20 af
515 539 165 26 landtdagsman
696 538 132 21 framställas
847 536 8 20 i
870 535 37 21 det

152 572 70 28 stånd,
238 574 42 20 han
296 573 81 26 tillhör,
393 574 58 20 inom
466 573 82 27 fjorton
557 574 68 26 dagar
636 573 53 21 efter
700 572 141 26 landtdagens
853 572 53 25 öpp-

151 608 76 21 nande.
259 608 128 21 Sedermera
409 608 34 20 må
466 608 69 21 sådan
554 608 62 26 fråga
631 608 46 20 icke
692 607 73 21 kunna
780 606 84 24 väckas,
882 604 24 21 så

151 642 66 22 framt
240 643 41 21 den
305 643 18 26 ej
348 642 183 26 omedelbarligen
547 642 121 22 föranledes
684 642 22 20 af
720 643 33 20 ett
768 642 57 20 inom
841 640 67 26 något

152 677 64 21 stånd
231 678 67 20 redan
313 676 81 22 fattadt
409 677 72 21 beslut
497 677 54 21 eller
567 683 69 15 annan
652 676 66 21 under
734 676 130 25 landtdagen
876 674 33 20 in-

151 711 78 21 träffad
245 712 109 20 händelse.

220 746 46 21 Har
282 746 166 26 landtdagsman
463 746 35 21 för
514 746 67 27 afsigt
597 748 32 19 att
644 746 119 21 framställa
778 745 70 25 någon
860 749 44 15 mo-

151 780 46 21 tion
221 781 53 21 eller
297 781 99 26 petition,
416 781 39 20 bör
470 781 43 20 han
530 781 73 21 derom
619 780 59 22 förut
692 780 127 21 underrätta
834 777 72 22 ordfö-

152 815 80 21 randen
258 816 6 20 i
290 815 97 26 ståndet;
415 815 114 21 hvarutom
558 816 42 20 alla
627 815 103 21 motioner
757 814 39 21 och
822 812 87 28 petitio-

151 855 38 14 ner
205 850 68 25 skola,
289 850 65 20 innan
372 849 26 21 de
411 849 136 26 föredragas,
560 849 120 26 skriftligen
691 850 103 25 uppsatta
804 847 33 21 till
849 846 59 21 stån-

151 883 48 21 dets
224 884 135 21 sekreterare
378 883 108 22 aflemnas.
511 884 26 27 Ej
556 884 34 21 må
605 884 6 20 i
627 890 25 15 en
668 883 63 21 skrift
746 882 52 21 flere
813 881 95 22 ärenden

151 917 23 21 af
196 918 58 21 olika
269 917 150 22 beskaffenhet
433 919 166 20 sammanföras.
629 918 79 27 Hvarje
722 918 83 21 motion
821 917 40 20 bör
876 916 32 19 in-

151 952 85 21 nehålla
259 953 27 20 de
308 953 55 26 skäl,
387 953 82 26 hvarpå
488 953 43 20 den
547 955 24 19 är
587 953 103 26 grundad,
706 953 39 20 och
761 951 86 27 åtföljas
864 949 23 22 af
901 950 7 20 i

152 987 91 26 lagform
267 987 101 21 affattadt
389 987 82 26 förslag
491 987 35 21 till
543 987 99 28 åsyftade
657 987 132 26 stadganden
805 986 7 21 i
828 986 80 20 ämnet.

502 1040 12 27 8
531 1041 35 20 52.

220 1074 107 27 Kejsaren
360 1074 40 21 och
428 1074 151 22 Storfurstens
602 1075 165 26 propositioner,
792 1074 23 20 så
838 1071 40 22 ock
901 1071 7 21 i

151 1107 91 22 stånden
258 1109 79 21 väckta
352 1109 113 26 motioner,
481 1109 38 20 må
535 1109 48 22 icke
598 1109 33 21 till
647 1109 73 26 slutlig
734 1107 78 27 åtgärd
827 1106 81 21 företa-

150 1148 45 21 gas,
212 1143 65 21 innan
294 1143 90 21 allmänt
399 1143 86 21 utskott
501 1143 102 22 deröfver
619 1143 84 27 afgifvit
717 1142 109 27 yttrande.

219 1177 47 22 Har
288 1178 93 27 petition
404 1178 93 21 rörande
518 1179 81 20 allmän
615 1178 60 27 fråga
690 1178 56 21 inom
763 1177 66 26 något
845 1174 64 22 stånd

149 1211 73 22 blifvit
244 1212 130 27 föreslagen,
397 1213 42 20 kan
455 1213 92 21 ståndet
560 1213 85 27 jemväl,
667 1219 33 14 om
716 1212 36 21 det
768 1211 25 22 så
807 1211 34 21 för
857 1209 54 27 godt

148 1245 76 27 finner,
240 1247 91 21 hänvisa
346 1247 76 26 frågan
437 1247 35 21 till
488 1247 135 28 behandling
638 1247 22 22 af
675 1247 89 21 allmänt
778 1246 92 21 utskott.

426 1293 75 26 Enligt
525 1293 63 22 Hans
608 1293 118 27 Kejserliga
741 1292 116 27 Majestäts
872 1290 39 21 nå-

361 1326 51 27 diga
433 1327 130 28 befallning,
584 1328 71 27 gifven
670 1328 7 20 i
692 1327 118 22 Gatschina
825 1325 41 21 den
882 1325 30 27 3$

357 1361 60 22 Mars
434 1363 62 20 1884.

362 1413 35 19 C.
410 1413 286 18 EHRNROOTII.

712 1454 45 21 Emil
774 1453 81 26 Streng.
