1078 1692
208 134 22 18 10
436 134 23 18 U.
472 134 23 19 B.
507 144 23 4 —
541 134 64 24 Prop.
617 134 37 18 N:o
667 134 19 18 8.

184 192 33 20 ter
232 192 41 21 den
289 198 41 20 nya
346 191 188 27 skattläggningen
550 192 91 27 mången
656 192 84 21 enskild
756 192 110 26 lägenhets
882 191 58 22 skatt

184 225 70 21 blefve
272 226 146 26 väsendtligen
438 226 123 22 förändrad.
591 226 44 22 För
650 232 25 16 en
692 226 34 22 del
742 226 98 22 hemman
855 226 84 21 komme

184 259 90 21 sälunda
296 260 41 21 den
360 266 40 21 nya
418 260 164 27 beskattningen
597 262 33 20 att
645 260 97 21 medföra
757 266 25 16 en
798 260 82 27 ganska
894 262 45 19 stor

184 294 200 27 skatteförhöjning,
403 294 34 21 för
458 295 68 21 andra
545 294 46 22 åter
611 301 25 15 en
652 294 171 27 skattelindring.
853 294 33 21 Då
900 293 39 22 Ut-

184 327 81 21 skottet
287 328 119 21 emellertid
422 328 46 21 icke
487 328 76 22 tvekar
580 330 33 20 att
627 328 93 26 förorda,
736 330 32 19 att
783 328 40 21 den
839 328 100 21 framtida

181 361 214 27 jordbeskattningen
414 362 4 21 i
432 362 101 27 Wiborgs
548 362 35 22 län
596 362 55 22 skall
663 362 82 27 byggas
757 362 27 27 pä
796 362 68 21 denna
872 362 67 21 skatt-

183 395 108 27 läggning,
314 396 89 21 emedan
426 396 36 22 det
484 402 63 22 synes
567 396 110 22 Utskottet
696 402 46 15 som
758 402 50 15 vore
824 396 58 21 detta
898 396 41 21 den

183 430 55 20 enda
260 431 72 25 utväg,
351 432 31 19 att
396 431 63 20 vinna
475 436 24 15 en
516 431 115 21 rättvisare
646 430 121 26 fördelning
782 430 23 21 af
819 430 119 26 utskylder-

182 469 28 15 na
225 464 27 21 de
271 464 97 21 enskilda
383 464 153 22 kommunerna
552 464 39 22 och
607 464 153 27 lägenheterna
776 464 98 26 emellan,
890 470 47 15 men

182 497 111 21 Utskottet
314 498 70 21 tillika
399 504 69 20 anser,
489 500 31 19 att
539 498 41 22 den
596 498 98 22 enskilda
709 498 107 27 lägenhet,
832 503 45 15 som
893 504 45 15 mer

182 533 27 19 än
224 532 67 21 andra
306 532 84 21 komme
405 534 32 19 att
451 532 93 21 drabbas
560 532 23 21 af
597 539 26 15 en
639 532 174 26 skattestegring,
830 532 65 21 borde
907 532 30 20 ät-

182 566 106 21 minstone
310 566 34 21 för
366 566 68 27 någon
449 566 32 21 tid
497 566 83 22 erhålla
595 567 83 21 lättnad
693 567 7 20 i
716 566 129 26 utgörandet
860 566 22 20 af
896 566 41 20 den

182 599 69 22 ökade
266 600 91 26 skatten,
373 600 39 21 har
427 600 110 21 Utskottet
552 602 54 20 trott
621 601 33 26 sig
669 600 52 21 böra
736 600 86 26 föreslå,
833 602 32 19 att
876 600 61 21 Stän-

182 634 66 21 derna
269 634 51 21 ville
343 634 39 21 hos
404 634 59 21 Hans
482 634 122 27 Kejserliga
623 634 102 27 Majestät
740 634 69 22 uttala
824 634 36 21 det
875 634 62 21 önsk-

181 668 105 26 ningsmål
302 670 38 24 att,
357 668 38 21 der
410 668 40 22 den
466 675 40 21 nya
522 668 85 22 skatten
616 668 104 22 befunnes
732 668 47 22 med
792 674 45 15 mer
848 670 26 18 än
885 668 52 21 fem-

181 701 30 21 tio
233 704 89 24 procent
344 702 117 27 öfverstiga
479 703 26 21 de
525 703 122 21 nuvarande
663 702 138 27 utskylderne
817 702 46 20 från
879 702 57 20 hem-

181 738 79 24 manet,
291 735 58 22 Hans
380 736 121 27 Kejserliga
530 736 103 27 Majestät
661 737 51 20 ville
741 736 34 21 för
807 736 69 21 denna
906 736 30 20 lä-

183 770 79 26 genhet
277 770 108 27 medgifva
400 771 123 26 ytterligare
542 771 66 26 några
624 771 35 21 års
674 770 91 21 anstånd
780 770 48 21 med
840 770 96 21 skattens

182 804 120 26 utgörande
317 804 32 21 till
366 805 49 21 dess
430 804 53 22 fulla
498 805 84 26 belopp.

249 838 229 27 Frälselägenheterna
492 839 7 20 i
515 839 101 26 Wiborgs
632 839 40 26 län,
689 838 72 21 hvilka
776 838 77 21 hittills
868 838 68 26 erlagt

179 872 178 26 gärdehörmedel
370 873 32 20 till
426 875 31 19 ett
475 873 47 21 icke
542 873 61 26 ringa
618 873 84 26 belopp,
718 872 69 21 skulle
803 871 66 26 enligt
884 871 51 21 kun-

179 906 100 26 görelsen
298 906 23 21 af
339 907 40 20 den
402 907 28 21 26
444 907 103 21 Februari
565 907 54 21 1828
635 906 55 21 efter
706 907 41 20 den
762 912 41 21 nya
818 905 118 27 skattlägg-

179 940 90 26 ningens
288 940 112 22 införande
418 943 76 24 utgöra
509 941 76 21 endast
601 947 24 15 en
643 941 128 20 frälseränta
786 939 23 22 af
823 946 38 15 sex
876 939 60 21 mark

179 973 34 21 för
224 975 104 20 mantalet
340 977 56 18 samt
406 975 169 26 tiondespanmål
588 975 33 21 till
631 981 81 15 samma
722 975 76 26 belopp
806 979 45 16 som
860 973 76 21 krono-

179 1007 39 22 och
234 1008 178 22 skattehemman.
441 1003 30 27 År
488 1009 55 21 1882
554 1009 101 26 utgjorde
663 1008 180 27 gärdehömedlen
856 1019 25 3 —
894 1007 41 22 den

179 1041 46 21 från
246 1042 193 27 donationsgodsen
459 1043 106 26 utgående
585 1043 85 21 skatten
686 1043 74 20 dervid
776 1042 46 21 icke
838 1041 97 22 inberäk-

178 1076 42 20 nad
245 1088 25 3 —
292 1071 64 32 6,774
376 1077 59 21 mark
451 1077 13 21 4
479 1077 70 27 penni,
565 1077 76 21 medan
658 1077 26 20 de
700 1083 40 20 nya
754 1077 102 20 räntorna
869 1075 66 26 jemte

177 1109 78 22 krono-
278 1111 39 20 och
340 1111 160 21 tertialtionden
524 1111 120 21 emellertid
663 1110 47 21 icke
730 1109 70 22 skulle
820 1109 33 21 för
873 1109 63 21 dessa

178 1143 193 28 frälselägenheter
390 1145 55 26 stiga
464 1145 32 20 till
515 1151 45 14 mer
575 1147 27 18 än
617 1145 64 26 3,058
697 1144 61 21 mark
773 1144 14 21 2
802 1143 69 27 penni.
902 1143 33 21 Dä

178 1176 142 28 frälsejorden
336 1178 90 21 sälunda
444 1185 69 15 vunne
529 1185 25 15 en
571 1178 215 26 skattenedsättning,
801 1183 46 15 som
863 1177 27 26 pä
904 1177 30 21 in-

178 1212 32 20 tet
232 1213 43 20 sätt
294 1212 41 21 kan
354 1219 63 14 anses
432 1213 23 21 af
469 1213 163 21 förhällandena
647 1212 108 27 betingad,
771 1212 39 20 har
824 1211 111 22 Utskottet

178 1245 77 22 endast
277 1246 81 21 kunnat
380 1246 87 21 förorda
489 1247 60 20 bifall
573 1247 32 20 till
625 1247 41 20 den
682 1247 7 20 i
705 1245 159 28 propositionen
879 1245 56 21 före-

178 1279 75 27 slagna
276 1280 149 27 förhöjningen
444 1281 23 20 af
484 1281 143 21 frälseräntan
645 1281 33 20 till
694 1281 28 20 40
738 1279 60 22 mark
813 1279 33 21 för
861 1279 73 26 hvarje

177 1314 87 21 mantal.
298 1315 46 20 Den
364 1314 47 21 från
427 1315 142 27 nyssnämnda
585 1315 164 20 frälsehemman
766 1313 105 27 utgående
887 1315 47 18 rän-

176 1349 23 19 ta
218 1348 68 26 jemte
309 1349 79 26 tionde,
412 1349 69 21 skulle
501 1349 5 20 i
527 1349 69 21 denna
612 1349 102 20 händelse
734 1348 54 21 dock
806 1347 47 21 icke
868 1347 66 21 heller

177 1383 76 25 utgöra
269 1389 46 14 mer
329 1384 26 19 än
372 1383 63 26 5,777
451 1383 60 20 mark
526 1383 27 21 68
568 1383 73 26 penni.

246 1416 112 21 Utskottet
380 1416 33 21 får
435 1417 101 26 slutligen
559 1416 108 28 tillstyrka
685 1415 156 28 godkännande
857 1414 23 21 af
893 1415 40 21 den

245 1456 134 17 Statsutskottets
390 1457 104 16 betänkande
507 1457 34 16 N:o
555 1457 16 16 5.
