1078 1692
437 147 54 22 N:o
507 147 48 23 15.

398 429 65 21 Hans
483 429 145 27 Kejserliga
648 429 144 27 Majestäts
807 428 73 27 nådiga

329 464 126 26 proposition
479 463 29 21 till
537 464 93 21 Finlands
656 464 95 26 Ständer,
776 462 104 28 angående

330 498 72 27 anslag
418 498 29 20 till
463 498 214 27 jernvägsbyggnader
696 498 54 21 samt
766 498 57 21 vissa
837 497 41 21 för-

330 532 108 27 ändringar
462 533 4 20 i
491 532 180 28 bestämningarna
694 538 32 16 om
746 532 134 22 kommunika-

332 567 136 21 tionsfonden.

196 630 72 26 Enligt
284 630 25 21 de
325 630 32 21 för
371 630 262 26 jernvägsanlägeningen
648 630 48 20 frän
712 625 125 31 Östermyra
852 628 31 21 öf-

126 671 37 15 ver
185 664 76 21 Gamla
286 664 93 26 Karleby
403 664 32 20 till
458 664 111 26 Uleäborg
591 664 120 27 uppgjorda
733 663 150 22 kostnadsför-

127 699 46 27 slag
196 699 64 26 stiger
285 699 48 20 hela
356 698 91 27 utgiften
471 698 33 21 för
527 698 71 22 denna
622 699 56 21 bana
701 698 33 21 till
754 704 25 15 en
799 703 85 15 summa

128 734 514 20 MLL
674 733 125 26 19,840,000
815 728 69 36 mark.

196 768 59 20 Härä
272 768 39 20 har
328 767 48 21 frän
398 767 246 21 kommunikationsfon-

131 802 40 21 den
182 802 67 21 under
265 803 24 19 är
306 802 54 20 1884
370 802 143 20 utanordnats
533 802 113 25 4,500,000

131 836 39 21 och
193 838 24 19 är
238 836 33 21 för
290 836 24 21 är
333 837 53 20 1885
406 836 99 20 anvisadt
525 836 119 25 9,000,000,

131 871 51 20 eller
197 870 158 21 tillsammans.
387 887 4 4 .
423 887 5 3 .
459 887 4 3 .
495 886 4 4 .
532 887 4 3 .
567 887 4 4 .
604 887 3 4 .
640 887 3 3 .
676 870 125 25 13,500,000
817 869 68 20 mark.

198 910 128 21 Derutöfver
341 910 108 21 erfordras
466 909 65 22 alltså
569 927 4 4 .
605 927 4 4 .
641 927 4 4 .
690 911 112 25 6,340,000
818 909 68 25 mark,

131 945 51 20 eller
207 944 53 21 efter
286 945 75 26 afdrag
386 945 23 20 af
431 944 40 21 den
495 945 33 20 till
556 945 91 25 952,000

131 979 61 20 mark
210 979 121 21 beräknade
343 979 123 26 behällning
478 979 6 20 i
496 979 150 20 kommunika-

131 1013 137 21 tionsfonden
284 1013 34 21 vid
335 1014 53 20 1885
406 1013 34 21 års
457 1013 83 26 utgång
569 1030 4 3 .
605 1030 4 4 .
641 1030 4 4 .
690 1013 113 26 5,388,000
819 1012 67 25 mark,

132 1049 33 19 att
188 1047 52 26 utgä
264 1048 33 20 till
320 1049 68 19 större
411 1047 61 21 delen
497 1047 24 21 är
547 1049 60 24 1886,
626 1047 32 21 till
674 1053 26 15 en
715 1047 83 21 mindre
815 1046 33 21 del
864 1045 24 22 är

134 1082 59 25 1887,
210 1081 28 21 dä
253 1082 71 21 banan
339 1082 116 21 beräknats
472 1081 67 21 blifva
555 1082 130 21 fullbordad.

200 1116 10 21 I
233 1117 107 20 särskilda
362 1117 80 25 nådiga
459 1116 162 27 propositioner
635 1116 39 21 har
690 1116 60 21 Hans
765 1116 123 27 Kejserliga

132 1150 102 27 Majestät
256 1151 112 26 föreslagit
391 1151 122 21 Ständerna
531 1151 46 20 dels
594 1151 146 26 anläggandet
756 1151 23 20 af
792 1157 27 14 en
832 1150 57 27 jern-

132 1186 41 25 väg
196 1185 48 20 från
267 1185 99 26 Kaipiais
383 1185 58 21 öfver
458 1185 31 20 S:t
504 1185 78 21 Michel
598 1185 33 20 till
646 1185 92 26 Kuopio,
754 1185 34 21 för
802 1185 86 20 hvilken

133 1219 121 21 kostnaden
264 1219 70 21 blifvit
342 1219 167 27 approximativt
517 1219 112 21 beräknad
637 1219 32 21 till
686 1220 126 25 16,000,000
821 1219 67 24 mark,

134 1253 45 21 dels
201 1253 122 30 byggandet
346 1253 23 22 af
390 1260 26 14 en
439 1253 81 22 bandel
539 1253 48 22 från
603 1253 136 22 Nikolaistad
754 1254 34 21 till
803 1253 89 20 stadens

133 1289 56 25 yttre
203 1287 66 21 hamn
284 1287 36 21 vid
335 1288 94 25 Brändö,
446 1287 34 21 för
496 1293 26 15 en
534 1288 67 27 utgift
611 1288 24 21 af
648 1305 1 4 .
680 1305 4 4 .
715 1288 92 26 253,000
822 1287 70 21 mark.

108 1326 3 3 ;
201 1321 77 22 Derest
300 1322 63 21 dessa
385 1321 81 28 förslag
488 1321 67 22 vinna
578 1322 132 21 Ständernas
733 1321 158 28 godkännande

135 1356 39 21 och
197 1356 67 21 under
288 1356 122 27 antagande
431 1358 32 19 att
476 1356 118 27 jernvägen
610 1357 32 20 till
657 1357 83 26 Kuopio
757 1356 81 21 utföres
853 1362 39 14 un-

135 1390 38 21 der
189 1390 51 21 ären
257 1392 53 20 1887
318 1391 86 25 —1889,
420 1390 69 21 skulle
509 1391 65 20 alltsä
589 1391 57 20 inom
663 1391 25 20 de
704 1391 47 26 fyra
768 1391 50 21 ären
836 1391 54 20 1886

135 1425 85 20 —1889
248 1425 34 21 till
311 1425 165 26 ifrågavarande
499 1425 261 27 jernvägsanläggningar
785 1424 110 22 erfordras

135 1459 159 26 sammanlagdt
319 1476 5 4 .
356 1475 4 4 .
391 1475 4 4 .
428 1475 3 4 .
464 1475 4 4 .«
501 1475 4 4 .
537 1475 4 4 .
574 1476 4 4 .
610 1476 4 4 .
646 1476 4 4 .
680 1460 128 25 21,641,000
823 1458 69 21 mark.
