1078 1692
476 150 39 22 N:o
531 150 29 23 16.
831 152 30 20 21

139 220 78 28 fogden
232 221 33 21 för
281 222 31 20 att
327 228 75 21 genom
419 221 139 23 länsmannen
574 222 7 21 i
597 223 61 21 orten
674 224 51 20 utan
741 223 61 22 lösen
817 223 77 21 sökan-

140 255 41 21 den
196 255 115 21 tillställas.

485 290 12 28 8
514 291 33 21 10.

208 323 52 22 Tills
275 323 67 22 sädan
357 324 106 28 utsyning,
478 324 87 22 hvarom
581 325 7 21 i
603 325 179 29 nästföregäende
798 328 10 26 $
825 328 68 27 säges,

140 358 76 21 hunnit
231 358 44 27 ske,
292 357 35 23 mä
341 358 101 22 tillätelse
458 360 32 20 att
505 360 73 27 svedja
593 358 13 23 &
621 360 169 22 kronohemman
804 361 7 21 i
823 362 70 21 ofvan-

139 392 122 22 beskrifven
282 393 90 27 ordning
387 394 109 21 meddelas
512 394 23 21 af
549 394 111 22 Guvernör
675 395 33 21 för
724 395 63 28 högst
801 397 32 20 tre
849 396 24 21 är
888 396 7 21 i

141 427 84 27 sender,
246 426 90 24 säframt
358 428 47 28 den,
429 435 46 15 som
498 428 73 28 svedja
593 429 42 25 vill,
659 436 75 20 genom
751 430 58 22 bevis
825 430 22 22 af
861 429 34 23 tvä

141 468 56 28 gode
212 467 49 21 män
276 464 83 27 styrker
374 465 32 20 ait
422 463 39 22 den
472 463 33 22 för
516 464 127 28 svedjebruk
654 464 90 22 afsedda
755 465 67 26 mark,
833 466 61 21 hvars

141 503 89 27 gränser
246 500 40 22 och
300 496 118 31 ytinnehäll
433 498 53 21 böra
502 498 119 28 uppgifvas,
638 499 71 21 dertill
725 500 24 21 är
764 500 74 28 tjenlig
856 500 39 21 och

142 538 32 20 att
189 534 141 24 värdefullare
346 533 52 27 skog
414 539 76 21 genom
506 533 125 28 svedjandet
646 534 18 27 ej
680 534 69 22 fälles.

211 569 84 23 Sädane
311 568 53 28 gode
380 568 49 21 män
444 568 59 20 utses
519 568 24 20 af
555 568 157 22 Häradsrätten
727 569 7 21 i
750 570 60 21 orten
821 569 33 21 för
864 570 31 20 tre

142 606 24 21 år
182 605 8 21 i
206 604 82 24 sender,
304 602 28 30 pä
347 602 157 28 kronofogdens
519 602 88 28 förslag.

487 660 12 27 8
517 660 33 21 11.

212 701 111 22 Tillätelse
339 702 31 20 att
385 700 71 27 svedja
472 699 14 22 å
500 699 52 23 flere
568 700 124 28 lägenheter
708 702 132 27 gemensamt
855 701 42 21 till-

143 737 62 28 hörig
221 736 66 25 mark,
304 735 27 22 dä
346 734 69 28 nägon
431 735 22 21 af
467 735 64 21 dessa
547 736 24 20 är
587 735 22 21 af
623 735 138 26 krononatur,
774 734 37 23 mä
822 736 23 21 af
855 735 42 21 Gu-

143 772 77 21 vernör
242 770 110 22 meddelas
373 770 39 20 när
428 769 57 25 sved,
501 770 66 26 enligt
583 769 177 28 nästföregäende
777 772 74 20 tvenne
866 770 31 28 $$,

143 805 42 23 fått
206 805 94 22 brännas
322 804 13 22 &
355 804 92 24 marken,
464 804 46 22 ifall
526 804 40 21 den
582 804 82 22 tillhört
679 804 168 22 kronohemman
862 811 36 15 en-

144 840 72 21 skildt.

487 867 12 27 8
517 867 33 20 12.

213 909 80 21 Planer
315 907 33 22 för
370 905 135 30 hushällning
521 907 49 22 med
585 907 54 28 skog
654 907 12 22 &
681 903 113 30 bosfällen,
810 914 46 15 som
871 907 29 28 pä

145 943 69 28 grund
229 943 22 21 af
265 943 65 27 tjenst
344 941 95 26 besittas,
455 941 62 22 skola
533 941 7 21 i
555 942 42 21 den
608 949 48 15 mon
667 941 77 22 sädant
754 943 75 20 hinner
839 941 59 22 verk-

145 977 75 22 ställas
243 977 108 28 uppgöras
366 983 76 22 genom
457 976 156 25 forstmästare,
629 983 45 15 som
690 977 34 21 vid
740 977 58 28 dylik
813 976 86 21 förrätt-

145 1012 52 27 ning
219 1011 77 22 främst
310 1011 40 22 bör
365 1011 51 26 afse,
433 1012 32 20 att
480 1011 255 22 boställsinnehafvarens
752 1010 68 28 ärliga
835 1010 66 22 behof

146 1047 23 20 af
183 1045 115 28 skogsfäng
314 1046 40 21 och
368 1045 61 21 äfven
443 1045 50 21 bete
509 1045 174 22 tillfredsställes.
707 1045 77 22 Finnes
801 1044 12 22 å
823 1044 77 22 sådant

145 1080 93 22 boställe
260 1080 67 27 mark,
350 1086 46 15 som
419 1081 24 20 är
465 1079 76 28 tjenlig
556 1080 33 22 för
604 1080 133 27 anläggande
753 1080 23 21 af
790 1081 55 25 torp,
861 1079 40 21 bör

146 1115 70 22 denna
238 1115 60 20 mark
321 1113 55 22 ifrån
391 1113 80 28 skogen
487 1114 104 27 afskiljas.
621 1114 116 21 Likaledes
754 1113 34 22 må
803 1113 34 22 vid
852 1113 49 22 hus-

146 1148 199 29 hållningsplanens
360 1148 141 27 uppgörande
516 1149 68 25 mark,
600 1155 46 15 som
662 1155 66 21 egnar
743 1149 33 27 sig
792 1149 32 20 för
840 1147 60 22 sved-

143 1183 84 28 jebruk,
251 1183 97 27 afskiljas
370 1181 12 22 &
406 1181 81 23 sädana
510 1184 65 25 orter,
595 1183 36 22 der
646 1183 255 22 bostälisinnehafvarens

146 1218 53 21 eller
207 1217 13 22 ä
228 1217 101 22 bostället
336 1217 84 22 bosatte
429 1219 98 25 torpares
536 1217 136 28 hushållning
679 1217 64 22 beror
754 1217 23 22 af
786 1217 115 28 svedjande

146 1252 53 21 eller
220 1252 126 27 tillräckligt
370 1251 147 22 kreatursbete
541 1253 18 26 ej
583 1252 134 21 annorlunda
739 1251 43 22 kan
798 1250 102 27 erhållas;

145 1286 96 22 börande
256 1286 160 27 svedjemarken
432 1285 27 22 dä
472 1286 79 27 jemväl
567 1286 32 21 uti
613 1286 56 21 vissa
680 1285 120 29 ärshyggen
811 1285 89 22 indelas.

147 1321 75 22 Skulle
244 1320 123 22 äterstoden
390 1320 22 21 af
430 1320 80 27 skogen
527 1320 69 23 lemna
612 1321 64 27 högre
692 1319 166 28 ärsafkastning,
874 1320 27 21 än

146 1363 46 14 som
208 1357 118 20 motsvarar
341 1354 255 23 boställsinnehafvarens
611 1355 107 22 husbehof
731 1357 61 23 samt,
805 1354 46 21 ifall
862 1354 38 21 bo-

145 1390 73 21 stället
241 1391 23 20 är
287 1389 97 28 upplåtet
406 1389 22 21 ät
450 1389 143 28 kyrkoherde,
609 1389 99 28 kapellan
724 1389 53 22 eller
792 1388 108 27 klockare,

145 1424 101 22 behofret
262 1424 23 21 af
299 1424 57 21 virke
371 1424 33 21 för
420 1424 49 21 dess
484 1424 142 28 bebyggande
639 1424 40 22 och
689 1424 120 25 bättrande,
821 1423 80 28 åligger

145 1459 36 21 det
202 1459 231 28 förrättningsmannen
449 1461 32 20 att
495 1459 79 23 föreslä
589 1459 55 22 huru
658 1461 46 20 stor
719 1459 63 22 andel
798 1459 22 21 af
834 1458 66 22 öfver-
