1078 1692
213 136 42 21 116
406 134 23 23 U.
446 134 22 23 B.
486 149 28 2 —
530 136 61 28 Prop.
609 136 40 22 N:o
666 134 32 23 13.

182 200 43 22 och
247 200 148 23 Porsaskoski
416 201 60 23 bruk
497 204 59 20 samt
579 201 114 23 dessutom
714 200 67 23 invid
802 200 129 30 Jyväskylä

183 236 95 22 Kankas
297 237 162 29 pappersbruk,
479 237 90 23 hvilket
584 238 37 21 för
640 237 141 23 närvarande
796 237 114 22 utbetalar
924 237 8 21 i

183 272 239 29 transportkostnader
433 273 106 29 omkring
549 273 137 29 tjugutusen
695 273 66 22 mark
772 273 92 29 årligen,
873 272 59 22 Kos-

181 308 105 22 kensaari
299 308 111 30 jernbruk
424 309 8 21 i
447 309 134 29 Petäjävesi,
597 309 169 29 ångsnickeriet
778 309 8 21 i
796 308 134 30 Jyväskylä,

181 344 91 22 oafsedt
286 345 163 29 sågindustrin,
456 345 96 22 hvarom
566 346 80 28 längre
660 345 64 22 fram.
751 340 78 27 Äfven
842 344 42 22 här
898 346 34 21 så-

181 380 61 22 ledes
257 382 34 20 ett
306 380 102 30 afgjordt
422 381 113 22 företräde
550 381 35 22 för
599 381 131 29 Jyväskylä
743 381 82 22 banan.

251 417 21 23 4,
302 416 36 28 Af
350 417 72 22 städer
436 417 73 22 finnes
528 417 65 22 invid
612 416 320 30 Kuopio—Kaipiais-banan,

181 452 35 22 S:t
231 452 91 28 Michel,
336 452 40 23 vid
391 453 44 22 den
449 453 26 22 af
487 453 48 29 mig
550 453 130 30 föreslagna
694 452 137 30 Jyväskylä.
853 452 79 22 Såsom

181 488 104 22 trafikort
300 488 41 23 har
356 488 33 23 S:t
402 489 85 22 Michel
502 491 81 20 nästan
598 490 88 22 mindre
700 488 119 30 betydelse
830 491 29 19 än
870 489 62 21 män-

180 532 45 21 gen
245 526 72 20 större
337 525 112 29 kyrkoby,
464 525 43 22 och
526 526 77 28 någon
620 525 130 30 jemförelse
770 524 83 23 mellan
868 524 64 22 dessa

180 560 76 22 städer
275 560 9 22 i
302 561 100 23 nämnda
421 561 128 23 hänseende
569 561 46 23 kan
636 561 86 23 således
743 560 20 30 ej
786 560 42 23 alls
842 560 90 22 komma

182 596 8 22 i
205 596 71 29 fråga.

251 632 20 22 5.
302 632 12 21 I
329 632 106 22 afseende
453 634 14 20 &
485 632 263 29 anläggningskostnader
762 632 41 22 bör
817 632 115 28 iakttagas

181 670 35 20 att
227 668 107 22 sträckan
344 668 300 30 Pihlajavesi—Jyväskylä
651 669 49 21 förr
709 668 55 22 eller
775 675 78 15 senare
860 668 72 21 måste

181 704 91 22 komma
286 706 35 20 att
335 704 96 30 byggas,
442 708 69 19 ätven
521 712 37 15 om
568 705 75 22 banan
657 704 228 30 Kuopio—Kaipiais
896 705 36 20 ut-

181 739 60 22 föres
262 740 42 22 och
325 748 36 14 om
381 740 87 22 således
487 740 154 23 kostnaderna
655 740 35 22 för
706 740 75 22 denna
796 740 90 22 sträcka
900 746 31 15 nu

181 775 79 22 kunna
280 776 88 22 lemnas
388 784 28 14 ur
434 777 107 29 räkning,
557 779 58 19 samt
635 779 34 20 att
689 776 108 22 sträckan
811 776 120 29 Kuopio—

182 811 130 29 Jyväskylä
326 815 26 19 är
372 812 105 29 omkring
497 813 29 22 10
543 812 40 22 mil
598 813 90 21 kortare
703 816 30 18 än
747 812 106 22 sträckan
867 811 63 22 Kuo-

182 847 180 30 pio—Kaipiais,
378 847 89 22 hvilket
486 849 167 28 representerar
668 855 28 14 en
710 847 124 30 besparing
848 847 26 22 af
886 854 46 15 om-

182 882 69 30 kring
262 884 14 22 6
287 883 111 29 miljoner,
413 891 28 14 en
456 891 87 15 summa
557 891 48 15 som
621 883 125 30 ingalunda
761 883 36 22 får
807 891 64 14 anses
882 883 49 22 obe-

181 919 83 29 tydlig.
296 919 47 22 Och
363 919 74 22 denna
456 920 122 29 besparing
597 927 54 15 vore
666 919 20 29 ej
703 919 45 22 den
762 919 59 22 enda
834 918 98 30 möjliga,

181 961 49 15 som
244 962 33 15 nu
291 955 174 29 ifrågavarande
479 956 60 22 bana
553 955 76 22 kunde
639 955 103 22 medföra
752 955 83 22 landet.
853 954 79 22 Såsom

181 990 73 22 kändt
273 990 42 22 har
333 991 62 22 inom
415 991 135 30 regeringen
569 991 64 28 fråga
647 992 105 28 uppstått
767 998 36 15 om
821 990 111 23 kanalise-

181 1026 50 28 ring
246 1026 26 23 af
285 1026 125 29 Saarijärvi
425 1027 42 22 och
481 1027 148 30 Rautalampi
644 1027 144 28 vattendrag,
798 1026 89 23 hvilket
898 1026 33 22 fö-

181 1063 65 28 retag
262 1064 86 20 ansetts
363 1063 101 22 erfordra
479 1063 44 22 den
538 1063 120 30 betydliga
668 1062 128 23 kostnaden
805 1062 30 29 af,
846 1069 36 15 om
890 1061 42 30 jag

181 1097 20 30 ej
219 1098 144 23 missminner
378 1099 55 29 mig,
449 1099 97 29 ungefär
560 1099 47 22 fem
621 1098 111 30 miljoner.
764 1098 79 22 Skulle
857 1098 74 22 banan

180 1133 85 23 mellan
286 1134 130 29 Jyväskylä
435 1135 42 22 och
497 1135 92 29 Kuopio
609 1135 62 22 ledas
691 1135 30 27 så,
737 1136 34 20 att
786 1133 43 23 den
844 1134 88 22 komme

181 1171 35 20 att
236 1169 80 23 beröra
335 1171 99 22 nämnda
453 1171 144 28 vattendrag,
612 1172 24 20 så
655 1170 75 22 skulle
748 1170 38 22 väl
800 1169 81 30 frågan
896 1177 36 14 om

180 1205 184 30 kanaliseringen
385 1206 86 22 saklöst
490 1207 25 21 få
529 1206 93 23 förfalla
637 1206 43 22 och
694 1206 28 21 de
737 1205 135 29 ifrågasatta
886 1205 46 22 fem

181 1241 108 29 miljoner
303 1242 73 22 blifva
391 1242 130 29 disponibla
535 1243 35 21 för
585 1243 71 22 andra
671 1241 113 22 ändamål.

251 1279 19 20 6.
302 1278 12 21 I
330 1278 105 22 afseende
450 1280 14 21 å
479 1279 71 28 öfriga
565 1279 101 27 fördelar
681 1277 74 22 skulle
770 1277 8 22 i
793 1277 52 22 hela
859 1277 72 22 inlan-

181 1313 39 22 det
238 1321 29 14 en
285 1313 128 23 vidsträckt
427 1315 183 29 marknadsplats
625 1318 88 25 öppnas
728 1313 36 22 för
778 1313 155 30 produkterna

180 1349 27 22 af
219 1349 120 29 sydvestra
358 1350 111 23 Finlands
487 1350 42 28 och
544 1346 158 26 Österbottens
717 1349 99 22 industri
831 1349 42 22 och
888 1348 44 23 den

181 1380 185 27 Österbottniska
385 1386 176 29 befolkningens
580 1386 96 29 idoghet
698 1387 60 20 samt
778 1384 154 23 öfverhufvud

181 1420 220 23 affärsrelationerna
422 1422 84 22 mellan
529 1422 62 22 detta
616 1421 80 23 inland
719 1421 43 22 och
786 1420 146 22 förenämnde

181 1455 63 23 delar
259 1457 27 22 af
296 1457 80 22 landet
390 1458 71 22 vinna
475 1458 8 21 i
493 1458 85 29 styrka,
593 1457 128 30 hvarjemte
736 1456 130 30 personliga
876 1464 56 14 sam-

179 1491 102 23 färdseln
296 1492 42 23 och
353 1493 136 30 beröringen
503 1493 170 23 landsdelarnes
687 1493 138 22 innevånare
836 1492 97 23 emellan

255 1535 198 26 Jernvägsutskottets
469 1536 116 22 betänkande
600 1537 37 20 N:o
653 1537 18 20 1.
