1078 1692
316 157 79 23 Ständ.
412 157 37 23 Sv.
466 168 25 4 —
507 157 70 27 Prop.
593 156 40 22 N:o
648 156 33 22 13.
843 156 13 21 3

135 220 138 28 sträckning
294 227 84 21 genom
401 220 46 21 den
469 222 74 19 tätare
558 219 124 22 befolkade
697 219 131 29 Kymmene
844 219 41 21 elf-

135 256 75 26 dalen,
226 254 44 21 och
285 254 103 22 kommer
404 254 116 21 derunder
534 254 90 28 ganska
639 257 56 18 nära
710 256 36 19 tre
762 255 73 20 större
850 253 34 21 in-

135 289 123 23 dustriella
280 289 157 28 inrättningar
457 290 60 20 samt
531 288 56 21 flere
602 288 37 21 för
652 295 48 21 nya
715 288 171 28 anläggningar

135 323 113 29 lämpliga
262 323 130 21 vattenfall.
422 322 127 22 Afständet
563 322 38 21 till
615 322 80 21 Kotka
705 322 71 22 hamn
786 326 25 17 är
821 322 66 21 öfver

137 358 109 22 Kouvola
262 358 26 21 17
304 359 64 20 verst
389 357 100 26 kortare,
510 360 29 18 än
554 356 66 22 öfver
634 356 116 29 Kaipiais.
778 357 35 21 De
829 356 60 29 skäl,

137 399 50 15 som
203 391 47 21 tala
265 392 36 21 för
315 391 74 21 linien
406 391 34 21 S:t
465 386 90 38 Michel
560 391 120 21 -Kouvola
695 391 81 21 kunna
786 390 102 22 emeller-

137 426 37 22 tid
188 426 92 21 komma
294 425 75 22 under
387 425 94 29 allsidig
503 426 112 28 pröfning
629 426 59 21 först
702 426 73 21 sedan
790 427 98 26 utrönts,

137 460 117 22 huruvida
275 460 53 22 icke
351 460 150 21 oförutsedda
524 460 145 28 svärigheter
691 460 113 28 möjligen
826 461 62 20 möta

138 495 53 21 dess
207 494 130 22 utförande.

204 528 80 23 Såsom
291 528 74 22 motiv
372 529 50 21 åter
430 528 36 22 för
474 528 172 22 ofvannämnda
655 528 140 22 alternativa
803 528 87 22 sträck-

139 563 60 28 ning
220 563 53 21 från
292 562 94 29 Kuopio
409 562 90 22 direkte
522 563 38 21 till
574 562 84 22 Iisvesi
674 562 47 22 kan
737 562 92 22 anföras
845 562 46 22 den

141 600 62 18 stora
217 597 113 27 fördelan,
346 599 35 19 att
396 597 134 28 derigenom
545 597 46 21 den
607 599 12 20 6
634 599 63 19 verst
707 597 71 28 långa
787 597 105 21 bibanan

140 632 53 21 från
209 631 143 29 Suonenjoki
367 631 38 21 till
420 631 89 27 Iisvesi,
526 638 49 14 som
585 631 125 21 beräknats
720 631 68 21 kosta
798 632 94 27 307,600

141 666 67 21 mark
223 666 43 20 och
281 665 96 22 hvilken
392 666 78 20 bletve
486 665 89 29 ganska
597 665 114 28 obegväm
726 668 35 18 att
776 665 114 28 trafikera,

141 699 76 22 skulle
232 700 118 21 bortfalla.

210 734 70 21 Hvad
295 734 71 21 sedan
380 734 111 21 beträffar
506 734 236 28 byggnadssystemet
757 734 42 21 vid
808 734 85 28 ifräga-

143 768 101 21 varande
258 768 264 28 jernvägsanläggning,
538 768 71 21 hafva
624 768 131 22 Ständerna
768 768 8 22 i
786 768 46 22 allo
848 776 46 14 om-

143 802 70 22 fattat
227 802 46 22 den
287 802 87 28 nädiga
388 802 188 28 propositionens
592 802 88 28 förslag
695 803 84 26 derom,
790 804 35 20 att
836 810 58 14 sam-

143 843 38 14 ma
196 838 86 26 system
298 836 43 21 och
356 836 123 28 principer,
495 843 50 14 som
561 836 25 21 af
595 836 129 22 Ständerna
734 837 115 21 faststälts
860 837 34 20 för

117 897 2 3 *
143 870 72 22 Wasa
230 869 44 22 och
288 870 130 28 Uleåborgs
435 870 257 29 jernvägsbyggnader,
708 871 70 21 äfven
792 871 42 21 vid
850 871 45 21 den

144 904 121 22 blifvande
274 904 78 21 banan
362 905 38 20 till
407 905 94 28 Kuopio
510 905 71 21 borde
590 905 92 21 komma
690 905 37 21 till
736 905 158 28 användning.

218 939 38 20 En
278 939 102 21 särdeles
402 939 120 28 väsentlig
544 939 170 28 förutsättning
736 940 36 21 för
794 939 101 22 nämnda

145 973 212 28 byggnadssystem
373 977 24 17 är
412 981 29 13 en
456 973 137 22 modererad
612 973 155 29 farhastighet
783 974 13 21 å
811 974 84 21 banan.

144 1007 12 21 I
171 1007 162 28 föreliggande
356 1008 87 28 nädiga
465 1008 147 28 proposition
634 1008 96 21 föresläs
748 1008 146 28 visserligen,

145 1043 35 20 att
196 1041 45 21 den
255 1041 37 21 för
307 1042 182 21 österbottniska
511 1042 78 21 banan
608 1042 120 22 bestämda
742 1042 155 29 farhastighe-

146 1077 41 19 ten
203 1075 25 21 af
240 1076 43 27 21/,
298 1076 41 21 mil
354 1076 8 21 i
377 1076 96 21 timmen
489 1077 76 21 skulle
580 1077 8 20 i
603 1077 92 28 princip
711 1077 136 27 bibehållas,
863 1077 34 21 sä-

144 1109 40 22 väl
199 1110 14 21 &
228 1109 172 22 ofvannämnda
414 1111 73 21 banor
503 1118 48 14 som
556 1105 13 39 ä
585 1118 32 14 nu
632 1111 132 29 föreslagna
774 1111 124 29 Kuopio—

149 1144 34 21 S:t
206 1144 118 21 Michels-
336 1140 105 39 Kaipiais
464 1145 85 21 banan.
580 1145 86 22 Dertill
687 1149 67 25 göres
777 1145 60 22 dock
859 1146 39 21 det

145 1177 91 29 tillägg,
253 1180 35 19 att
302 1179 30 21 dä
347 1179 194 28 kombineringen
557 1179 25 22 af
594 1179 119 29 bantägen
725 1181 13 20 ä
748 1180 47 21 den
805 1187 44 14 ena
859 1180 39 21 ba-

145 1219 48 14 nan
207 1212 52 21 med
274 1213 72 28 tägen
361 1213 13 21 &
389 1221 30 13 en
434 1221 78 13 annan
526 1213 62 22 bana
602 1214 8 21 i
622 1214 163 21 samfärdselns
800 1215 99 20 intresse

146 1246 83 21 sädant
244 1246 116 27 fordrade,
371 1248 13 21 &
397 1247 241 29 jernvägsstyrelsens
653 1248 112 29 pröfning
781 1249 62 28 finge
860 1256 39 13 an-

146 1280 92 21 komma
253 1282 35 19 att
303 1281 45 21 öka
364 1281 75 22 denna
454 1282 121 28 hastighet
591 1282 62 21 ända
667 1283 38 20 till
720 1285 36 18 tre
771 1283 42 21 mil
828 1282 9 21 i
846 1283 52 20 tim-

146 1321 60 19 men,
228 1314 36 21 för
287 1314 59 22 lätta
368 1317 203 27 passagerare-täg
585 1317 8 20 i
608 1317 71 28 plana
698 1317 65 21 delar
778 1317 26 22 af
815 1317 85 27 banan,

148 1348 41 21 der
204 1348 73 24 dessa.
288 1349 142 22 förekomma
445 1351 8 20 i
469 1351 80 28 längre
572 1351 171 28 utsträckning,
760 1353 34 19 ett
809 1350 91 29 tillägg,

147 1389 48 14 som
211 1383 138 28 antagligen
364 1383 75 22 skulle
455 1384 71 22 hafva
541 1384 38 21 till
593 1385 59 28 följd
668 1387 34 19 ett
718 1385 91 22 ökande
820 1385 25 21 af
855 1392 46 13 me-

147 1415 189 30 delhastigheten
352 1418 13 21 &
380 1417 28 22 de
424 1418 77 21 skilda
516 1418 111 22 banorna.

216 1451 132 22 Ständerna
370 1452 70 21 hafva
462 1452 39 21 väl
523 1453 80 21 funnit
619 1455 33 19 att
668 1453 39 21 det
722 1453 8 21 i
746 1453 44 22 och
805 1453 53 22 med
874 1459 29 15 en
