1078 1692
203 126 13 21 6
515 127 34 21 N:o
566 127 21 22 6.

176 196 77 20 männa
276 195 78 21 besvär
376 196 39 20 och
433 196 140 22 kommunala
589 197 92 27 utlagor,
698 203 46 15 som
760 196 55 22 efter
830 196 104 22 mantalet

174 231 96 25 utgöras.

245 264 50 21 Med
311 264 137 22 vidhållande
464 265 23 21 af
501 266 41 20 den
557 266 140 20 härförinnan
708 266 129 20 framstälda
854 265 79 27 grund-

173 299 62 20 valen
258 298 34 21 för
315 299 278 27 rustningsskyldighetens
612 299 123 28 aflyftande,
752 300 40 20 har
807 300 60 21 Hans
883 300 50 26 Kej-

174 333 80 26 serliga
277 333 109 27 Majestät,
411 334 133 21 beträffande
568 334 60 22 såväl
652 335 70 20 denna
737 334 62 26 fråga
815 340 45 15 som
876 336 57 20 rote-

174 367 121 21 vakansens
319 368 145 27 upphörande,
488 369 64 26 velat,
576 369 28 27 på
619 370 7 20 i
643 369 66 27 öfrigt
725 369 91 21 anförda
832 369 100 26 grunder,

174 402 39 20 hos
230 401 122 23 Ständerna
367 403 89 21 föreslå:

248 439 32 18 att
296 437 48 21 med
353 438 151 26 upphäfvande
513 438 23 20 af
543 438 264 26 rustningsskyldigheten
817 438 38 21 och
867 438 66 21 sedan

175 471 156 27 nedskattning
346 472 24 20 af
384 472 131 21 rusthållens
532 472 104 22 skattetal
647 473 6 20 i
665 472 207 21 ofvanomförmälda
883 472 50 21 ord-

175 506 51 26 ning
250 506 107 26 afslutats,
381 507 26 21 de
430 507 120 21 rusthållen
567 508 103 26 anslagna
686 509 123 24 augments-
825 507 38 21 och
878 513 55 20 egna

173 542 75 20 räntor
264 540 76 28 återgå
356 542 32 20 till
404 542 82 20 kronan
503 542 97 25 sålunda,
617 544 32 19 att
662 542 67 26 jemte
745 542 41 20 den
801 542 33 20 del
847 541 22 21 af
878 542 54 25 dem,

174 581 45 15 som
244 577 121 19 motsvarar
384 576 41 20 den
441 576 124 21 nuvarande
581 576 224 25 rusthållsvakansen,
823 576 109 21 beräknad

173 609 35 21 för
220 610 73 26 hvarje
310 610 91 21 rusthåll
417 611 32 21 till
467 613 26 19 44
511 612 141 26 skatterubel,
669 611 53 21 eller
738 611 40 21 ock
795 611 36 20 det
848 611 84 26 belopp,

174 644 103 24 hvilket,
274 640 12 37 i
293 645 102 21 bändelse
419 645 121 27 föreslagen
562 646 296 26 räntepersedelomsättning
873 645 60 21 kom-

173 685 46 15 mer
239 679 33 21 till
290 680 69 25 stånd,
376 680 6 20 i
399 680 94 26 enlighet
509 680 88 21 dermed
613 683 122 18 motsvarar
751 680 181 26 vakansafgiften,

174 716 76 24 genast
266 714 23 20 af
304 714 36 21 det
356 714 175 28 öfverskjutande
543 715 102 27 beloppet
656 716 101 24 indrages
769 721 25 14 en
806 714 126 21 femtionde-

174 748 34 20 del
232 748 39 21 och
294 749 94 21 derefter
412 756 24 14 en
461 749 152 21 femtiondedel
638 749 83 26 årligen
738 749 56 21 intill
810 749 49 21 dess
877 749 55 21 efter

173 782 75 21 femtio
265 783 35 21 års
317 784 32 20 tid
365 784 48 20 hela
429 784 102 26 beloppet
546 784 76 26 ingått,
639 784 69 21 under
724 784 139 25 iakttagande
879 784 6 20 i
902 783 31 21 öf-

175 818 43 24 rigt
242 818 22 20 af
287 818 55 20 hvad
360 818 68 20 nedan
445 819 87 25 intagna
548 818 83 27 förslag
646 818 34 21 till
696 818 129 26 författning
840 818 6 20 i
862 819 71 19 ämnet

175 851 125 22 innehåller.

248 886 83 21 Värdet
346 887 23 21 af
384 887 40 21 den
441 887 102 26 eftergift,
560 893 45 15 som
622 887 141 21 förenämnda
779 887 81 25 förslag
875 886 59 21 inne-

174 920 45 26 bär,
237 921 72 20 kunde
326 922 118 20 emellertid
461 921 86 21 komma
563 921 26 21 de
600 915 124 27 nuvarande
736 921 165 21 innehafvarene
913 920 23 21 af

175 955 119 21 rusthållen
318 956 28 27 på
369 958 31 19 ett
423 957 134 20 omedelbart
580 957 38 20 och
638 962 60 15 mera
714 955 109 22 verksamt
839 957 44 18 sätt
899 955 33 20 till

173 990 63 25 godo,
253 990 4 20 j
276 990 102 21 händelse
403 991 221 26 rustningsräntorna,
643 990 56 21 efter
715 991 37 20 det
768 989 165 22 skatteförmed-

174 1024 45 26 ling
235 1024 123 27 försiggått,
380 1027 77 24 genast
472 1025 33 21 till
521 1025 54 21 fulla
591 1025 102 26 beloppet
710 1025 107 26 indroges,
835 1026 56 19 emot
908 1029 24 15 en

175 1059 112 26 samtidigt
303 1059 33 21 till
352 1059 272 21 rusthållsinnehafvarene
641 1059 75 26 erlagd
732 1059 120 26 ersättning
863 1059 7 20 i
882 1064 51 21 pen-

174 1093 82 26 ningar,
281 1094 150 21 motsvarande
448 1095 6 20 i
471 1094 82 27 kapital
577 1094 40 21 den
641 1093 80 21 förlust
737 1093 82 20 kronan
837 1093 31 20 får
885 1092 45 20 vid-

173 1127 83 21 kännas
288 1134 76 19 genom
396 1129 227 26 rustningsräntornas
649 1128 123 20 successiva
798 1127 135 26 indragning.

175 1161 75 27 Enligt
272 1163 86 20 anstäld
382 1163 119 26 beräkning
524 1163 85 20 komme
632 1163 71 20 denna
728 1162 127 25 ersättning,
880 1161 54 21 efter

173 1195 43 22 fem
232 1200 96 23 procent,
345 1199 32 18 att
392 1197 73 26 uppgå
480 1197 33 20 till
531 1198 62 22 1,250
608 1197 62 20 mark
687 1196 33 21 för
735 1197 74 25 hvarje
823 1197 39 20 100
873 1195 61 21 mark

174 1231 6 20 i
198 1231 65 20 skatt.
288 1231 110 21 Ehuruväl
415 1232 102 26 beloppet
533 1231 23 21 af
570 1232 64 20 dessa
650 1231 153 26 ersättningar,
817 1231 69 20 såsom
899 1229 35 21 be-

173 1266 79 20 roende
276 1266 24 20 af
322 1266 131 21 rusthållens
477 1266 89 27 möjliga
586 1265 162 26 nedskattning,
765 1265 46 21 icke
828 1265 41 20 kan
885 1265 49 20 med

174 1300 137 25 noggranhet
333 1301 27 26 på
383 1300 91 21 förhand
498 1301 137 25 bestämmas,
660 1300 72 20 utvisa
756 1299 55 21 dock
833 1299 100 20 anstälda

171 1334 155 27 beräkningar,
343 1336 31 19 att
390 1335 38 20 det
443 1335 162 26 sammanlagda
621 1335 103 26 beloppet
739 1333 23 22 af
776 1334 109 20 desamma
901 1333 33 20 för

174 1369 102 26 samtliga
292 1369 119 21 rusthållen
428 1369 85 21 komme
529 1371 32 19 att
577 1369 73 27 uppgå
666 1369 34 20 till
712 1369 33 26 sju
757 1367 12 22 å
780 1369 45 20 åtta
836 1367 99 26 miljoner

173 1403 68 20 mark.
273 1403 33 21 De
328 1403 73 21 härtill
426 1403 143 26 erforderliga
585 1404 84 20 medlen
686 1403 70 20 skulle
772 1404 45 19 mot
833 1401 102 21 Ständer-

171 1443 39 14 nas
233 1439 86 24 garanti
344 1444 77 21 genom
439 1438 123 27 Styrelsens
579 1437 173 22 föranstaltande
768 1436 108 21 anskaffas
892 1442 43 15 me-
