1078 1692
186 153 13 20 6
290 152 80 23 Ständ.
387 153 39 23 Sv.
441 166 28 3 —
488 154 72 27 Prop.
575 153 62 22 N:ris
652 152 28 22 16
695 152 44 22 och
754 152 34 22 37.

168 214 9 22 i
193 214 72 29 sagda
286 216 48 28 lag)
354 216 73 28 jemte
449 216 40 22 det
511 217 73 22 andra
605 218 128 20 momentet
757 218 90 19 ansetts
864 216 59 21 böra

167 248 147 30 förtydligas.

236 285 28 26 88
280 286 13 20 9
310 284 43 22 och
377 286 26 21 10
422 287 117 19 motsvara
554 286 28 26 $$
597 286 13 20 8
626 285 44 21 och
686 286 12 20 9
714 284 8 22 i
737 284 183 29 propositionen.

237 313 79 27 Äfven
324 319 30 27 i8
364 320 69 20 10uti
443 319 183 29 propositionen,
638 326 48 14 som
696 322 129 18 motsvaras
837 319 24 21 af
869 320 13 26 $
895 320 25 20 11

168 352 9 21 i
193 352 45 21 den
254 352 26 21 af
293 353 131 21 Ständerna
439 356 104 26 antagna
557 354 76 28 lagen,
649 354 71 20 hafva
732 353 130 21 Ständerna
870 353 52 21 fun-

169 386 36 21 nit
226 386 40 22 det
280 386 58 22 böra
352 391 68 25 göras
435 388 124 28 tydligare,
577 390 34 19 att
633 388 63 21 hvad
715 388 41 20 der
778 388 94 28 stadgas
890 387 33 21 af-

169 428 37 14 ser
226 421 61 21 blott
302 422 90 27 sådana,
407 422 8 21 i
426 422 194 29 nästföregående
631 424 14 25 8
656 422 139 22 omnämnda
805 422 118 21 öfverens-

169 454 143 29 kommelser,
336 463 49 14 som
407 464 68 20 egare
499 457 25 21 af
543 456 56 22 flera
621 456 137 28 lägenheter
780 456 69 21 träffa
870 455 53 22 med

169 488 133 23 hvarandra
317 490 8 21 i
340 490 109 22 afseende
469 491 12 21 å
497 491 28 21 de
544 490 167 29 lägenheterna
728 490 141 22 tillhörande
886 497 39 13 en-

169 522 77 22 skilda
261 524 127 28 skogarnes
404 525 115 21 ställande
535 525 74 21 under
624 532 133 21 gemensam
772 524 151 28 förvaltning,

169 557 95 22 hvarför
286 560 48 26 S:ns
357 559 83 28 början
466 559 207 28 hufvudsakligast
692 559 8 21 i
720 559 65 21 detta
800 558 61 28 syfte
877 565 47 15 om-

169 592 156 23 formulerats.

238 628 13 26 $
268 627 26 21 12
309 629 129 20 motsvarar
453 630 13 24 &
484 629 24 20 11
525 628 8 21 i
548 628 184 28 propositionen.

238 662 13 26 8
268 662 26 21 13
310 661 217 22 öfverensstämmer
543 662 53 21 med
604 664 13 25 8
626 663 26 20 12i
676 662 183 28 propositionen,
869 661 54 21 med

168 694 123 29 undantag
313 696 26 20 af
359 698 35 19 att
417 696 39 21 det
471 696 8 21 i
494 696 62 22 förra
570 698 127 19 momentet
714 696 24 21 af
752 696 143 21 sistnämnda
910 696 14 26 8

168 728 190 23 förekommande
374 730 66 22 ordet
451 730 154 29 ,skogspark*
616 732 88 20 ansetts
712 730 146 28 lämpligtvis
866 730 58 21 böra

168 762 98 28 utbytas
281 766 49 18 mot
345 764 67 22 ordet
428 765 161 28 ,trädgrupp*.

237 797 36 21 De
289 798 57 26 skäl,
363 806 49 14 som
422 799 117 21 föranledt
546 798 161 22 uteslutandet
718 799 28 26 18
756 799 26 21 14
791 799 26 21 af
824 798 100 22 bestäm-

168 831 90 28 ningen
281 839 37 14 om
341 832 39 21 det
403 834 65 20 antal
483 834 96 26 fröträd,
595 840 49 14 som
659 833 41 21 vid
715 833 141 28 afverkning
870 833 9 20 i
894 833 29 21 de

168 865 42 21 der
232 867 140 21 omnämnda
389 867 72 22 fallen
476 867 72 22 borde
564 868 30 27 pä
609 867 141 21 tunnlandet
769 867 153 28 gvarlemnas,

168 899 71 22 hafva
254 900 73 21 redan
342 901 121 21 ofvanföre
479 901 146 22 framhällits.

237 935 13 26 $
268 935 27 21 15
311 938 25 18 är
351 935 152 28 likalydande
518 936 53 21 med
587 937 12 26 $
617 937 26 20 13
658 935 7 21 i
681 935 183 28 propositionen.

237 970 13 25 $
267 970 27 21 16
309 971 130 20 motsvarar
454 972 13 25 &
484 970 39 21 15i
533 969 183 29 propositionen,
733 969 53 21 med
794 969 27 21 de
831 969 91 22 ändrin-

168 1009 43 21 gar
225 1003 8 21 i
250 1003 40 21 det
305 1011 81 14 senare
402 1006 133 24 momentet,
545 1006 35 19 att
590 1004 38 21 till
636 1003 119 22 derstädes
770 1003 153 28 uppräknade

168 1036 52 29 slag
234 1037 27 21 af
274 1037 149 28 skogsalster,
439 1045 49 14 som
503 1038 44 22 äbo
564 1039 13 20 å
592 1037 182 22 kronohemman
797 1037 128 29 berättigas

168 1073 36 19 att
218 1073 59 19 utan
292 1072 80 21 vidare
388 1072 157 29 tillgodogöra
570 1072 43 28 sig,
636 1072 61 28 lagts
718 1071 83 27 kottar,
818 1075 55 18 enär
888 1072 36 21 in-

168 1105 132 22 samlandet
315 1106 26 21 af
354 1105 82 29 dylika
451 1107 36 20 för
502 1106 133 28 klängning
650 1105 26 22 af
689 1105 107 28 skogsfrö
807 1109 26 18 är
843 1113 29 14 en
882 1110 42 17 nä-

167 1139 61 28 ring,
244 1141 36 20 för
295 1140 93 21 hvilket
401 1141 73 28 nägot
491 1141 84 21 hinder
590 1140 51 21 icke
658 1139 42 22 bör
717 1139 82 28 läggas
815 1142 59 19 samt
889 1142 36 19 att

167 1173 39 22 till
226 1173 120 22 vinnande
362 1175 26 20 af
401 1175 73 28 nödig
491 1175 120 28 tydlighet
633 1176 128 20 momentet
776 1174 69 21 äfven
862 1174 8 21 i
889 1175 34 20 öf-

168 1208 49 28 rigt
231 1209 195 27 omformulerats,
449 1209 128 28 hvarjemte
599 1209 39 21 det
653 1209 8 20 i
678 1208 52 21 dess
745 1208 48 21 slut
807 1209 117 27 ingäende

168 1242 112 21 förbudet
295 1243 37 20 för
347 1242 154 23 innehafvare
517 1243 26 21 af
556 1243 182 21 kronohemman
749 1245 41 24 att,
800 1243 37 20 för
847 1242 78 22 sävidt

168 1277 86 21 sådant
270 1277 52 20 icke
337 1277 64 21 förut
416 1278 9 21 i
438 1279 37 26 S:n
488 1277 143 29 medgifvits,
647 1277 53 22 från
715 1277 141 28 lägenheten
867 1280 59 19 utan

167 1310 112 29 behörigt
293 1311 109 22 tillstånd
417 1312 101 29 försälja,
535 1313 24 20 åt
575 1319 77 14 annan
668 1312 98 28 upplåta
780 1312 57 21 eller
852 1313 73 20 afföra

168 1345 145 28 skogsalster
327 1346 129 21 utsträckts
472 1347 69 20 äfven
553 1347 38 20 till
605 1346 183 29 tillverkningar
803 1346 27 21 af
843 1346 57 23 dem.

237 1381 29 26 $$
283 1381 25 20 17
325 1379 44 22 och
385 1381 27 21 18
427 1383 118 19 motsvara
555 1383 27 25 $$
599 1382 25 21 16
633 1381 45 21 och
691 1382 23 20 17
725 1380 9 21 i
741 1380 183 29 propositionen.

237 1415 13 26 8
268 1415 26 21 19
309 1414 132 22 innehäller
456 1415 28 21 de
497 1415 183 28 bestämningar,
695 1422 49 14 som
759 1415 142 22 förekomma
916 1416 9 21 i

167 1449 14 25 $
199 1449 25 21 18
240 1448 28 21 af
280 1448 184 29 propositionen,
480 1449 61 22 dock
555 1449 53 22 med
624 1450 64 21 vissa
704 1449 127 28 ändringar
846 1449 26 21 af
885 1450 39 21 de-
