1078 1692
328 161 82 23 Ständ.
426 162 37 22 Sv.
481 174 25 4 —
523 162 70 27 Prop.
611 161 40 22 N:o
666 161 21 22 4.
828 162 25 20 17

196 224 58 21 Från
276 230 62 15 mom.
354 224 28 21 D.
399 224 40 22 har
453 224 165 27 bestämningen
634 224 60 27 ,,'/190
710 224 105 26 kilogram
830 223 51 21 eller

128 260 27 20 10
170 264 61 21 gram
253 258 70 22 kallas
342 260 30 19 ett
391 258 34 21 lod
440 258 131 28 (metriskt)
587 258 104 21 likaledes
714 257 121 27 föreslagits
851 258 31 20 att

127 288 114 37 uteslutas.
762 294 4 3 N

199 329 10 24 8
230 326 13 22 5
262 326 40 21 har
322 326 80 28 jemväl
422 326 25 21 af
463 326 91 22 Ständet
569 326 108 27 godkänts
693 326 49 21 med
757 332 82 15 samma
853 325 30 28 ly-

128 361 67 25 delse,
211 367 46 15 som
272 360 158 28 Ridderskapet
446 360 40 22 och
501 360 68 22 Adeln
585 360 118 27 föreslagit,
719 360 55 21 dock
790 360 49 20 med
851 360 32 20 sä-

127 396 58 20 dant
200 394 75 27 tillägg
290 396 33 20 att
339 396 60 20 utom
414 395 26 21 de
456 395 69 21 under
539 401 66 15 mom.
620 394 31 21 III
665 394 7 21 i
688 395 73 20 denna
771 395 10 26 $
790 393 94 28 uppräk-

131 429 57 21 nade
203 429 75 27 vigter,
295 435 45 15 som
356 429 56 27 finge
426 429 94 27 justeras
536 429 40 21 och
592 428 110 28 stämplas,
718 428 24 22 af
755 428 91 22 Ständet
856 428 28 21 äf-

130 469 42 16 ven
188 462 111 28 upptagits
316 464 40 20 100
371 463 112 27 kilogram.

201 498 11 26 $
229 498 26 20 12
270 497 40 21 har
323 497 91 21 Ständet
429 498 7 20 i
453 497 64 27 öfrigt
531 497 97 27 godkänt
643 497 7 21 i
665 496 220 23 öfverensstämmelse

132 531 49 21 med
197 531 159 27 Ridderskapet
376 532 40 21 och
431 532 80 21 Adelns
526 531 146 27 formulering,
688 533 60 19 utom
763 533 33 19 att
810 536 75 16 senare

132 572 65 15 mom.
220 567 82 19 ansetts
325 566 53 21 böra
392 566 83 21 erhälla
489 566 92 27 ungefär
600 566 96 27 följande
711 565 130 21 förändrade
856 564 30 28 ly-

129 600 74 20 delse:
227 617 4 9 ,
234 600 75 26 böter,
332 607 45 14 som
400 600 67 26 enligt
489 601 71 20 denna
575 600 126 27 förordning
716 600 94 26 ädömas,
826 598 61 22 skola

133 633 95 22 fördelas
250 634 47 25 och,
318 634 38 21 der
375 635 27 20 de
417 634 18 28 ej
453 634 23 21 af
490 635 41 20 den
546 634 98 21 sakfälde
659 634 74 21 kunna
748 633 81 28 gäldas,
845 632 43 22 för-

129 674 70 15 'sonas
222 668 28 27 pä
273 669 43 20 sätt
339 675 34 14 om
391 668 118 22 vitesböter
524 669 25 21 är
564 668 53 22 eller
632 668 115 21 framdeles
762 668 43 21 kan
821 667 67 21 varda

133 702 123 27 stadgadt.''

204 737 13 25 8
242 737 25 21 17
284 736 40 21 har
342 736 24 21 af
379 736 92 22 Ständet
486 736 107 28 godkänts
607 736 8 20 i
631 736 63 27 öfrigt
709 736 67 27 enligt
791 735 97 28 proposi-

134 770 82 25 tionen,
238 772 61 19 utom
319 772 33 19 att
373 772 67 20 orden
465 787 4 11 ,
472 770 85 26 mellan
580 770 110 22 enskilda
710 770 8 20 i
738 770 68 21 andra
821 770 67 20 raden

135 804 102 27 uppifrän
252 806 83 19 ansetts
350 804 52 22 böra
417 805 58 27 utgä.

205 838 161 21 Bondeständet
394 839 39 21 har
456 839 97 26 godkänt
576 838 257 27 detaljbestämningarne
858 836 31 21 uti

135 871 166 28 ifrägavarande
323 872 221 28 författningsförslag
565 873 8 20 i
589 872 94 27 enlighet
698 873 49 20 med
762 870 128 29 propositio-

137 913 42 14 nen
202 906 40 21 och
264 907 77 20 endast
362 907 79 22 uttalat
456 908 26 20 de
497 907 169 27 önskningsmäl,
682 913 46 14 som
743 907 66 20 redan
825 904 64 22 ofvan

136 940 71 22 blifvit
222 940 146 22 omförmälda.

414 1022 105 27 Förslaget
540 1021 30 22 till
593 1021 124 27 reglemente
739 1021 33 21 för
791 1020 99 27 justering

345 1061 36 22 och
400 1061 109 27 stämpling
529 1061 21 22 af
566 1061 56 27 mätt,
637 1061 41 27 vigt
693 1061 37 21 och
746 1059 145 28 vägningsred-

344 1101 64 32 skap,
417 1101 54 22 samt
493 1107 32 16 om
549 1101 61 22 deras
624 1101 58 26 form,
698 1100 140 22 konstruktion
854 1099 37 21 och

347 1141 145 22 betecknande.

207 1213 159 28 Ridderskapet
386 1215 38 21 och
447 1215 72 21 Adeln
541 1215 40 21 har
603 1214 47 21 icke
665 1213 47 22 haft
728 1214 65 26 något
808 1214 33 20 att
856 1213 38 26 på-

137 1248 76 21 minna
236 1250 57 19 emot
316 1249 24 27 $$
366 1250 16 24 1,
406 1249 19 26 3,
449 1250 20 25 6,
490 1251 19 24 7,
531 1250 20 25 8,
569 1249 32 25 12,
618 1249 31 25 15,
667 1249 32 26 16,
717 1249 31 20 18.
768 1248 32 25 19,
816 1247 35 26 20,
866 1247 28 21 23

137 1284 59 19 samt
211 1283 27 20 25
253 1282 33 21 till
302 1283 40 21 och
358 1283 48 21 med
422 1283 27 21 34
464 1283 32 21 uti
513 1283 157 21 ofvanberörda
684 1281 86 27 förslag.

208 1316 64 21 Emot
292 1316 69 28 öfriga
375 1317 7 20 i
397 1317 104 27 förslaget
515 1317 108 28 ingående
639 1317 26 28 $$
679 1316 40 21 har
734 1316 92 21 Ständet
841 1316 54 20 trott

139 1349 33 28 sig
187 1349 54 22 böra
256 1350 72 21 erinra
342 1351 105 27 följande;

209 1384 57 21 Från
289 1385 11 26 &
316 1385 13 21 2
345 1385 40 21 har
400 1385 160 27 Ridderskapet
575 1385 41 21 och
631 1384 68 22 Adeln
715 1385 71 20 ansett
801 1384 43 21 den
859 1389 36 14 an-

138 1418 42 21 dra
195 1418 114 27 meningen
324 1418 8 21 i
347 1419 10 20 1
370 1425 63 15 mom.
449 1419 75 21 kunna
539 1419 60 27 utgå,
611 1419 89 21 emedan
711 1419 72 26 någon
794 1417 102 22 säkerhet

138 1451 49 22 icke
202 1452 74 21 vinnes
292 1453 124 26 derigenom
431 1455 32 19 att
479 1453 142 22 mottstockar
635 1453 25 21 af
667 1453 34 20 trä
712 1453 36 20 äro
759 1453 29 26 på
798 1452 97 21 ändarne

815 1498 10 16 2

916 1383 13 28 $
944 1368 22 49 2.
