1078 1692
367 152 18 22 U.
402 150 18 24 B.
437 164 27 3 —
481 150 54 29 Prop.
551 150 32 23 N:o
599 150 20 23 4.
814 150 25 20 15

119 208 92 26 angifver
231 208 78 26 längd-,
324 210 31 24 yt-
370 208 39 21 och
424 208 153 27 rymdmättens
593 207 151 27 sammanhang
758 206 46 22 icke
819 206 50 21 alle-

119 244 48 19 nast
189 242 97 21 inbördes
307 244 51 18 utan
380 241 59 22 äfven
458 242 48 21 med
521 242 139 26 vigtenheten.
690 241 110 21 Utskottet
815 239 54 22 före-

119 276 43 21 slär
184 276 47 21 med
254 276 79 26 hänsyn
357 275 72 21 härtill
450 275 33 21 för
505 276 70 21 denna
597 276 11 26 $
631 282 25 14 en
672 274 118 26 redaktion,
808 274 7 21 i
834 274 36 21 det

119 312 106 19 närmaste
250 310 215 21 öfverenstämmande
490 310 48 21 med
563 310 39 22 den
626 310 7 20 i
658 309 105 21 komitens
785 308 82 26 förslag.

119 343 109 22 Utskottet
250 343 36 21 vill
304 344 90 26 tillägga,
418 346 32 19 att
472 350 26 15 en
513 344 66 21 sädan
594 343 142 27 formulering,
750 343 64 27 jemte
834 342 35 21 det

121 378 39 21 den
175 378 139 26 &dagalägger
329 377 143 27 vigtenhetens
487 378 148 27 systematiska
649 378 124 26 härledning
787 383 25 15 ur
827 382 41 16 me-

119 414 54 24 tern,
196 411 68 21 tillika
286 411 86 22 innebär
394 418 26 15 en
445 412 83 21 erinran
551 418 34 16 om
608 412 40 21 den
671 411 109 27 praktiska
802 410 68 22 fördel

120 447 167 26 metersystemet
302 446 96 26 erbjuder
414 446 74 26 deruti,
505 448 32 19 att
552 446 70 27 vigten
637 445 22 22 af
669 452 25 15 en
708 452 56 20 vara,
775 445 94 27 uttryckt

121 480 7 20 i
138 479 108 27 kilogram,
263 480 129 21 omedelbart
406 480 41 21 kan
463 480 104 21 beräknas
582 486 25 15 ur
623 480 47 21 dess
684 480 76 27 volym,
776 478 94 28 uttryckt

120 514 8 20 i
150 514 53 26 liter,
226 520 75 20 genom
324 514 60 21 enkel
398 514 164 27 multiplikation
580 514 48 22 med
643 515 35 21 det
693 514 36 25 tal,
746 520 44 15 som
805 519 65 21 anger

121 554 76 15 varans
212 548 98 27 specifika
324 548 43 26 vigt
381 548 7 21 i
403 548 131 21 förhällande
549 548 32 21 till
596 550 77 20 vatten.

189 593 56 21 Ifrån
260 593 13 27 &
285 594 12 20 3
309 600 60 14 mom.
382 594 37 25 ,A.
433 594 142 26 Längdmätt*
587 594 66 21 borde
663 593 158 27 indelningarne
833 600 36 20 ny-

116 626 74 28 famn,
208 634 76 20 spann,
300 627 39 21 och
354 630 44 18 tum
413 628 54 26 utgå.
499 628 114 26 Angående
629 628 156 21 bibehällandet
799 627 22 21 af
835 626 35 22 be-

121 661 149 27 nämningarne
288 664 56 19 verst
358 662 39 21 och
411 661 35 21 mil
462 661 62 21 hafva
539 662 119 26 skiljaktiga
674 662 78 26 åsigter
767 661 55 21 inom
837 664 35 18 ut-

121 695 80 21 skottet
216 696 92 20 uttalats.
334 696 84 21 Samma
431 695 52 27 skäl,
499 702 46 14 som
559 696 66 26 gjorts
641 695 96 27 gällande
750 697 44 19 mot
804 695 66 21 andra

121 729 243 27 parallelbenämningar,
376 730 60 21 hafva
448 730 78 26 jemväl
541 730 124 21 framhållits
680 732 46 19 mot
736 730 67 21 dessa.
827 730 42 21 Det

121 763 40 21 har
175 764 113 26 anmärkts,
300 766 32 19 att
347 764 19 20 vi
380 764 65 21 redan
459 764 40 21 hos
514 770 34 15 oss
564 764 61 21 hafva
641 770 25 15 en
677 764 92 26 gammal
780 764 90 25 (svensk)

121 800 58 18 verst
201 798 38 20 och
261 804 25 15 en
309 804 27 21 ny
354 798 64 27 (rysk)
434 798 72 26 sådan,
522 798 85 21 hvartill
622 804 28 15 nu
664 798 68 21 skulle
747 792 88 27 komma
846 804 26 15 en

121 832 122 26 ytterligare
265 838 27 21 ny
315 832 101 25 (metrisk)
439 834 62 24 verst,
525 838 45 15 som
592 839 50 14 vore
659 832 148 27 likbetydande
822 832 48 20 med

121 865 132 26 kilometern,
276 865 105 22 äfvensom
403 867 32 20 att
449 872 48 15 man
512 865 7 21 i
539 866 40 21 den
594 866 120 27 periodiska
728 872 86 21 pressen
831 865 38 21 och

122 905 69 15 annan
213 899 89 27 populär
322 900 106 21 litteratur
449 902 62 19 röner
534 900 127 27 mångfaldig
680 899 112 28 olägenhet
810 899 22 22 af
846 899 25 21 de

123 933 56 21 olika
201 933 54 27 slags
270 933 175 28 milberäkningar
461 934 76 27 (tyska,
552 934 91 27 franska,
660 934 105 27 engelska,
786 940 86 21 geogra-

121 966 60 27 fiska,
204 967 67 26 sjömil
293 974 18 15 o.
335 974 15 15 s.
374 971 26 20 v.)
420 974 45 15 som
483 968 113 26 användas,
613 968 43 21 ofta
670 970 51 19 utan
736 970 32 19 att
784 967 87 27 angifva,

122 1001 80 21 hvilket
220 1001 54 26 slags
294 1001 36 21 mil
349 1002 82 27 äsyftas,
447 1002 83 21 hvadan
547 1003 36 20 det
597 1003 67 21 skulle
679 1003 63 21 lända
757 1002 32 21 till
804 1001 69 22 märk-

122 1035 29 26 lig
165 1035 82 21 lättnad
262 1036 39 21 och
316 1036 56 26 reda,
389 1043 33 14 om
438 1036 68 21 denna
520 1037 126 26 benämning
656 1037 71 21 kunde
737 1038 133 19 utmönstras.

122 1069 138 22 Pluraliteten
282 1069 21 21 af
320 1070 114 21 utskottets
451 1071 137 20 medlemmar
604 1071 38 21 har
657 1071 53 21 dock
726 1072 68 20 ansett
809 1070 62 21 dessa

122 1103 151 27 benämningar
294 1104 70 21 kunna
386 1104 20 21 fä
421 1105 85 26 gvarstä
516 1105 27 26 pä
559 1105 40 21 den
615 1105 73 26 grund,
704 1106 32 19 att
752 1104 120 21 nuvarande

122 1139 84 19 versten
228 1137 39 21 och
289 1137 62 22 milen
374 1139 73 21 endast
465 1139 118 27 obetydligt
600 1139 61 26 skilja
676 1139 32 26 sig
722 1138 46 22 frän
784 1137 86 22 kilome-

122 1173 47 19 tern
189 1171 39 21 och
244 1172 146 27 myriametern
406 1173 38 21 och
459 1173 90 21 sälunda
563 1173 65 21 redan
643 1173 55 26 gifva
713 1179 26 15 en
754 1171 116 28 ungefärlig

122 1204 144 29 föreställning
281 1213 33 14 om
330 1207 60 21 dessa
404 1213 73 16 senare
492 1207 158 26 längdenheter.
673 1207 43 21 För
730 1209 33 20 att
778 1205 93 23 emeller-

121 1239 32 21 tid
168 1240 78 27 antyda
260 1242 32 19 att
306 1240 156 27 ifrägavarande
473 1241 151 27 benämningar
633 1241 46 22 icke
690 1241 117 26 egentligen
818 1240 52 21 höra

122 1273 32 21 till
169 1276 106 25 systemet,
290 1275 86 21 föresläs
391 1282 25 15 en
431 1275 172 28 omformulering
618 1275 21 22 af
653 1275 122 27 ordalagen.

189 1320 10 21 I
213 1326 62 15 mom.
292 1320 37 25 ,B.
345 1321 93 21 Ytmätt*
454 1327 62 15 anser
531 1321 105 21 utskottet
651 1321 40 21 den
706 1321 67 21 finska
788 1320 86 21 benäm-

122 1353 77 27 ningen
214 1353 98 22 hehtaari
326 1355 122 26 lämpligare
463 1355 72 21 kunna
549 1355 50 27 lyda
613 1355 105 20 hektaari.

188 1399 11 21 I
217 1405 62 16 mom.
304 1399 35 26 ,C.
358 1400 134 27 Rymdmätt*
511 1400 69 21 skulle
597 1400 7 21 i
619 1400 71 21 stället
704 1400 32 21 för
751 1397 121 23 benämnin-

122 1439 40 20 gen
178 1436 52 18 mott
244 1433 78 22 införas
338 1434 101 26 deciliter,
454 1435 27 25 pä
496 1433 69 22 finska
579 1435 106 25 decilitra,
701 1435 55 20 samt
770 1431 102 23 indelnin-

122 1473 40 20 gen
178 1468 61 19 vacke
253 1469 57 25 utgä.

192 1506 186 18 Ekonomiutskottets
390 1507 115 17 betänkande
517 1508 39 17 N:o
569 1507 17 18 2.

884 594 13 26 8
917 594 19 20 3.
