1078 1692
352 138 24 23 U.
392 138 23 22 B.
431 152 29 3 —
475 140 62 27 Prop.
554 139 39 23 N:o
610 138 34 23 13.
818 140 29 22 95

126 204 126 28 härigenom
268 204 62 22 äfven
346 204 24 22 af
382 205 85 21 mindre
477 205 140 27 betydenhet,
629 205 40 21 och
679 207 69 25 vägen
759 205 35 21 till
803 205 73 27 längst

127 240 69 22 under
216 241 47 20 året
283 240 115 27 navigabla
418 240 61 22 delar
495 240 24 22 af
531 240 75 22 hafvet
622 240 34 22 för
671 240 107 22 Savolaks
793 240 82 22 förkor-

126 276 45 20 tad.
203 275 82 22 Genom
306 276 78 21 sådant
404 276 140 27 förläggande
565 276 24 21 af
607 276 181 27 Kuopio-banans
811 277 65 21 södra

127 311 35 21 del
183 310 83 30 (vestra
286 310 62 30 gren)
364 311 7 21 i
387 318 27 15 en
434 312 98 27 rigtning
553 312 72 21 starkt
641 314 46 19 mot
703 312 87 27 sydvest
805 312 70 22 skulle

126 346 35 22 till
183 354 28 14 en
231 347 76 27 början
328 346 105 22 Savolaks
454 348 29 26 på
502 348 133 26 Petersburg
654 347 65 21 hafva
734 354 39 20 per
786 348 90 27 jernväg

128 388 27 16 en
175 383 84 21 mindre.
280 382 73 22 direkt
372 383 189 21 kommunikation
583 385 27 19 än
632 390 35 14 om
683 383 83 21 banans
785 384 90 27 anknyt-

128 418 52 28 ning
195 420 47 20 mot
257 419 64 21 söder
336 419 82 21 skedde
433 420 16 20 t.
466 425 32 15 ex.
514 419 36 21 vid
574 414 118 37 Kouvola—
697 414 90 37 Simola,
803 420 72 21 äfven-

129 460 45 15 som
196 454 49 22 hela
266 454 113 22 förmonen
399 456 34 20 att
452 455 109 21 måhända
578 454 60 22 öfver
652 455 74 21 Kotka
741 455 53 21 eller
809 455 65 22 Fred-

128 490 111 21 rikshamn
260 490 108 27 utskeppa
389 490 78 22 sådant
487 490 61 22 klent
569 490 134 27 skogsvirke,
719 497 47 15 som
782 490 46 22 icke
844 491 32 21 tål

128 525 37 21 vid
179 526 75 26 längre
270 525 98 27 flötning,
384 526 63 26 ginge
463 526 102 22 förlorad.
588 526 50 21 Men
654 526 65 27 högst
730 526 146 27 tvifvelaktigt

129 563 30 25 är,
181 568 34 15 om
237 562 137 21 ekonomiskt
394 562 78 27 riktigt
492 562 43 21 kan
556 568 65 16 anses
641 569 52 14 vara
712 564 33 19 att
763 562 67 22 redan
845 569 30 15 nu

128 596 101 22 befordra
249 597 184 27 skogsutsugning
453 604 78 20 genom
553 600 105 25 exporten
674 598 24 21 af
712 600 87 25 omoget
813 598 62 21 klent

128 632 66 22 virke.
225 632 77 22 Såsom
324 633 68 21 andra
412 639 61 21 gren,
491 634 42 20 den
553 633 35 21 för
604 633 144 21 samfärdseln
765 634 23 20 åt
807 635 66 26 öster,

129 669 115 26 qvarstode
258 668 121 22 tillsvidare
400 668 83 28 mägtig
504 675 47 15 som
572 669 51 27 förr,
646 669 26 21 de
693 669 79 27 ostliga
787 671 88 19 vattnen

129 704 49 22 med
193 704 75 22 Saima
282 704 72 22 kanal.
385 704 43 22 För
448 704 184 28 person-trafiken
651 706 46 20 mot
714 706 58 20 öster
788 705 39 21 och
843 704 33 22 S:t

129 740 136 27 Petersburg,
282 740 34 21 till
337 746 26 15 en
385 740 76 27 början
483 740 86 27 mycket
589 740 58 28 klen,
670 740 70 22 skulle
756 741 7 21 i
779 740 43 22 alla
837 740 39 22 fall

129 777 45 19 mot
189 775 45 22 förr
250 782 26 15 en
296 777 46 20 stor
362 776 85 21 lättnad
463 782 52 15 vara
529 782 88 15 vunnen
634 776 39 21 och
689 776 186 27 beqvämligheten

129 811 42 21 blir
191 818 59 15 mera
272 814 27 18 än
320 812 42 26 god
383 818 77 20 genom
481 813 115 26 nattågen,
613 818 46 15 som
680 812 67 21 redan
768 812 29 26 på
812 812 64 21 södra

129 846 69 21 banan
215 849 37 19 äro
268 847 123 21 etablerade
407 847 34 21 till
457 847 14 21 2
487 848 82 26 gånger
584 847 56 22 fram
656 848 40 21 och
712 849 48 20 åter
771 847 6 21 i
788 847 88 21 veckan.

129 881 77 29 Billigt
225 881 149 29 nattherberge
394 883 73 21 kunde
488 883 119 27 dessutom,
624 883 38 22 der
678 883 79 21 sådant
772 883 104 21 befunnes

129 918 83 27 nödigt,
227 917 36 22 vid
278 917 87 22 hvilken
380 925 44 14 som
439 918 54 21 helst
507 919 82 21 station
600 918 164 27 åstadkommas,
775 925 34 15 om
821 925 55 15 sam-

129 960 36 15 ma
186 954 120 27 anordning
327 960 46 15 som
390 955 13 20 å
418 954 133 27 ångbåtarne
572 957 73 24 göres,
668 956 33 19 att
720 955 108 26 nemligen
850 960 26 15 en

130 989 56 22 efter
205 989 101 22 behofvet
322 992 46 19 stor
384 990 32 21 sal
431 990 62 27 längs
509 990 159 27 sidoväggarne
684 991 68 21 förses
769 991 49 21 med
833 989 44 22 sof-

130 1025 73 26 hytter
218 1025 40 21 och
273 1025 118 28 liggsoffor,
408 1026 52 21 eller
475 1027 72 26 nägon
563 1025 55 22 form
640 1026 23 21 af
672 1026 80 27 rörliga
763 1026 114 27 sofvagnar

131 1061 117 27 anordnas;
270 1061 117 26 palatslika
407 1061 60 22 hotel
487 1064 38 19 äro
542 1061 122 28 obehöfliga
680 1061 62 22 äfven
758 1063 28 26 pä
801 1061 75 22 Wasa-

131 1096 38 21 och
185 1096 233 27 Uleäborgs-banorna.

198 1131 50 22 Man
264 1132 72 21 kunde
353 1139 58 21 anse,
421 1134 33 19 att
469 1132 91 27 Wiborg
575 1139 78 20 genom
665 1133 164 27 ifrägavarande
839 1132 39 21 ba-

130 1173 39 16 nas
185 1167 135 28 anknytning
334 1168 37 21 vid
386 1168 77 21 Lahtis
479 1168 71 21 skulle
566 1168 142 28 försummas;
724 1175 50 15 men
790 1168 89 27 Wiborg

129 1205 25 19 är
169 1203 92 27 tidigare
277 1205 27 20 än
320 1203 44 22 alla
378 1203 117 28 vestligare
511 1206 60 19 orter
587 1205 39 20 och
643 1205 7 20 i
665 1205 74 26 hvarje
758 1204 38 21 fall
815 1203 63 22 äfven

129 1238 133 22 fortfarande
279 1239 92 27 mägtigt
386 1240 97 27 gynnadt
498 1245 79 21 genom
595 1239 74 22 Saima
684 1240 73 21 kanal.
790 1239 39 22 Om
846 1241 33 20 ett

128 1273 73 28 billigt
216 1275 139 27 smalspärigt
368 1275 185 27 jernvägssystem
569 1275 34 21 för
619 1275 117 22 framtiden
746 1275 87 22 komme
843 1274 36 22 till

129 1310 138 27 användning
282 1311 34 21 för
331 1310 60 21 säväl
406 1310 96 27 Kuopio-
519 1317 47 15 som
583 1311 42 21 den
641 1311 197 26 Karelska-banan,
854 1311 25 20 sä

129 1345 70 22 skulle
222 1345 137 22 sistnämnda
380 1345 57 22 bana
459 1346 87 27 mycket
570 1348 61 20 snart
654 1346 62 27 efter,
733 1347 24 26 ja
776 1346 102 27 möjligen

129 1381 68 22 delvis
220 1381 98 28 liktidigt
340 1382 51 21 med
414 1381 71 22 banan
508 1381 35 22 till
567 1381 34 22 S:t
624 1381 79 22 Michel
727 1382 40 21 och
793 1381 86 26 Kuopio

128 1416 74 21 kunna
221 1417 75 27 läggas
317 1417 69 22 under
407 1417 86 28 arbete,
509 1417 40 22 och
567 1417 88 22 dermed
671 1423 27 16 en
714 1424 28 20 ny
758 1419 47 20 stor
820 1416 60 28 puls-

127 1451 59 27 äder,
202 1451 8 21 i
226 1452 224 22 öfverensstämmelse
470 1453 51 21 med
539 1454 81 26 mänga
640 1453 140 21 kommuners
796 1453 7 21 i
819 1453 61 20 östra

127 1486 93 22 Finland
243 1488 175 27 önskningsmäl,
433 1487 49 22 frän
506 1487 119 23 Sordavala
648 1489 40 20 och
710 1490 53 20 nära
778 1488 100 26 Ladogas

195 1529 196 26 Jernvägsutskottets
406 1530 117 20 betänkande
538 1529 44 22 N:o
598 1531 18 19 1.
