1078 1692
389 135 55 19 Kt
495 133 20 15 ct
536 145 22 3 oo
622 132 8 18 i
849 145 2 2 N

375 149 19 24 U.
410 149 20 23 8.
445 162 27 4 —
484 148 59 30 Prop.
559 131 35 41 N:o
607 149 20 23 4.
823 149 27 20 27

125 190 95 51 skottet,
227 197 93 48 tillägga,
344 208 32 19 att
400 206 25 22 de
447 206 112 22 afvikelser
578 204 55 23 ifrån
654 206 26 21 de
695 198 95 30 närmast
804 193 76 33 exakta

126 234 110 39 beloppen,
260 239 45 23 som
328 240 7 21 i
358 241 68 21 denna
441 241 11 25 8
468 242 37 20 äro
521 240 23 22 af
556 236 126 47 regeringen
697 239 124 27 föreslagna,
837 238 43 34 del;

126 276 48 22 vis.
176 269 102 33 utjämna.
281 274 128 22 hvarandra
426 276 55 20 samt
496 274 89 22 sålunda
599 271 58 25 icke
660 274 86 22 komma
761 275 31 20 att
806 260 74 34 föröka

125 307 157 29 skattetungan,
303 309 115 27 hvarjemte
441 309 25 21 de
488 308 119 28 föreslagna
622 315 41 21 nya
678 308 127 22 skattetalen
820 306 60 22 moti-
901 322 5 4 .

127 350 59 15 veras
208 350 76 20 genom
306 343 32 21 sin
361 342 110 22 delbarhet
486 343 48 21 med
550 344 12 20 2
579 343 39 21 och
633 344 19 25 4,
669 342 81 22 hvilket
765 344 23 19 är
803 341 22 23 af
838 340 42 28 vigt

127 378 27 21 då
176 377 112 28 :afgifterna
306 377 56 26 böra
383 377 91 24 fördelas
493 378 28 26 pä
537 377 70 24 halfva
623 377 51 21 eller
689 376 111 28 fjerdedels
815 377 65 21 rotor.

195 423 111 21 Likaledes
328 422 88 22 föreslås
438 422 7 21 i
468 422 13 28 &
505 423 18 26 3,
541 424 31 20 att
593 422 65 22 orden
668 422 97 38 »hektol
784 422 51 22 och"
854 421 28 27 på
897 420 13 28 &
927 421 16 21 3.

128 459 47 19 näst
189 453 52 25 sista
249 449 72 29 'Yaden
337 457 34 21 må
386 456 109 22 uteslutas.

194 497 21 32 1
226 494 35 38 det
269 502 96 26 "sednare
383 496 137 32 alternativet,
532 502 22 22 af
564 494 22 36 8.
595 503 14 21 4
623 502 95 26 föreslås,
734 503 32 20 att
780 502 27 26 pä
823 501 12 21 3
850 506 32 15 ra-
898 500 12 28 &
926 501 19 20 4.

129 536 40 22 den
191 529 80 33 ersätta
294 531 65 29 orden
380 536 74 22 hektol
473 536 39 22 och
527 536 44 22 kilo
587 536 53 28 med
651 536 25 22 de
692 535 135 27 fullständiga
841 534 41 21 for-

129 577 73 15 merna
223 570 115 33 hektoliter
360 570 39 22 och
420 570 103 27 kilogram
546 572 54 28 samt
621 561 28 37 pä
664 570 52 22 sista
730 570 65 21 raden
811 568 69 26 ,kilo*

129 604 48 22 med
192 605 82 32 ,kilogr
274 598 46 37 am"
336 605 39 21 och
392 604 130 26 ,åttatiofem
537 597 77 35 nylod"
626 604 48 22 med
684 602 198 30 ,ättahundrafem-

131 640 28 20 tio
174 632 82 34 gram",

196 684 11 21 I
230 684 13 28 8
266 684 12 21 5
301 684 140 21 förekommer
463 684 107 27 uttrycket
591 701 10 9 ,
604 684 82 22 Torneå
701 683 87 26 härad",
803 682 80 21 hvilket
898 677 13 27 8
928 678 18 20 5.

131 718 46 23 icke
195 724 65 17 mera
271 718 114 21 återfinnes
402 718 7 21 i
424 718 37 22 vär
476 718 168 22 administrativa
658 717 114 27 indelning,
787 715 97 23 hvarföre

132 752 229 28 utskottet
245 744 11 40 ,
265 752 88 28 föreslår
363 744 8 40 .
376 752 48 22 dess
443 752 119 28 utbytande
585 754 46 20 mot.
654 752 52 26 ,de:
721 752 117 20 kommuner
860 748 28 28 af

134 786 64 21 Kemi
206 786 77 26 härad,
294 786 72 20 hvilka
378 786 83 23 tillhört
471 786 39 28 det
511 786 87 26 fordna
611 786 85 21 Torneå
706 785 91 21 härad".
822 784 63 21 Emot

133 820 156 27 omsättningen
304 820 21 21 af
340 820 26 21 de
380 820 7 20 i
398 819 137 22 omförmälde
545 820 125 21 kommuner
680 826 29 15 nu
720 818 97 29 gällande
827 817 59 22 äldre

133 853 135 28 persedlarne
288 853 32 22 till
337 855 25 20 16
378 853 131 22 skatterubel
523 854 40 21 har
577 854 105 21 utskottet
698 854 45 21 icke
758 853 68 21 funnit
841 851 45 22 skäl

133 887 32 22 till
180 889 70 25 någon
264 888 144 26 anmärkning.
431 888 94 21 Berörde
541 887 129 28 omsättning
686 889 29 25 är,
732 887 64 27 enligt
806 886 81 21 utskot-

133 924 32 19 tet
180 921 112 27 meddelad
306 921 131 28 upplysning,
453 922 106 21 uträknad
573 921 97 22 sålunda:

203 957 31 20 De
257 956 70 28 gamla
349 956 206 27 räntepersedlarnes
570 955 119 28 medelpris,
705 955 114 22 uträknadt
835 953 52 23 efter

136 991 139 21 1825-—1839
284 991 68 27 årens
367 991 133 26 markegäng,
516 992 63 25 utgör
593 989 33 22 för
641 990 102 22 mantalet

135 1070 48 25 21/,
199 1072 65 19 tunna
278 1069 54 22 korn
357 1057 289 34 Ku.
678 1086 3 4 L
712 1069 67 21 Rubel
809 1069 18 20 6
845 1068 43 25 96,4

135 1104 11 20 2
163 1103 45 27 lisp.
227 1104 174 25 151/
314 1099 19 35 4
345 1104 56 25 smör
430 1122 3 3 .
466 1121 3 4 .
500 1120 5 5 2
609 1120 75 5 L.
744 1120 10 9 »”
809 1102 20 21 3:
845 1102 43 26 96,9

135 1137 84 22 hvartill
234 1138 96 21 kommer
344 1138 91 21 kontant
465 1155 4 4 .
501 1154 4 4 .
536 1155 4 4 .
578 1155 1 3 0
644 1154 40 4 0.0.
809 1137 19 20 5
859 1136 12 20 2

744 1155 11 8 ”

696 1183 85 22 Summa
797 1183 34 20 15:
847 1183 43 25 95,3

136 1263 79 21 hvilket
230 1263 32 21 för
274 1263 58 27 jemn
348 1263 99 27 räknings
463 1263 55 21 skull
533 1263 119 27 föreslagits
669 1262 33 22 till
721 1263 26 20 16
761 1261 66 22 rubel.
851 1261 40 21 Om

138 1297 326 27 skatterubels-undervisningen
478 1297 98 21 kommer
592 1298 31 20 att
633 1296 65 22 blifva
713 1297 41 21 den
768 1295 32 22 uti
816 1301 26 15 en
857 1301 35 15 an-

137 1336 42 17 nan
201 1337 19 14 n.
243 1331 130 27 proposition
392 1331 33 21 till
443 1331 68 21 denna
527 1330 101 27 landtdag
642 1330 126 27 föreslagna,
783 1328 68 23 skulle
867 1334 25 15 en

137 1365 130 21 skatterubel
291 1365 53 22 efter
367 1365 54 22 1882
445 1365 34 21 ärs
495 1365 130 26 markegäng
640 1365 85 20 komma
740 1365 32 20 att
787 1364 75 25 utgöra
880 1363 12 20 5

137 1399 60 22 mark
211 1400 28 20 24
251 1399 62 27 penni
329 1399 40 22 och
384 1399 81 22 således
480 1399 33 21 för
529 1399 48 22 hela
593 1398 102 22 mantalet
708 1399 39 26 5,2
760 1400 21 22 x
796 1397 25 21 16
830 1405 27 10 =
866 1397 27 21 83

137 1433 36 21 mk
188 1434 27 21 84
230 1440 19 20 p.
276 1434 32 21 De
318 1434 70 27 gamla
403 1433 199 27 räntepersedlarne
616 1433 77 27 belöpa
708 1432 32 27 sig
751 1431 143 28 efter;samma

137 1467 35 22 ärs
187 1468 129 27 markegäng
330 1467 33 22 till

206 1507 189 18 Ekonomiutskottets
408 1507 115 17 betänkande
537 1507 36 18 N:o
585 1507 18 17 2.
