1078 1692
374 134 22 23 U.
412 135 23 22 B.
451 148 30 3 —
496 136 62 28 Prop.
574 136 39 21 N:o
631 134 33 23 13.
835 136 27 21 97

143 200 63 27 länge
226 207 44 21 nog
290 200 96 28 fördröja
407 201 37 21 det
459 201 93 21 svenska
568 201 274 27 statsjernvägssystemets
858 202 34 19 ut-

144 236 127 27 sträckning
294 237 57 21 ända
374 243 44 21 upp
441 236 35 22 till
497 237 153 27 Haaparanda.
681 237 11 21 I
712 237 76 27 hvarje
803 236 39 22 fall
857 237 36 20 må

144 278 51 15 man
211 272 55 21 dock
281 272 48 22 icke
345 272 75 22 alltför
434 272 53 27 högt
503 273 120 26 uppskatta
639 273 70 21 denna
725 272 168 22 internationela

141 307 248 27 jernvägsförbindelses
405 308 114 21 materiela
533 308 112 27 betydelse
656 308 39 21 och
706 308 131 21 härutinnan
848 308 45 21 låta

145 343 103 21 missleda
272 343 33 27 sig
328 342 24 22 af
374 343 107 21 drömlika
504 343 178 22 framtidsbilder.
701 356 30 2 —
746 344 105 21 Puumala
866 343 26 21 li-

144 378 51 21 nien
210 378 40 22 har
265 378 121 22 tillsvidare
402 378 91 22 förlorat
509 386 26 14 en
552 379 35 21 del
603 379 24 21 af
640 379 33 21 sin
689 379 111 27 betydelse
815 386 77 20 genom

144 414 136 22 tillkomsten
296 414 24 22 af
333 414 192 22 Willmanstrands
540 414 79 27 banan,
635 421 46 15 som
692 414 128 28 tillgodoser
830 415 64 21 södra

145 449 86 22 Saimen
248 450 39 21 och
299 450 41 22 den
352 450 143 27 turistström,
506 450 88 22 hvilken
605 450 82 22 Imatra
698 451 39 21 och
748 450 73 22 Saima
831 450 63 22 locka

145 485 35 21 till
195 487 51 20 våra
261 486 88 26 bygder.

215 521 73 21 Skulle
300 523 32 20 ett
343 521 138 21 ekonomiskt
492 522 141 27 smalspårigt
637 522 183 27 jernvägssystem
828 521 67 22 blifva

146 558 95 26 antaget,
266 558 24 20 så
312 557 73 21 kunde
410 557 32 21 för
458 563 83 15 samma
564 556 174 28 anslagsbelopp,
763 557 132 27 16,000,000

146 593 68 27 mark,
235 599 46 15 som
302 599 30 15 nu
352 592 63 22 äfven
431 593 23 21 af
468 593 109 21 utskottet
593 595 84 19 ansetts
693 592 105 28 behöfligt
812 592 33 22 för
860 594 34 20 ut-

146 628 100 22 förandet
269 628 23 22 af
314 635 27 15 en
364 628 65 22 enkel
443 627 57 23 bana
516 628 47 22 från
579 628 85 27 Kuopio
681 628 59 22 öfver
756 628 138 28 Suonenjoki,

146 664 146 27 Pieksämäki,
311 664 32 22 S:t
359 664 86 27 Michel,
461 664 87 27 Kieppi,
564 664 106 27 Kaipiais,
687 664 123 22 derutöfver
825 665 71 21 denna

146 700 57 21 bana
218 700 134 21 omedelbart
368 700 85 21 utföras
469 700 112 27 tvågrenig
597 700 49 21 med
662 700 42 21 den
720 706 40 16 ena
771 706 80 22 grenen
861 700 34 21 till

147 735 75 21 Lahtis
243 736 39 21 och
304 736 41 20 den
367 736 68 21 andra
455 742 82 20 grenen
553 735 127 27 förslagsvis
696 738 46 19 mot
757 736 137 27 Davidsstad,

147 773 57 19 samt
224 771 111 21 dessutom
357 777 26 15 en
405 771 79 21 bibana
505 771 34 21 till
554 771 93 27 Nyslott,
664 772 116 21 mestadels
796 771 99 21 fullstän-

147 806 54 28 digt,
216 806 74 22 kunna
306 806 90 22 utföras.

217 841 184 28 Tåghastigheten
424 844 24 19 är
464 843 32 20 ett
512 841 23 22 af
550 842 27 21 de
593 843 56 20 mest
664 841 82 28 vigtiga
762 842 39 21 och
816 843 29 26 på
859 841 37 22 ba-

148 883 54 16 nans
225 879 85 20 remont
334 879 86 20 svårast
435 877 133 22 inverkande
583 879 103 25 moment,
703 878 39 21 och
758 877 138 22 erkännande

148 913 62 21 torde
225 913 135 27 visserligen,
384 919 47 15 som
448 913 37 21 det
500 915 25 19 är
540 915 33 19 att
588 914 90 26 hoppas,
694 913 87 22 komma
796 915 34 20 att
844 913 52 21 lem-

148 955 39 15 nas
203 949 109 21 utskottet
334 949 80 27 derför,
431 951 33 20 att
479 949 38 22 det
533 949 6 21 i
556 949 34 22 sin
605 950 49 21 4:de
670 949 70 27 punkt
756 949 85 27 afböjdt
856 949 41 21 den

147 985 27 21 N.
190 991 72 20 prop:s
279 985 95 26 anspråk
390 981 28 30 på
433 991 27 15 en
476 985 79 27 högsta
570 985 182 27 medelhastighet
768 985 23 21 af
804 985 14 21 3
837 984 38 21 mil
891 984 7 21 i

148 1021 89 21 timmen
248 1033 29 2 —
287 1021 139 25 hastigheten
442 1021 85 21 således
543 1021 103 27 möjligen
661 1021 40 21 här
717 1021 39 21 och
771 1021 54 21 hvar
840 1022 57 25 steg-

148 1057 39 20 rad
211 1056 56 21 ända
290 1056 35 21 till
342 1057 15 20 4
373 1056 13 21 å
402 1056 13 21 5
432 1056 37 21 mil
486 1056 55 21 efter
557 1056 167 27 timberäkning.
742 1068 27 3 —
785 1055 114 22 Utskottet

148 1092 41 21 har
204 1092 54 21 dock
275 1091 89 22 alldeles
382 1091 125 28 opåkalladt
528 1091 115 28 medgifvit
658 1092 13 21 2
683 1091 25 28 !/,
724 1091 50 22 mils
790 1091 108 21 medelha-

149 1127 87 27 stighet,
260 1128 49 21 med
333 1128 13 21 3
370 1127 50 22 mils
439 1128 78 26 högsta
532 1128 97 27 verkliga
645 1127 118 29 (effektiva,
778 1125 120 30 maximal-)

149 1163 115 27 hastighet.
295 1163 50 21 Men
361 1163 77 21 härvid
453 1163 40 21 har
501 1163 110 22 utskottet
619 1163 143 21 missförstått
770 1162 129 27 föregående

148 1198 104 22 Ständers
266 1198 74 22 beslut
355 1198 49 22 från
420 1199 118 22 1877—78
555 1199 40 21 och
612 1198 64 22 1882.

219 1233 176 22 Kommissionen
416 1234 48 21 från
487 1234 57 21 1877
561 1235 40 20 har
616 1235 28 26 på
659 1234 62 21 sidan
737 1234 15 21 4
766 1235 80 26 yttrat:
878 1233 22 27 ,I

148 1269 72 28 Norge
243 1269 65 22 hafva
330 1270 116 27 bantågen,
469 1271 51 20 med
539 1269 22 22 få
577 1270 117 27 undantag,
711 1276 27 15 en
753 1269 110 27 hastighet
878 1268 24 21 af

149 1305 99 28 omkring
264 1305 42 28 2!/,
324 1305 38 22 mil
378 1305 7 22 i
401 1306 98 21 timmen.
531 1305 48 22 Den
594 1305 98 27 verkliga
701 1304 199 27 fortkomsthastig-

148 1341 72 26 heten,
243 1341 43 21 blir
310 1341 34 27 då,
367 1343 41 19 när
431 1341 131 27 uppehällen
585 1342 14 21 &
613 1341 135 21 stationerna
763 1340 137 26 inberäknas,

149 1376 100 27 omkring
264 1377 37 21 två
316 1376 39 21 mil
371 1377 7 20 i
394 1377 98 21 timmen.
523 1376 52 22 Med
590 1377 83 26 hänsyn
692 1375 75 22 härtill
791 1375 111 28 ,förordar

148 1411 172 22 kommissionen
336 1413 33 20 att
384 1411 34 22 för
434 1412 105 21 Finlands
556 1411 103 22 framtida
672 1411 127 27 jernvägar*
815 1417 27 15 en
851 1410 50 26 hög-

149 1449 36 20 sta
199 1447 111 27 hastighet
325 1447 24 22 af
364 1448 42 27 21/,
423 1447 40 22 mil
478 1447 7 22 i
501 1447 93 22 timmen
610 1449 68 20 måtte
694 1447 121 21 tillsvidare
830 1447 71 20 såsom

148 1489 62 15 norm
226 1481 128 29 fastställas,
370 1483 131 27 uppehällen
517 1484 13 21 &
546 1483 136 22 stationerna
697 1483 48 21 icke
756 1480 146 28 inbegripna.*

225 1524 197 26 Jernvägsutskottets
437 1525 119 20 betänkande
570 1523 42 22 N:o
627 1525 18 19 1.
833 1527 11 17 7
