1078 1692
226 145 12 21 2
461 146 19 24 U.
497 146 19 22 B.
533 158 27 4 —
577 146 55 28 Prop.
648 146 33 23 H:o
696 145 19 23 6.

195 200 71 24 nådiga
278 201 121 23 proposition
411 208 30 11 n:o
461 202 16 22 6,
495 202 101 23 angående
609 201 192 23 vakansafgifternas
813 200 140 24 upphäfvande,

194 228 36 19 har
242 229 111 24 föreslagits
366 232 28 16 att
406 230 36 18 den
455 230 61 18 under
528 236 58 12 namn
599 230 22 18 af
631 231 79 23 Kajana
721 230 136 23 landtkaptens
869 229 85 23 aflöning

194 257 8 18 i
213 257 77 23 Kajana
302 258 93 24 domsaga
407 260 96 22 utgäende
519 260 54 17 skatt
588 259 62 18 skulle
663 258 83 24 aflyftas,
759 258 58 18 sedan
830 259 69 17 allmän
912 260 42 16 vär-

194 286 75 24 nepligt
281 286 34 18 der
327 292 42 12 som
381 288 126 18 annorstädes
520 288 7 17 i
538 288 67 18 landet
617 288 64 18 blifvit
692 287 76 23 införd;
786 293 45 12 men
842 293 41 12 som
902 286 53 18 detta

194 314 106 24 aflyftande
315 315 63 23 gjorts
393 316 94 18 beroende
499 316 22 18 af
531 316 59 21 tiden,
603 316 25 18 dä
639 317 194 22 augmentsräntorna
845 316 36 17 och
892 315 62 23 öfriga

193 343 95 18 likartade
301 344 73 18 skatter
382 344 64 18 blifvit
454 345 91 23 slutligen
554 345 104 23 reglerade,
672 347 22 15 är
706 344 32 18 det
750 344 77 24 möjligt
837 346 28 16 att
876 344 78 18 innevä-

194 377 71 13 narene
280 372 7 17 i
305 372 76 23 Kajana
400 373 97 23 domsaga,
518 375 52 16 emot
587 374 82 17 rättvisa
689 373 36 17 och
745 372 94 24 billighet,
859 372 95 18 mähända

194 400 62 18 under
268 400 100 18 årtionden
380 402 77 17 komma
472 403 29 16 att
516 402 20 17 få
548 403 70 21 utgöra
630 401 148 24 ifrågavarande
790 401 70 23 afgäld,
874 401 80 18 hvilken

194 428 104 24 rätteligen
316 430 59 17 redan
395 430 44 18 med
457 430 45 18 1882
525 431 31 17 ärs
573 430 74 24 ingäng
666 431 44 17 bort
721 430 92 24 upphöra,
825 430 36 18 och
873 430 81 18 sälunda

195 457 34 17 allt
240 457 98 24 framgent
351 458 92 24 betungas
455 459 45 17 med
512 459 78 17 dubbelt
603 459 68 23 bidrag
690 459 29 17 till
739 458 151 24 krigsväsendet.
914 458 39 23 Jag

194 486 62 24 vägar
267 486 65 18 derför
343 487 98 17 vördsamt
453 486 71 19 föreslä

400 540 28 15 att
446 538 121 18 Hedervärda
583 538 141 18 Bondeständet
741 538 43 18 ville
797 538 32 18 hos
841 538 53 18 Hans
907 538 45 22 Kej-

332 566 69 23 serliga
410 567 90 21 Majestät
512 567 3 17 i
523 566 150 24 underdänighet
688 566 78 18 anhålla
776 567 29 17 det
814 568 76 21 Kajana
899 566 53 18 land-

332 595 78 21 kaptens
419 596 82 22 aflöning
514 596 57 16 mätte
583 596 21 17 sä
623 597 54 16 snart
695 595 30 17 ske
743 595 38 18 kan
801 596 32 16 och
852 595 100 18 oberoende

332 624 25 22 af
370 623 39 18 alla
422 625 64 21 öfriga
497 624 203 23 skatteförändringar
711 624 92 22 upphöra.

262 668 124 23 Helsingfors
398 668 37 18 den
448 669 21 18 31
483 669 79 17 Januari
577 669 49 18 1885.

725 714 21 22 K.
763 714 117 22 Kokkonen.

261 902 70 27 Nödig
353 903 113 26 utredning
487 902 34 21 för
543 902 133 21 bedömande
692 901 23 22 af
731 902 161 27 ifrägavarande
908 902 42 21 för-

191 935 115 22 hällanden
322 935 67 22 finnes
411 936 113 21 meddelad
540 937 31 20 uti
587 936 41 21 den
644 936 28 27 pä
686 936 157 27 framställning
858 936 22 21 af
895 937 54 20 1877

191 970 85 21 —1878
293 970 35 21 års
344 970 91 21 Ständer
450 970 100 21 nedsatta
565 970 184 21 Skattekomitens
764 970 114 21 berättelse
895 972 55 19 samt

191 1004 177 21 Statsutskottets
390 1005 35 20 vid
441 1006 83 19 senaste
547 1005 103 26 landtdag
665 1004 134 21 betänkande
814 1005 7 20 i
837 1004 113 27 anledning

191 1037 23 22 af
227 1038 33 21 till
275 1038 93 21 nämnda
382 1038 104 27 landtdag
501 1038 80 27 afgifna
596 1038 78 27 nädiga
689 1038 159 26 propositionen
862 1038 41 21 N:o
915 1038 33 25 33,

190 1078 34 15 om
246 1072 151 27 upphäfvande
420 1073 23 20 af
457 1073 24 20 de
497 1072 47 21 frän
568 1072 119 21 rusthällen
708 1073 54 20 samt
777 1071 98 22 roterade
891 1071 58 22 hem-

189 1113 50 14 man
262 1106 40 21 och
324 1105 155 22 båtsmanshåll
501 1106 107 27 utgående
627 1106 167 26 vakansafgifter
810 1105 39 22 och
864 1105 85 27 indrag-

189 1140 51 27 ning
255 1140 23 21 af
292 1141 26 20 de
334 1140 118 22 rusthällen
468 1141 100 21 anvisade
591 1142 122 25 augments-
728 1140 40 21 och
784 1140 68 26 öfriga
866 1141 82 24 räntor,

189 1174 86 21 hvilken
290 1175 133 26 proposition
439 1175 58 21 såväl
512 1175 33 21 till
561 1175 46 21 sina
622 1174 135 27 hufvuddrag
774 1180 44 15 som
823 1169 13 37 i
833 1174 44 21 de
887 1173 62 22 flesta

189 1208 145 21 enskildheter
357 1209 45 20 står
424 1209 6 20 i
450 1209 54 21 allra
526 1210 109 19 närmaste
659 1208 218 21 öfverensstämmelse
900 1208 49 21 med

188 1249 29 14 nu
232 1242 145 27 föreliggande
387 1243 78 26 nädiga
480 1243 139 27 proposition.
636 1243 112 21 Utskottet
758 1242 90 21 utbeder
859 1242 31 26 sig
902 1242 47 21 der-

188 1276 34 21 för
237 1277 77 20 endast
330 1278 32 19 att
376 1277 22 21 få
413 1277 88 21 hänvisa
516 1277 33 21 till
565 1277 62 21 dessa
645 1276 133 27 aktstycken,
795 1276 39 21 och
849 1276 60 21 detta
924 1275 24 22 sä

188 1310 86 27 mycket
289 1311 67 20 hellre
371 1317 46 15 som
428 1311 112 21 Utskottet
550 1311 63 20 äfven
627 1311 8 20 i
650 1310 120 21 hufvudsak
782 1310 99 21 omfattat
893 1310 54 21 1882

189 1344 34 21 ärs
240 1344 155 22 Statsutskotts
411 1345 55 26 äsigt
480 1345 8 20 i
503 1345 82 26 frägan.

257 1384 41 21 Till
320 1385 117 26 yttermera
459 1385 127 26 upplysning
608 1384 41 21 har
664 1383 118 26 Utskottet,
797 1383 28 26 pä
839 1383 69 26 grund
927 1383 23 21 af

188 1417 40 21 den
252 1417 24 22 år
300 1418 53 21 1881
374 1418 7 21 i
401 1418 60 27 tryck
484 1418 136 26 publicerade
635 1417 162 26 förteckningen
817 1416 59 21 öfver
891 1419 56 19 rust-

187 1451 73 22 hållen
274 1452 7 21 i
296 1452 80 26 landet,
392 1452 49 21 låtit
456 1454 97 24 uppgöra
567 1452 94 26 följande

259 1503 151 18 Statsutskottets
422 1503 123 17 Betänkande
559 1503 38 17 N:o
609 1502 17 17 6.
