1078 1692
469 139 38 25 N:o
523 141 23 23 4.
829 144 26 20 17

204 202 259 33 Öfvergångsstadgande.
493 207 75 22 Under
590 207 53 22 åren
666 209 141 21 1887—1891
830 208 56 21 skall

132 241 37 22 det
183 247 55 16 vara
252 241 82 22 tillåtet
349 242 33 20 att
397 248 76 21 genom
488 240 129 29 erforderlig
631 241 125 29 minskning
771 242 26 22 af
807 242 79 28 höjden

131 275 68 22 ändra
213 275 93 22 kubiska
321 276 93 21 målkärl
428 276 28 27 på
473 278 11 19 1
500 277 68 21 tunna
583 276 40 22 och
637 277 30 27 på
683 278 11 20 1
710 277 72 27 kappe
791 277 34 21 till
834 276 52 22 mål-

135 310 48 22 kärl
205 310 29 27 pä
255 310 44 27 1,
319 310 116 22 hektoliter
449 310 41 22 och
504 311 30 27 pä
549 312 12 20 5
577 310 57 28 liter,
650 311 39 21 och
704 312 35 21 mä
756 311 26 22 de
796 311 91 23 sålunda

136 344 95 22 ändrade
246 344 76 22 kärlen
335 344 55 22 efter
404 345 91 27 behörig
507 345 110 28 justering
631 346 112 27 begagnas
759 346 7 21 i
782 346 105 22 allmänna

132 375 100 36 rörelsen.
780 386 2 2 N

482 419 13 29 8
511 422 20 20 9.

201 460 94 21 Mälkärl
310 460 25 21 af
347 460 75 22 metall
435 460 62 22 skola
511 460 68 23 hafva
594 460 117 28 cylindrisk
726 460 54 22 form
795 461 39 21 och
844 460 44 28 höj-

135 494 41 22 den
196 494 93 28 ungefär
303 494 45 22 lika
364 495 48 21 med
428 494 125 29 diametern,
569 495 56 22 dock
639 497 34 20 att
687 496 49 21 kärl
750 496 30 26 pä
794 498 12 18 2
822 495 39 21 och
877 496 11 19 1

133 529 51 22 liter
206 529 65 22 äfven
292 529 74 22 kunna
388 529 67 23 hafva
474 530 80 28 höjden
573 530 93 28 ungefär
680 530 84 22 hälften
779 531 68 21 större
862 531 27 19 än

135 563 124 22 diametern.

481 610 12 29 8
511 612 33 20 10.

107 678 4 4 .
203 651 32 21 På
250 650 92 22 mälkäri
358 650 25 22 af
396 652 35 20 trä
446 651 56 21 skall
517 658 78 20 genom
607 651 134 28 justerarens
756 650 85 28 försorg
851 656 41 16 me-

137 685 46 22 dels
197 685 131 28 inbränning
344 686 13 21 å
372 686 73 22 kärlet
459 686 90 27 rymden
564 686 138 28 fullständigt
716 687 101 21 utsättas.

205 720 33 21 På
253 720 93 22 målkärl
361 720 25 21 af
401 720 73 22 metall
489 721 56 21 skall
560 727 77 21 genom
647 720 152 22 tillverkarens
808 719 85 27 försorg

136 754 82 22 kärlets
240 755 61 27 rymd
328 756 95 20 utsättas
437 756 30 26 på
482 762 27 15 en
523 755 38 22 vid
576 756 135 27 kärlväggen
726 754 73 22 fästad
812 753 82 23 metall-

136 789 58 27 plåt;
218 790 38 20 och
280 790 74 21 kunna
379 790 75 21 dervid
476 789 113 28 begagnas
611 790 96 27 följande
726 788 167 28 förkortningar,

137 823 121 28 nemligen
250 819 12 36 :
276 824 37 21 litr
327 823 35 22 för
376 824 51 21 liter
442 824 39 21 och
496 826 31 19 mt
542 824 53 21 eller
611 824 51 26 1/,,7
676 823 36 22 för
726 825 61 20 mott.

340 887 38 22 Om
392 886 97 23 målkärl
504 886 37 23 för
554 886 53 23 våta
621 892 73 17 varor.

484 937 13 30 8
514 939 33 20 11.

206 978 94 22 Mälkärl
323 978 33 22 för
382 979 53 21 väta
457 985 64 15 varor
541 979 36 21 mä
594 979 95 28 justeras
704 979 29 27 pä
748 980 34 25 20,
799 979 33 26 10,
849 979 18 25 5,
883 979 13 19 2

138 1013 39 22 och
201 1015 11 19 1
236 1013 50 21 liter
307 1015 56 20 samt
382 1015 19 25 5,
418 1014 12 20 2
446 1013 40 22 och
503 1015 10 20 1
531 1013 104 22 deciliter.
664 1013 34 22 De
712 1013 62 22 skola
788 1018 54 17 vara
857 1011 41 22 för-

144 1047 114 28 färdigade
277 1047 25 22 af
315 1048 89 27 koppar,
420 1048 100 27 messing,
535 1048 50 27 jern
601 1048 52 21 eller
668 1055 71 14 annan
754 1047 89 27 lämplig
857 1053 41 14 me-

139 1082 41 22 tall
202 1082 44 27 och,
272 1082 38 21 der
332 1082 80 21 sädant
430 1082 8 21 i
454 1083 108 21 anseende
577 1083 34 21 till
625 1082 111 22 metallens
751 1081 148 22 beskaffenhet

138 1118 25 20 är
178 1116 82 28 nödigt,
279 1116 114 28 invändigt
409 1116 146 28 öfverdragna
570 1117 48 21 med
633 1118 52 20 tenn
700 1117 53 21 eller
768 1117 67 20 annat
845 1115 53 28 tjen-

137 1151 41 28 ligt
193 1153 67 20 ämne.

207 1186 33 21 De
254 1187 70 20 större
342 1186 119 21 mälkärlen
475 1185 51 22 frän
542 1186 39 21 och
595 1186 48 21 med
658 1186 47 21 dem
716 1186 28 27 pä
747 1180 14 38 5
778 1185 51 22 liter
839 1184 60 22 skola

142 1219 67 23 hafva
223 1219 84 29 konisk,
324 1220 26 21 de
366 1220 72 28 öfriga
453 1220 106 28 antingen
569 1221 76 21 konisk
654 1221 52 21 eller
713 1219 118 29 cylindrisk
839 1219 59 22 form.

486 1272 13 29 8
516 1274 34 20 12.

211 1312 172 22 Vidkommande
405 1313 92 21 mälkärl
520 1312 25 22 af
562 1313 78 22 konisk
657 1313 60 27 form,
733 1312 57 22 skall
803 1310 97 29 mynnin-

141 1353 54 21 gens
215 1346 105 23 diameter
334 1353 55 16 vara
404 1346 35 23 för
453 1347 48 22 kärl
516 1347 31 27 pä
561 1348 38 21 tvä
615 1347 50 22 liter
680 1347 39 22 och
734 1346 107 23 derunder
855 1344 45 22 lika

142 1381 49 22 med
206 1381 172 28 tvätredjedelar
394 1381 25 22 af
430 1381 101 22 bottnens
547 1382 39 21 och
601 1381 177 28 fyrafemtedelar
789 1380 23 22 af
819 1379 81 22 vinkel-

141 1417 50 20 räta
206 1415 80 28 höjden
300 1417 56 20 samt
370 1415 35 22 för
418 1416 49 21 kärl
481 1416 30 27 pä
525 1415 44 22 fem
584 1416 51 21 liter
649 1416 39 21 och
703 1415 100 22 deröfver
817 1414 83 21 botten-

142 1449 120 22 diametern
284 1450 39 21 och
343 1449 124 23 vinkelräta
485 1450 82 27 höjden
581 1450 46 21 lika
642 1452 64 25 stora,
723 1449 69 22 under
805 1447 96 23 bibehäl-

821 1492 10 15 2
