1078 1692
389 135 24 22 U.
429 135 22 22 B.
462 145 34 7 —
513 135 61 29 Prop.
590 136 36 22 N:o
645 136 33 22 13.
843 138 27 21 27

145 202 77 26 dande,
238 202 90 21 inverka
343 202 94 26 mäktigt
452 203 29 25 på
496 201 77 27 frågan
589 202 108 22 huruvida
712 203 49 21 dem
773 202 56 22 skall
839 203 60 21 bere-

145 237 38 22 das
200 238 41 21 den
256 237 128 27 ytterligare
399 237 99 22 fördelen
513 237 25 21 af
552 244 26 15 en
587 238 312 27 jernvägskommunikation
888 233 14 36 i

147 273 123 22 omedelbar
292 274 85 21 närhet.
408 272 101 28 Sjöleden
533 273 57 22 skall
615 274 75 22 säkert
711 274 41 21 allt
767 274 133 22 fortfarande

145 309 61 27 spela
226 316 27 14 en
273 311 46 20 stor
339 309 42 21 roll
401 310 40 20 och
454 309 120 27 jernvägen
590 310 101 22 kommer
706 312 34 19 att
756 310 80 22 anlitas
851 309 51 22 huf-

145 345 149 27 vudsakligast
317 346 77 21 endast
417 345 112 21 vintertid.
561 346 124 27 Jernvägen
707 346 58 22 skall
789 346 55 22 dock
863 346 36 22 be-

145 382 60 26 tjena
224 382 64 21 dessa
308 383 66 25 orter,
390 381 62 21 äfven
468 387 36 15 om
521 381 42 21 den
578 382 61 22 ledes
654 383 29 26 på
699 383 33 20 ett
748 382 87 22 afstånd
851 382 47 21 från

145 417 117 27 desamma,
283 417 85 21 hvilket
390 416 47 22 icke
461 416 148 28 öfyerskrider
625 419 81 20 största
722 417 96 23 bredden
833 418 24 21 af
871 418 26 21 de

145 458 71 22 zoner,
236 452 110 22 hvarifrån
367 452 68 27 enligt
456 452 151 23 erfarenheten
631 453 93 22 trafiken
750 454 35 21 till
801 454 97 21 öfvervä-

144 489 70 27 gande
230 489 34 21 del
279 489 152 21 härstammar.

212 530 48 22 Den
276 530 114 27 ostligaste
405 530 68 22 linien
489 530 57 22 skall
563 531 128 27 visserligen
708 531 92 27 erbjuda
815 537 27 15 en
853 532 44 20 sär-

145 566 58 22 deles
225 566 91 27 lämplig
337 566 210 27 anslutningspunkt
567 567 7 21 i
594 566 84 22 Jokkas
693 567 98 27 kyrkoby
806 566 49 22 med
871 572 26 15 en

143 601 117 22 framdeles
268 602 93 21 tänkbar
369 601 211 28 förbindningsbana
589 602 61 22 öfver
661 602 107 22 Puumala
776 602 35 21 till
821 601 75 22 Karel-

145 638 38 21 ska
198 638 78 27 banan,
292 644 49 14 men
358 636 46 22 ifall
420 637 129 22 utvecklade
565 637 219 23 trafikförhållanden
792 637 105 28 någonsin

143 673 87 27 påkalla
246 674 71 20 denna
332 673 63 27 bana,
412 673 99 21 kommer
526 674 50 21 dess
592 674 116 22 utförande
724 674 48 22 icke
788 675 33 20 att
830 673 68 22 blifva

143 709 106 21 beroende
272 708 24 22 af
317 710 33 20 att
372 709 42 21 den
434 708 89 22 utfaller
538 710 68 26 något
621 710 75 26 längre
712 716 79 21 genom
807 710 91 26 anknyt-

145 744 173 28 ningspunktens
334 744 180 27 framskjutande,
531 745 132 27 exempelvis
679 745 35 21 till
730 745 144 22 Haukivuori.

215 792 33 21 De
264 792 102 27 ytterliga
381 792 74 27 motiv,
471 790 85 28 hvarpå
572 792 110 22 utskottet
697 794 61 20 stödt
774 793 39 21 sitt
823 792 75 22 förord

143 827 34 22 för
193 828 40 21 den
249 827 24 22 af
286 828 129 27 regeringen
431 826 124 27 föreslagna
571 828 155 27 sträckningen
739 828 92 21 framom
841 828 57 21 1883

144 864 35 20 års
201 863 95 21 komités
319 863 56 20 båda
398 862 123 28 alternativ,
541 862 70 22 finnas
628 863 87 27 angifva
731 863 6 22 i
754 864 42 21 den
818 863 80 28 nådiga

144 899 169 26 propositionen.

214 940 43 22 Det
280 941 69 21 måste
372 939 69 22 finnas
465 941 87 26 mycket
575 941 89 22 talande
680 941 47 22 skäl
743 941 34 21 för
793 942 32 20 ett
840 940 57 22 från-

144 977 82 26 gående
242 976 24 21 af
279 983 27 14 en
322 976 135 27 sträckning,
474 982 47 15 som
537 976 66 22 berör
619 977 26 21 de
661 977 142 27 vidsträckta,
819 975 24 22 af
849 975 48 22 Pie-

143 1012 73 27 lavesi,
239 1011 123 28 Konnevesi
386 1011 39 22 och
448 1011 77 22 TIisvesi
552 1018 28 15 m.
604 1011 21 22 fl.
643 1013 58 26 sjöar
716 1012 119 21 bestående
851 1012 46 21 vat-

143 1048 125 26 tendragen,
293 1047 144 27 synnerligast
461 1047 28 21 då
512 1047 150 28 kanalisering
684 1048 24 21 af
726 1043 102 36 desamma
843 1047 54 22 icke

142 1083 63 27 länge
220 1083 63 21 torde
298 1083 111 21 uteblifva.

211 1124 95 21 Beredas
322 1124 43 21 alla
381 1125 26 20 de
423 1125 91 27 trakter,
531 1131 47 15 som
595 1125 95 27 omgifva
706 1125 64 22 dessa
778 1125 82 26 vatten,
869 1130 27 15 en

143 1160 125 27 anslutning
291 1160 34 21 till
346 1160 97 27 jernväg,
467 1161 70 21 måste
561 1161 38 21 det
622 1160 94 22 förutses
739 1162 34 20 att
796 1159 49 22 från
860 1160 36 21 de-

143 1202 83 15 samma
242 1203 27 14 en
284 1196 122 27 betydande
421 1196 68 21 trafik
505 1196 58 21 skall
579 1197 133 26 uppsamlas.
744 1196 41 22 Om
796 1195 64 22 äfven
870 1201 27 16 en

143 1232 81 21 station
240 1231 8 22 i
264 1231 131 28 Suonenjoki
412 1232 53 21 eller
479 1232 38 21 vid
532 1232 79 21 Iisvesi
627 1232 48 22 icke
692 1232 71 22 skulle
786 1232 74 21 kunna
875 1230 23 22 få

143 1267 41 22 den
200 1267 116 28 betydelse,
333 1274 45 15 som
395 1267 115 27 Wesijärvi
527 1268 83 21 station
627 1268 36 21 vid
678 1268 72 21 ändan
766 1267 25 22 af
807 1267 89 26 Päijäne

142 1302 70 22 farled
238 1309 56 21 eger,
316 1303 62 21 torde
394 1303 55 21 dock
465 1303 8 20 i
489 1303 44 21 viss
551 1305 51 19 män
619 1304 113 21 enahanda
746 1302 150 23 förhällanden

142 1337 114 22 framkalla
272 1338 132 22 ätminstone
419 1339 109 21 likartade
544 1339 100 21 resultat.

211 1379 114 22 Utskottet
346 1380 38 21 vill
404 1382 59 19 ännu
478 1380 82 21 betona
577 1381 173 21 önskvärdheten
768 1380 24 21 af
804 1379 93 22 hufvud-

141 1415 83 21 banans
240 1415 88 27 ledning
344 1416 84 21 direkte
443 1416 35 21 till
493 1416 85 27 Iisvesi,
595 1418 23 25 ty
629 1416 125 27 derigenom
765 1415 73 22 kunde
849 1420 48 15 san-

141 1450 71 21 nolikt
233 1451 26 20 de
280 1451 140 22 öfverhäfvan
439 1452 64 20 svära
518 1452 250 27 terrasseringsarbeten
784 1449 113 28 undvikas,

141 1491 46 16 som
204 1485 134 23 förekomma
354 1487 80 21 mellan
450 1487 87 26 Kuopio
555 1488 40 21 och
611 1487 139 27 Suonenjoki,
768 1487 40 21 och
824 1485 74 22 hvilka

211 1527 197 26 Jernvägsutskottets
424 1529 119 19 betänkande
559 1527 44 22 N:o
618 1530 17 19 1.
