1078 1692
220 150 12 19 6
525 151 34 21 N:o
570 152 31 20 15.

260 218 41 21 För
317 219 142 27 anläggandet
477 220 23 20 af
515 220 40 20 den
571 222 60 18 ösira
647 219 135 25 stambanan,
800 220 51 21 eller
866 220 39 21 den
922 220 26 21 li-

190 253 40 21 nie,
255 259 45 15 som
324 253 55 21 skall
402 253 99 22 förbinda
522 254 96 21 Joensuu
632 255 64 26 jemte
713 254 112 21 trakterna
840 261 50 14 norr
907 255 39 20 och

190 288 100 20 nordvest
314 294 33 14 om
371 288 88 26 Ladoga
483 289 31 26 sjö
537 289 48 21 med
610 289 64 21 södra
690 289 135 25 stambanan,
841 289 45 21 tala
902 289 44 20 lika

190 322 76 27 giltiga
283 322 52 24 skäl,
352 329 45 14 som
416 323 32 21 för
467 324 73 20 banan
556 324 32 20 till
605 323 91 27 Kuopio.
728 323 42 21 Det
786 325 23 19 är
825 323 81 21 derföre
924 324 23 20 af

189 357 44 27 vigt
257 358 30 20 att
311 357 34 21 vid
369 357 147 21 beräknandet
536 358 23 20 af
577 358 82 21 medlen
676 357 33 21 för
724 358 172 26 jernvägsnätets
912 360 32 18 ut-

190 391 126 27 sträckning
344 392 78 20 bereda
451 392 109 26 möjlighet
587 392 33 21 för
645 395 30 18 ett
700 394 61 19 snart
786 392 112 21 utförande
924 392 24 21 af

190 427 70 20 denna
275 426 57 21 linie.

258 460 61 22 Efter
342 461 35 21 det
400 461 84 21 landets
507 463 71 19 senast
595 461 128 21 församiade
740 460 92 22 Ständer
847 460 97 21 förordat

189 495 135 27 utgifvandet
344 495 23 21 af
384 502 25 14 en
428 496 185 21 statssubvention
630 502 32 14 om
682 494 39 27 1'/2
738 496 81 20 million
835 496 60 20 mark
910 495 34 21 för

189 536 26 15 en
231 530 57 21 bana
303 530 48 20 från
367 530 134 28 Björneborg
518 530 31 21 till
565 531 88 26 lämplig
668 531 69 26 punkt
755 530 12 20 &
785 524 158 32 Äbo—Toijala

188 565 71 25 linien,
276 565 67 20 under
359 564 160 26 förutsättning,
536 567 32 19 att
584 565 41 21 den
645 566 84 20 komme
745 565 33 20 till
794 564 62 21 ständ
872 564 70 21 säsom

189 600 93 20 enskildt
305 600 51 20 eller
378 599 135 21 kommunalt
536 600 89 26 företag,
642 600 65 20 hafva
724 599 196 27 Stadsfullmäktige
936 600 7 20 i

187 634 135 26 Björneborg
344 640 89 15 numera
456 634 5 20 i
485 634 171 26 underdänighet
677 634 97 20 anhållit,
794 636 31 18 att
841 634 100 26 antingen

187 674 26 15 en
236 669 106 26 betydligt
364 668 66 27 högre
449 669 128 21 subvention
593 669 66 21 mätte
675 669 92 26 beviljas
782 669 51 21 eller
849 669 39 20 ock
904 669 38 20 ba-

187 709 42 14 nan
245 702 84 21 utföras
345 703 44 21 helt
405 703 39 21 och
460 704 66 20 hället
541 704 71 20 säsom
629 703 121 21 statsbana.
775 703 42 21 Det
831 704 40 20 har
882 706 58 24 synts

187 736 151 28 tvifvelaktigt,
362 738 106 20 huruvida
491 738 190 26 subventionering
697 738 33 20 till
746 737 24 21 sä
786 739 52 19 stort
857 738 83 26 belopp,

187 778 45 14 som
248 772 82 20 hälften
349 772 23 20 af
392 772 254 27 anläggningskapitalet,
664 784 26 3 —
706 774 53 18 utan
776 774 31 18 att
822 772 65 21 likväl
903 772 37 20 full

186 806 80 21 visshet
289 806 123 22 förcfunnes
435 809 32 19 att
489 808 75 20 staden
581 808 52 20 eller
648 807 66 26 något
728 807 163 27 jernvägsbolag
907 807 33 21 väl

185 841 102 20 mäktade
303 841 48 20 med
372 841 168 26 anläggningens
556 841 113 21 utförande
687 841 40 20 och
743 841 196 26 upprätthällande,

185 887 27 2 —
228 875 72 20 kunde
323 881 53 14 vara
396 876 46 20 med
459 878 81 18 statens
557 876 89 20 intresse
663 875 97 26 förenlig.
793 876 34 19 Att
845 876 94 20 deremot

185 909 7 20 i
215 910 69 20 sinom
308 909 31 21 tid
358 909 34 21 för
415 912 81 19 statens
524 910 91 27 räkning
639 911 69 25 bygga
731 910 207 26 Björeborgsbanan,

185 943 71 22 kunde
272 950 52 15 vara
340 944 128 21 motiveradt
485 945 46 20 med
548 945 85 26 hänsigt
648 945 31 20 till
697 945 40 20 den
755 945 108 20 allmänna
879 945 60 26 bety-

185 978 57 21 delse
252 979 84 26 "denna
353 979 90 26 jernväg
459 979 68 21 skulle
543 979 64 21 hafva
623 981 69 19 såsom
709 979 128 26 hbetjenande
855 985 25 15 en
895 979 45 20 vid-

184 1013 82 20 sträckt
290 1013 98 21 landsort
411 1014 39 21 och
474 1014 145 27 utmynnande
642 1014 6 21 i
672 1020 26 14 en
715 1013 23 21 af
752 1013 83 21 landets
851 1013 89 21 främsta

184 1047 172 22 handelsstäder.

253 1082 133 21 Subvention
402 1083 23 20 af
438 1083 124 21 statsmedel
579 1083 127 27 tillstyrktes
722 1083 24 21 af
762 1084 53 20 1882
831 1083 34 20 ärs
877 1083 62 20 Stän-

183 1116 39 21 der
238 1118 58 19 ännu
311 1116 33 21 för
359 1119 77 19 tvenne
453 1118 75 25 andra,
545 1117 83 21 mindre
645 1118 120 26 jernvägar,
786 1117 105 26 nemligen
907 1117 32 20 till

183 1151 105 20 städerna
307 1151 182 21 Willmanstrand
509 1152 39 21 och
565 1152 79 21 Kotka.
675 1153 10 20 I
701 1152 94 21 särskild
810 1152 65 26 nådig
890 1157 49 20 pro-

182 1185 95 26 position
294 1187 24 19 är
336 1185 144 23 omförmäldt,
496 1186 102 21 hvarföre
609 1187 36 20 det
656 1187 110 20 befunnits
777 1186 74 26 nödigt
861 1188 33 19 att
905 1188 33 18 ut-

181 1219 47 21 föra
252 1220 71 21 banan
346 1219 48 22 frän
419 1220 80 21 Simola
518 1221 31 20 till
566 1221 177 21 Willmanstrand
760 1221 69 20 säsom
846 1227 24 14 en
886 1227 53 20 gren

181 1253 24 21 af
218 1254 41 21 den
275 1255 65 20 södra
356 1255 135 21 stambanan.
513 1255 138 22 Beträffande
668 1255 47 22 åter
731 1255 73 21 Kotka
818 1255 70 21 banan
900 1255 39 20 har

181 1288 37 21 det
240 1289 58 20 visat
322 1289 32 26 sig
374 1292 33 18 att
424 1290 40 21 den
480 1289 23 22 af
517 1290 120 21 Ständerna
652 1290 116 21 förordade
784 1290 155 21 subventionen

180 1322 48 21 icke
244 1323 58 21 varit
317 1323 117 27 tillräcklig
450 1326 33 19 att
498 1324 77 27 bringa
591 1325 59 20 detta
666 1324 82 27 förslag
759 1324 32 21 till
803 1324 69 25 ständ,
885 1326 52 18 utan

179 1357 41 20 har
245 1358 93 20 nämnde
363 1359 50 20 stad
438 1359 90 20 anhällit
551 1361 38 23 att,
616 1359 83 21 utöfver
725 1359 156 20 subventionen
905 1364 34 15 om

180 1392 92 25 600,000
295 1392 68 26 mark,
384 1393 33 20 till
437 1393 108 27 företaget
560 1395 67 19 mätte
642 1394 82 21 lemnas
740 1395 31 18 ett
786 1393 35 20 län
837 1392 24 21 af
874 1394 65 19 stats-

179 1426 70 21 medel
272 1427 13 20 &
308 1427 93 25 800,000
424 1427 68 26 mark,
517 1427 55 21 dock
594 1430 52 19 utan
664 1427 39 21 full
719 1427 85 26 garanti
819 1427 34 20 för
868 1427 70 21 länets

178 1459 138 28 förräntning
339 1461 39 21 och
402 1462 138 27 amortering.
571 1462 64 21 Detta
655 1463 37 20 län
712 1462 45 26 har,
774 1462 48 21 med
839 1461 99 21 afseende
