1078 1692
188 126 15 22 4
292 127 80 23 Ständ.
388 128 37 23 Sv.
440 140 29 4 —
483 128 71 28 Prop.
571 129 62 22 N:ris
648 129 28 22 16
690 129 45 22 och
749 129 34 22 37.

160 196 84 21 garnas
260 190 105 28 eftersyn
380 190 44 22 och
442 191 125 29 nyttjande
583 192 9 20 i
607 191 240 22 öfverensstämmelse
862 192 56 21 med

160 222 258 31 hushällningsplanen.
448 225 87 22 Tillika
544 229 25 17 är
578 225 40 22 det
629 225 139 29 delegarene
780 227 71 27 öppet
860 226 56 22 lem-

159 257 57 22 nadt
232 260 41 25 att,
290 258 78 22 derest
390 259 63 22 inom
476 260 177 28 allmänningen
674 260 154 22 förekommer
842 260 75 26 mark,

159 298 50 15 som
223 292 105 22 befinnes
343 293 87 29 tjenlig
444 294 38 21 till
497 294 66 22 äker-
579 294 58 21 eller
652 294 142 28 ängsodling
809 294 57 22 eller
878 294 39 22 till

159 328 72 20 annat
246 326 98 30 nyttigt,
360 329 16 20 t.
392 335 35 15 ex.
443 328 137 22 industrielt
595 328 114 28 ändamål,
725 328 53 22 med
794 328 121 22 Guvernö-

158 367 53 15 rens
233 360 109 22 tillständ
364 361 54 23 frän
440 362 177 28 allmänningen
640 362 95 29 afskilja
755 362 72 22 sädan
842 362 72 22 mark.

159 406 28 5 —
201 394 66 22 Dock
284 394 72 23 hafva
370 396 132 22 Ständerna
517 397 21 27 ej
555 396 81 22 funnit
651 396 37 29 sig
702 396 58 25 böra
769 396 148 22 beträffande

159 428 28 22 de
209 429 137 21 nuvarande
369 430 96 21 sockne-
487 430 44 22 och
554 430 253 29 byaallmänningarna
829 430 89 22 föreslå

159 462 124 22 enahanda
306 463 145 29 stadganden
473 464 99 22 rörande
595 464 101 29 skogens
718 464 59 22 värd
792 464 43 22 och
851 462 66 31 nytt-

156 496 83 29 jande;
255 499 28 27 ty
298 498 102 22 förutom
416 498 39 22 det
471 500 34 20 att
520 498 91 29 ganska
626 498 164 29 tvifvelaktigt
800 502 31 25 är,
843 498 74 23 huru-

158 530 57 22 vida
228 532 75 28 nägra
318 532 119 29 egentliga
453 532 261 30 sockneallmänningar
728 540 97 14 numera
840 533 74 21 öfver-

159 565 92 23 hufvud
266 566 76 22 finnas
358 566 7 22 i
381 567 86 27 landet,
482 567 67 22 torde
565 568 8 21 i
589 568 81 28 hvarje
685 568 43 21 fall
744 568 28 21 de
788 568 36 21 för
839 570 76 19 större

159 600 186 28 samfälligheter
367 608 172 21 gemensamma
561 602 169 28 skogsmarker,
749 602 93 21 hvilkas
858 602 56 21 skif-

158 634 70 22 tande
252 634 140 30 delegarene
414 636 99 22 emellan
536 640 63 18 ännu
615 636 21 29 ej
652 636 138 29 påbegynts,
805 643 63 19 vara,
884 636 33 22 då

159 668 28 22 de
198 668 8 22 i
216 668 113 30 Wiborgs
344 670 40 21 län
398 670 123 29 befintliga
537 670 216 28 donationsgodsen
768 670 145 26 frånräknas,

159 702 26 22 af
198 702 81 22 alltför
294 704 68 28 ringa
377 704 150 29 betydenhet,
543 704 38 22 för
596 706 35 20 att
646 704 81 28 dylika
741 704 173 28 undantagsbe-

159 737 147 29 stämningar
320 738 9 21 i
345 738 108 22 afseende
471 739 12 21 å
499 739 151 28 delegarenes
665 738 115 28 rättighet
792 740 34 20 att
835 738 82 29 nyttja

158 771 44 21 och
218 771 74 22 skifta
307 772 117 22 desamma
439 773 76 21 skulle
530 780 56 14 vara
601 772 151 22 motiverade.

226 806 188 22 Vidkommande
436 807 93 29 privata
548 807 136 29 jordegares
707 809 47 19 rätt
774 808 34 20 att
823 806 91 29 förfoga

158 839 66 22 öfver
246 840 52 21 sina
320 840 149 29 lägenheters
492 841 108 21 enskilda
615 841 163 28 skogsmarker
793 841 97 21 föreslås
905 841 10 20 i

157 874 14 26 S
190 875 26 20 14
235 873 26 22 af
282 874 45 22 den
346 875 87 29 nådiga
448 875 178 29 propositionen
641 883 29 14 en
684 875 80 28 vigtig
778 874 139 29 förändring

157 907 36 22 uti
215 909 137 21 nuvarande
373 909 224 28 skogslagstiftning
609 909 73 29 jemte
698 909 39 22 det
752 908 160 29 ödeläggande

158 941 27 22 af
204 942 139 28 skogsmark
365 943 76 28 enligt
456 943 99 22 berörda
570 945 13 25 $
598 943 127 29 förbjudes,
742 943 75 21 skulle
832 943 81 21 nemli-

157 983 47 21 gen
216 975 143 30 jordegaren
374 977 124 29 förpligtas
513 979 36 20 att
563 977 42 22 vid
621 977 139 28 afverkning
775 977 52 21 från
841 978 73 20 större

157 1011 54 26 ytor
233 1010 99 29 vidtaga
351 1011 110 28 åtgärder
476 1012 36 21 för
527 1011 155 22 befordrande
699 1011 26 21 af
738 1011 101 28 skogens
855 1011 61 20 åter-

158 1045 63 20 växt.
253 1044 133 23 Ständerna
406 1045 70 22 hafva
487 1045 44 22 ock
539 1045 80 22 funnit
634 1045 36 28 sig
684 1045 58 22 böra
757 1045 9 21 i
780 1044 137 22 hufvudsak

157 1078 129 27 godkänna
301 1079 180 28 ifrågavarande
498 1080 38 21 del
551 1079 27 22 af
589 1079 161 29 lagförslaget,
765 1086 54 14 men
829 1078 88 22 beträf-

156 1112 70 21 fande
250 1115 73 19 sättet
345 1113 37 22 för
404 1114 149 21 återväxtens
576 1113 160 29 befrämjande
751 1112 103 29 vidtagit
869 1112 46 21 den

157 1146 108 29 ändring,
282 1149 36 19 att
332 1147 105 28 påbudet
455 1155 37 14 om
507 1148 40 21 det
562 1148 66 21 antal
650 1147 95 26 fröträd,
762 1154 49 15 som
825 1146 41 22 vid
881 1147 33 20 af-

157 1180 119 29 verkning
298 1181 72 22 borde
394 1183 31 27 på
446 1182 142 21 tunnlandet
611 1181 153 29 qvarlemnas,
787 1181 46 22 fått
850 1181 65 28 utgå,

157 1214 98 22 emedan
279 1215 101 28 skogens
396 1216 107 21 återväxt
518 1216 91 21 mindre
625 1219 25 18 är
664 1215 116 22 beroende
798 1215 63 22 deraf
874 1210 40 38 eom

157 1251 34 18 ett
214 1249 60 21 visst
297 1249 66 21 antal
385 1250 90 21 fröträd
499 1250 153 29 qvarlemnas,
673 1253 30 18 än
719 1250 96 21 fastmer
831 1249 26 21 af
869 1249 45 22 den

157 1283 212 28 omständigheten,
394 1284 116 22 huruvida
532 1285 28 20 de
584 1283 165 30 gvarlemnade
764 1283 83 21 träden
861 1283 53 21 med

156 1316 110 21 afseende
283 1318 13 21 å
311 1317 52 28 läge
387 1318 43 21 och
453 1318 162 21 beskaffenhet
638 1322 39 17 äro
697 1317 112 29 lämpliga
824 1317 36 21 för
874 1317 43 21 det

155 1351 108 28 åsyftade
280 1351 140 22 ändamålet.
449 1352 179 22 Efterlefnaden
643 1352 27 21 af
682 1354 35 19 ett
732 1352 26 21 så
768 1351 8 22 i
788 1351 71 28 detalj
874 1351 43 28 gå-

155 1385 60 21 ende
239 1385 139 28 stadgande,
401 1393 49 14 som
473 1386 196 29 propositionens,
694 1385 78 22 blefve
796 1385 118 22 dessutom

153 1421 87 26 ytterst
257 1420 54 20 svår
326 1421 35 20 att
376 1419 142 23 kontrollera
533 1420 44 21 och
592 1420 78 21 kunde
686 1419 46 22 lätt
746 1419 53 21 leda
815 1419 38 21 till
868 1419 48 21 för-
