1078 1692
376 137 22 19 U.
415 138 22 18 B.
450 147 21 5 —
484 138 62 24 Prop.
559 138 57 20 N:ris
627 140 23 18 16
660 139 40 19 ovh
712 140 28 17 37.

616 199 84 30 $$:

422 260 56 24 Har
494 259 76 31 någon
588 260 15 24 å
620 268 90 16 annans
727 261 74 29 mark,
816 263 58 21 utan
885 261 54 30 laga

390 300 55 29 rätt,
459 299 147 31 uppsåtligen
614 300 46 30 fält
668 298 57 26 eller
737 301 84 23 skadat
832 301 107 24 växande

391 339 61 30 träd,
480 337 57 26 eller
563 339 58 31 tagit
645 337 134 32 förtorkadt
805 340 54 24 träd
883 340 57 24 eller

389 377 111 31 vindfälle
518 376 57 27 eller
587 379 30 29 af
626 372 106 32 växande
745 380 54 23 träd
817 380 43 30 ris,
871 387 67 23 gren,

391 420 44 28 rot,
452 418 91 30 näfver,
563 419 64 30 bark,
648 416 41 33 löf,
708 418 58 31 bast,
784 420 69 29 kåda,
871 419 68 29 ollon,

390 459 77 23 kottar
483 458 57 24 eller
557 461 83 27 nötter,
656 455 57 28 eller
725 460 41 23 ock
777 459 96 29 afmejat
882 462 58 27 gräs

386 496 60 26 eller
463 499 58 29 tagit
538 506 82 22 mossa,
639 498 55 30 torf,
708 498 79 31 mylla,
801 498 58 30 lera,
872 499 67 29 sand,

389 545 58 22 grus
465 537 56 24 eller
538 540 58 28 sten,
615 538 41 24 och
673 538 86 24 skedde
776 538 84 24 sådant
877 539 9 23 i
904 538 36 29 af-

391 576 46 31 sigt
457 579 35 22 att
513 578 39 23 det
578 576 57 26 eller
659 578 77 30 någon
757 578 38 24 del
815 578 74 30 deraf
904 578 37 30 sig

392 616 55 24 eller
468 625 74 16 annan
558 612 116 41 tillegna;
701 618 80 30 varde,
804 618 73 24 ehvad
894 618 47 23 han

393 656 98 30 bortfört
513 656 38 24 det
572 654 56 27 eller
646 658 29 29 ej,
700 657 101 30 straffad
817 657 40 29 för
874 657 66 24 äver-

392 696 45 24 kan
454 696 52 24 med
523 697 64 23 böter
603 696 56 30 från
678 695 41 25 och
736 697 52 23 med
806 699 35 21 tre
853 696 36 24 till
900 696 41 24 och

391 736 52 24 med
460 736 131 24 tvähundra
607 737 73 23 mark.
722 737 152 29 Understiger
886 739 55 21 vär-

392 776 38 23 det
447 775 30 30 af
490 776 39 24 det
542 776 114 24 äverkade
670 784 28 16 en
710 776 80 29 mark;
807 784 55 16 vare
875 776 66 24 äver-

393 815 73 28 karen
490 816 113 29 förfallen
629 816 82 24 endast
737 816 36 23 till
793 816 147 29 skadestånd,

392 862 36 15 om
444 855 162 30 målseganden
623 855 58 24 derå
700 855 68 24 talar.

411 919 2 2 .
428 900 78 30 Stiger
529 901 83 23 värdet
633 901 30 28 af
680 901 39 23 det
742 900 114 24 åverkade
877 899 65 30 öfver

393 940 66 30 tjugu
475 940 74 29 mark,
573 940 56 23 eller
648 940 55 23 sker
724 940 102 23 åverkan
843 939 15 24 ä
871 939 71 30 plan-

393 979 77 24 teradt
487 979 56 24 eller
561 980 84 23 ansadt
663 979 55 24 träd
729 979 57 24 eller
798 979 75 30 buske,
886 978 57 24 eller

389 1019 35 30 pä
439 1019 113 23 särskildt
569 1019 101 24 värdadt
684 1019 74 29 ställe,
772 1019 56 23 eller
841 1022 41 20 äro
896 1026 46 16 om-

392 1058 189 30 ständigheterna
599 1059 65 28 eljest
686 1058 149 30 synnerligen
851 1057 92 30 försvä-

392 1098 82 29 rande,
504 1098 57 23 eller
589 1098 54 23 sker
671 1097 96 30 återfall
795 1098 10 22 i
829 1097 115 30 straffbar

394 1137 108 30 åverkan,
525 1137 74 24 ehvad
619 1137 83 24 värdet
723 1137 138 30 öfverstiger
878 1137 66 30 tjugu

393 1177 73 29 mark,
485 1177 56 23 eller
559 1177 34 30 ej;
619 1184 57 17 vare
696 1176 93 29 straffet
808 1176 62 24 böter
887 1176 57 29 från

392 1216 44 24 och
455 1217 53 24 med
518 1216 79 29 femtio
611 1216 91 25 till-och
713 1216 53 23 med
778 1217 88 22 ettusen
877 1216 68 23 mark

394 1255 56 24 eller
465 1255 104 31 fängelse
589 1256 57 29 från
667 1255 42 24 och
729 1255 52 24 med
796 1255 88 29 fjorton
902 1255 42 24 da-

392 1303 46 22 gar
451 1295 36 24 till
504 1295 41 24 och
561 1295 52 24 med
630 1297 32 22 ett
679 1295 36 23 år.

428 1335 117 29 Föröfvas
565 1335 102 23 åverkan
684 1335 58 22 utan
759 1333 72 30 afsigt
847 1335 35 22 att
898 1333 47 24 till-

394 1383 59 24 egna
469 1375 37 31 sig
522 1369 58 44 eller
599 1369 74 44 annan
688 1373 43 25 det
746 1373 129 29 åverkade;
904 1373 41 23 dö-

394 1422 49 19 mes
461 1415 50 25 den
521 1407 122 37 skyldige,
665 1413 10 23 i
696 1412 46 29 fall
762 1412 82 24 värdet
863 1412 31 29 af
908 1413 38 24 det

258 1459 47 21 Lag-
317 1459 31 17 och
360 1456 172 21 Ekonowintskottets
540 1457 106 19 betänkande
653 1457 40 18 N:o
703 1457 19 18 3.
