1078 1692
461 147 45 23 N:o
525 147 20 23 4.

405 358 68 23 Hans
498 358 156 29 Kejserliga
679 358 143 29 Majestäts
847 357 37 23 nä-

340 393 52 29 diga
412 392 136 30 proposition
564 393 33 22 till
613 392 103 24 Finlands
731 392 104 28 Ständer,
851 398 33 17 om

340 427 119 26 införande
475 427 28 23 af
515 428 104 22 metriskt
634 427 56 23 mätt
705 428 42 22 och
763 427 53 29 vigt,
827 426 59 24 samt

339 462 114 28 angäende
473 462 114 23 särskilda
606 462 92 23 räntors
714 462 42 23 och
772 461 113 23 skattehe-

338 496 63 29 lopps
413 496 134 29 erläggande
558 496 60 23 efter
628 496 82 23 sädant
717 496 57 24 mätt
782 496 41 23 och
832 496 54 28 vigt.

203 560 93 22 Medelst
318 559 68 28 nädig
408 559 131 28 proposition
560 560 34 21 till
615 560 105 21 Finlands
740 560 93 22 Ständer
850 559 38 22 vid

135 595 137 27 landtdagen
292 596 141 20 1863—1864
448 594 113 28 angäende
577 594 107 22 särskilda
698 594 153 28 förändringar
865 594 25 21 af

134 629 85 22 landets
229 630 62 26 mått,
302 629 43 21 mål
356 629 39 21 och
403 628 48 28 vigt
458 629 93 21 äskades
559 628 132 22 Ständernas
699 628 150 28 underdäniga
855 631 33 25 yt-

134 664 84 27 trande,
233 664 67 21 bland
314 665 73 25 annat,
404 663 105 27 deröfver,
525 663 107 22 huruvida
647 663 7 21 i
669 664 121 27 beräkning
801 663 24 21 af
832 663 56 21 mätt

135 698 40 22 och
189 698 49 28 vigt
252 698 202 27 decimalindelning
468 698 49 22 med
527 698 151 22 bibehällande
689 698 25 21 af
722 698 26 22 de
759 700 56 19 ännu
825 697 64 22 bruk-

135 733 46 28 liga
195 733 118 21 enheterna
328 733 73 21 kunde
416 732 87 28 införas,
519 733 53 21 eller
587 739 32 15 om
630 733 18 27 ej
660 732 125 28 lämpligast
794 738 51 16 vore
856 733 34 20 att

136 768 133 21 omedelbart
291 766 91 28 öfvergä
402 766 33 22 till
454 767 37 21 det
508 767 105 21 metriska
627 768 109 26 systemet.
766 766 39 22 Uti
819 766 70 22 häröf-

137 808 38 16 ver
190 802 94 27 afgifvet
298 802 114 21 utlätande
427 802 113 21 anmärkte
555 802 127 26 Ständerna,
699 803 34 20 att
747 801 94 21 nämnda
856 800 34 22 de-

137 836 187 27 cimalindelnings
344 836 167 27 genomförande
525 842 52 16 vore
591 836 101 21 förenadt
706 836 50 21 med
770 838 58 19 stora
843 836 47 21 svä-

137 870 103 28 righeter,
263 872 53 20 utan
335 872 34 20 att
384 871 55 21 dock
453 871 72 26 nägon
540 870 110 28 synnerlig
664 870 87 22 lättnad
766 870 9 21 i
790 869 101 22 afseende

139 905 14 22 å
176 905 85 22 landets
280 905 79 22 handel
377 905 49 21 med
440 905 82 22 utrikes
537 907 59 20 orter
610 905 68 22 skulle
694 905 124 27 derigenom
832 905 60 21 bere-

141 939 44 28 das,
201 940 39 21 och
254 939 108 28 afstyrkte
376 939 84 22 derföre
475 939 205 27 decimalsystemets
696 939 113 22 införande
819 939 8 21 i
837 939 55 21 mätt

139 974 39 22 och
199 974 54 27 vigt,
270 974 72 21 derest
357 974 26 21 de
398 980 28 15 nu
440 974 102 27 brukliga
556 974 57 21 mätt
628 974 38 21 och
682 973 167 28 vigtenheterna
864 973 29 21 bi-

138 1009 102 21 behölles.
270 1009 102 21 Deremot
386 1009 81 26 ansägo
483 1008 122 22 Ständerna
621 1008 33 28 sig
669 1009 53 20 böra
732 1008 116 27 tillstyrka,
860 1009 33 20 att

141 1043 37 21 det
192 1043 105 21 metriska
311 1045 109 25 systemet,
435 1043 66 22 hvars
515 1042 126 23 företräden
651 1043 114 21 förskaffat
776 1043 118 21 detsamma

139 1077 73 28 insteg
226 1077 8 21 i
250 1077 26 22 de
290 1077 64 22 flesta
369 1077 24 21 af
405 1077 98 28 Europas
517 1077 71 28 öfriga
598 1079 74 25 stater,
684 1077 8 22 i
702 1077 102 22 afseende
815 1077 13 21 ä
838 1077 56 20 mätt

139 1112 40 21 och
201 1111 48 28 vigt
270 1111 8 22 i
300 1112 75 21 landet
393 1111 100 22 infördes.
524 1112 90 27 Frägan
629 1112 73 21 härom
716 1111 48 22 blef
776 1111 118 22 emellertid

141 1145 102 23 hvilande
258 1145 39 22 och
307 1148 93 25 upptogs
409 1146 122 22 sedermera
541 1147 56 26 änyo
608 1146 34 21 till
651 1146 134 27 behandling
797 1146 24 21 är
833 1147 61 24 1880,

141 1180 35 27 då,
197 1180 68 27 enligt
284 1180 78 28 nådigt
377 1180 150 27 förordnande,
543 1181 25 21 ät
583 1187 26 15 en
624 1181 80 21 komit6
720 1180 25 22 af
758 1179 138 28 sakkunniga

140 1221 102 21 personer
265 1214 170 23 öfverlemnades
453 1217 34 20 att
501 1215 102 22 utarbeta
617 1215 83 28 förslag
715 1215 35 22 till
764 1214 132 27 författning

143 1249 114 27 angäende
280 1249 37 21 det
335 1249 104 22 metriska
456 1251 115 25 systemets
585 1249 114 22 införande
714 1249 7 22 i
736 1249 95 22 nämnda
845 1249 51 21 hän-

141 1283 85 22 seende.
256 1283 103 22 Bemälde
380 1283 85 28 komit6,
483 1289 45 16 som
541 1283 82 28 jemväl
638 1283 57 28 tagit
710 1284 7 21 i
734 1283 162 27 öfvervägande

141 1317 81 28 frågan
244 1323 34 16 om
296 1317 115 22 införande
426 1317 25 22 af
464 1317 203 29 decimalindelning
682 1318 48 22 med
745 1317 152 22 bibehållande

141 1351 24 22 af
187 1351 27 22 de
237 1358 29 15 nu
288 1352 102 27 gällande
410 1352 117 22 enheterna
541 1352 35 22 för
591 1353 55 21 mätt
662 1353 38 21 och
715 1353 55 27 vigt,
786 1358 48 15 men
849 1351 48 22 icke

141 1386 68 21 heller
231 1387 74 20 ansett
326 1386 35 27 sig
383 1387 74 21 kunna
478 1386 89 22 förorda
585 1387 144 28 vidtagandet
748 1387 26 22 af
786 1393 27 15 en
827 1386 70 21 sädan

142 1420 80 27 partie]
244 1420 85 26 reform,
352 1421 40 21 har
412 1420 31 22 uti
464 1421 37 22 det
519 1421 25 21 af
556 1421 95 22 komiten
666 1421 85 28 afgifna
766 1421 84 27 förslag
864 1420 33 21 till

141 1454 127 28 förordning
283 1455 115 27 angäende
412 1455 56 22 mätt
483 1456 40 21 och
537 1455 49 28 vigt
601 1455 49 28 följt
666 1455 36 22 det
716 1455 105 22 metriska
830 1456 68 26 syste-
