1078 1692
263 140 80 22 Ständ.
359 139 37 23 Sv.
414 151 23 3 —
454 139 63 27 Prop
533 138 64 22 N:ris
614 138 26 22 16
654 138 45 22 och
713 138 34 22 37.
828 140 29 20 29

543 196 15 26 $
575 195 34 21 50.

328 241 72 26 Böter,
420 248 44 14 som
487 240 68 28 enligt
569 240 75 22 denna
658 240 36 28 lag
708 241 93 26 ådömas,
818 241 71 27 förde-

272 276 31 21 las
316 275 84 28 jemlikt
414 274 12 22 1
441 275 16 27 $
472 274 30 21 32
515 274 58 28 Kap.
589 274 28 21 R.
629 274 26 22 B.
666 274 38 22 och
714 275 128 27 förvandlas
851 274 37 22 vid

272 310 108 21 bristande
397 309 90 27 tillgång
502 309 35 21 till
551 308 95 28 fängelse
657 308 37 22 vid
700 310 76 20 vatten
784 309 37 21 och
831 309 57 25 bröd,

273 343 149 22 motsvarande
437 350 28 14 en
481 343 99 27 tredjedel
595 342 29 28 af
636 342 154 28 bötesbeloppet.

550 400 15 28 8
581 400 32 20 01.

331 446 51 21 Har
396 445 97 21 åverkan
507 445 55 21 skett
573 446 32 26 pä
615 445 178 27 kronohemman,
805 445 86 22 boställe

274 480 50 21 eller
348 486 80 15 annan
446 479 33 21 till
494 479 83 21 enskild
593 479 115 28 besittning
724 480 105 27 upplåten
843 480 49 20 kro-

274 514 84 28 nojord.
376 516 46 26 tage
437 514 55 20 äbon
511 514 52 20 eller
584 514 169 27 innehafvaren,
769 514 28 21 dä
811 514 48 22 han
873 514 20 28 ej

275 548 52 28 sjelf
347 548 75 21 brottet
443 548 69 28 begått
533 548 51 20 eller
606 548 35 21 det
662 548 88 27 afvetat,
766 548 86 28 hälften
867 548 30 27 af

275 582 220 28 skadeersättningen.
531 578 34 25 Är
587 582 76 28 skogen
686 582 94 27 indelad,
805 582 88 28 tillfalle

276 616 215 28 skadeersättningen
507 616 107 28 antingen
629 616 88 22 kronan
728 617 51 21 eller
788 616 105 28 innehaf-

277 658 68 14 varen
360 651 50 21 eller
426 650 35 22 ock
476 650 59 28 begge
547 652 137 26 gemensamt,
696 651 41 21 allt
744 651 99 27 eftersom
852 652 41 20 nå-

275 686 96 27 gondera
389 685 50 21 eller
455 684 54 22 båda
523 685 68 21 skada
607 685 53 21 lidit.
691 684 47 22 För
754 685 97 22 åverkan
862 685 32 27 på

278 720 145 27 kyrkoherde-,
439 719 122 27 kapellans-
577 719 37 21 och
628 719 183 21 klockareboställe
825 720 69 27 gänge

274 753 142 27 jordegarens
439 753 64 21 andel
524 753 29 26 af
571 753 152 28 ersättningen
742 754 33 20 till
790 753 106 22 boställets

280 787 176 28 Vyggnadskassa.

557 834 15 26 8
587 833 34 20 52.

338 878 66 21 Hvad
425 877 63 28 ifrån
511 878 97 27 olofligen
623 878 96 27 afbränd
734 879 48 20 sved
797 878 103 28 inbergas

281 912 51 21 ellev
354 913 46 20 dess
421 912 65 21 värde
508 919 51 14 vare
574 912 125 27 förverkadt
714 913 34 20 till
759 913 138 28 jordegaren,

282 953 44 14 som
340 946 9 21 i
363 946 30 21 36
406 947 14 25 $
434 948 64 25 säges.
529 941 34 26 Är
585 946 42 21 den
646 946 93 28 skyldige
760 946 49 28 sjelf
823 953 75 14 ensam

282 987 62 21 egare
360 981 33 20 till
401 980 50 21 eller
459 980 95 28 delegare
561 981 35 20 uti
602 981 57 27 jord,
671 981 68 21 hvarä
752 981 81 28 olofligt
840 981 58 21 sved-

280 1015 69 27 jande
364 1015 58 26 skett,
436 1015 69 27 gänge
527 1015 56 21 hvad
605 1015 78 21 honom
705 1021 87 15 annars
810 1015 90 27 tillfalla

286 1049 46 21 bort
348 1049 33 21 till
396 1049 125 27 åklagaren.

341 1083 165 28 Afkastningen
523 1083 54 27 från
597 1083 99 28 olofligen
710 1083 85 22 brukad
810 1083 49 22 sved
869 1083 32 27 på

284 1118 147 27 kyrkoherde-,
454 1117 122 27 kapellans-
599 1118 36 21 och
657 1118 185 21 klockareboställe
859 1118 43 21 till-

286 1151 52 28 falle
354 1151 104 22 boställets
473 1151 178 28 byggnadskassa.

560 1209 15 27 $
593 1209 33 20 53.

344 1249 34 26 Är
398 1260 76 21 genom
497 1253 60 27 brott,
580 1261 44 14 som
644 1254 8 21 i
667 1254 37 25 34,
720 1253 34 26 36,
770 1253 35 26 37,
821 1253 31 21 38
866 1253 36 21 och

286 1288 30 21 41
332 1289 28 26 $$
375 1290 97 24 nämnes,
493 1288 96 21 allenast
606 1288 84 21 enskild
705 1289 45 20 rätt
765 1288 139 27 förnärmad,

288 1322 36 21 må
338 1321 76 22 brottet
428 1322 19 27 ej
461 1322 73 21 åtalas
549 1322 28 27 af
589 1322 85 21 allmän
688 1322 109 27 åklagare,
812 1322 37 21 der
859 1321 45 22 icke

288 1356 135 27 målsegande
438 1358 85 19 anmält
537 1357 35 20 det
587 1357 34 20 till
635 1356 51 21 åtal.

348 1385 76 33 Öfriga
446 1390 51 22 häri
519 1390 89 22 berörda
627 1391 199 27 lagöfverträdelser
845 1390 60 21 skola

289 1424 93 21 deremot
396 1424 61 21 såväl
471 1424 28 27 af
511 1424 210 28 kronobetjeningen,
738 1432 44 14 som
797 1424 28 27 af
835 1424 70 21 veder-
