1078 1692
335 144 23 19 U.
370 144 22 19 B.
405 153 23 5 —
440 143 62 25 Prop.
515 144 56 19 N:ris
582 144 25 20 16
620 144 40 20 och
672 144 31 19 37.
868 144 11 18 9

145 202 50 22 land
215 202 98 22 afverkas
336 204 51 20 utan
406 204 33 20 att
457 202 91 28 tjenliga
563 203 101 27 åtgärder
678 202 99 27 vidtagas
796 202 33 22 för
847 203 55 21 äter-

145 238 90 20 växtens
250 236 154 28 befrämjande,
420 236 130 28 öfvergifves
565 237 93 21 nämnda
673 237 132 27 ständpunkt
816 237 86 27 ohjelp-

145 271 68 27 ligen;
229 271 39 21 och
279 271 39 21 har
333 271 134 27 lagstiftaren
483 271 124 27 derigenom
623 271 64 27 gifvit
700 272 69 20 staten
786 277 25 15 en
827 271 75 27 rättig-

145 305 39 21 het
195 307 31 19 att
236 305 106 27 betydligt
352 305 99 27 tidigare,
461 307 27 19 än
499 305 56 21 hvad
567 305 103 26 nägonsin
681 304 107 22 tillförene
799 305 55 21 varit
864 304 38 22 fal-

147 339 37 27 let,
199 339 97 21 inskrida
312 339 39 21 och
365 339 103 21 inblanda
483 340 34 26 sig
531 340 32 20 uti
580 340 41 20 den
637 339 107 21 enskildes
760 339 143 27 skogsekono-

147 373 36 21 mi.
213 373 66 21 Detta
292 374 99 26 'baksteg
413 374 71 20 kunde
507 374 106 21 måhända
636 373 146 27 rättfärdigas,
810 380 33 15 om
870 373 32 27 $:n

146 413 52 16 vore
220 407 54 21 eller
295 407 71 22 kunde
389 408 25 20 sä
435 407 93 27 affattas,
547 410 32 18 att
598 407 55 21 hvad
673 413 49 15 man
740 408 88 20 dermed
847 407 57 21 afser

147 441 71 22 skulle
236 441 70 21 ernäs.
342 441 48 22 Men
410 442 77 21 sädant
505 444 25 18 är
549 442 47 21 icke
615 442 115 21 händelsen
747 442 38 21 och
802 442 54 21 läter
871 442 32 26 sig

147 476 48 21 icke
210 476 68 21 heller
292 477 60 25 göra.
381 476 47 21 Mot
442 476 189 26 bestämningarna
645 476 32 21 uti
693 476 33 27 $:n
743 476 40 21 kan
798 476 105 26 nemligen

148 510 48 21 med
219 510 37 26 fog
278 510 120 26 anmärkas,
421 512 32 19 att
476 510 26 22 de
523 512 37 19 äro
580 510 24 21 sä
623 510 115 21 sväfvande
758 510 39 21 och
816 510 89 21 allmänt

148 544 79 26 hållna,
250 546 37 27 att
303 544 109 21 desamma
435 544 47 21 med
504 546 81 20 största
607 544 78 22 lätthet
703 544 71 21 kunna
796 544 108 27 kringgäs.

148 578 80 22 Tillika
242 578 45 21 lida
302 579 26 21 de
344 578 24 21 af
381 578 185 27 ofullständighet,
582 579 25 21 sä
621 581 32 19 att
669 579 40 21 den
723 578 120 28 jordegare,
859 584 45 15 som

148 612 48 22 icke
211 612 39 22 har
264 612 130 27 tillräckliga
410 613 89 26 insigter
515 613 6 21 i
538 613 39 21 den
598 613 94 21 ordnade
708 612 196 28 skogshushällnin-

149 653 48 21 gen,
216 647 108 27 förgäfves
344 647 54 21 skall
418 647 53 21 söka
490 649 44 19 rätt
552 647 93 26 fullgöra
660 648 74 26 lagens
749 647 51 26 bud,
815 647 89 21 emedan

148 681 43 21 han
206 681 46 21 icke
268 681 39 21 har
322 682 51 21 reda
389 681 27 27 pä
431 681 26 21 de
473 681 34 21 för
519 688 29 14 en
564 682 100 26 gagnelig
680 681 64 21 effekt
759 681 23 21 af
795 681 47 21 dem
853 681 53 21 nöd-

149 716 93 26 vändiga
263 715 211 27 förutsättningarna.
505 716 46 21 Och
571 716 46 26 just
640 716 5 20 i
665 716 53 26 följd
738 715 23 21 af
779 716 68 20 denna
862 715 42 21 bri-

150 750 76 21 stande
248 750 65 26 insigt
335 750 38 21 hos
393 750 129 26 jordegaren
547 750 66 21 varda
636 750 93 21 nämnda
748 750 158 26 bestämningar

150 786 49 19 rent
217 783 23 22 af
257 784 106 26 skadliga,
382 786 52 19 enär
453 784 94 26 oriktiga
565 784 101 26 åtgärder
684 784 135 26 naturligtvis.
841 784 65 20 fram-

151 818 59 21 kalla
224 818 98 26 skadliga
340 818 85 27 följder.
458 818 192 26 Bestämningarna
673 820 37 19 äro
733 818 72 21 vidare
824 818 6 20 i
850 818 56 20 vissa

151 851 116 22 afseenden
282 851 131 27 fullkomligt
431 851 150 27 öfverflödiga;
600 852 38 21 och
658 852 34 21 må
715 852 69 21 säsom
804 853 31 20 ett
849 851 58 27 bely-

150 886 68 21 sande
234 886 96 27 exempel
349 885 125 22 framhällas
493 886 38 21 det
550 886 44 26 fall,
613 886 27 21 dä
656 886 136 27 jordegaren,
808 885 47 22 med
872 885 35 21 be-

152 920 90 27 räkning
258 922 32 19 att
304 920 80 27 hygget
398 920 70 21 skulle
484 920 85 22 befröas
585 920 47 21 frän
648 920 108 27 sidoskog,
766 919 99 22 afverkar
881 919 26 21 de

152 954 31 21 tio
199 955 129 20 tunnlanden
345 955 6 20 i
367 954 68 21 smala
451 954 150 27 sträckningar
615 960 76 21 genom
707 954 104 27 skogen,
802 949 9 36 i
827 953 81 22 hvilket

153 988 39 21 fall
208 988 94 21 fröträds
312 988 167 27 gvarlemnande
495 988 69 21 måste
579 995 52 14 vara
641 988 141 27 öfverflödigt,
791 988 24 27 ja
824 988 33 21 till
868 987 39 22 och

154 1023 49 21 med
218 1023 102 26 skadligt,
336 1023 38 21 och
389 1022 100 21 markens
504 1022 150 22 kultiverande
670 1029 76 20 genom
757 1022 86 21 frösädd
855 1021 53 22 lika-

153 1057 60 21 ledes
232 1057 90 27 onödigt
340 1057 38 21 och
398 1057 139 21 medförande
557 1057 124 27 onyttigtvis
700 1057 67 27 dryga
785 1056 122 21 kostnader.

155 1089 105 29 Slutligen
282 1091 60 21 torde
364 1091 19 26 ej
403 1091 68 21 heller
491 1091 55 21 böra
563 1091 138 26 förglömmas
720 1091 26 21 de
768 1090 141 21 trakasserier

155 1125 38 22 och
212 1125 151 27 uppoffringar,
383 1131 45 16 som
445 1125 137 28 jordegaren
595 1125 34 22 får
648 1125 118 21 vidkännas
787 1124 122 27 derigenom

155 1161 32 20 att
201 1159 96 22 hvarken
312 1160 108 21 allmänna
435 1159 117 26 åklagaren:
572 1159 53 21 eller
644 1159 159 21 vederbörande
819 1158 90 21 domstol

155 1199 52 21 eger
221 1193 27 22 de
264 1194 90 26 insigter
368 1194 7 21 i
390 1193 167 26 forstväsendet,
573 1193 72 21 hvilka
660 1199 50 15 vore
725 1193 23 22 af
757 1193 68 20 nöden
837 1192 33 21 för
880 1193 32 20 ett

156 1227 75 27 riktigt
245 1228 133 21 bedömande
394 1227 23 22 af
430 1227 129 22 hithörande
574 1227 80 27 frägor.

224 1262 75 21 Ehuru
310 1262 110 26 utskottet,
432 1261 71 22 såsom.
515 1261 137 22 härförinnat
668 1261 89 26 anförts,
769 1261 13 20 &
797 1264 39 18 ena
842 1237 70 55 "sidan

156 1300 70 22 anser,
238 1298 33 19 att
282 1298 69 19 staten
360 1296 47 21 icke
422 1295 68 22 borde
504 1295 141 23 tillerkännas
660 1295 103 27 rättighet
777 1297 32 19 att
824 1295 6 20 i
846 1293 67 22 andra

156 1329 45 27 fall,
216 1332 28 19 än
259 1330 28 21 då
303 1330 82 27 verklig
400 1329 135 22 devastation
552 1331 25 20 är
591 1329 34 22 för
639 1329 92 26 banden,
746 1329 62 21 träda
821 1328 92 21 emellan

157 1364 48 22 med
220 1364 192 27 reglementariska
426 1363 144 27 föreskrifter,
588 1364 89 27 tjenliga
691 1365 33 20 att
739 1363 78 22 bevara
832 1364 82 20 statens

157 1404 56 21 egna
226 1399 115 26 intressen,
356 1398 73 22 häller
439 1398 108 22 utskottet
558 1398 13 21 å
586 1398 68 21 andra
666 1398 63 21 sidan
744 1397 55 22 dock
814 1396 52 27 före,
882 1397 33 20 att

157 1438 30 15 nu
204 1432 100 27 gällande
321 1432 179 27 inskränkningar
518 1432 8 21 i
545 1433 41 20 den
605 1431 108 22 enskildes
734 1431 181 27 dispositionsrätt

229 1472 44 21 Lag-
286 1472 30 17 och
330 1472 169 17 Ekonomtutskoltets
510 1471 107 18 bstänkande
628 1471 35 17 N:o
675 1471 18 18 3.
