1078 1692
201 143 28 21 32
403 142 24 22 U.

529 143 62 29 Prop.
606 144 39 21 N:o
661 142 35 24 13.

173 208 35 22 del
228 208 49 21 icke
298 207 88 23 förorda
407 208 62 22 bifall
485 209 35 21 till
536 210 42 21 den
594 209 81 27 nådiga
690 209 178 27 propositionens
884 208 43 22 för-

174 244 48 27 slag
242 250 35 14 om
294 244 84 21 ökande
394 244 24 21 af
431 244 182 28 farhastigheten,
629 247 54 19 utan
699 251 65 15 anser
781 244 147 22 1877—1878

174 281 36 20 års
228 280 100 21 ständers
350 280 7 21 i
378 280 67 22 saken
465 280 85 22 fattade
569 281 73 21 beslut
658 287 35 15 om
710 287 27 15 en
753 280 78 28 högsta
847 280 81 22 medel-

173 315 112 27 hastighet
305 315 24 21 af
348 316 42 28 21/,
413 316 37 21 mil
472 316 7 21 i
500 316 99 28 timmen,
616 316 133 27 uppehällen
766 317 13 21 &
794 316 136 22 stationerna

174 351 45 21 deri
241 351 48 21 icke
310 351 134 28 inbegripna,
467 352 122 22 tillsvidare
609 352 54 22 böra
679 352 128 27 bibehällas,
824 353 56 20 samt
896 352 34 20 att

175 388 81 20 största
276 386 98 28 verkliga
394 388 140 27 hastigheten
555 389 13 20 &
588 388 66 27 ingen
671 388 35 21 del
722 388 23 21 af
759 388 71 21 banan
846 387 33 21 får
897 386 32 22 öf-

176 422 96 27 verstiga
287 424 34 20 tre
337 422 38 22 mil
392 423 6 21 i
415 424 98 21 timmen.

249 524 51 22 Med
311 524 157 28 öfvervägande
479 525 112 27 majoritet
602 526 40 20 har
653 526 110 21 utskottet
774 526 98 21 deremot
883 531 46 15 om-

176 560 66 22 fattat
261 560 105 28 förslaget
384 560 8 22 i
410 561 80 27 nädiga
510 561 165 27 propositionen
692 563 33 19 att
741 561 103 21 arbetena
859 561 13 21 &
888 560 42 21 den

176 596 133 22 Savolakska
329 596 72 22 banan
417 598 68 20 mätte
501 597 102 27 päbörjas
619 598 24 20 är
660 598 66 26 1887,
742 597 37 21 vid
794 596 87 22 hvilken
897 596 33 21 tid

177 632 104 22 arbetena
304 634 28 25 pä
355 632 120 28 Uleäborgs
488 633 206 27 jernvägsbyggnad
710 634 91 26 antagas
817 632 67 22 blifva
900 631 32 22 af-

175 668 97 27 slutade;
295 668 92 22 sälunda
402 668 68 22 likväl
486 671 33 19 att
534 669 50 21 med
601 669 80 27 nödiga
697 668 156 22 förberedande
869 667 63 21 arbe-

176 706 43 25 ten,
236 704 7 20 i
259 704 105 22 händelse
380 705 79 21 sädant
474 704 68 22 finnes
559 705 108 27 lämpligt,
680 705 68 21 redan
758 705 69 21 under
838 705 24 20 är
874 704 58 21 1886

177 739 107 27 vidtagas.

250 775 139 22 Beträffande
413 776 103 27 slutligen
540 776 118 22 anvisande
682 775 24 22 af
726 776 70 21 medel
812 775 33 21 för
860 775 72 21 denna

175 811 102 27 jernvägs
293 811 123 28 utförande,
434 812 33 21 fär
482 812 110 21 utskottet
607 812 125 21 afvenledes
748 811 7 21 i
771 811 96 27 enlighet
883 810 50 22 med

177 847 42 20 den
242 846 80 27 nädiga
341 847 165 26 propositionen
527 847 87 27 föreslä,
631 848 34 20 att
681 846 122 22 Ständerna
818 853 30 14 nu
864 847 69 20 mätte

177 882 63 21 anslå
256 883 41 20 den
314 882 73 21 derför
402 883 81 26 nödiga
499 889 107 21 summan,
622 883 89 20 hvilken
728 882 68 27 enligt
811 881 121 22 utskottets

175 917 147 28 beräkningar
346 919 70 26 uppår
436 919 35 20 till
486 919 89 26 vidpass
592 918 134 27 16,033,000
742 917 69 28 mark,
827 917 46 22 ifall
891 917 42 21 den

177 953 7 21 i
207 953 167 27 propositionen
397 954 123 27 föreslagna
543 954 69 21 linien
633 953 133 22 oförändrad
786 953 98 21 kommer
899 952 36 21 till

176 989 115 21 utförande
311 989 40 21 och
372 989 123 22 kostnaden
517 989 32 21 för
564 989 122 22 bibanorna
702 989 34 21 till
752 989 76 21 Iisvesi
844 989 39 21 och
900 988 36 21 till

177 1024 86 27 Kuopio
290 1025 66 21 hamn
382 1025 138 27 inberäknas,
547 1031 50 16 men
623 1025 35 21 till
687 1025 89 26 vidpass
800 1023 134 28 16,358,000

176 1060 68 27 mark,
269 1060 46 21 ifall
339 1060 104 27 Kouvola,
469 1061 82 21 istället
575 1061 34 20 för
637 1060 107 27 Kaipiais,
766 1059 67 27 väljes
849 1059 34 22 till
900 1061 34 19 ut-

178 1096 146 27 gångspunkt.

251 1131 71 22 Ledes
338 1131 69 22 linien
422 1131 49 22 från
487 1132 86 27 Kuopio.
590 1132 73 21 direkt
680 1131 34 22 till
731 1131 76 22 Iisvesi
823 1131 40 27 sjö,
879 1130 56 22 min-

177 1167 51 20 skas
252 1167 65 21 dessa
341 1173 98 15 summor
462 1168 50 21 med
535 1168 122 21 kostnaden
682 1167 34 21 för
737 1167 150 21 förstnämnda
902 1165 32 22 bi-

179 1201 63 22 bana.
273 1202 133 22 Derutöfver
421 1203 73 21 kunde
510 1209 27 15 en
553 1203 48 21 icke
613 1203 137 26 obetydande
761 1202 117 27 besparing
888 1201 47 22 vin-

176 1243 39 16 nas
230 1243 80 21 genom
321 1238 125 27 antagligen
457 1245 152 20 gynsammare
620 1238 241 27 terrängförhällanden
871 1237 64 27 längs

179 1273 71 21 denna
265 1273 62 28 linie,
344 1275 54 20 utan
409 1275 34 20 att
452 1274 167 21 hufvudbanans
631 1274 68 27 längd
710 1273 126 27 derigenom
848 1273 87 21 ökades.

250 1309 32 21 Pä
306 1309 70 26 grund
399 1309 66 22 häraf
486 1310 33 21 fär
540 1310 109 21 utskottet
671 1309 113 22 vördsamt
799 1309 87 26 föreslä,
902 1309 35 20 att

176 1343 122 22 Ständerna
322 1345 50 21 med
396 1345 167 28 hufvudsakligt
586 1345 160 28 godkännande
762 1345 24 21 af
800 1345 42 21 den
857 1343 80 28 nädiga

177 1380 165 27 propositionen
358 1380 52 22 ville
427 1381 34 21 för
477 1382 34 20 sin
527 1381 35 22 del
578 1381 98 22 besluta:

361 1421 32 22 1:0
415 1423 33 20 att
469 1429 27 14 en
511 1422 96 29 jernväg
623 1422 78 28 vygges
711 1421 59 28 från
785 1420 151 22 Riihimäki

324 1456 34 22 S:t
372 1457 132 29 Petersburg
514 1458 129 28 jernbanan
659 1457 37 22 till
711 1457 97 27 Kuopio;

359 1493 37 21 2:o
420 1495 31 20 att
474 1494 74 21 denna
567 1494 94 28 jernväg
677 1493 58 22 skall
750 1493 53 28 utgå
813 1492 55 27 från
883 1492 55 22 Kai-

251 1535 199 25 Jernvägsutskottets
466 1537 118 20 betänkande
600 1535 43 22 N:o
658 1537 18 20 1.
