1078 1692
179 134 16 21 4
384 132 23 22 U.
423 132 22 22 B.
461 146 29 2 —
506 132 61 29 Prop.
583 133 39 21 N:o
639 132 34 22 13.

151 198 140 28 granskning,
308 199 50 21 med
374 199 50 21 stöd
440 198 24 22 af
477 205 28 15 en
516 198 99 28 enhetlig
626 199 27 27 på
664 197 45 23 alla
719 197 115 27 tillämpad
844 196 58 28 prin-

151 236 42 26 cip,
211 236 40 20 har
266 235 110 22 utskottet
391 237 74 20 ansett
479 235 34 27 sig
528 235 53 21 böra
597 234 51 28 sjelf
663 233 101 22 utarbeta
780 232 33 23 för
826 232 76 28 jemfö-

150 271 71 22 relsen
237 270 80 28 nödiga
333 270 234 28 sammanställningar.

226 306 75 22 Såsom
325 313 26 15 en
376 307 110 27 synnerlig
507 306 57 22 brist
584 308 70 20 måste
676 306 110 21 utskottet
801 304 102 22 särskildt

151 342 91 28 påpeka,
255 344 33 20 att
299 342 47 22 icke
358 349 38 16 ens
408 342 173 28 approximativa
589 340 254 28 kostnadsberäkningar
850 346 52 21 upp-

151 378 69 28 gjorts
244 378 33 22 för
300 378 148 28 kanalisering
472 378 23 22 af
515 378 131 27 Suonenjoki
668 378 13 20 å
701 377 35 21 till
760 378 69 20 större
852 376 51 26 djup

152 416 27 19 än
195 414 15 21 4
225 414 39 21 fot.

226 522 43 21 Vid
285 522 161 27 behandlingen
462 522 23 22 af
500 523 41 21 den
553 522 79 27 nådiga
643 520 164 28 propositionen
818 520 39 21 har
869 518 34 22 till

153 557 56 22 först
232 558 42 21 den
298 557 75 28 frågan
397 558 112 27 upptagits
530 558 34 21 till
579 557 143 26 besvarande,
737 556 107 22 huruvida
859 561 44 15 om-

153 593 180 27 ständigheterna
356 594 73 21 kunde
445 594 88 27 påkalla
549 595 33 20 att
597 593 35 21 för
646 592 106 22 framtida
765 591 117 28 jernbanor
898 590 6 21 i

152 629 75 21 landet
250 629 56 21 inslå
330 630 32 20 ett
382 631 67 19 annat
467 629 202 27 byggnadssystem,
686 630 27 19 än
730 628 38 22 det
782 633 47 15 som
845 626 59 27 följts

152 665 37 21 vid
204 665 66 21 Wasa
285 664 71 22 banan
372 665 40 22 och
427 664 34 23 för
471 665 134 21 närvarande
616 664 112 26 tillämpas
739 663 37 21 vid
786 662 118 27 Uleåborgs

151 700 209 28 jernvägsbyggnad.

227 736 33 21 En
277 736 210 28 systemförändring
501 737 43 21 kan
561 737 78 21 tänkas
655 735 75 22 utförd
748 734 102 28 antingen
869 734 33 21 så-

152 772 74 27 lunda,
250 774 33 20 att
307 772 41 22 den
369 772 80 22 hittills
471 772 99 22 använda
590 771 132 28 spårvidden
743 770 23 22 af
780 770 14 22 5
810 776 47 20 eng.
874 768 31 22 fot

148 808 132 27 -bibebålles,
301 814 50 16 men
371 808 188 28 öfverbyggnaden
576 808 40 22 och
631 807 82 27 rörliga
728 806 127 22 materielen
871 807 33 19 ut-

153 843 58 22 föres
226 843 88 28 lättare,
330 843 54 22 eller
400 845 33 20 att
449 845 32 20 ett
496 843 93 22 smalare
605 845 51 26 spår
672 841 89 22 införes.

228 879 84 22 Genom
328 879 27 22 de
371 879 152 28 beräkningar,
540 886 47 15 som
603 878 119 23 verkstälts
738 878 39 21 och
793 877 112 26 framlagts

153 915 24 21 af
197 915 69 27 några
289 915 67 22 bland
375 915 122 22 utskottets
513 915 149 27 medlemmar,
679 915 40 20 har
734 913 109 22 utskottet
858 911 48 22 fun-

153 950 34 22 nit
202 951 37 21 det
254 957 52 15 vara
322 951 138 28 ådagalagdt,
477 953 33 19 att
525 951 51 22 med
591 949 153 23 bibehållande
755 949 24 21 af
788 949 41 21 den
839 948 67 21 breda

153 986 130 27 spårvidden
300 993 27 15 en
342 987 82 21 lättare
441 987 160 27 öfverbyggnad
618 987 48 21 icke
681 985 45 22 kan
736 991 52 15 vara
798 983 108 22 fördelak-

152 1021 40 28 tig,
216 1022 92 21 emedan
332 1022 6 21 i
362 1023 79 20 sådant
456 1022 38 21 fall
511 1023 26 21 de
553 1022 62 22 äldre
631 1021 211 27 statsjernvägarnes
857 1019 50 21 fullt

152 1057 85 22 lastade
260 1063 82 21 vagnar
362 1057 48 22 icke
426 1058 73 21 kunde
516 1057 73 28 inlöpa
604 1059 28 26 på
648 1057 27 21 de
692 1063 42 20 nya
748 1056 103 26 banorna,
868 1055 39 21 och

152 1092 175 23 hufvudmotivet
352 1093 35 22 för
410 1100 85 15 samma
518 1093 89 28 spärvid
631 1094 13 21 &
665 1092 45 22 alla
730 1091 69 22 banor
819 1090 88 23 dermed

152 1128 71 21 skulle
238 1128 110 22 bortfalla.

226 1163 61 22 Skall
298 1164 86 22 således
395 1171 26 15 en
434 1164 210 28 systemförändring
654 1163 145 28 genomföras,
808 1162 99 21 inskrän-

151 1199 41 21 ker
207 1199 33 27 sig
256 1199 76 28 frågan
348 1199 35 22 till
400 1200 35 21 val
451 1200 25 21 af
488 1200 139 28 lämpligaste
643 1199 197 27 smalspårsystem.

223 1234 43 21 För
281 1235 65 27 långa
363 1235 135 28 stambanor,
514 1236 90 21 hvarom
619 1236 40 21 här
675 1241 31 15 nu
721 1237 25 19 är
761 1234 68 27 fråga,
845 1233 62 27 torde

151 1275 27 16 en
199 1270 96 22 smalare
312 1271 103 26 spårvidd
433 1273 29 20 än
479 1272 12 21 1
508 1273 69 20 meter
593 1271 53 22 eller
662 1270 119 22 afrundadt
796 1270 48 27 3!/,
860 1275 48 20 eng.

149 1305 34 21 fot
199 1305 47 22 icke
263 1306 74 21 kunna
353 1306 152 28 ifrågasättas.
529 1307 118 22 Afståndet
658 1306 82 22 mellan
753 1305 92 27 rälerna,
857 1304 53 22 eller

150 1341 43 21 den
209 1347 17 15 s.
242 1341 21 21 k.
282 1342 132 27 spårvidden
430 1345 25 19 är
471 1343 14 21 f.
502 1345 19 19 ö.
533 1343 85 22 mindre
628 1342 166 23 bestämmande
805 1341 34 21 för
849 1340 59 21 kost-

149 1376 79 28 naden,
249 1379 29 19 än
295 1378 95 27 tyngden
408 1377 25 23 af
447 1378 190 28 öfverbyggnaden
654 1378 41 21 och
712 1378 42 21 den
769 1376 80 27 rörliga
865 1382 45 15 ma-

149 1411 99 23 terielen.

210 1448 128 27 Rälsvigten
362 1449 34 21 för
422 1450 177 27 smalspårbanor
623 1452 24 19 är
668 1449 88 27 mycket
775 1448 133 22 varierande.

150 1483 48 22 Den
215 1484 81 21 minsta
312 1484 121 28 rälsvigten
450 1485 35 22 för
500 1485 208 28 smalspärbanorna
723 1484 7 21 i
742 1484 103 22 Amerika
855 1485 53 26 upp-

224 1526 199 25 Jernvägsutskottets
440 1527 118 21 betänkande
573 1528 38 20 N:o
627 1529 17 18 1.
