1078 1692
311 144 81 23 Ständ.
408 145 35 22 Sv.
461 156 24 4 —
502 144 71 28 Prop.
589 144 42 22 N:o
646 144 33 22 15.
828 144 14 21 5

114 208 37 22 års
167 208 71 22 första
260 206 112 24 månader
389 208 62 21 visat
465 207 38 27 sig
519 206 150 23 ekonomiskt
684 206 57 22 vida
756 212 112 22 gynsam-

114 249 65 15 mare
202 242 30 22 än
254 240 75 24 under
351 240 166 24 motsvarande
538 240 36 22 tid
599 240 139 28 föregående
762 241 25 21 år
808 240 61 28 1884,

114 279 63 19 samt
199 275 119 23 dessutom
342 283 28 15 en
392 282 93 16 summa
504 275 25 22 af
544 275 90 30 150,000
649 274 69 23 mark
733 274 72 23 redan
820 275 48 21 sär-

115 310 76 22 skildt
212 312 139 20 reserverats
374 310 34 22 för
430 308 177 24 verkställande
623 309 25 22 af
661 308 207 30 kompletterings-

115 344 96 22 arbeten
226 344 14 22 å
255 344 80 22 banan
357 344 43 22 och
418 344 34 22 för
467 342 152 24 bestridande
635 343 25 22 af
672 343 115 29 möjligen
803 344 65 21 ännu

115 378 107 28 oguldna
238 377 320 30 expropriationskostnader.

184 411 192 24 Vidkommande
393 413 47 21 åter
455 411 29 23 de
494 412 53 22 från
559 410 310 24 kommunikationsfonden

115 446 75 23 under
215 446 215 23 nästinstundande
458 445 161 30 finansperiod
645 445 119 29 utgående
786 445 84 28 anslag

115 480 64 23 torde
195 480 29 23 de
238 480 87 23 fonden
348 480 127 28 åliggande
498 480 117 22 ordinarie
637 480 45 22 och
700 479 170 29 obligatoriska

115 515 96 28 utgifter
232 515 34 22 för
284 514 99 24 berörda
401 514 41 30 tid,
457 515 79 22 såsom
552 514 25 23 af
590 514 176 23 nedanstående
782 514 87 28 kalkyl

115 549 109 28 framgår,
250 549 84 22 kunna
356 548 116 23 beräknas
495 548 38 22 till
558 550 126 27 10,768,000
707 549 74 22 mark.
811 548 59 23 Häri

115 584 58 27 ingå
187 584 93 28 200,000
294 583 69 22 mark
378 584 78 22 såsom
470 582 124 23 beräknad
609 583 83 22 förlust
708 584 14 21 å
736 583 134 23 trafikerin-

116 625 46 21 gen
178 618 25 22 af
216 617 29 23 de
268 617 181 23 österbottniska
466 618 107 22 banorna
595 617 75 23 under
693 618 55 22 hela
770 616 100 29 budget-

115 652 112 29 perioden
257 654 61 20 samt
347 652 136 28 ytterligare
511 653 92 29 200,000
628 652 69 22 mark
726 652 78 22 såsom
826 651 44 23 för-

115 686 50 22 lust
180 687 14 21 å
209 686 85 28 Hangö
312 687 100 29 jernväg
434 685 75 23 under
532 693 91 15 samma
637 685 41 23 tid.
709 686 42 22 Uti
766 686 105 28 proposi-

115 721 81 21 tionen
223 723 115 26 upptages
366 720 38 22 det
426 720 76 28 årliga
520 720 79 22 deficit
615 720 14 22 å
644 720 28 22 de
688 719 183 23 österbottniska

115 754 107 22 banorna
243 754 40 22 till
306 755 183 28 approximativt
505 755 91 29 200,000
612 754 68 22 mark
696 762 38 15 om
750 755 49 22 året
814 754 56 22 eller

115 788 35 23 för
165 788 111 29 perioden
300 789 140 21 1886—1888
459 788 39 22 till
516 788 85 22 inalles
618 790 92 28 600,000
725 788 75 29 mark,
815 795 55 16 men

116 822 132 23 Ständerna
270 822 73 22 hafva
365 824 55 20 trott
439 823 37 26 sig
492 829 43 20 ega
551 822 53 22 skäl
621 824 33 20 att
668 822 109 23 nedsätta
792 822 78 23 denna

115 856 119 28 sistsagda
256 859 53 26 post
326 856 38 23 till
380 857 188 28 ofvanuppgifna
585 856 87 29 belopp
688 857 93 28 200,000
796 855 74 24 mark.

115 891 83 22 Såsom
218 891 119 22 ofvanföre
352 892 134 21 omnämnts
502 891 43 22 har
560 891 123 30 nämligen
698 891 171 28 trafikeringen

115 925 25 22 af
153 925 74 22 Wasa
248 925 81 22 banan
351 925 75 22 under
441 925 160 23 innevarande
618 926 36 21 års
669 925 71 23 första
755 925 113 22 månader

115 960 62 21 visat
193 961 32 20 ett
240 959 56 22 vida
311 966 166 21 gynsammare
493 959 98 23 resultat
606 961 31 20 än
647 959 75 23 under
732 958 140 30 föregående

115 994 26 21 år
158 995 59 20 1884.
248 993 78 22 Sedan
340 995 130 28 jernvägen
486 993 38 23 till
540 994 122 27 Uleåborg
677 993 84 23 varder
776 993 95 30 öppnad

114 1028 34 22 för
163 1027 109 29 trafiken,
295 1027 65 23 torde
383 1027 118 23 dessutom
520 1028 136 22 inkomsten
671 1028 52 23 från
738 1027 75 23 Wasa
828 1028 42 22 ba-

114 1069 49 15 nan
185 1062 98 22 komma
306 1064 33 20 att
361 1063 35 21 uti
419 1062 52 23 icke
489 1062 124 29 obetydlig
629 1063 56 22 mån
700 1065 96 26 stegras.
825 1062 45 22 Be-

114 1095 116 24 träffande
253 1096 115 28 slutligen
390 1096 167 29 Hangöbanan
580 1097 43 22 har
641 1096 75 23 under
734 1093 30 26 de
779 1099 92 20 senaste

115 1131 56 22 åren
193 1130 113 23 förlusten
322 1131 14 22 å
352 1130 137 23 densamma
504 1132 89 29 utgjort
613 1132 3 21 i
632 1131 112 22 medeltal
760 1131 112 28 omkring

116 1166 91 27 100,000
228 1165 75 22 mark.
334 1165 57 22 Men
406 1165 31 22 då
452 1165 79 22 denna
550 1165 84 22 förlust
648 1165 39 22 till
702 1167 84 20 största
801 1164 70 23 delen

115 1200 25 21 är
155 1201 34 20 att
204 1199 142 23 tillskrifvas
366 1199 50 22 dels
436 1199 93 22 utförda
544 1199 175 29 nybyggnader
734 1199 52 23 dels
802 1198 46 23 den
863 1199 9 22 i

112 1233 133 30 jemförelse
260 1233 55 22 med
330 1233 92 22 banans
437 1234 69 27 ringa
520 1233 72 22 trafik
607 1233 70 28 högst
692 1233 125 29 betydliga
827 1232 45 23 för-

113 1266 258 29 valtningskostnaden
387 1267 44 22 och
446 1267 127 23 Ständerna
589 1275 59 19 anse,
664 1269 34 21 att
712 1268 68 21 sedan
795 1267 76 21 banan

113 1301 80 22 komme
216 1303 34 20 att
272 1301 107 28 bedrifvas
400 1302 35 27 för
454 1302 293 28 kommunikationsfondens
765 1301 103 28 räkning,

113 1335 127 22 densamma
258 1335 62 22 borde
334 1336 36 27 för
384 1336 120 27 framtiden
515 1337 33 26 pä
563 1338 30 20 ett
609 1337 97 27 billigare
722 1338 46 20 sätt
783 1335 86 27 trafike-

113 1376 44 19 ras,
174 1369 72 23 hafva
266 1369 134 23 Ständerna
414 1370 79 23 funnit
509 1373 32 20 ett
557 1370 84 29 anslag
656 1371 25 22 af
694 1371 94 28 200,000
802 1369 70 22 mark

111 1403 40 22 till
166 1403 148 23 betäckande
330 1404 25 22 af
368 1403 46 23 den
428 1404 89 28 förlust,
533 1412 51 15 som
599 1411 87 21 genom
702 1405 92 22 banans
808 1403 63 23 trafi-

113 1437 86 28 kering
215 1437 39 23 det
269 1437 99 23 oaktadt
382 1437 81 23 kunde
479 1439 94 30 uppstä,
589 1445 57 16 vara
661 1438 117 29 tillfylles.
