1078 1692
356 148 79 22 Ständ.
452 148 36 23 Sv.
507 160 24 3 —
548 148 69 28 Prop.
634 148 40 22 N:o
689 148 21 22 4.
849 148 28 20 23

156 210 81 26 rubeln,
260 210 40 21 har
315 211 11 25 8
341 211 15 20 4
371 210 25 21 af
408 210 123 22 Ständerna
553 210 94 28 antagits
662 210 7 21 i
684 210 222 22 öfxerensstämmelse

155 245 49 21 med
218 244 60 21 förra
292 244 144 22 alternativet.

222 279 10 20 I
248 280 12 25 8
274 278 14 22 5
302 278 175 22 förekommande
492 280 78 20 orden:
587 280 60 25 ,,Den
662 279 8 21 i
685 279 84 21 Torneå
782 279 67 21 härad
860 278 47 21 från

155 315 45 19 ett'*
216 320 20 14 o.
251 320 16 14 s.
283 320 27 18 v.,
325 313 71 27 hafva,
412 315 53 20 enär
479 314 7 20 i
500 314 85 21 landets
605 314 173 21 administrativa
797 312 111 27 indelning

156 354 89 14 numera
268 346 47 22 icke
336 347 70 21 finnes
428 348 65 26 något
515 348 69 21 härad
599 349 49 20 med
663 349 61 20 detta
738 355 71 18 namn,
825 347 83 27 utbytts

156 384 55 19 mot:
228 398 8 10 ,
241 381 51 21 Den
308 382 8 20 i
330 381 68 27 forna
415 381 85 22 Torneå
515 382 71 22 härad
600 382 55 28 från
669 384 43 19 ett"
728 389 20 15 o.
763 389 16 14 s.
795 389 20 14 v.

223 416 31 20 På
275 416 71 27 grund
367 416 25 21 af
412 417 36 21 det
469 416 93 22 anförda
580 417 23 21 få
618 417 122 21 Ständerna
754 415 154 27 underdånigst

157 450 95 21 anmäla:

362 515 32 20 att
412 513 125 23 Ständerna
556 514 35 28 för
605 515 37 21 sin
656 514 39 26 del,
711 514 46 21 med
773 513 96 27 ändring
884 512 28 27 af

293 547 71 27 några
378 548 87 28 ordalag
480 550 9 20 i
503 549 35 21 det
551 549 46 21 dem
614 548 32 22 till
660 548 124 28 antagande
799 546 110 28 förelagda

293 581 108 30 förslaget,
415 582 96 28 godkänt
525 590 28 14 en
567 583 130 28 sålydande:

431 664 123 28 Förordning
578 664 106 28 angående
706 663 103 23 särskilda
829 662 81 22 räntors

362 704 38 20 och
422 704 154 28 skattebelopps
598 704 125 28 erläggande
748 705 51 21 efter
818 702 92 24 metriskt

362 743 50 22 mått
427 744 37 22 och
479 744 46 27 vigt.

585 807 49 27 $1

367 858 40 21 Vid
425 857 138 29 erläggandet
582 857 28 28 af
621 858 206 28 prestarättigheter,
844 859 66 27 tings-

292 893 110 27 gästning,
425 891 157 29 kappeafgifter
605 892 36 21 och
663 892 120 27 fiskeränta
801 893 61 26 skall,
886 893 24 21 så

295 927 62 28 länge
379 927 60 21 dessa
458 926 90 29 afgifter
565 929 38 19 äro
621 926 114 28 faststälda
754 929 9 20 i
781 927 60 22 äldre
857 928 54 21 mått

296 961 36 21 och
353 962 50 27 vigt,
422 961 55 27 från
496 961 77 28 början
593 961 28 27 af
632 961 26 22 är
673 961 59 22 1890
745 969 29 14 en
790 963 72 20 tunna
877 962 32 21 be-

293 995 84 21 räknas
392 995 34 22 till
440 995 229 28 etthundrasextiofem
684 996 55 27 liter,
756 1003 28 15 en
798 996 67 27 kappe
876 996 34 22 till

293 1029 43 28 fem
358 1029 37 22 och
417 1036 27 15 en
466 1029 51 28 half
533 1029 54 27 liter,
608 1031 30 20 ett
658 1030 89 28 lispund
763 1031 34 21 till
811 1031 47 22 åtta
873 1031 37 20 och

293 1065 30 20 ett
344 1063 57 28 halft
422 1064 105 27 kilogram
547 1065 56 21 samt
621 1066 30 20 ett
669 1065 108 28 skålpund
798 1065 33 22 till
847 1065 63 27 fyra-

293 1098 196 28 hundratjugufem
502 1105 68 21 gram.

573 1162 50 28 $2

361 1207 15 22 I
394 1207 101 22 händelse
513 1208 24 21 de
556 1208 55 27 från
625 1208 127 26 rusthållen,
768 1209 91 20 rotorna
874 1207 37 21 och

293 1241 182 22 båtsmanshållen
495 1243 106 27 utgående
616 1242 175 28 vakansafgifter
805 1241 44 22 icke
864 1241 46 28 före

292 1276 41 21 den
353 1276 12 21 1
381 1276 50 22 Juli
446 1276 59 21 1889
519 1276 71 28 blifvit
604 1277 110 27 aflyftade,
729 1276 59 22 skola
803 1276 107 21 desamma

291 1310 36 27 för
342 1311 66 27 sagda
422 1311 27 20 år
464 1311 37 21 och
516 1310 115 29 framgent,
647 1311 24 21 så
686 1311 62 28 länge
764 1311 25 20 de
803 1310 105 28 fortvara,

291 1345 53 26 utgå
366 1345 55 26 från
439 1345 75 28 hvarje
532 1345 93 22 rusthåll
642 1345 47 21 med
703 1344 208 23 ettusentrehundra

292 1379 62 27 tjugu
370 1379 50 21 liter
434 1379 101 27 spanmål
550 1379 37 22 och
595 1379 252 28 trehundraättatiofyra
861 1378 49 22 liter

291 1412 71 27 hafre,
385 1413 55 27 från
459 1413 75 28 hvarje
555 1416 48 20 rota
623 1414 47 21 med
684 1413 226 28 fyrahundrafyratio

292 1447 49 21 liter
356 1447 100 27 spanmål
470 1448 37 21 och
523 1448 238 27 etthundrasextiofyra
777 1447 48 22 liter
839 1447 70 27 hafre,
