1078 1692
201 142 12 20 8
517 143 34 21 N:o
565 142 20 22 6.

172 210 24 20 af
217 210 206 27 indelningsverket,
439 211 115 27 åliggande
571 211 252 27 rustningskyldigheten
840 210 89 27 upphäf-

171 251 44 21 ves,
238 245 93 25 komma,
348 246 55 20 efter
418 246 37 20 det
471 246 205 26 skatteförmedling
692 246 71 21 såsom
781 245 68 21 nedan
866 247 62 24 säges

173 280 138 20 derförinnan
332 280 107 26 öfvergått
460 280 25 21 de
502 280 99 26 rusthåll,
619 280 74 21 hvilka
708 280 63 21 deraf
785 282 36 18 äro
837 280 7 20 i
861 279 69 25 behof,

173 314 26 20 de
222 314 47 21 från
294 315 100 25 samtliga
417 315 92 21 rusthåll
530 315 110 21 äfvensom
656 316 103 20 roterade
776 315 96 21 hemman
890 314 39 21 och

172 348 163 26 båtsmanshåll,
351 350 28 26 på
394 350 69 26 grund
481 350 22 20 af
516 350 81 26 nådiga
612 350 125 20 manifestet
753 350 39 20 den
811 351 8 19 1
838 349 93 26 Augusti

173 384 55 19 1810
252 386 55 18 samt
330 384 170 25 kungörelserna
523 384 41 20 den
581 385 27 20 20
624 384 121 21 December
763 385 52 19 1811
834 384 38 20 och
889 384 40 20 den

175 418 25 20 13
224 417 97 22 Oktober
347 419 53 20 1812
416 418 108 26 utgående
541 419 90 20 vakans-
648 419 39 21 och
704 418 227 27 passevolansafgifter

174 454 32 18 att
223 452 97 26 upphöra
336 452 90 22 likasom
442 454 40 20 ock
499 454 26 20 de
542 453 95 26 afgifter,
654 454 74 20 hvilka
743 453 47 21 från
806 453 124 21 hemmanen

172 486 7 20 i
196 486 82 27 Kajana
302 487 67 21 härad
390 488 67 25 enligt
474 488 91 20 berörda
582 488 101 20 manifest
699 488 40 20 och
755 488 79 25 nådiga
850 487 80 26 kungö-

173 521 69 20 relsen
266 521 23 21 af
306 522 40 20 den
363 522 27 20 20
405 522 93 26 Augusti
518 523 53 19 1830
585 524 98 24 utgöras;
701 523 5 19 i
723 522 53 26 följd
792 521 76 21 hvaraf
882 527 49 20 ega-

172 561 50 15 rene
239 556 39 20 och
291 556 165 21 innehafvarene
480 556 23 20 af
525 556 102 26 samtliga
651 556 141 21 förenämnda
808 556 123 26 lägenheter

174 591 37 19 äro
223 590 46 20 från
282 590 38 21 och
337 591 47 20 med
400 592 38 20 188
470 591 114 21 —frikallade
600 591 48 21 från
664 591 131 27 erläggande
811 591 23 20 af
848 591 42 20 alla
900 590 31 20 of-

173 625 111 25 vansasda
300 625 93 27 afgifter.

527 666 8 27 s
555 667 19 20 2.

243 710 57 21 Frän
316 717 81 15 samma
416 712 31 20 tid
463 712 102 26 indragas
582 712 26 21 de
624 712 121 20 rusthällen
761 712 103 26 anslagna
879 717 51 20 aug-

171 747 79 19 ments-
274 746 39 20 och
338 752 54 19 egna
414 748 81 25 räntor,
520 746 25 21 de
566 746 136 21 sistnämnda
718 746 33 20 till
768 746 35 20 det
818 746 7 20 i
841 745 53 27 följd
910 745 22 21 af

173 779 229 27 skatteförmedlingen
418 780 101 21 nedsatta
534 780 79 27 belopp
630 780 92 21 sålunda
738 782 41 18 att:

243 814 69 21 första
328 814 47 21 året
390 814 47 21 från
453 815 74 26 hvarje
551 815 94 21 rusthåll
670 815 34 21 till
719 814 82 21 kronan
817 814 61 26 ingår
894 814 37 20 det

172 848 85 27 belopp,
282 855 46 14 som
344 849 7 20 i
367 851 96 19 närmast
479 849 67 27 högre
559 850 74 26 jemna
648 849 95 21 rubeltal
760 850 119 19 motsvarar
895 855 36 14 va-

171 882 155 27 kansafgiften,
343 883 67 26 jemte
427 890 25 14 en
468 883 154 22 femtiondedel
639 883 22 21 af
676 883 138 21 återstående
830 883 101 26 beloppet

171 917 48 20 utaf
241 917 127 21 rusthållets
392 920 122 24 augments-
538 918 39 21 och
594 924 54 20 egna
664 919 82 24 räntor,
764 917 67 26 enligt
846 919 85 19 senaste

171 951 36 20 års
223 951 209 28 medelmarkegång,
449 955 56 18 samt

242 986 76 27 hvarje
341 986 23 21 af
381 987 25 20 de
423 986 95 27 följande
534 987 116 26 fyrationio
667 986 53 21 åren
737 992 25 15 en
778 985 153 22 femtiondedel

169 1019 24 22 af
207 1021 93 20 nämnda
316 1021 105 25 återstod,
437 1021 34 20 till
487 1021 49 21 dess
553 1021 91 20 sålunda
659 1021 59 20 inom
735 1026 26 15 en
777 1020 31 21 tid
825 1019 23 22 af
857 1020 73 21 femtio

170 1054 24 21 år
210 1055 49 20 hela
275 1055 101 26 beloppet
392 1055 23 20 af
429 1055 68 26 sagda
512 1057 75 19 räntor
603 1055 32 21 till
652 1055 84 21 kronan
752 1055 112 26 indragits.

247 1089 83 21 Härvid
360 1089 102 27 indragas
491 1089 56 22 först
580 1091 191 25 augmentsräntor
799 1090 56 19 samt
884 1089 48 20 der-

171 1125 50 19 näst
236 1124 124 21 rushållens
376 1130 55 21 egna
446 1126 81 19 räntor.

529 1199 46 27 83.

246 1243 57 21 Frän
328 1244 39 21 och
391 1245 48 20 med
456 1245 36 20 det
507 1245 30 25 är,
555 1245 158 26 indragningen
730 1245 103 26 vidtager,
850 1244 82 27 uppbä-

168 1284 37 15 ras
221 1278 101 26 samtliga
338 1281 189 24 augmentsräntor
543 1279 23 20 af
580 1279 158 26 kronofogden,
754 1279 93 24 hvilken,
859 1279 73 20 derest

168 1313 64 20 dessa
248 1315 76 18 räntor
340 1313 119 26 öfverstiga
475 1313 37 21 det
528 1313 85 27 belopp,
630 1319 45 15 som
693 1313 23 20 af
731 1313 47 21 dem
795 1313 34 21 för
840 1313 46 20 året
896 1313 34 20 till

168 1347 82 20 kronan
274 1347 68 26 ingär,
366 1347 129 21 verkställer
518 1347 67 27 ligvid
609 1348 92 21 emellan
720 1347 83 21 kronan
819 1347 39 21 och
874 1349 57 18 rust-

168 1381 218 21 hällsinnehafvaren.

242 1415 70 22 Sedan
328 1416 43 21 alla
386 1418 191 24 augmentsräntor
593 1417 32 20 till
642 1417 84 20 kronan
742 1416 101 26 återgått,
855 1415 76 22 beräk-

170 1456 39 14 nas
225 1451 47 20 icke
289 1451 75 20 vidare
379 1451 70 20 forlön
466 1451 33 20 för
515 1451 45 20 deri
577 1451 107 26 ingäende
701 1451 97 26 spanmäl
813 1451 40 20 och
863 1450 67 22 hafre.
