1078 1692
246 138 79 24 Ständ.
342 139 35 22 Sv.
393 151 27 3 —
435 139 70 27 Prop.
521 139 62 21 N:ris
600 138 29 22 16
645 139 43 22 och
703 139 35 21 37.
818 138 25 22 13

118 201 44 22 och
178 204 56 18 enär
248 201 46 21 den
309 201 38 21 till
363 201 128 22 Ständerna
499 202 88 28 jemväl
603 201 173 22 öfverlemnade
791 208 84 21 propo-

119 236 72 21 sition
207 242 37 14 om
258 243 33 21 ny
306 235 86 21 allmän
408 236 101 28 stafflag,
526 236 30 28 pä
572 237 47 19 sätt
635 235 133 22 Ständerna
783 234 36 22 uti
828 238 46 17 sär-

119 270 63 22 skild
205 270 122 21 skrifvelse
350 270 42 21 hos
410 270 96 23 Eders
522 270 184 28 Kejserliga
720 269 155 29 Majestät

119 305 8 21 i
142 304 190 29 underdänighet
356 304 92 28 anmält,
471 312 32 14 nu
526 304 53 22 icke
602 304 87 22 hunnit
704 304 26 21 af
744 303 131 22 Ständerna

120 338 184 28 slutbehandlas,
334 340 60 20 samt
416 338 29 22 dä
467 338 46 22 den
536 338 178 28 förutsättning,
741 337 135 22 hvarunder

119 372 163 22 förstnämnda
304 372 145 29 proposition
471 373 129 21 meddelats
623 372 138 28 Ständerna,
778 371 98 22 sälunda

120 407 69 27 fallit,
205 407 71 21 hafva
292 407 130 21 Ständerna
437 407 79 21 funnit
531 407 40 21 det
586 407 8 21 i
610 407 134 21 densamma
759 406 117 28 ingäende

111 436 151 27 alternativa
277 441 88 28 förslag
379 441 57 21 böra
451 441 100 22 förfalla.

190 476 34 21 På
238 475 77 29 grund
331 476 26 20 af
368 475 62 22 hvad
439 476 8 20 i
457 476 39 20 det
511 475 141 29 föregående
667 476 97 26 anförts,
776 475 23 21 få
810 474 66 23 Stän-

121 510 73 22 derna
209 509 171 29 underdånigst
395 510 99 21 anmäla:

316 552 34 20 att
363 550 126 22 Ständerna
511 550 88 28 antagit
621 550 41 21 den
682 550 81 28 nådiga
775 549 99 27 proposi-

261 585 74 21 tionen
357 592 33 14 om
412 592 31 20 ny
464 585 95 27 skogslag
575 584 46 22 med
637 584 68 28 ofvan
720 584 99 27 antydda
835 586 39 19 än-

260 619 92 28 dringar
367 620 9 20 i
390 619 41 21 den
453 619 126 28 föreslagna
604 619 170 27 författningen,
791 618 86 21 hvilken

261 652 34 22 till
309 652 55 28 följd
378 652 65 28 deraf
455 652 80 22 komme
548 654 33 20 att
589 652 84 22 erhålla
681 652 97 28 följande
790 652 88 27 lydelse:

315 750 109 33 Skogslag
443 750 35 24 för
495 750 221 24 Storfurstendömet
732 750 98 24 Finland.

524 802 57 27 Kap.
598 802 19 21 I.

313 842 33 21 Om
364 842 76 21 kronan
457 842 127 21 omedelbart
599 842 89 27 tillhörig
704 841 128 28 skogsmark.

545 897 49 27 $1

321 942 51 22 Alla
387 944 60 20 utom
461 943 129 28 bygdelagen
601 943 89 27 belägna
701 943 77 28 skogar
786 942 37 21 och
833 941 46 22 öde-

263 977 87 21 marker
371 977 110 27 äfvensom
499 977 24 21 de
540 978 61 20 inom
621 977 127 28 Vygdelagen
770 977 54 27 från
844 982 37 15 en-

264 1011 70 22 skilda
356 1011 122 28 lägenheter
500 1011 101 28 afrösade
624 1011 146 28 skogsmarker
785 1011 37 21 och
837 1010 45 21 hol-

264 1053 50 14 mar
329 1047 56 20 samt
392 1052 77 21 genom
477 1046 146 28 afvittringar
632 1046 112 21 tillkomna
752 1045 52 22 eller
811 1045 71 27 fram-

264 1080 55 21 deles
339 1079 169 28 uppkommande
529 1080 201 28 öfverloppsjordar,
752 1079 34 22 till
807 1078 74 22 hvilka

266 1114 85 21 enskild
366 1121 53 15 man
429 1114 51 21 eller
489 1114 110 28 menighet
608 1115 20 27 ej
638 1115 46 21 kan
693 1115 47 20 visa
751 1114 68 21 bättre
829 1114 52 24 rätt,

265 1148 90 21 tillhöra
370 1148 93 22 kronan.

548 1189 16 26 $
578 1189 19 20 2

321 1227 86 22 Finnes
422 1228 59 21 inom
495 1228 62 21 dessa
573 1228 155 28 skogsmarker,
744 1227 71 22 såvidt
829 1227 25 21 de
864 1226 20 27 ej

265 1261 71 28 blifvit
350 1262 28 27 af
390 1261 95 22 Senaten
499 1262 36 27 för
550 1262 149 27 kronoparker
709 1261 126 28 förklarade
846 1261 36 20 och

264 1296 9 21 i
288 1296 73 21 denna
383 1296 105 27 egenskap
507 1296 115 22 bibehållas
642 1296 50 21 eller
703 1295 92 28 pröfvas
810 1294 74 22 dertill

265 1330 104 28 behöflige,
388 1331 57 27 jord,
468 1337 44 14 som
537 1333 27 18 är
580 1331 74 27 tjenlig
670 1330 33 21 till
718 1329 113 26 åkerbruk,
849 1329 37 20 bör

264 1364 126 21 densamn:a
412 1364 63 27 ifrån
493 1364 152 28 skogsmarken
663 1364 101 27 utbrytas
779 1364 57 21 samt
850 1363 34 20 så-

266 1405 44 14 som
332 1398 95 28 nybygge
449 1399 50 20 eller
522 1399 117 26 kronotorp
662 1399 24 20 åt
707 1398 84 21 enskild
801 1403 83 22 person

266 1433 107 26 upplåtas,
386 1433 31 26 på
432 1434 45 19 sätt
491 1433 76 20 härom
583 1435 27 18 är
625 1432 105 21 särskildt
745 1431 106 28 stadgadt.
