1078 1692
205 159 13 21 2
425 160 20 21 U.
461 160 21 22 B.
497 173 30 3 —
541 160 53 28 Prop.
610 160 32 22 N:o
660 159 30 22 11.

176 222 128 28 anledning
318 222 86 22 hvaraf
417 223 198 28 Borgareständet
630 222 181 22 äterremitterat
821 228 112 15 samman-

174 256 248 30 jemkningsförslaget
443 258 38 21 till
503 258 117 21 utskottet
642 257 53 21 med
718 256 115 22 anmodan
849 258 35 20 att
898 256 36 21 för

176 291 206 22 &stadkommande
398 292 26 22 af
437 292 172 22 ständerbeslut
625 292 8 21 i
648 292 83 28 frågan
747 292 29 28 pä
792 291 84 28 antydt
887 292 47 20 sätt

176 326 93 28 förfara,
286 328 60 20 samt
361 326 81 22 dervid
457 326 78 22 tillika
551 326 112 28 iakttaga,
680 328 36 19 att
731 326 67 21 ordet
813 326 74 28 ,dock*
898 325 36 21 uti

177 360 73 22 andra
272 360 72 22 raden
364 361 108 22 nedifrån
495 362 8 20 i
527 362 56 20 1:sta
598 368 67 15 mom.
683 360 27 22 af
722 362 36 26 S:n
773 360 71 22 borde
860 361 74 21 såsom

176 394 146 29 fullkomligt
337 395 149 29 öfverflödigt
500 396 63 28 utgå.

248 434 66 22 Enär
328 436 35 20 tre
374 436 79 21 stånds
466 435 253 23 öfverensstämmande
726 435 77 21 beslut
812 434 124 28 föreligger

178 468 121 29 angående
314 469 106 29 lydelsen
436 470 27 22 af
475 471 13 26 $
505 471 18 26 1,
539 470 105 22 förfaller
658 469 81 22 vidare
756 469 81 28 åtgärd
848 469 26 21 af
882 469 53 21 eko-

177 503 183 22 nomiutskottet
382 504 8 21 i
414 504 75 22 denna
513 504 43 22 del.
587 504 187 22 Vidkommande
797 504 71 21 första
888 510 46 14 mo-

177 539 89 20 mentet
288 537 26 22 af
334 539 12 25 &
369 538 14 21 2
405 538 88 22 tillåter
511 539 37 28 sig
563 539 122 27 utskottet,
702 538 52 21 med
770 538 126 28 anledning
911 537 26 22 af

177 572 186 28 anmärkningen
385 574 49 20 mot
456 573 128 21 utskottets
599 573 73 21 första
688 572 246 29 sammanjemknings-

177 606 93 28 förslag,
294 606 168 22 vördsammast
485 607 128 28 framhålla,
637 609 36 19 att
696 607 115 21 utskottet
826 608 58 20 trott
898 606 37 28 sig

178 640 82 22 dervid
274 640 87 22 förfara
376 641 9 21 i
400 641 105 29 enlighet
520 642 52 21 med
583 649 30 14 en
623 641 93 22 härtills
726 641 122 28 iakttagen
858 640 76 22 landt-

178 674 142 29 dagspraxis,
332 676 35 20 att
378 675 29 22 då
417 676 40 21 två
468 676 67 21 stånd
547 676 92 28 antagit
649 675 127 22 utskottets
787 675 147 22 betänkande

176 708 99 29 inbjuda
291 708 28 22 de
334 710 41 21 två
390 709 75 29 öfriga
477 710 98 22 stånden
586 712 35 20 att
632 710 80 21 förena
723 710 36 27 sig
772 717 37 14 om
820 709 64 22 detta
896 709 38 22 be-

176 742 52 28 slut,
245 750 29 14 en
289 743 84 28 praxis,
382 751 49 14 som
439 751 68 21 synes
516 744 79 22 kunna
603 744 49 22 helt
660 744 80 21 enkelt
751 744 123 22 motiveras
885 743 49 22 der-

176 776 59 28 med,
252 778 36 20 att
300 779 34 19 ett
344 780 97 19 motsatt
451 778 132 22 förfarande
594 786 54 14 vore
659 786 49 14 mer
718 778 56 21 eller
782 778 88 22 mindre
878 778 56 28 god-

176 810 110 29 tyckligt.
309 811 63 22 Atti
386 811 152 23 förevarande
547 813 42 21 fall
597 812 256 29 sammanjemkningen
861 812 74 28 gäller

175 844 112 29 beloppet
310 845 26 21 af
355 845 66 22 böter
443 847 73 28 ansåg
538 847 116 21 utskottet
672 847 52 21 icke
740 847 56 21 böra
811 847 70 20 verka
896 846 38 21 till

177 881 35 19 ett
224 879 142 28 frångående
379 879 27 22 af
414 880 45 21 den
471 881 117 21 allmänna
601 881 129 28 principen,
740 883 26 26 ty
774 880 160 29 stadgandena

176 913 9 21 i
200 913 14 21 3
229 912 44 22 och
288 913 15 21 4
318 914 26 26 $$
356 913 28 22 23
396 914 52 29 kap.
457 915 27 21 R.
493 915 26 21 B.
529 915 66 22 torde
603 915 51 22 icke
668 915 43 21 här
721 923 55 13 vara
788 915 144 28 tillämpliga,

177 950 56 19 enär
257 947 84 28 frågan
370 951 63 18 rörer
459 949 52 21 icke
541 949 141 22 ådömandet
708 949 26 22 af
754 951 35 19 ett
811 949 68 22 straff
898 949 36 21 för

177 988 30 14 en
228 981 82 28 gifven
333 981 145 30 förbrytelse,
501 985 56 20 utan
580 983 176 22 fastställandet
771 983 26 22 af
813 985 34 20 ett
862 983 71 28 högre

177 1015 56 22 eller
243 1015 64 28 lägre
318 1016 111 22 straffhot
439 1017 8 21 i
458 1017 60 28 syfte
530 1020 35 19 att
576 1018 99 21 afskaffa
686 1020 34 19 ett
731 1018 104 21 inrotadt
845 1018 87 21 oskick.

176 1049 37 22 Då
233 1050 127 21 utskottets
383 1052 30 27 på
435 1051 82 22 anförd
539 1052 76 28 grund
634 1052 145 21 framställda
795 1052 86 28 förslag
896 1052 37 21 till

176 1084 227 29 sammanjemkning
428 1086 129 21 emellertid
580 1087 51 20 icke
654 1087 86 21 vunnit
754 1086 178 29 godkännande,

175 1117 128 23 föranlåtes
324 1119 123 28 utskottet,
470 1120 36 22 för
521 1123 35 19 att
571 1121 52 21 icke
638 1121 161 28 föreliggande
815 1121 65 28 fråga
896 1121 37 22 må

175 1152 100 28 förfalla,
298 1156 63 18 ännu
383 1153 94 22 försöka
498 1162 29 13 en
550 1163 32 20 ny
605 1155 231 28 sammanjemkning,
856 1155 76 22 denna

175 1186 63 28 gång
260 1186 39 21 till
320 1187 184 30 Ridderskapets
527 1189 44 21 och
593 1189 81 22 adelns
697 1190 83 27 beslut,
799 1189 82 22 dervid
896 1192 36 19 ut-

175 1220 89 21 skottet
290 1228 66 14 anser
380 1222 209 28 Borgareståndets
617 1224 157 27 anmärkning
796 1226 48 19 mot
866 1224 66 21 ordet

175 1254 75 28 ndock"
265 1255 57 22 böra
337 1255 98 29 förfalla,
452 1261 55 17 enär
523 1257 127 22 detsamma
666 1262 26 17 är
707 1259 26 20 af
746 1261 35 18 tre
795 1259 68 21 stånd
876 1259 56 28 god-

175 1288 79 22 kändt.
286 1289 46 22 Till
354 1290 60 29 följd
437 1291 68 22 häraf
525 1292 35 22 får
583 1293 118 21 utskottet
715 1293 167 22 vördsammast
897 1293 34 21 in-

173 1322 73 29 bjuda
261 1323 97 29 Preste-,
368 1325 113 28 Borgare-
497 1326 44 21 och
556 1327 189 28 Bondestånden,
762 1330 35 19 att
807 1327 52 22 med
870 1327 61 22 från-

173 1357 90 28 gående
286 1358 27 21 af
332 1359 52 22 sina
406 1359 63 22 förut
484 1361 120 27 angående
620 1362 74 21 första
708 1365 127 18 momentet
851 1363 25 21 af
889 1363 13 26 $
917 1363 13 20 2

173 1391 90 22 fattade
279 1392 82 29 beslut,
378 1396 87 27 antaga
480 1396 99 21 nämnde
595 1398 104 20 moment
714 1398 25 21 så
754 1397 101 28 lydande

378 1457 81 29 Bryter
480 1460 70 27 någon
572 1463 43 18 mot
637 1461 59 20 detta
706 1461 85 26 förbud
810 1461 46 21 med
870 1462 59 28 vilja,

310 1491 44 22 böte
368 1492 55 27 från
438 1494 36 21 och
485 1495 47 20 med
543 1496 28 20 tio
583 1496 33 21 till
627 1495 37 22 och
675 1496 47 20 med
732 1496 114 21 etthundra
857 1497 73 36 mark,
