1078 1692
224 148 12 20 2
426 144 24 22 U.
469 144 24 23 B.
509 156 28 4 —
553 143 66 29 Prop.
634 142 45 24 N:o.
694 142 14 22 1.

195 212 61 22 detta
271 210 186 24 missförhällande
472 210 95 28 undgick
582 209 48 23 icke
646 209 41 23 den
702 207 99 29 högsinte
809 207 141 27 upprättaren

195 246 22 22 af
230 246 49 22 vårt
294 246 187 22 konstitutionella
497 244 86 28 statslif,
598 244 77 28 Kejsar
690 242 119 23 Alexander
819 242 27 21 II.
876 240 74 22 Redan

194 281 36 22 vid
247 281 124 28 öppnandet
386 280 22 23 af
423 281 141 22 1863—1864
581 279 34 22 års
631 278 103 28 landtdag
749 274 141 30 tillkännagaf
902 274 48 22 Han

194 316 34 21 sin
245 315 65 28 afsigt
325 317 33 21 att
373 315 104 28 ätergifva
492 314 121 23 Ständerna
629 314 61 22 deras
701 312 97 28 urgamla
807 311 144 25 motionsrätt,

194 350 40 22 och
250 352 39 20 när
302 350 50 22 Han
367 350 136 28 bortrycktes
520 349 23 23 af
557 348 76 28 döden,
649 354 51 17 voro
709 346 157 24 förberedelser
876 344 75 29 gjorda

192 384 34 23 för
240 391 26 16 en
282 384 224 29 lagstiftningsätgärd
525 384 7 21 i
553 384 60 22 detta
627 382 62 30 syfte.
720 382 43 23 Det
777 381 58 27 löfte,
851 386 47 17 som
916 379 34 23 sä-

193 419 65 23 lunda
273 418 74 28 gifvits
361 420 102 22 Finlands
478 418 45 24 folk
538 418 23 22 af
574 418 78 28 Kejsar
668 417 120 23 Alexander
801 416 28 27 II,
841 415 110 29 skyndade

192 454 60 22 Hans
266 454 62 28 Höge
344 454 142 23 efterträdare
501 455 33 21 att
542 453 96 28 uppiylla
648 458 78 23 genom
737 452 41 22 den
788 452 65 22 redan
864 450 36 23 vid
910 450 41 22 den

191 488 69 23 första
274 488 130 28 landtdagen
420 489 69 23 under
503 489 61 22 Hans
579 488 101 28 regering
695 486 121 24 Ständerna
825 484 126 24 meddelade

191 524 79 27 nädiga
277 524 160 27 propositionen
449 530 35 16 om
494 524 138 22 motionsrätt
642 523 32 22 för
682 522 101 22 Finlands
795 520 93 23 Ständer
896 521 55 21 samt

191 559 91 27 ändring
304 558 24 22 af
349 560 24 20 51
396 559 40 22 och
457 560 26 21 52
499 559 24 27 88
543 558 7 22 i
573 557 244 29 Landtdagsordningen
833 555 22 23 af
868 555 41 23 den
925 556 25 20 15

191 594 59 28 April
266 595 61 21 1869.

259 628 11 22 I
284 628 39 22 sitt
338 634 48 16 svar
402 628 13 22 &
428 628 71 22 denna
508 628 135 28 proposition
652 626 114 24 framhöllo
778 628 54 21 1882
841 626 35 22 års
887 624 63 24 Stän-

191 663 39 22 der
244 662 65 23 bland
324 664 73 26 annat,
412 662 117 24 huruledes
545 663 27 22 de
588 664 52 21 utan
649 662 126 28 förändring
785 662 83 28 antagit
878 662 41 22 den
930 658 24 26 af

191 698 60 22 Hans
267 698 103 27 Majestät
385 697 122 29 föreslagna
521 698 64 28 lagen
602 704 34 16 om
651 697 145 27 motionsrätt,
813 696 38 22 och
861 696 49 23 med
920 696 31 22 af-

191 732 80 22 seende
287 732 67 27 derpä
369 733 33 21 att
418 732 71 23 denna
503 732 35 28 lag
555 732 86 22 komme
649 727 41 38 att
703 733 79 26 utgöra
797 738 26 15 en
835 731 22 22 af
866 731 84 22 landets

191 766 136 28 grundlagar,
344 766 91 28 ,jemväl
450 766 102 28 iakttagit
568 767 40 21 den
627 766 35 22 vid
678 766 80 22 sådana
768 766 70 27 lagars
849 765 101 23 stiftande

190 800 138 23 härförinnan
349 801 132 27 vedertagna
495 800 55 23 form
566 803 57 20 samt
638 801 7 22 i
660 800 224 24 öfverensstämmelse
900 800 46 22 der-

190 835 50 22 med
261 835 79 22 försett
362 835 125 22 densamma
508 836 49 22 med
577 836 110 27 inledning
708 835 40 22 och
764 834 181 29 slutbekräftelse,

190 870 151 22 motsvarande
357 870 54 26 dem,
427 870 72 23 hvilka
514 871 108 22 användts
637 871 36 22 vid
689 869 68 29 öfriga
768 870 102 22 särskildt
880 869 66 23 utfär-

191 904 56 22 dade
267 904 151 27 grundlagar."
449 905 110 28 Derjemte
580 905 56 22 hade
652 905 122 22 Ständerna
789 905 7 20 i
811 905 135 27 inledningen

191 939 100 28 upptagit
306 940 33 21 ett
348 939 207 28 tillkännagifvande
569 940 79 27 derom,
660 941 34 21 att
705 941 43 20 6:te
759 939 96 28 punkten
864 939 8 22 i
882 939 64 22 Före-

191 973 74 28 nings-
280 973 40 23 och
336 973 185 24 Säkerhetsakten
536 980 77 22 genom
629 974 41 23 den
686 980 42 22 nya
742 973 63 28 lagen
819 973 85 24 komme
914 975 33 21 att

189 1007 129 28 upphäfvas.

258 1041 138 24 Beträffande
412 1043 47 22 åter
475 1043 104 28 förslaget
594 1050 34 16 om
643 1043 91 28 ändring
749 1043 23 22 af
786 1045 24 20 51
829 1043 40 23 och
885 1045 26 21 52
923 1043 23 29 $$

189 1076 7 22 i
218 1076 245 29 Landtdagsordningen
486 1077 56 23 hade
563 1078 122 23 Ständerna
703 1078 36 22 vid
757 1078 138 23 föreskriften
914 1080 33 21 att

189 1111 75 28 hvarje
278 1111 82 22 motion
375 1112 39 22 bör
430 1112 85 29 åtföljas
531 1112 22 23 af
567 1113 137 28 fullständigt
716 1113 80 28 förslag
805 1113 33 22 till
849 1113 97 28 åsyftade

190 1145 134 28 stadganden
340 1146 6 21 i
362 1147 79 26 ämnet,
461 1147 73 28 utbytt
549 1147 64 22 ordet
627 1147 164 28 ,fullständigt'*
806 1149 46 21 mot
867 1149 79 27 uttryc-

190 1180 38 23 ket
243 1180 21 27 ,,i
279 1180 89 27 lagform
384 1180 121 29 affattadt'',
514 1187 49 17 men
574 1181 122 24 förklarade
707 1182 75 27 tillika,
791 1182 37 23 det
836 1183 34 27 de,
878 1182 7 22 i
893 1182 52 23 hän-

190 1215 60 22 delse
266 1215 69 22 denna
350 1215 90 28 ändring
455 1215 48 23 icke
519 1215 23 23 af
555 1216 60 22 Hans
631 1217 104 27 Majestät
750 1216 130 28 godkändes,
897 1217 49 23 ville

187 1251 82 26 antaga
284 1249 104 28 förslaget
406 1249 146 24 oförändradt.

253 1283 63 23 Bifall
339 1284 32 21 till
396 1284 26 22 de
447 1283 24 24 af
489 1285 121 23 Ständerna
632 1288 94 26 antagna
745 1285 143 29 lagförslagen
902 1287 42 22 till-

185 1319 95 28 styrktes
295 1319 63 22 äfven
374 1319 59 22 såväl
451 1319 24 22 af
488 1320 122 28 Kejserliga
622 1321 95 22 Senaten
728 1323 52 20 utan
789 1322 155 29 meningsskilj-

185 1353 99 28 aktighet
293 1359 47 16 som
354 1353 24 22 af
388 1353 235 30 Generalguvernören,
634 1362 50 16 men
694 1355 108 28 förslagen
812 1363 71 16 vunno
897 1357 48 22 icke

183 1387 60 23 Hans
258 1387 116 29 Majestäts
390 1387 80 29 nådiga
484 1389 148 28 stadfästelse;
650 1391 41 22 och
702 1390 40 23 har
752 1391 108 22 utskottet
870 1391 23 23 af
900 1389 45 25 de
935 1383 14 38 i

183 1422 95 23 Senaten
286 1422 114 23 tillkomna
407 1423 156 28 handlingarna
570 1426 55 21 trott
635 1425 35 28 sig
677 1425 64 28 finna,
752 1427 34 21 att
794 1426 92 23 orsaken
898 1426 46 23 här-

250 1462 140 23 Lagutskottets
404 1463 118 19 betänkande
534 1465 38 18 N:o
584 1466 17 18 6.
