<?xml version="1.0" encoding="UTF-8"?>
<alto xmlns="http://www.loc.gov/standards/alto/ns-v3#" xmlns:xlink="http://www.w3.org/1999/xlink" xmlns:xsi="http://www.w3.org/2001/XMLSchema-instance" xsi:schemaLocation="http://www.loc.gov/standards/alto/ns-v3# http://www.loc.gov/alto/v3/alto-3-0.xsd">
	<Description>
		<MeasurementUnit>pixel</MeasurementUnit>
		<sourceImageInformation>
			<fileName>/tmp/tess_ahqm3u09_input.PNG</fileName>
		</sourceImageInformation>
		<OCRProcessing ID="OCR_0">
			<ocrProcessingStep>
				<processingSoftware>
					<softwareName>tesseract 5.3.4</softwareName>
				</processingSoftware>
			</ocrProcessingStep>
		</OCRProcessing>
	</Description>
	<Layout>
		<Page WIDTH="1078" HEIGHT="1692" PHYSICAL_IMG_NR="0" ID="page_0">
			<PrintSpace HPOS="0" VPOS="0" WIDTH="1078" HEIGHT="1692">
				<ComposedBlock ID="cblock_0" HPOS="303" VPOS="150" WIDTH="561" HEIGHT="24">
					<TextBlock ID="block_0" HPOS="303" VPOS="150" WIDTH="561" HEIGHT="24">
						<TextLine ID="line_0" HPOS="303" VPOS="150" WIDTH="561" HEIGHT="24">
							<String ID="string_0" HPOS="303" VPOS="150" WIDTH="21" HEIGHT="20" WC="0.93" CONTENT="U."/><SP WIDTH="14" VPOS="150" HPOS="324"/>
							<String ID="string_1" HPOS="338" VPOS="150" WIDTH="22" HEIGHT="19" WC="0.90" CONTENT="B."/><SP WIDTH="14" VPOS="150" HPOS="360"/>
							<String ID="string_2" HPOS="374" VPOS="161" WIDTH="20" HEIGHT="3" WC="0.93" CONTENT="—"/><SP WIDTH="15" VPOS="161" HPOS="394"/>
							<String ID="string_3" HPOS="409" VPOS="150" WIDTH="61" HEIGHT="24" WC="0.93" CONTENT="Prop."/><SP WIDTH="12" VPOS="150" HPOS="470"/>
							<String ID="string_4" HPOS="482" VPOS="151" WIDTH="57" HEIGHT="19" WC="0.92" CONTENT="N:ris"/><SP WIDTH="13" VPOS="151" HPOS="539"/>
							<String ID="string_5" HPOS="552" VPOS="152" WIDTH="23" HEIGHT="18" WC="0.96" CONTENT="16"/><SP WIDTH="12" VPOS="152" HPOS="575"/>
							<String ID="string_6" HPOS="587" VPOS="152" WIDTH="39" HEIGHT="18" WC="0.96" CONTENT="och"/><SP WIDTH="12" VPOS="152" HPOS="626"/>
							<String ID="string_7" HPOS="638" VPOS="151" WIDTH="29" HEIGHT="19" WC="0.89" CONTENT="37."/><SP WIDTH="175" VPOS="151" HPOS="667"/>
							<String ID="string_8" HPOS="842" VPOS="151" WIDTH="22" HEIGHT="18" WC="0.96" CONTENT="47"/>
						</TextLine>
					</TextBlock>
				</ComposedBlock>
				<ComposedBlock ID="cblock_1" HPOS="336" VPOS="208" WIDTH="553" HEIGHT="62">
					<TextBlock ID="block_1" HPOS="336" VPOS="208" WIDTH="553" HEIGHT="62">
						<TextLine ID="line_1" HPOS="336" VPOS="208" WIDTH="553" HEIGHT="28">
							<String ID="string_9" HPOS="336" VPOS="208" WIDTH="65" HEIGHT="22" WC="0.96" CONTENT="enade"/><SP WIDTH="18" VPOS="208" HPOS="401"/>
							<String ID="string_10" HPOS="419" VPOS="208" WIDTH="118" HEIGHT="27" WC="0.96" CONTENT="kostnader,"/><SP WIDTH="16" VPOS="208" HPOS="537"/>
							<String ID="string_11" HPOS="553" VPOS="208" WIDTH="32" HEIGHT="22" WC="0.93" CONTENT="till"/><SP WIDTH="15" VPOS="208" HPOS="585"/>
							<String ID="string_12" HPOS="600" VPOS="215" WIDTH="87" HEIGHT="21" WC="0.87" CONTENT="egarene"/><SP WIDTH="15" VPOS="215" HPOS="687"/>
							<String ID="string_13" HPOS="702" VPOS="209" WIDTH="48" HEIGHT="21" WC="0.96" CONTENT="med"/><SP WIDTH="14" VPOS="209" HPOS="750"/>
							<String ID="string_14" HPOS="764" VPOS="208" WIDTH="41" HEIGHT="27" WC="0.93" CONTENT="full"/><SP WIDTH="15" VPOS="208" HPOS="805"/>
							<String ID="string_15" HPOS="820" VPOS="208" WIDTH="69" HEIGHT="22" WC="0.77" CONTENT="besitt-"/>
						</TextLine>
						<TextLine ID="line_2" HPOS="337" VPOS="242" WIDTH="253" HEIGHT="28">
							<String ID="string_16" HPOS="337" VPOS="242" WIDTH="108" HEIGHT="28" WC="0.91" CONTENT="ningsrätt"/><SP WIDTH="14" VPOS="242" HPOS="445"/>
							<String ID="string_17" HPOS="459" VPOS="242" WIDTH="131" HEIGHT="22" WC="0.77" CONTENT="äterlemnas."/>
						</TextLine>
					</TextBlock>
				</ComposedBlock>
				<ComposedBlock ID="cblock_2" HPOS="665" VPOS="300" WIDTH="155" HEIGHT="23">
					<TextBlock ID="block_2" HPOS="665" VPOS="300" WIDTH="155" HEIGHT="23">
						<TextLine ID="line_3" HPOS="665" VPOS="300" WIDTH="155" HEIGHT="23">
							<String ID="string_18" HPOS="665" VPOS="300" WIDTH="50" HEIGHT="23" WC="0.96" CONTENT="Otto"/><SP WIDTH="16" VPOS="300" HPOS="715"/>
							<String ID="string_19" HPOS="731" VPOS="300" WIDTH="89" HEIGHT="23" WC="0.96" CONTENT="Wrede."/>
						</TextLine>
					</TextBlock>
				</ComposedBlock>
				<ComposedBlock ID="cblock_3" HPOS="422" VPOS="459" WIDTH="178" HEIGHT="25">
					<TextBlock ID="block_3" HPOS="422" VPOS="459" WIDTH="178" HEIGHT="25">
						<TextLine ID="line_4" HPOS="422" VPOS="459" WIDTH="178" HEIGHT="25">
							<String ID="string_20" HPOS="422" VPOS="459" WIDTH="178" HEIGHT="25" WC="0.84" CONTENT="Reservation."/>
						</TextLine>
					</TextBlock>
				</ComposedBlock>
				<ComposedBlock ID="cblock_4" HPOS="132" VPOS="515" WIDTH="760" HEIGHT="337">
					<TextBlock ID="block_4" HPOS="132" VPOS="515" WIDTH="760" HEIGHT="337">
						<TextLine ID="line_5" HPOS="201" VPOS="515" WIDTH="691" HEIGHT="28">
							<String ID="string_21" HPOS="201" VPOS="515" WIDTH="113" HEIGHT="22" WC="0.92" CONTENT="Utskottet"/><SP WIDTH="21" VPOS="515" HPOS="314"/>
							<String ID="string_22" HPOS="335" VPOS="516" WIDTH="39" HEIGHT="21" WC="0.96" CONTENT="har"/><SP WIDTH="22" VPOS="516" HPOS="374"/>
							<String ID="string_23" HPOS="396" VPOS="522" WIDTH="77" HEIGHT="21" WC="0.93" CONTENT="genom"/><SP WIDTH="22" VPOS="522" HPOS="473"/>
							<String ID="string_24" HPOS="495" VPOS="516" WIDTH="147" HEIGHT="22" WC="0.91" CONTENT="uteslutandet"/><SP WIDTH="14" VPOS="516" HPOS="642"/>
							<String ID="string_25" HPOS="656" VPOS="516" WIDTH="24" HEIGHT="22" WC="0.97" CONTENT="af"/><SP WIDTH="12" VPOS="516" HPOS="680"/>
							<String ID="string_26" HPOS="692" VPOS="516" WIDTH="68" HEIGHT="22" WC="0.93" CONTENT="första"/><SP WIDTH="14" VPOS="516" HPOS="760"/>
							<String ID="string_27" HPOS="774" VPOS="518" WIDTH="118" HEIGHT="20" WC="0.92" CONTENT="momentet"/>
						</TextLine>
						<TextLine ID="line_6" HPOS="132" VPOS="550" WIDTH="758" HEIGHT="28">
							<String ID="string_28" HPOS="132" VPOS="550" WIDTH="23" HEIGHT="22" WC="0.96" CONTENT="af"/><SP WIDTH="23" VPOS="550" HPOS="155"/>
							<String ID="string_29" HPOS="178" VPOS="550" WIDTH="27" HEIGHT="22" WC="0.91" CONTENT="14"/><SP WIDTH="16" VPOS="550" HPOS="205"/>
							<String ID="string_30" HPOS="221" VPOS="550" WIDTH="17" HEIGHT="28" WC="0.75" CONTENT="$"/><SP WIDTH="21" VPOS="550" HPOS="238"/>
							<String ID="string_31" HPOS="259" VPOS="550" WIDTH="9" HEIGHT="21" WC="0.96" CONTENT="i"/><SP WIDTH="18" VPOS="550" HPOS="268"/>
							<String ID="string_32" HPOS="286" VPOS="550" WIDTH="41" HEIGHT="22" WC="0.93" CONTENT="den"/><SP WIDTH="15" VPOS="550" HPOS="327"/>
							<String ID="string_33" HPOS="342" VPOS="550" WIDTH="84" HEIGHT="27" WC="0.92" CONTENT="Nädiga"/><SP WIDTH="14" VPOS="550" HPOS="426"/>
							<String ID="string_34" HPOS="440" VPOS="551" WIDTH="161" HEIGHT="26" WC="0.93" CONTENT="propositionen"/><SP WIDTH="16" VPOS="551" HPOS="601"/>
							<String ID="string_35" HPOS="617" VPOS="551" WIDTH="111" HEIGHT="27" WC="0.92" CONTENT="angående"/><SP WIDTH="14" VPOS="551" HPOS="728"/>
							<String ID="string_36" HPOS="742" VPOS="551" WIDTH="101" HEIGHT="27" WC="0.92" CONTENT="skogslag"/><SP WIDTH="13" VPOS="551" HPOS="843"/>
							<String ID="string_37" HPOS="856" VPOS="550" WIDTH="34" HEIGHT="22" WC="0.97" CONTENT="för"/>
						</TextLine>
						<TextLine ID="line_7" HPOS="133" VPOS="584" WIDTH="757" HEIGHT="28">
							<String ID="string_38" HPOS="133" VPOS="584" WIDTH="206" HEIGHT="22" WC="0.92" CONTENT="Storfurstendömet"/><SP WIDTH="17" VPOS="584" HPOS="339"/>
							<String ID="string_39" HPOS="356" VPOS="584" WIDTH="92" HEIGHT="22" WC="0.93" CONTENT="Finland"/><SP WIDTH="15" VPOS="584" HPOS="448"/>
							<String ID="string_40" HPOS="463" VPOS="584" WIDTH="95" HEIGHT="27" WC="0.92" CONTENT="frängätt"/><SP WIDTH="15" VPOS="584" HPOS="558"/>
							<String ID="string_41" HPOS="573" VPOS="591" WIDTH="26" HEIGHT="15" WC="0.96" CONTENT="en"/><SP WIDTH="16" VPOS="591" HPOS="599"/>
							<String ID="string_42" HPOS="615" VPOS="585" WIDTH="23" HEIGHT="22" WC="0.97" CONTENT="af"/><SP WIDTH="13" VPOS="585" HPOS="638"/>
							<String ID="string_43" HPOS="651" VPOS="586" WIDTH="27" HEIGHT="21" WC="0.93" CONTENT="de"/><SP WIDTH="15" VPOS="586" HPOS="678"/>
							<String ID="string_44" HPOS="693" VPOS="586" WIDTH="112" HEIGHT="26" WC="0.93" CONTENT="vigtigaste"/><SP WIDTH="14" VPOS="586" HPOS="805"/>
							<String ID="string_45" HPOS="819" VPOS="585" WIDTH="71" HEIGHT="21" WC="0.91" CONTENT="förän-"/>
						</TextLine>
						<TextLine ID="line_8" HPOS="133" VPOS="619" WIDTH="759" HEIGHT="28">
							<String ID="string_46" HPOS="133" VPOS="619" WIDTH="87" HEIGHT="27" WC="0.91" CONTENT="dringar"/><SP WIDTH="21" VPOS="619" HPOS="220"/>
							<String ID="string_47" HPOS="241" VPOS="619" WIDTH="32" HEIGHT="21" WC="0.92" CONTENT="uti"/><SP WIDTH="22" VPOS="619" HPOS="273"/>
							<String ID="string_48" HPOS="295" VPOS="619" WIDTH="123" HEIGHT="21" WC="0.92" CONTENT="nuvarande"/><SP WIDTH="21" VPOS="619" HPOS="418"/>
							<String ID="string_49" HPOS="439" VPOS="619" WIDTH="206" HEIGHT="28" WC="0.92" CONTENT="skogslagstiftning,"/><SP WIDTH="22" VPOS="619" HPOS="645"/>
							<String ID="string_50" HPOS="667" VPOS="626" WIDTH="47" HEIGHT="15" WC="0.93" CONTENT="som"/><SP WIDTH="14" VPOS="626" HPOS="714"/>
							<String ID="string_51" HPOS="728" VPOS="620" WIDTH="61" HEIGHT="27" WC="0.92" CONTENT="ingär"/><SP WIDTH="13" VPOS="620" HPOS="789"/>
							<String ID="string_52" HPOS="802" VPOS="620" WIDTH="33" HEIGHT="21" WC="0.92" CONTENT="uti"/><SP WIDTH="14" VPOS="620" HPOS="835"/>
							<String ID="string_53" HPOS="849" VPOS="620" WIDTH="43" HEIGHT="20" WC="0.96" CONTENT="den"/>
						</TextLine>
						<TextLine ID="line_9" HPOS="132" VPOS="653" WIDTH="758" HEIGHT="29">
							<String ID="string_54" HPOS="132" VPOS="653" WIDTH="85" HEIGHT="27" WC="0.93" CONTENT="Nädiga"/><SP WIDTH="21" VPOS="653" HPOS="217"/>
							<String ID="string_55" HPOS="238" VPOS="653" WIDTH="168" HEIGHT="27" WC="0.96" CONTENT="propositionen."/><SP WIDTH="29" VPOS="653" HPOS="406"/>
							<String ID="string_56" HPOS="435" VPOS="654" WIDTH="79" HEIGHT="21" WC="0.91" CONTENT="Medan"/><SP WIDTH="15" VPOS="654" HPOS="514"/>
							<String ID="string_57" HPOS="529" VPOS="654" WIDTH="138" HEIGHT="27" WC="0.91" CONTENT="lagförslaget"/><SP WIDTH="13" VPOS="654" HPOS="667"/>
							<String ID="string_58" HPOS="680" VPOS="654" WIDTH="110" HEIGHT="28" WC="0.91" CONTENT="förbjuder"/><SP WIDTH="15" VPOS="654" HPOS="790"/>
							<String ID="string_59" HPOS="805" VPOS="654" WIDTH="85" HEIGHT="26" WC="0.92" CONTENT="ödeläg-"/>
						</TextLine>
						<TextLine ID="line_10" HPOS="133" VPOS="687" WIDTH="757" HEIGHT="29">
							<String ID="string_60" HPOS="133" VPOS="688" WIDTH="70" HEIGHT="26" WC="0.92" CONTENT="gande"/><SP WIDTH="15" VPOS="688" HPOS="203"/>
							<String ID="string_61" HPOS="218" VPOS="687" WIDTH="24" HEIGHT="22" WC="0.93" CONTENT="af"/><SP WIDTH="11" VPOS="687" HPOS="242"/>
							<String ID="string_62" HPOS="253" VPOS="687" WIDTH="126" HEIGHT="27" WC="0.91" CONTENT="skogsmark"/><SP WIDTH="16" VPOS="687" HPOS="379"/>
							<String ID="string_63" HPOS="395" VPOS="688" WIDTH="39" HEIGHT="21" WC="0.93" CONTENT="och"/><SP WIDTH="15" VPOS="688" HPOS="434"/>
							<String ID="string_64" HPOS="449" VPOS="688" WIDTH="114" HEIGHT="27" WC="0.93" CONTENT="förpligtar"/><SP WIDTH="12" VPOS="688" HPOS="563"/>
							<String ID="string_65" HPOS="575" VPOS="688" WIDTH="128" HEIGHT="28" WC="0.93" CONTENT="jordegaren"/><SP WIDTH="15" VPOS="688" HPOS="703"/>
							<String ID="string_66" HPOS="718" VPOS="690" WIDTH="32" HEIGHT="20" WC="0.96" CONTENT="att"/><SP WIDTH="14" VPOS="690" HPOS="750"/>
							<String ID="string_67" HPOS="764" VPOS="688" WIDTH="36" HEIGHT="22" WC="0.90" CONTENT="vid"/><SP WIDTH="7" VPOS="688" HPOS="800"/>
							<String ID="string_68" HPOS="807" VPOS="688" WIDTH="83" HEIGHT="21" WC="0.90" CONTENT="afverk-"/>
						</TextLine>
						<TextLine ID="line_11" HPOS="133" VPOS="722" WIDTH="758" HEIGHT="28">
							<String ID="string_69" HPOS="133" VPOS="722" WIDTH="52" HEIGHT="26" WC="0.93" CONTENT="ning"/><SP WIDTH="14" VPOS="722" HPOS="185"/>
							<String ID="string_70" HPOS="199" VPOS="722" WIDTH="48" HEIGHT="21" WC="0.92" CONTENT="frän"/><SP WIDTH="14" VPOS="722" HPOS="247"/>
							<String ID="string_71" HPOS="261" VPOS="724" WIDTH="69" HEIGHT="20" WC="0.93" CONTENT="större"/><SP WIDTH="14" VPOS="724" HPOS="330"/>
							<String ID="string_72" HPOS="344" VPOS="724" WIDTH="49" HEIGHT="26" WC="0.92" CONTENT="ytor"/><SP WIDTH="15" VPOS="724" HPOS="393"/>
							<String ID="string_73" HPOS="408" VPOS="723" WIDTH="57" HEIGHT="27" WC="0.92" CONTENT="sörja"/><SP WIDTH="14" VPOS="723" HPOS="465"/>
							<String ID="string_74" HPOS="479" VPOS="722" WIDTH="34" HEIGHT="22" WC="0.96" CONTENT="för"/><SP WIDTH="15" VPOS="722" HPOS="513"/>
							<String ID="string_75" HPOS="528" VPOS="722" WIDTH="91" HEIGHT="27" WC="0.93" CONTENT="skogens"/><SP WIDTH="16" VPOS="722" HPOS="619"/>
							<String ID="string_76" HPOS="635" VPOS="723" WIDTH="103" HEIGHT="26" WC="0.91" CONTENT="äterväxt,"/><SP WIDTH="15" VPOS="723" HPOS="738"/>
							<String ID="string_77" HPOS="753" VPOS="723" WIDTH="40" HEIGHT="21" WC="0.93" CONTENT="har"/><SP WIDTH="14" VPOS="723" HPOS="793"/>
							<String ID="string_78" HPOS="807" VPOS="722" WIDTH="84" HEIGHT="22" WC="0.92" CONTENT="utskot-"/>
						</TextLine>
						<TextLine ID="line_12" HPOS="133" VPOS="756" WIDTH="758" HEIGHT="28">
							<String ID="string_79" HPOS="133" VPOS="758" WIDTH="32" HEIGHT="20" WC="0.92" CONTENT="tet"/><SP WIDTH="22" VPOS="758" HPOS="165"/>
							<String ID="string_80" HPOS="187" VPOS="756" WIDTH="97" HEIGHT="22" WC="0.92" CONTENT="deremot"/><SP WIDTH="21" VPOS="756" HPOS="284"/>
							<String ID="string_81" HPOS="305" VPOS="756" WIDTH="73" HEIGHT="22" WC="0.90" CONTENT="tillätit"/><SP WIDTH="18" VPOS="756" HPOS="378"/>
							<String ID="string_82" HPOS="396" VPOS="757" WIDTH="67" HEIGHT="21" WC="0.92" CONTENT="sädan"/><SP WIDTH="14" VPOS="757" HPOS="463"/>
							<String ID="string_83" HPOS="477" VPOS="757" WIDTH="108" HEIGHT="21" WC="0.92" CONTENT="förödelse"/><SP WIDTH="8" VPOS="757" HPOS="585"/>
							<String ID="string_84" HPOS="593" VPOS="758" WIDTH="56" HEIGHT="20" WC="0.92" CONTENT="ända"/><SP WIDTH="11" VPOS="758" HPOS="649"/>
							<String ID="string_85" HPOS="660" VPOS="757" WIDTH="32" HEIGHT="21" WC="0.96" CONTENT="till"/><SP WIDTH="8" VPOS="757" HPOS="692"/>
							<String ID="string_86" HPOS="700" VPOS="758" WIDTH="41" HEIGHT="20" WC="0.93" CONTENT="den"/><SP WIDTH="8" VPOS="758" HPOS="741"/>
							<String ID="string_87" HPOS="749" VPOS="757" WIDTH="106" HEIGHT="27" WC="0.93" CONTENT="tidpunkt,"/><SP WIDTH="9" VPOS="757" HPOS="855"/>
							<String ID="string_88" HPOS="864" VPOS="756" WIDTH="27" HEIGHT="22" WC="0.96" CONTENT="dä"/>
						</TextLine>
						<TextLine ID="line_13" HPOS="134" VPOS="790" WIDTH="756" HEIGHT="28">
							<String ID="string_89" HPOS="134" VPOS="790" WIDTH="139" HEIGHT="28" WC="0.91" CONTENT="lägenhetens"/><SP WIDTH="22" VPOS="790" HPOS="273"/>
							<String ID="string_90" HPOS="295" VPOS="790" WIDTH="139" HEIGHT="28" WC="0.92" CONTENT="sjelfbeständ"/><SP WIDTH="15" VPOS="790" HPOS="434"/>
							<String ID="string_91" HPOS="449" VPOS="791" WIDTH="41" HEIGHT="21" WC="0.93" CONTENT="och"/><SP WIDTH="15" VPOS="791" HPOS="490"/>
							<String ID="string_92" HPOS="505" VPOS="791" WIDTH="97" HEIGHT="27" WC="0.91" CONTENT="förmäga"/><SP WIDTH="15" VPOS="791" HPOS="602"/>
							<String ID="string_93" HPOS="617" VPOS="793" WIDTH="33" HEIGHT="19" WC="0.96" CONTENT="att"/><SP WIDTH="13" VPOS="793" HPOS="650"/>
							<String ID="string_94" HPOS="663" VPOS="794" WIDTH="77" HEIGHT="24" WC="0.93" CONTENT="utgöra"/><SP WIDTH="12" VPOS="794" HPOS="740"/>
							<String ID="string_95" HPOS="752" VPOS="791" WIDTH="61" HEIGHT="23" WC="0.92" CONTENT="skatt"/><SP WIDTH="14" VPOS="791" HPOS="813"/>
							<String ID="string_96" HPOS="827" VPOS="791" WIDTH="63" HEIGHT="21" WC="0.93" CONTENT="räkar"/>
						</TextLine>
						<TextLine ID="line_14" HPOS="134" VPOS="824" WIDTH="756" HEIGHT="28">
							<String ID="string_97" HPOS="134" VPOS="825" WIDTH="8" HEIGHT="20" WC="0.93" CONTENT="i"/><SP WIDTH="14" VPOS="825" HPOS="142"/>
							<String ID="string_98" HPOS="156" VPOS="824" WIDTH="54" HEIGHT="27" WC="0.92" CONTENT="fara,"/><SP WIDTH="16" VPOS="824" HPOS="210"/>
							<String ID="string_99" HPOS="226" VPOS="825" WIDTH="40" HEIGHT="22" WC="0.96" CONTENT="och"/><SP WIDTH="14" VPOS="825" HPOS="266"/>
							<String ID="string_100" HPOS="280" VPOS="826" WIDTH="8" HEIGHT="20" WC="0.93" CONTENT="i"/><SP WIDTH="15" VPOS="826" HPOS="288"/>
							<String ID="string_101" HPOS="303" VPOS="825" WIDTH="64" HEIGHT="27" WC="0.93" CONTENT="öfrigt"/><SP WIDTH="14" VPOS="825" HPOS="367"/>
							<String ID="string_102" HPOS="381" VPOS="825" WIDTH="114" HEIGHT="21" WC="0.92" CONTENT="inskränkt"/><SP WIDTH="12" VPOS="825" HPOS="495"/>
							<String ID="string_103" HPOS="507" VPOS="826" WIDTH="140" HEIGHT="26" WC="0.92" CONTENT="jordegarens"/><SP WIDTH="15" VPOS="826" HPOS="647"/>
							<String ID="string_104" HPOS="662" VPOS="828" WIDTH="44" HEIGHT="19" WC="0.96" CONTENT="rätt"/><SP WIDTH="12" VPOS="828" HPOS="706"/>
							<String ID="string_105" HPOS="718" VPOS="828" WIDTH="32" HEIGHT="19" WC="0.90" CONTENT="att"/><SP WIDTH="7" VPOS="828" HPOS="750"/>
							<String ID="string_106" HPOS="757" VPOS="826" WIDTH="54" HEIGHT="21" WC="0.90" CONTENT="efter"/><SP WIDTH="11" VPOS="826" HPOS="811"/>
							<String ID="string_107" HPOS="822" VPOS="825" WIDTH="68" HEIGHT="27" WC="0.92" CONTENT="behag"/>
						</TextLine>
					</TextBlock>
				</ComposedBlock>
				<ComposedBlock ID="cblock_5" HPOS="135" VPOS="859" WIDTH="771" HEIGHT="28">
					<TextBlock ID="block_5" HPOS="135" VPOS="859" WIDTH="771" HEIGHT="28">
						<TextLine ID="line_15" HPOS="135" VPOS="859" WIDTH="771" HEIGHT="28">
							<String ID="string_108" HPOS="135" VPOS="859" WIDTH="83" HEIGHT="27" WC="0.96" CONTENT="förfoga"/><SP WIDTH="22" VPOS="859" HPOS="218"/>
							<String ID="string_109" HPOS="240" VPOS="859" WIDTH="58" HEIGHT="22" WC="0.96" CONTENT="öfver"/><SP WIDTH="15" VPOS="859" HPOS="298"/>
							<String ID="string_110" HPOS="313" VPOS="859" WIDTH="80" HEIGHT="27" WC="0.96" CONTENT="skogen"/><SP WIDTH="16" VPOS="859" HPOS="393"/>
							<String ID="string_111" HPOS="409" VPOS="860" WIDTH="76" HEIGHT="21" WC="0.93" CONTENT="endast"/><SP WIDTH="14" VPOS="860" HPOS="485"/>
							<String ID="string_112" HPOS="499" VPOS="860" WIDTH="88" HEIGHT="26" WC="0.92" CONTENT="derhän,"/><SP WIDTH="16" VPOS="860" HPOS="587"/>
							<String ID="string_113" HPOS="603" VPOS="862" WIDTH="33" HEIGHT="19" WC="0.93" CONTENT="att"/><SP WIDTH="14" VPOS="862" HPOS="636"/>
							<String ID="string_114" HPOS="650" VPOS="860" WIDTH="147" HEIGHT="27" WC="0.90" CONTENT="kalhuggning"/><SP WIDTH="14" VPOS="860" HPOS="797"/>
							<String ID="string_115" HPOS="811" VPOS="859" WIDTH="95" HEIGHT="28" WC="0.81" CONTENT="förbju-"/>
						</TextLine>
					</TextBlock>
				</ComposedBlock>
				<ComposedBlock ID="cblock_6" HPOS="113" VPOS="894" WIDTH="787" HEIGHT="615">
					<TextBlock ID="block_6" HPOS="113" VPOS="894" WIDTH="787" HEIGHT="615">
						<TextLine ID="line_16" HPOS="135" VPOS="894" WIDTH="757" HEIGHT="27">
							<String ID="string_116" HPOS="135" VPOS="894" WIDTH="43" HEIGHT="21" WC="0.91" CONTENT="dits"/><SP WIDTH="23" VPOS="894" HPOS="178"/>
							<String ID="string_117" HPOS="201" VPOS="894" WIDTH="13" HEIGHT="21" WC="0.91" CONTENT="&amp;"/><SP WIDTH="17" VPOS="894" HPOS="214"/>
							<String ID="string_118" HPOS="231" VPOS="894" WIDTH="67" HEIGHT="27" WC="0.96" CONTENT="mark,"/><SP WIDTH="15" VPOS="894" HPOS="298"/>
							<String ID="string_119" HPOS="313" VPOS="894" WIDTH="39" HEIGHT="21" WC="0.93" CONTENT="der"/><SP WIDTH="14" VPOS="894" HPOS="352"/>
							<String ID="string_120" HPOS="366" VPOS="894" WIDTH="115" HEIGHT="27" WC="0.92" CONTENT="svedjande"/><SP WIDTH="16" VPOS="894" HPOS="481"/>
							<String ID="string_121" HPOS="497" VPOS="894" WIDTH="18" HEIGHT="27" WC="0.93" CONTENT="ej"/><SP WIDTH="16" VPOS="894" HPOS="515"/>
							<String ID="string_122" HPOS="531" VPOS="894" WIDTH="34" HEIGHT="21" WC="0.92" CONTENT="fär"/><SP WIDTH="15" VPOS="894" HPOS="565"/>
							<String ID="string_123" HPOS="580" VPOS="896" WIDTH="40" HEIGHT="25" WC="0.92" CONTENT="äga"/><SP WIDTH="14" VPOS="896" HPOS="620"/>
							<String ID="string_124" HPOS="634" VPOS="901" WIDTH="54" HEIGHT="14" WC="0.92" CONTENT="rum."/><SP WIDTH="30" VPOS="901" HPOS="688"/>
							<String ID="string_125" HPOS="718" VPOS="894" WIDTH="123" HEIGHT="22" WC="0.91" CONTENT="Utskottets"/><SP WIDTH="15" VPOS="894" HPOS="841"/>
							<String ID="string_126" HPOS="856" VPOS="894" WIDTH="36" HEIGHT="21" WC="0.93" CONTENT="be-"/>
						</TextLine>
						<TextLine ID="line_17" HPOS="136" VPOS="929" WIDTH="755" HEIGHT="27">
							<String ID="string_127" HPOS="136" VPOS="929" WIDTH="43" HEIGHT="21" WC="0.93" CONTENT="slut"/><SP WIDTH="15" VPOS="929" HPOS="179"/>
							<String ID="string_128" HPOS="194" VPOS="929" WIDTH="72" HEIGHT="21" WC="0.92" CONTENT="stöder"/><SP WIDTH="14" VPOS="929" HPOS="266"/>
							<String ID="string_129" HPOS="280" VPOS="929" WIDTH="32" HEIGHT="26" WC="0.93" CONTENT="sig"/><SP WIDTH="15" VPOS="929" HPOS="312"/>
							<String ID="string_130" HPOS="327" VPOS="929" WIDTH="184" HEIGHT="26" WC="0.92" CONTENT="hufvudsakligast"/><SP WIDTH="16" VPOS="929" HPOS="511"/>
							<String ID="string_131" HPOS="527" VPOS="929" WIDTH="72" HEIGHT="27" WC="0.93" CONTENT="derpä,"/><SP WIDTH="16" VPOS="929" HPOS="599"/>
							<String ID="string_132" HPOS="615" VPOS="931" WIDTH="32" HEIGHT="19" WC="0.93" CONTENT="att"/><SP WIDTH="15" VPOS="931" HPOS="647"/>
							<String ID="string_133" HPOS="662" VPOS="929" WIDTH="171" HEIGHT="27" WC="0.92" CONTENT="propositionens"/><SP WIDTH="15" VPOS="929" HPOS="833"/>
							<String ID="string_134" HPOS="848" VPOS="934" WIDTH="43" HEIGHT="15" WC="0.92" CONTENT="om-"/>
						</TextLine>
						<TextLine ID="line_18" HPOS="113" VPOS="963" WIDTH="780" HEIGHT="27">
							<String ID="string_135" HPOS="113" VPOS="988" WIDTH="2" HEIGHT="2" WC="0.42" CONTENT="—"/><SP WIDTH="20" VPOS="988" HPOS="115"/>
							<String ID="string_136" HPOS="135" VPOS="963" WIDTH="106" HEIGHT="22" WC="0.90" CONTENT="förmälda"/><SP WIDTH="22" VPOS="963" HPOS="241"/>
							<String ID="string_137" HPOS="263" VPOS="963" WIDTH="159" HEIGHT="27" WC="0.95" CONTENT="bestämningar"/><SP WIDTH="21" VPOS="963" HPOS="422"/>
							<String ID="string_138" HPOS="443" VPOS="963" WIDTH="69" HEIGHT="22" WC="0.96" CONTENT="skulle"/><SP WIDTH="19" VPOS="963" HPOS="512"/>
							<String ID="string_139" HPOS="531" VPOS="963" WIDTH="46" HEIGHT="22" WC="0.96" CONTENT="dels"/><SP WIDTH="15" VPOS="963" HPOS="577"/>
							<String ID="string_140" HPOS="592" VPOS="965" WIDTH="53" HEIGHT="25" WC="0.96" CONTENT="göra"/><SP WIDTH="14" VPOS="965" HPOS="645"/>
							<String ID="string_141" HPOS="659" VPOS="965" WIDTH="32" HEIGHT="20" WC="0.93" CONTENT="ett"/><SP WIDTH="15" VPOS="965" HPOS="691"/>
							<String ID="string_142" HPOS="706" VPOS="963" WIDTH="142" HEIGHT="22" WC="0.92" CONTENT="omotiveradt"/><SP WIDTH="13" VPOS="963" HPOS="848"/>
							<String ID="string_143" HPOS="861" VPOS="963" WIDTH="32" HEIGHT="20" WC="0.91" CONTENT="in-"/>
						</TextLine>
						<TextLine ID="line_19" HPOS="136" VPOS="997" WIDTH="758" HEIGHT="28">
							<String ID="string_144" HPOS="136" VPOS="997" WIDTH="63" HEIGHT="28" WC="0.92" CONTENT="träng"/><SP WIDTH="14" VPOS="997" HPOS="199"/>
							<String ID="string_145" HPOS="213" VPOS="997" WIDTH="33" HEIGHT="22" WC="0.91" CONTENT="uti"/><SP WIDTH="18" VPOS="997" HPOS="246"/>
							<String ID="string_146" HPOS="264" VPOS="998" WIDTH="126" HEIGHT="27" WC="0.91" CONTENT="äganderätt"/><SP WIDTH="14" VPOS="998" HPOS="390"/>
							<String ID="string_147" HPOS="404" VPOS="998" WIDTH="32" HEIGHT="21" WC="0.96" CONTENT="till"/><SP WIDTH="17" VPOS="998" HPOS="436"/>
							<String ID="string_148" HPOS="453" VPOS="998" WIDTH="88" HEIGHT="26" WC="0.96" CONTENT="skogen,"/><SP WIDTH="16" VPOS="998" HPOS="541"/>
							<String ID="string_149" HPOS="557" VPOS="998" WIDTH="46" HEIGHT="21" WC="0.97" CONTENT="dels"/><SP WIDTH="14" VPOS="998" HPOS="603"/>
							<String ID="string_150" HPOS="617" VPOS="1004" WIDTH="51" HEIGHT="15" WC="0.96" CONTENT="vara"/><SP WIDTH="16" VPOS="1004" HPOS="668"/>
							<String ID="string_151" HPOS="684" VPOS="998" WIDTH="23" HEIGHT="21" WC="0.96" CONTENT="af"/><SP WIDTH="13" VPOS="998" HPOS="707"/>
							<String ID="string_152" HPOS="720" VPOS="998" WIDTH="42" HEIGHT="21" WC="0.93" CONTENT="den"/><SP WIDTH="14" VPOS="998" HPOS="762"/>
							<String ID="string_153" HPOS="776" VPOS="997" WIDTH="118" HEIGHT="22" WC="0.92" CONTENT="beskaffen-"/>
						</TextLine>
						<TextLine ID="line_20" HPOS="137" VPOS="1031" WIDTH="757" HEIGHT="28">
							<String ID="string_154" HPOS="137" VPOS="1032" WIDTH="43" HEIGHT="26" WC="0.95" CONTENT="het,"/><SP WIDTH="24" VPOS="1032" HPOS="180"/>
							<String ID="string_155" HPOS="204" VPOS="1034" WIDTH="32" HEIGHT="19" WC="0.95" CONTENT="att"/><SP WIDTH="22" VPOS="1034" HPOS="236"/>
							<String ID="string_156" HPOS="258" VPOS="1032" WIDTH="27" HEIGHT="21" WC="0.91" CONTENT="de"/><SP WIDTH="14" VPOS="1032" HPOS="285"/>
							<String ID="string_157" HPOS="299" VPOS="1032" WIDTH="47" HEIGHT="21" WC="0.96" CONTENT="icke"/><SP WIDTH="18" VPOS="1032" HPOS="346"/>
							<String ID="string_158" HPOS="364" VPOS="1032" WIDTH="61" HEIGHT="21" WC="0.96" CONTENT="förde"/><SP WIDTH="15" VPOS="1032" HPOS="425"/>
							<String ID="string_159" HPOS="440" VPOS="1032" WIDTH="33" HEIGHT="21" WC="0.93" CONTENT="till"/><SP WIDTH="15" VPOS="1032" HPOS="473"/>
							<String ID="string_160" HPOS="488" VPOS="1032" WIDTH="95" HEIGHT="27" WC="0.91" CONTENT="äsyftadt"/><SP WIDTH="14" VPOS="1032" HPOS="583"/>
							<String ID="string_161" HPOS="597" VPOS="1033" WIDTH="49" HEIGHT="21" WC="0.96" CONTENT="mål."/><SP WIDTH="30" VPOS="1033" HPOS="646"/>
							<String ID="string_162" HPOS="676" VPOS="1033" WIDTH="10" HEIGHT="21" WC="0.93" CONTENT="I"/><SP WIDTH="15" VPOS="1033" HPOS="686"/>
							<String ID="string_163" HPOS="701" VPOS="1034" WIDTH="91" HEIGHT="20" WC="0.96" CONTENT="motsats"/><SP WIDTH="14" VPOS="1034" HPOS="792"/>
							<String ID="string_164" HPOS="806" VPOS="1031" WIDTH="88" HEIGHT="22" WC="0.96" CONTENT="härmed"/>
						</TextLine>
						<TextLine ID="line_21" HPOS="136" VPOS="1066" WIDTH="759" HEIGHT="28">
							<String ID="string_165" HPOS="136" VPOS="1067" WIDTH="55" HEIGHT="26" WC="0.92" CONTENT="väga"/><SP WIDTH="22" VPOS="1067" HPOS="191"/>
							<String ID="string_166" HPOS="213" VPOS="1067" WIDTH="21" HEIGHT="21" WC="0.92" CONTENT="vi"/><SP WIDTH="22" VPOS="1067" HPOS="234"/>
							<String ID="string_167" HPOS="256" VPOS="1073" WIDTH="50" HEIGHT="15" WC="0.92" CONTENT="anse"/><SP WIDTH="23" VPOS="1073" HPOS="306"/>
							<String ID="string_168" HPOS="329" VPOS="1067" WIDTH="36" HEIGHT="21" WC="0.96" CONTENT="det"/><SP WIDTH="15" VPOS="1067" HPOS="365"/>
							<String ID="string_169" HPOS="380" VPOS="1073" WIDTH="51" HEIGHT="15" WC="0.96" CONTENT="vara"/><SP WIDTH="15" VPOS="1073" HPOS="431"/>
							<String ID="string_170" HPOS="446" VPOS="1068" WIDTH="82" HEIGHT="20" WC="0.93" CONTENT="statens"/><SP WIDTH="15" VPOS="1068" HPOS="528"/>
							<String ID="string_171" HPOS="543" VPOS="1067" WIDTH="60" HEIGHT="21" WC="0.93" CONTENT="säväl"/><SP WIDTH="14" VPOS="1067" HPOS="603"/>
							<String ID="string_172" HPOS="617" VPOS="1067" WIDTH="103" HEIGHT="27" WC="0.92" CONTENT="rättighet"/><SP WIDTH="15" VPOS="1067" HPOS="720"/>
							<String ID="string_173" HPOS="735" VPOS="1073" WIDTH="45" HEIGHT="15" WC="0.93" CONTENT="som"/><SP WIDTH="14" VPOS="1073" HPOS="780"/>
							<String ID="string_174" HPOS="794" VPOS="1066" WIDTH="54" HEIGHT="27" WC="0.92" CONTENT="pligt"/><SP WIDTH="14" VPOS="1066" HPOS="848"/>
							<String ID="string_175" HPOS="862" VPOS="1067" WIDTH="33" HEIGHT="20" WC="0.97" CONTENT="att"/>
						</TextLine>
						<TextLine ID="line_22" HPOS="136" VPOS="1100" WIDTH="760" HEIGHT="28">
							<String ID="string_176" HPOS="136" VPOS="1101" WIDTH="8" HEIGHT="21" WC="0.96" CONTENT="i"/><SP WIDTH="22" VPOS="1101" HPOS="144"/>
							<String ID="string_177" HPOS="166" VPOS="1101" WIDTH="61" HEIGHT="22" WC="0.96" CONTENT="detta"/><SP WIDTH="21" VPOS="1101" HPOS="227"/>
							<String ID="string_178" HPOS="248" VPOS="1101" WIDTH="44" HEIGHT="26" WC="0.93" CONTENT="fall,"/><SP WIDTH="20" VPOS="1101" HPOS="292"/>
							<String ID="string_179" HPOS="312" VPOS="1101" WIDTH="78" HEIGHT="22" WC="0.92" CONTENT="liksom"/><SP WIDTH="14" VPOS="1101" HPOS="390"/>
							<String ID="string_180" HPOS="404" VPOS="1101" WIDTH="7" HEIGHT="21" WC="0.93" CONTENT="i"/><SP WIDTH="16" VPOS="1101" HPOS="411"/>
							<String ID="string_181" HPOS="427" VPOS="1101" WIDTH="100" HEIGHT="21" WC="0.92" CONTENT="afseende"/><SP WIDTH="15" VPOS="1101" HPOS="527"/>
							<String ID="string_182" HPOS="542" VPOS="1101" WIDTH="14" HEIGHT="21" WC="0.90" CONTENT="&amp;"/><SP WIDTH="11" VPOS="1101" HPOS="556"/>
							<String ID="string_183" HPOS="567" VPOS="1101" WIDTH="48" HEIGHT="27" WC="0.91" CONTENT="jagt"/><SP WIDTH="14" VPOS="1101" HPOS="615"/>
							<String ID="string_184" HPOS="629" VPOS="1101" WIDTH="40" HEIGHT="22" WC="0.93" CONTENT="och"/><SP WIDTH="15" VPOS="1101" HPOS="669"/>
							<String ID="string_185" HPOS="684" VPOS="1101" WIDTH="53" HEIGHT="22" WC="0.92" CONTENT="fiske"/><SP WIDTH="15" VPOS="1101" HPOS="737"/>
							<String ID="string_186" HPOS="752" VPOS="1101" WIDTH="40" HEIGHT="22" WC="0.96" CONTENT="och"/><SP WIDTH="14" VPOS="1101" HPOS="792"/>
							<String ID="string_187" HPOS="806" VPOS="1101" WIDTH="8" HEIGHT="20" WC="0.96" CONTENT="i"/><SP WIDTH="15" VPOS="1101" HPOS="814"/>
							<String ID="string_188" HPOS="829" VPOS="1100" WIDTH="67" HEIGHT="21" WC="0.96" CONTENT="andra"/>
						</TextLine>
						<TextLine ID="line_23" HPOS="137" VPOS="1135" WIDTH="759" HEIGHT="28">
							<String ID="string_189" HPOS="137" VPOS="1135" WIDTH="106" HEIGHT="22" WC="0.91" CONTENT="likärtade"/><SP WIDTH="22" VPOS="1135" HPOS="243"/>
							<String ID="string_190" HPOS="265" VPOS="1136" WIDTH="49" HEIGHT="27" WC="0.88" CONTENT="mäl,"/><SP WIDTH="18" VPOS="1136" HPOS="314"/>
							<String ID="string_191" HPOS="332" VPOS="1136" WIDTH="84" HEIGHT="27" WC="0.92" CONTENT="ingripa"/><SP WIDTH="14" VPOS="1136" HPOS="416"/>
							<String ID="string_192" HPOS="430" VPOS="1136" WIDTH="31" HEIGHT="21" WC="0.92" CONTENT="uti"/><SP WIDTH="15" VPOS="1136" HPOS="461"/>
							<String ID="string_193" HPOS="476" VPOS="1136" WIDTH="41" HEIGHT="21" WC="0.93" CONTENT="den"/><SP WIDTH="16" VPOS="1136" HPOS="517"/>
							<String ID="string_194" HPOS="533" VPOS="1136" WIDTH="108" HEIGHT="21" WC="0.92" CONTENT="enskildes"/><SP WIDTH="14" VPOS="1136" HPOS="641"/>
							<String ID="string_195" HPOS="655" VPOS="1136" WIDTH="143" HEIGHT="26" WC="0.89" CONTENT="hushällning,"/><SP WIDTH="15" VPOS="1136" HPOS="798"/>
							<String ID="string_196" HPOS="813" VPOS="1135" WIDTH="83" HEIGHT="21" WC="0.91" CONTENT="säsnart"/>
						</TextLine>
						<TextLine ID="line_24" HPOS="137" VPOS="1169" WIDTH="759" HEIGHT="28">
							<String ID="string_197" HPOS="137" VPOS="1169" WIDTH="38" HEIGHT="22" WC="0.96" CONTENT="det"/><SP WIDTH="14" VPOS="1169" HPOS="175"/>
							<String ID="string_198" HPOS="189" VPOS="1170" WIDTH="55" HEIGHT="22" WC="0.96" CONTENT="visat"/><SP WIDTH="14" VPOS="1170" HPOS="244"/>
							<String ID="string_199" HPOS="258" VPOS="1170" WIDTH="38" HEIGHT="27" WC="0.96" CONTENT="sig,"/><SP WIDTH="20" VPOS="1170" HPOS="296"/>
							<String ID="string_200" HPOS="316" VPOS="1172" WIDTH="32" HEIGHT="19" WC="0.93" CONTENT="att"/><SP WIDTH="15" VPOS="1172" HPOS="348"/>
							<String ID="string_201" HPOS="363" VPOS="1171" WIDTH="124" HEIGHT="20" WC="0.91" CONTENT="densamma"/><SP WIDTH="14" VPOS="1171" HPOS="487"/>
							<String ID="string_202" HPOS="501" VPOS="1170" WIDTH="132" HEIGHT="21" WC="0.91" CONTENT="handhafves"/><SP WIDTH="15" VPOS="1170" HPOS="633"/>
							<String ID="string_203" HPOS="648" VPOS="1170" WIDTH="52" HEIGHT="21" WC="0.96" CONTENT="eller"/><SP WIDTH="14" VPOS="1170" HPOS="700"/>
							<String ID="string_204" HPOS="714" VPOS="1170" WIDTH="43" HEIGHT="21" WC="0.93" CONTENT="kan"/><SP WIDTH="8" VPOS="1170" HPOS="757"/>
							<String ID="string_205" HPOS="765" VPOS="1169" WIDTH="131" HEIGHT="22" WC="0.92" CONTENT="handhafvas"/>
						</TextLine>
						<TextLine ID="line_25" HPOS="137" VPOS="1203" WIDTH="759" HEIGHT="29">
							<String ID="string_206" HPOS="137" VPOS="1205" WIDTH="29" HEIGHT="27" WC="0.96" CONTENT="pä"/><SP WIDTH="15" VPOS="1205" HPOS="166"/>
							<String ID="string_207" HPOS="181" VPOS="1207" WIDTH="32" HEIGHT="19" WC="0.95" CONTENT="ett"/><SP WIDTH="18" VPOS="1207" HPOS="213"/>
							<String ID="string_208" HPOS="231" VPOS="1207" WIDTH="49" HEIGHT="24" WC="0.95" CONTENT="sätt,"/><SP WIDTH="16" VPOS="1207" HPOS="280"/>
							<String ID="string_209" HPOS="296" VPOS="1211" WIDTH="46" HEIGHT="15" WC="0.93" CONTENT="som"/><SP WIDTH="16" VPOS="1211" HPOS="342"/>
							<String ID="string_210" HPOS="358" VPOS="1205" WIDTH="78" HEIGHT="21" WC="0.90" CONTENT="skadar"/><SP WIDTH="16" VPOS="1205" HPOS="436"/>
							<String ID="string_211" HPOS="452" VPOS="1205" WIDTH="41" HEIGHT="21" WC="0.93" CONTENT="den"/><SP WIDTH="16" VPOS="1205" HPOS="493"/>
							<String ID="string_212" HPOS="509" VPOS="1205" WIDTH="96" HEIGHT="21" WC="0.93" CONTENT="enskilde"/><SP WIDTH="15" VPOS="1205" HPOS="605"/>
							<String ID="string_213" HPOS="620" VPOS="1205" WIDTH="49" HEIGHT="27" WC="0.92" CONTENT="sjelf"/><SP WIDTH="13" VPOS="1205" HPOS="669"/>
							<String ID="string_214" HPOS="682" VPOS="1205" WIDTH="40" HEIGHT="21" WC="0.93" CONTENT="och"/><SP WIDTH="15" VPOS="1205" HPOS="722"/>
							<String ID="string_215" HPOS="737" VPOS="1204" WIDTH="69" HEIGHT="22" WC="0.91" CONTENT="tillika"/><SP WIDTH="14" VPOS="1204" HPOS="806"/>
							<String ID="string_216" HPOS="820" VPOS="1203" WIDTH="76" HEIGHT="21" WC="0.92" CONTENT="verkar"/>
						</TextLine>
						<TextLine ID="line_26" HPOS="138" VPOS="1237" WIDTH="760" HEIGHT="30">
							<String ID="string_217" HPOS="138" VPOS="1239" WIDTH="89" HEIGHT="27" WC="0.92" CONTENT="menligt"/><SP WIDTH="22" VPOS="1239" HPOS="227"/>
							<String ID="string_218" HPOS="249" VPOS="1239" WIDTH="28" HEIGHT="28" WC="0.96" CONTENT="pä"/><SP WIDTH="22" VPOS="1239" HPOS="277"/>
							<String ID="string_219" HPOS="299" VPOS="1239" WIDTH="77" HEIGHT="22" WC="0.96" CONTENT="andras"/><SP WIDTH="23" VPOS="1239" HPOS="376"/>
							<String ID="string_220" HPOS="399" VPOS="1239" WIDTH="39" HEIGHT="22" WC="0.95" CONTENT="och"/><SP WIDTH="19" VPOS="1239" HPOS="438"/>
							<String ID="string_221" HPOS="457" VPOS="1239" WIDTH="48" HEIGHT="21" WC="0.93" CONTENT="hela"/><SP WIDTH="15" VPOS="1239" HPOS="505"/>
							<String ID="string_222" HPOS="520" VPOS="1239" WIDTH="124" HEIGHT="22" WC="0.92" CONTENT="samhällets"/><SP WIDTH="15" VPOS="1239" HPOS="644"/>
							<String ID="string_223" HPOS="659" VPOS="1239" WIDTH="170" HEIGHT="21" WC="0.89" CONTENT="välbefinnande."/><SP WIDTH="29" VPOS="1239" HPOS="829"/>
							<String ID="string_224" HPOS="858" VPOS="1237" WIDTH="40" HEIGHT="22" WC="0.93" CONTENT="Ut-"/>
						</TextLine>
						<TextLine ID="line_27" HPOS="138" VPOS="1272" WIDTH="759" HEIGHT="29">
							<String ID="string_225" HPOS="138" VPOS="1273" WIDTH="82" HEIGHT="22" WC="0.91" CONTENT="skottet"/><SP WIDTH="15" VPOS="1273" HPOS="220"/>
							<String ID="string_226" HPOS="235" VPOS="1274" WIDTH="39" HEIGHT="21" WC="0.93" CONTENT="har"/><SP WIDTH="15" VPOS="1274" HPOS="274"/>
							<String ID="string_227" HPOS="289" VPOS="1274" WIDTH="123" HEIGHT="27" WC="0.90" CONTENT="visserligen"/><SP WIDTH="11" VPOS="1274" HPOS="412"/>
							<String ID="string_228" HPOS="423" VPOS="1273" WIDTH="88" HEIGHT="28" WC="0.91" CONTENT="pästätt,"/><SP WIDTH="17" VPOS="1273" HPOS="511"/>
							<String ID="string_229" HPOS="528" VPOS="1275" WIDTH="33" HEIGHT="20" WC="0.93" CONTENT="att"/><SP WIDTH="15" VPOS="1275" HPOS="561"/>
							<String ID="string_230" HPOS="576" VPOS="1273" WIDTH="70" HEIGHT="27" WC="0.92" CONTENT="nägon"/><SP WIDTH="14" VPOS="1273" HPOS="646"/>
							<String ID="string_231" HPOS="660" VPOS="1273" WIDTH="118" HEIGHT="22" WC="0.88" CONTENT="nämnvärd"/><SP WIDTH="14" VPOS="1273" HPOS="778"/>
							<String ID="string_232" HPOS="792" VPOS="1272" WIDTH="105" HEIGHT="21" WC="0.92" CONTENT="förödelse"/>
						</TextLine>
						<TextLine ID="line_28" HPOS="138" VPOS="1306" WIDTH="760" HEIGHT="29">
							<String ID="string_233" HPOS="138" VPOS="1308" WIDTH="24" HEIGHT="21" WC="0.96" CONTENT="af"/><SP WIDTH="20" VPOS="1308" HPOS="162"/>
							<String ID="string_234" HPOS="182" VPOS="1308" WIDTH="54" HEIGHT="27" WC="0.96" CONTENT="skog"/><SP WIDTH="21" VPOS="1308" HPOS="236"/>
							<String ID="string_235" HPOS="257" VPOS="1314" WIDTH="76" HEIGHT="21" WC="0.91" CONTENT="genom"/><SP WIDTH="23" VPOS="1314" HPOS="333"/>
							<String ID="string_236" HPOS="356" VPOS="1308" WIDTH="116" HEIGHT="27" WC="0.91" CONTENT="oförnuftig"/><SP WIDTH="23" VPOS="1308" HPOS="472"/>
							<String ID="string_237" HPOS="495" VPOS="1307" WIDTH="127" HEIGHT="28" WC="0.92" CONTENT="afverkning"/><SP WIDTH="22" VPOS="1307" HPOS="622"/>
							<String ID="string_238" HPOS="644" VPOS="1310" WIDTH="57" HEIGHT="19" WC="0.93" CONTENT="ännu"/><SP WIDTH="17" VPOS="1310" HPOS="701"/>
							<String ID="string_239" HPOS="718" VPOS="1307" WIDTH="48" HEIGHT="22" WC="0.91" CONTENT="icke"/><SP WIDTH="14" VPOS="1307" HPOS="766"/>
							<String ID="string_240" HPOS="780" VPOS="1309" WIDTH="36" HEIGHT="25" WC="0.91" CONTENT="ägt"/><SP WIDTH="13" VPOS="1309" HPOS="816"/>
							<String ID="string_241" HPOS="829" VPOS="1306" WIDTH="69" HEIGHT="21" WC="0.96" CONTENT="rum"/><SP WIDTH="-14" VPOS="1306" HPOS="898"/>
							<String ID="string_242" HPOS="884" VPOS="1302" WIDTH="17" HEIGHT="38" WC="0.96" CONTENT="i"/>
						</TextLine>
						<TextLine ID="line_29" HPOS="138" VPOS="1341" WIDTH="760" HEIGHT="28">
							<String ID="string_243" HPOS="138" VPOS="1343" WIDTH="93" HEIGHT="21" WC="0.96" CONTENT="Finland"/><SP WIDTH="22" VPOS="1343" HPOS="231"/>
							<String ID="string_244" HPOS="253" VPOS="1343" WIDTH="40" HEIGHT="22" WC="0.96" CONTENT="och"/><SP WIDTH="23" VPOS="1343" HPOS="293"/>
							<String ID="string_245" HPOS="316" VPOS="1345" WIDTH="32" HEIGHT="19" WC="0.93" CONTENT="att"/><SP WIDTH="21" VPOS="1345" HPOS="348"/>
							<String ID="string_246" HPOS="369" VPOS="1342" WIDTH="183" HEIGHT="27" WC="0.89" CONTENT="skogstillgängen"/><SP WIDTH="23" VPOS="1342" HPOS="552"/>
							<String ID="string_247" HPOS="575" VPOS="1345" WIDTH="57" HEIGHT="18" WC="0.93" CONTENT="ännu"/><SP WIDTH="20" VPOS="1345" HPOS="632"/>
							<String ID="string_248" HPOS="652" VPOS="1343" WIDTH="125" HEIGHT="26" WC="0.92" CONTENT="öfverstiger"/><SP WIDTH="14" VPOS="1343" HPOS="777"/>
							<String ID="string_249" HPOS="791" VPOS="1341" WIDTH="107" HEIGHT="22" WC="0.89" CONTENT="behofvet."/>
						</TextLine>
						<TextLine ID="line_30" HPOS="139" VPOS="1375" WIDTH="759" HEIGHT="29">
							<String ID="string_250" HPOS="139" VPOS="1377" WIDTH="50" HEIGHT="21" WC="0.96" CONTENT="Men"/><SP WIDTH="16" VPOS="1377" HPOS="189"/>
							<String ID="string_251" HPOS="205" VPOS="1383" WIDTH="34" HEIGHT="16" WC="0.95" CONTENT="om"/><SP WIDTH="15" VPOS="1383" HPOS="239"/>
							<String ID="string_252" HPOS="254" VPOS="1378" WIDTH="36" HEIGHT="21" WC="0.93" CONTENT="det"/><SP WIDTH="14" VPOS="1378" HPOS="290"/>
							<String ID="string_253" HPOS="304" VPOS="1377" WIDTH="133" HEIGHT="22" WC="0.96" CONTENT="sistnämnda"/><SP WIDTH="16" VPOS="1377" HPOS="437"/>
							<String ID="string_254" HPOS="453" VPOS="1377" WIDTH="66" HEIGHT="22" WC="0.96" CONTENT="också"/><SP WIDTH="14" VPOS="1377" HPOS="519"/>
							<String ID="string_255" HPOS="533" VPOS="1377" WIDTH="70" HEIGHT="22" WC="0.91" CONTENT="mäste"/><SP WIDTH="14" VPOS="1377" HPOS="603"/>
							<String ID="string_256" HPOS="617" VPOS="1377" WIDTH="125" HEIGHT="27" WC="0.92" CONTENT="medgifvas,"/><SP WIDTH="14" VPOS="1377" HPOS="742"/>
							<String ID="string_257" HPOS="756" VPOS="1376" WIDTH="43" HEIGHT="21" WC="0.96" CONTENT="kan"/><SP WIDTH="8" VPOS="1376" HPOS="799"/>
							<String ID="string_258" HPOS="807" VPOS="1375" WIDTH="38" HEIGHT="22" WC="0.93" CONTENT="det"/><SP WIDTH="6" VPOS="1375" HPOS="845"/>
							<String ID="string_259" HPOS="851" VPOS="1375" WIDTH="47" HEIGHT="21" WC="0.91" CONTENT="der-"/>
						</TextLine>
						<TextLine ID="line_31" HPOS="139" VPOS="1409" WIDTH="760" HEIGHT="29">
							<String ID="string_260" HPOS="139" VPOS="1414" WIDTH="58" HEIGHT="19" WC="0.93" CONTENT="emot"/><SP WIDTH="15" VPOS="1414" HPOS="197"/>
							<String ID="string_261" HPOS="212" VPOS="1412" WIDTH="47" HEIGHT="21" WC="0.96" CONTENT="icke"/><SP WIDTH="14" VPOS="1412" HPOS="259"/>
							<String ID="string_262" HPOS="273" VPOS="1412" WIDTH="107" HEIGHT="26" WC="0.96" CONTENT="förnekas,"/><SP WIDTH="16" VPOS="1412" HPOS="380"/>
							<String ID="string_263" HPOS="396" VPOS="1414" WIDTH="32" HEIGHT="19" WC="0.96" CONTENT="att"/><SP WIDTH="15" VPOS="1414" HPOS="428"/>
							<String ID="string_264" HPOS="443" VPOS="1412" WIDTH="66" HEIGHT="21" WC="0.96" CONTENT="redan"/><SP WIDTH="15" VPOS="1412" HPOS="509"/>
							<String ID="string_265" HPOS="524" VPOS="1418" WIDTH="30" HEIGHT="15" WC="0.96" CONTENT="nu"/><SP WIDTH="15" VPOS="1418" HPOS="554"/>
							<String ID="string_266" HPOS="569" VPOS="1418" WIDTH="33" HEIGHT="20" WC="0.96" CONTENT="en,"/><SP WIDTH="16" VPOS="1418" HPOS="602"/>
							<String ID="string_267" HPOS="618" VPOS="1418" WIDTH="35" HEIGHT="15" WC="0.93" CONTENT="om"/><SP WIDTH="15" VPOS="1418" HPOS="653"/>
							<String ID="string_268" HPOS="668" VPOS="1411" WIDTH="66" HEIGHT="22" WC="0.93" CONTENT="också"/><SP WIDTH="6" VPOS="1411" HPOS="734"/>
							<String ID="string_269" HPOS="740" VPOS="1410" WIDTH="78" HEIGHT="28" WC="0.54" CONTENT="partiel"/><SP WIDTH="7" VPOS="1410" HPOS="818"/>
							<String ID="string_270" HPOS="825" VPOS="1409" WIDTH="74" HEIGHT="26" WC="0.91" CONTENT="skogs-"/>
						</TextLine>
						<TextLine ID="line_32" HPOS="139" VPOS="1445" WIDTH="761" HEIGHT="28">
							<String ID="string_271" HPOS="139" VPOS="1446" WIDTH="105" HEIGHT="22" WC="0.92" CONTENT="förödelse"/><SP WIDTH="23" VPOS="1446" HPOS="244"/>
							<String ID="string_272" HPOS="267" VPOS="1449" WIDTH="50" HEIGHT="24" WC="0.95" CONTENT="äger"/><SP WIDTH="17" VPOS="1449" HPOS="317"/>
							<String ID="string_273" HPOS="334" VPOS="1453" WIDTH="58" HEIGHT="20" WC="0.95" CONTENT="rum;"/><SP WIDTH="16" VPOS="1453" HPOS="392"/>
							<String ID="string_274" HPOS="408" VPOS="1447" WIDTH="40" HEIGHT="21" WC="0.95" CONTENT="och"/><SP WIDTH="15" VPOS="1447" HPOS="448"/>
							<String ID="string_275" HPOS="463" VPOS="1446" WIDTH="43" HEIGHT="21" WC="0.96" CONTENT="kan"/><SP WIDTH="16" VPOS="1446" HPOS="506"/>
							<String ID="string_276" HPOS="522" VPOS="1447" WIDTH="37" HEIGHT="20" WC="0.96" CONTENT="det"/><SP WIDTH="15" VPOS="1447" HPOS="559"/>
							<String ID="string_277" HPOS="574" VPOS="1447" WIDTH="48" HEIGHT="21" WC="0.96" CONTENT="med"/><SP WIDTH="15" VPOS="1447" HPOS="622"/>
							<String ID="string_278" HPOS="637" VPOS="1446" WIDTH="47" HEIGHT="21" WC="0.93" CONTENT="skäl"/><SP WIDTH="14" VPOS="1446" HPOS="684"/>
							<String ID="string_279" HPOS="698" VPOS="1445" WIDTH="85" HEIGHT="22" WC="0.93" CONTENT="befaras"/><SP WIDTH="16" VPOS="1445" HPOS="783"/>
							<String ID="string_280" HPOS="799" VPOS="1446" WIDTH="33" HEIGHT="20" WC="0.93" CONTENT="att"/><SP WIDTH="14" VPOS="1446" HPOS="832"/>
							<String ID="string_281" HPOS="846" VPOS="1445" WIDTH="54" HEIGHT="21" WC="0.92" CONTENT="den-"/>
						</TextLine>
						<TextLine ID="line_33" HPOS="209" VPOS="1487" WIDTH="466" HEIGHT="22">
							<String ID="string_282" HPOS="209" VPOS="1487" WIDTH="45" HEIGHT="22" WC="0.85" CONTENT="Lag-"/><SP WIDTH="14" VPOS="1487" HPOS="254"/>
							<String ID="string_283" HPOS="268" VPOS="1489" WIDTH="30" HEIGHT="16" WC="0.93" CONTENT="och"/><SP WIDTH="11" VPOS="1489" HPOS="298"/>
							<String ID="string_284" HPOS="309" VPOS="1487" WIDTH="171" HEIGHT="18" WC="0.89" CONTENT="Ekonomiutskoitets"/><SP WIDTH="11" VPOS="1487" HPOS="480"/>
							<String ID="string_285" HPOS="491" VPOS="1487" WIDTH="107" HEIGHT="18" WC="0.96" CONTENT="betänkande"/><SP WIDTH="12" VPOS="1487" HPOS="598"/>
							<String ID="string_286" HPOS="610" VPOS="1487" WIDTH="35" HEIGHT="17" WC="0.96" CONTENT="N:o"/><SP WIDTH="12" VPOS="1487" HPOS="645"/>
							<String ID="string_287" HPOS="657" VPOS="1487" WIDTH="18" HEIGHT="17" WC="0.96" CONTENT="3."/>
						</TextLine>
					</TextBlock>
				</ComposedBlock>
				<GraphicalElement ID="cblock_7" HPOS="1070" VPOS="420" WIDTH="7" HEIGHT="608"></GraphicalElement >
			</PrintSpace>
		</Page>
	</Layout>
</alto>
