1078 1692
342 141 63 19 U:B::
414 151 23 5 —
448 140 62 24 Prop.
522 141 58 19 N:ris
588 141 23 18 16
623 141 40 19 och
674 141 28 17 37.
853 142 22 17 31

351 206 218 30 släckningsarbete,
590 208 78 22 straxt
685 205 59 29 efter
762 206 38 24 det
817 206 28 24 de
861 214 39 22 ge-

352 246 179 30 nomYmarkens
548 253 68 23 egare
633 245 57 24 eller
707 245 136 24 annorledes
856 245 46 30 fått

352 284 171 24 underrättelse
537 292 36 17 om
584 285 141 30 skogselden,
738 285 164 24 sammankalla

340 348 2 2 .
353 324 81 30 nödigt
453 324 245 31 släckningsmanskap
716 332 82 22 genom
818 324 85 24 utsänd

354 362 113 32 budkafle,
493 372 50 18 som
568 364 136 30 skyndsamt
724 364 60 24 skall
803 364 100 30 frambe-

353 404 98 29 fordras
468 404 67 29 ifrån
550 404 63 30 gård
631 404 35 24 till
681 404 69 30 gård.
792 404 112 30 Utfärdas

355 444 104 29 budkafle
481 444 30 29 af
528 452 79 16 annan
629 447 31 20 än
681 444 164 30 kronobetjent,
863 444 41 24 bör

355 484 128 23 kännedom
513 491 36 16 om
578 484 45 23 den
652 484 112 30 vidtagna
793 484 112 30 åtgärden

356 524 74 23 denne
447 523 27 23 så
490 523 51 29 fort
557 523 39 24 ske
615 524 45 23 kan
678 523 122 24 meddelas.

392 563 39 23 Då
449 562 105 30 budkafle
572 563 104 29 anländt,
696 563 59 24 skall
772 571 28 16 en
817 563 88 24 arbets-

355 602 40 30 för
417 602 163 31 person.frän
601 603 68 23 hvart
690 603 92 30 matlag,
808 602 98 30 försedd

357 642 55 32 med,
443 642 223 30 tillhandsvarande,
696 643 71 29 nödig
796 643 110 23 eldsläck-

357 682 178 30 ningsredskap,
558 684 57 22 utan
637 682 109 30 uppehäll
764 682 89 30 begifva
870 682 37 30 sig

359 722 35 23 till
421 721 152 24 brandstället
596 722 41 23 och
658 722 44 23 der
722 722 102 30 fullgöra
845 722 62 23 hvad

359 762 95 23 ledaren
471 761 31 29 af
514 761 220 30 släckningsarbetet
750 762 81 24 honom
845 761 63 30 före-

358 801 109 29 skrifver.

595 875 20 29 $
633 875 41 22 32.

397 936 55 21 Lika
466 936 48 21 med
530 936 11 27 $
557 935 28 22 30
600 936 7 20 i
621 936 165 26 propositionen.

599 1005 19 30 $
637 1005 40 23 33.

396 1061 54 20 Lika
465 1061 49 20 med
529 1061 12 26 $
557 1061 23 20 31
590 1061 17 20 .i
621 1061 167 26 propositionen.

597 1136 20 30 $
635 1137 51 22 34.

395 1191 55 22 Lika
468 1192 49 21 med
533 1191 12 27 8
561 1191 27 21 32
603 1192 7 20 i
625 1191 165 27 propositionen,
806 1192 59 19 utom
880 1192 32 19 att

363 1225 173 22 kommatecknet
551 1225 109 21 derstädes
671 1225 53 21 efter
736 1225 60 20 ordet
807 1224 105 21 "hemort"

363 1259 147 21 bortlemnats.

581 1332 63 28 Kap.
660 1332 40 22 VI.

323 1390 44 21 "Om
386 1384 67 27 straff
465 1380 38 41 för
518 1384 103 27 åverkan
638 1385 56 26 samt
708 1389 36 22 för
758 1388 69 22 andra
843 1387 71 22 öfver-

455 1423 134 22 "trädelser:
597 1423 26 22 af
635 1423 71 21 demha
720 1422 44 28 lag.

227 1464 46 21 Lag-
286 1465 29 15 och
326 1463 170 18 Ekonomiutskottets
507 1463 106 16 betänkande
626 1463 34 16 N:o
673 1463 23 16 3.
780 1466 41 8 LE
