1078 1692
218 152 13 20 2
390 151 81 22 Ständ.
487 152 39 22 Sv.
542 164 27 4 —
586 153 70 27 Prop.
674 152 39 22 N:o
729 152 19 22 1.

190 214 134 23 Ständerna
338 215 41 23 vid
396 216 54 21 1882
466 216 37 22 års
519 215 116 29 landtdag
650 218 104 25 antagna
769 214 128 29 lagförslag
906 222 38 14 om

192 250 148 21 motionsrätt
355 252 61 20 samt
431 249 102 29 ändring
549 250 25 22 af
587 251 26 21 51
630 250 43 22 och
689 250 27 21 52
732 252 24 23 $$
772 250 8 22 i
794 248 150 28 Landtdags-

192 282 132 29 ordningen
333 283 52 23 icke
393 284 114 28 lyckades
516 285 75 21 vinna
604 284 86 22 Eders
706 283 163 30 Kejserliga
885 283 59 21 Ma-

189 318 108 28 jestäts
306 317 88 29 nådiga
402 318 147 22 stadfästelse
557 318 189 29 aforsak,såsom
752 317 132 23 Ständerna
890 322 55 20 trott

192 352 37 26 sig
251 351 73 29 finna,
345 354 33 20 att
399 353 54 21 1882
472 353 37 21 års
525 352 107 30 Ständer,
648 352 53 23 med
718 352 107 23 afseende
841 352 55 23 derå
911 356 34 19 att

190 384 72 28 lagen
285 392 38 15 om
345 387 148 21 motionsrätt
513 386 79 22 skulle
610 386 102 23 kommit
732 389 33 19 att
780 389 82 25 utgöra
878 394 28 15 en
922 387 25 22 af

192 418 93 23 landets
308 420 151 30 grundlagar,
482 420 91 28 försågo
597 420 138 23 densamma
750 420 53 22 med
819 420 125 29 inledning

191 454 44 21 och
254 454 196 31 slutbekräftelse,
469 454 165 23 motsvarande
650 455 60 29 dem,
726 455 86 22 hvilka
827 454 117 23 användts

193 487 41 22 vid
250 488 75 28 öfriga
340 488 115 23 särskildt
470 488 123 23 utfärdade
608 488 152 28 grundlagar.
785 489 85 22 Denna
885 489 59 22 form

191 522 43 22 har
252 521 73 23 redan
344 522 52 23 från
416 523 167 28 riksdagarnes
598 523 112 28 tidigaste
725 522 80 29 period
821 523 123 27 iakttagits

191 555 33 23 för
241 556 117 28 vigtigare
372 556 196 29 riksdagsbeslut.
599 557 83 23 Såsom
698 559 32 20 ett
745 556 94 28 värdigt
849 557 95 28 uttryck

189 589 34 23 för
246 590 45 22 den
314 590 86 23 känsla
415 591 25 22 af
456 592 153 27 ansvarighet
623 592 44 22 och
683 591 82 29 allvar,
781 590 113 23 hvarmed
910 598 35 15 re-

193 626 189 26 presentationen
404 625 41 22 vid
468 625 122 23 stiftandet
612 625 25 23 af
656 625 122 28 grundlag
799 626 42 22 bör
861 626 31 27 gå
906 625 38 22 till

191 660 69 28 väga,
276 659 44 22 och
336 660 77 22 såsom
430 667 28 15 en
474 659 119 28 högtidlig
608 659 142 23 bekräftelse
766 660 24 21 af
803 659 46 22 den
865 658 79 29 helgd,

191 699 50 15 som
265 692 146 24 tillkommer
426 693 74 23 sådan
517 694 46 29 lag,
579 694 43 22 har
638 693 104 23 nämnde
756 694 58 21 form
831 693 43 22 ock
891 693 54 22 fort-

191 726 96 22 farande
310 727 155 27 regelbundet
488 727 117 23 användts
625 727 41 23 vid
683 727 121 22 stiftandet
820 727 25 22 af
857 726 88 28 grund-

192 760 46 30 lag,
262 762 43 20 när
328 760 39 24 det
389 762 122 28 nämligen
533 762 51 28 gält
607 769 28 15 en
655 762 35 22 för
705 762 37 27 sig
758 761 126 23 bestående
899 761 45 28 lag.

192 794 108 22 Sålunda
319 796 25 21 är
359 794 46 24 den
421 795 125 29 begagnad
563 797 18 28 ej
599 796 61 22 blott
675 796 34 22 för
724 802 33 15 nu
772 794 112 29 gällande
900 795 46 23 Re-

191 829 157 27 geringsform
363 832 61 19 samt
439 830 142 27 Förenings-
596 830 43 21 och
655 829 179 30 Säkerhetsakt,
845 832 57 19 utan
914 830 32 21 äf-

191 869 47 15 ven
260 863 35 22 för
317 863 278 28 Landtdagsordningen.
626 863 37 23 Då
686 863 40 22 det
747 863 87 28 förslag
853 863 38 22 till
906 863 41 28 lag

193 903 37 15 om
246 897 154 29 motionsrätt,
416 905 51 14 som
483 897 45 22 den
544 897 89 28 nådiga
647 898 176 27 propositionen
839 897 38 22 till
892 897 54 22 1882

193 931 35 21 års
249 930 117 29 landtdag
381 931 114 30 innehöll,
511 938 42 15 var
569 931 107 22 affattadt
691 931 78 22 såsom
785 938 28 15 en
830 931 116 29 sjelfstän-

192 963 42 29 dig
249 965 34 22 för
299 966 37 27 sig
351 965 127 23 bestående
493 965 126 30 grundlag,
635 972 42 15 var
693 964 39 23 det
747 965 75 22 derför
832 965 115 28 naturligt

191 1000 35 20 att
241 998 133 23 Ständerna
390 999 79 22 skulle
485 999 82 22 ikläda
583 999 62 23 detta
661 999 89 28 förslag
761 999 45 22 den
815 999 34 22 för
857 998 89 23 sådana

192 1032 67 27 lagar
282 1033 72 22 redan
376 1033 141 22 häfdvunna
539 1033 64 22 form.
635 1033 51 22 Och
710 1033 83 22 kunna
815 1032 132 23 Ständerna

193 1066 61 29 förty
270 1067 53 22 icke
339 1070 73 19 annat
428 1069 29 20 än
473 1067 110 30 beklaga,
599 1075 37 14 om
652 1067 80 22 denna
746 1067 59 22 form
821 1067 69 28 gifvit
906 1074 41 15 an-

191 1099 102 30 ledning
313 1101 38 23 till
372 1101 85 22 sådant
475 1101 168 30 missförstånd,
660 1103 34 20 att
709 1101 133 22 Ständerna
857 1101 89 28 derige-

193 1141 55 15 nom
270 1135 66 22 velat
357 1135 103 23 tillmäta
479 1137 36 26 sig
531 1136 78 27 någon
625 1135 55 23 dem
696 1135 52 22 icke
764 1135 183 22 tillkommande

192 1164 146 37 befogenhet.
814 1180 2 2 :

259 1202 39 22 Dä
313 1203 131 22 emellertid
460 1211 33 14 nu
508 1203 180 28 ifrägavarande
704 1203 87 28 förslag
800 1203 101 22 affattats
910 1204 36 21 sä-

191 1244 51 15 som
265 1236 102 29 ändring
390 1238 51 21 utaf
462 1239 63 21 vissa
545 1241 24 23 $$
584 1239 8 20 i
608 1237 279 30 Landtdagsordningen,
903 1237 43 22 och

192 1271 19 28 ej
228 1277 51 16 som
295 1271 104 22 särskild
415 1272 47 30 lag,
479 1279 55 15 anse
549 1271 133 24 Ständerna
697 1272 75 27 nägra
779 1271 167 28 betänklighe-

192 1307 34 20 ter
250 1307 19 28 ej
286 1305 127 23 förefinnas
429 1309 34 20 att
477 1306 128 28 godkänna
620 1306 114 28 förslaget
748 1308 57 20 utan
821 1305 74 23 sådan
911 1307 36 20 in-

192 1338 101 29 ledning
315 1340 44 22 och
382 1340 196 30 slutbekräftelse,
601 1348 50 15 som
667 1340 42 23 vid
725 1343 91 20 senaste
831 1339 116 28 landtdag

193 1375 109 26 antagits.
