1078 1692
466 144 38 23 N:o
520 144 23 23 4.
825 146 26 20 13

127 211 114 30 ingångna
255 210 228 23 öfverenskommelser
497 210 58 22 varit
565 210 131 28 förpligtade
707 212 34 20 att
750 216 130 17 reservman-

127 246 56 26 skap
198 245 134 23 underhälla.

481 298 13 25 8
510 299 20 19 3.

197 338 47 22 Den
266 338 126 22 hemmanen
415 338 73 21 åsatta
509 337 147 28 kronotionde,
678 338 104 27 antingen
801 338 41 22 den
857 339 24 20 är

129 372 129 28 disponerad
280 372 53 22 eller
355 372 83 21 kronan
460 372 107 27 behållen,
587 374 102 20 omsättes
704 372 8 22 i
726 372 106 22 litermått
848 372 34 21 så-

128 406 73 28 lunda,
227 408 34 20 att
284 406 37 22 det
336 406 84 27 belopp,
435 412 45 16 som
494 406 139 28 understiger
646 406 39 22 full
700 407 119 23 tiondedels
833 406 49 22 liter

128 448 27 16 ur
168 441 149 27 beräkningen
332 441 137 21 bortlemnas.
499 441 33 21 På
547 448 81 15 samma
643 443 45 20 sätt
697 440 125 24 förvandlas
834 442 48 20 kro-

129 482 44 16 nan
195 476 167 27 tillkommande,
377 475 9 22 i
400 477 79 20 tunnor
501 476 39 21 och
558 476 85 27 kappar
657 476 113 22 bestämda
784 476 98 22 arrende-

130 510 77 28 belopp
230 510 34 22 till
285 510 75 23 hektol
378 510 111 27 och/liter.
517 511 34 21 De
566 510 92 22 sålunda
672 512 93 20 omsatta
779 510 103 28 beloppen

129 546 62 21 skola
210 545 110 27 tillämpas
338 544 35 22 för
392 545 193 27 kronouppbörden
600 544 49 22 från
664 546 39 21 och
716 545 50 22 med
780 545 26 22 år
820 546 62 20 1890.

483 604 48 26 84

200 644 123 27 Angäende
343 643 119 28 uträkning
477 643 25 22 af
515 650 27 15 en
556 643 134 22 rubelsskatt
704 642 7 22 i
727 642 95 28 enlighet
836 641 48 22 med

132 678 37 22 det
184 678 104 22 metriska
302 679 104 27 systemet
421 680 25 20 är
461 678 104 22 särskildt
580 677 110 28 stadgadt.

485 737 12 25 8
514 738 19 19 5.

200 776 48 22 Den
263 776 8 22 i
286 777 85 21 Torneå
385 776 69 22 härad
469 776 49 22 från
534 778 33 20 ett
586 776 82 22 mantal
686 774 110 29 utgående
814 774 72 28 jorde-

131 811 64 21 boks-
217 811 39 21 och
276 811 173 21 mantalsräntan
464 811 127 22 förvandlas
605 810 34 22 till
652 810 122 22 rubelskatt
788 808 97 27 sålunda,

132 846 35 20 att
190 845 76 27 hvarje
287 845 47 22 helt
350 845 83 21 mantal
447 845 84 22 åsättes
545 846 77 21 sexton
636 844 134 22 skatterubel
784 844 34 21 att
832 842 54 27 utgå

133 878 57 23 efter
213 885 80 15 samma
308 879 100 27 grunder,
428 885 43 16 som
487 879 8 21 i
511 879 72 28 öfriga
597 879 60 22 delar
672 878 24 22 af
709 878 120 27 Uleåborgs
843 877 43 21 län.

134 913 78 22 Denna
226 913 122 22 rubelskatt
362 908 66 37 skall:
433 913 50 22 från
497 913 77 28 början
589 913 25 22 af
627 913 24 22 är
667 914 55 20 1890
736 912 39 22 vid
793 912 93 21 kronans

135 947 98 28 uppbörd
247 947 115 28 tillämpas.

202 982 11 21 I
228 981 102 22 händelse
345 981 140 22 omförmälda
495 982 83 28 nådiga
587 981 131 28 proposition
728 987 33 16 om
771 979 117 23 förändrad

132 1016 41 21 och
197 1015 57 22 efter
276 1015 100 22 metriskt
394 1017 55 21 mått
464 1017 113 21 beräknad
591 1015 154 28 undervisning
759 1015 35 22 för
807 1015 81 21 skatte-

133 1050 78 22 rubeln
225 1051 47 21 icke
286 1051 84 21 komme
386 1052 34 20 att
435 1051 24 21 af
472 1051 123 22 Ständerna
605 1053 98 25 antagas,
718 1050 40 21 har
768 1049 61 22 Hans
838 1047 50 28 Kej-

133 1084 83 27 serliga
231 1085 103 27 Majestät
349 1086 73 21 ansett
437 1087 13 19 4
465 1086 14 25 8
494 1085 8 21 i
517 1085 40 25 här
579 1085 65 22 ofvan
658 1085 92 27 intagna
762 1083 83 27 förslag
855 1081 34 22 till

135 1118 129 28 förordning
286 1119 114 27 angående
422 1119 109 22 särskilda
556 1121 85 20 räntors
664 1119 40 21 och
727 1117 162 26 skattebelopps

134 1153 135 27 erläggande
288 1153 57 22 efter
359 1153 100 22 metriskt
479 1154 57 21 mått
558 1153 39 22 och
619 1153 48 28 vigt
688 1153 52 22 böra
762 1151 128 23 alternativt

136 1187 84 22 erhålla
241 1187 96 28 följande
351 1187 90 28 lydelse:

489 1235 13 25 $
519 1235 20 20 4.
611 1257 2 2 .

204 1273 43 22 Vid
262 1273 118 28 uträkning
396 1273 24 22 af
433 1280 26 15 en
475 1274 139 27 rubelsskatt,
629 1274 89 22 hvilken
731 1273 50 22 frän
794 1272 39 22 och
843 1270 48 23 med

134 1307 27 22 är
186 1309 54 20 1889
256 1307 8 22 i
279 1308 239 27 markepängstaxorna
539 1310 107 25 upptages
666 1307 56 22 efter
739 1306 152 23 medelmarke-

134 1342 91 27 gängen
246 1341 37 22 för.
302 1342 74 21 hektol
396 1342 39 22 och
454 1342 52 27 kilo,
525 1343 108 21 beräknas
647 1344 34 20 tre
695 1342 85 27 kappar
794 1339 98 28 spanmäl

136 1375 34 22 till
193 1378 76 20 sexton
291 1377 39 21 och
352 1383 28 16 en
402 1377 48 22 half
469 1377 57 28 liter,
543 1384 27 15 en
585 1377 70 27 kappe
670 1377 61 21 hafre
747 1376 34 22 till
795 1374 43 22 fem
853 1374 39 21 och

136 1416 28 16 en
186 1410 50 21 half
254 1410 57 28 liter,
334 1413 34 20 tre
390 1411 109 28 skälpund
520 1413 57 20 smör
591 1411 34 22 till
639 1418 27 15 en
681 1411 39 22 och
734 1417 28 15 en
777 1408 115 29 fjerdedels

134 1444 46 22 kilo
196 1445 39 21 och
249 1445 39 22 tvä
305 1445 110 27 skälpund
429 1445 48 28 talg
492 1445 35 22 till
543 1445 121 22 ättatiofem
680 1445 70 28 nylod.
