1078 1692
206 144 13 22 2
437 144 21 24 U.
473 144 21 24 B.
510 156 28 7 —
554 144 55 30 Prop.
625 144 33 24 N:o
674 144 20 24 8.

178 201 112 22 Utskottet
312 202 110 27 föreslagit
441 202 134 22 beträffande
594 203 58 21 vissa
666 202 32 21 uti
713 202 176 28 förordningarne
904 201 32 21 in-

178 236 82 27 gående
281 236 171 28 sifferuppgifter,
468 236 33 22 får
516 236 114 22 Utskottet
640 236 72 22 derför
722 236 120 27 hemställa,
853 237 34 21 det
897 236 15 28 $
922 237 13 19 1

177 271 34 21 uti
224 270 154 29 föreliggande
389 271 142 28 författning
547 272 79 20 erhölle
636 271 105 28 jöljande
757 271 89 28 lydelse:

600 328 16 28 $
631 330 19 19 1

385 362 17 21 I
414 362 94 28 enlighet
529 362 50 22 med
593 362 59 22 hvad
666 362 8 21 i
689 362 97 22 särskild
796 362 140 28 författning

316 396 30 28 af
358 396 72 21 denna
445 396 44 28 dag
504 396 125 22 bestämmes
644 403 33 15 om
694 396 147 22 beräknandet
855 396 30 28 af
896 396 40 21 den

318 431 53 23 från
382 431 208 28 jordlägenheterna
605 431 106 29 utgående
727 430 137 29 grundskatt,
880 430 57 22 skall

316 466 10 20 i
346 465 97 28 Wiborgs
457 466 39 20 län
507 466 58 28 från
581 466 38 21 och
634 465 48 22 med
698 466 26 20 år
740 466 58 21 1889
810 466 33 20 uti
853 464 85 22 marke-

316 500 164 28 gångstaxorna
499 500 76 21 värdet
588 500 44 28 för
647 506 25 15 en
688 500 129 21 skatterubel
832 499 106 21 beräknas

318 534 48 21 med
390 534 105 28 tjugufem
521 535 50 21 liter
597 536 95 27 (4,54868
715 534 96 28 kappar)
837 534 101 27 spanmål

317 568 85 28 hälften
424 569 41 27 råg
488 568 38 22 och
549 569 86 28 hälften
650 568 62 26 korn,
728 569 30 20 tio
774 568 49 21 liter
839 569 94 27 (1,81947

318 602 96 28 kappar)
437 602 64 29 hafre
523 606 57 18 samt
603 610 25 14 en
650 602 64 22 mark
737 603 98 21 trettioen
847 602 69 28 penni
930 602 10 20 i

318 636 106 22 kontanta
438 638 133 27 penningar.

250 688 12 28 $
278 688 13 22 3
313 688 41 22 har
372 688 23 22 af
412 689 69 27 öfriga
505 689 63 22 stånd
590 689 107 27 godkänts
719 690 53 20 utan
793 688 146 27 anmärkning,

181 728 49 16 men
245 722 23 22 af
280 722 158 28 Ridderskapet
461 723 39 22 och
519 723 70 21 Adeln
609 723 180 22 återremitterats
804 722 33 22 till
851 722 89 22 Utskot-

181 758 32 20 tet
228 756 44 28 ,för
286 757 112 21 införande
413 758 46 21 deri
473 758 23 21 af
509 758 100 21 metriskt
624 757 56 22 mått
694 757 34 21 för
744 756 129 28 spanmälen,
885 756 55 22 dock

181 792 33 21 att
228 791 145 27 beräkningen
394 792 55 22 efter
464 794 67 19 tunna
543 792 80 27 jemväl
638 792 68 21 borde
721 791 95 27 angifvas
831 792 56 20 inom
903 797 37 20 pa-

181 825 90 22 rentes”.
300 826 13 27 $
328 826 13 21 8
356 826 40 21 har
419 826 103 22 likaledes
544 826 106 27 godkänts
666 826 24 21 af
703 826 85 21 Preste-
803 826 40 21 och
857 825 83 22 Bonde-

181 859 92 22 stånden
295 861 53 20 utan
370 860 96 27 ändring,
488 867 49 15 men
553 860 181 22 återremitterats
749 859 23 22 af
784 859 156 26 Ridderskapet

181 893 41 22 och
243 893 70 22 Adeln
328 894 7 21 i
350 901 82 15 samma
455 895 54 27 syfte
531 901 46 16 som
598 895 11 28 &
625 895 20 26 3,
664 894 50 22 med
729 894 74 27 tillägg
817 895 34 20 att
866 893 75 22 endast

179 928 73 27 jemna
267 928 105 23 litermått
387 929 66 22 borde
469 929 40 22 här
523 929 92 27 intagas.
640 929 183 27 Borgareståndet
838 928 40 21 har
888 928 52 21 slut-

181 962 58 27 ligen
254 963 83 27 antagit
352 963 12 27 $
382 963 6 21 8
402 964 50 21 med
463 964 40 21 den
514 964 90 27 ändring
615 965 32 20 att
657 963 12 28 $
682 963 39 22 131
732 963 8 22 i
750 963 140 26 reglementet
904 968 37 15 an-

182 996 82 27 gäende
286 997 163 22 landtmäteriet
463 997 24 22 af
500 997 41 22 den
564 998 26 21 15
606 997 44 28 Maj
671 997 55 22 1848
747 997 68 21 skulle
831 996 111 22 derstädes

183 1030 105 27 åberopas
302 1031 8 21 i
325 1031 72 23 stället
411 1031 34 22 för
459 1031 12 28 $
487 1033 27 20 14
528 1032 8 21 i
551 1032 145 27 kungörelsen
710 1031 23 22 af
747 1031 40 22 den
801 1031 26 22 26
838 1030 104 23 Februari

184 1065 62 22 1828.

251 1099 49 22 Den
322 1099 24 22 af
366 1099 158 28 Ridderskapet
549 1100 39 23 och
610 1100 70 22 Adeln
706 1101 57 20 emot
787 1099 157 22 ofvannämnda

181 1134 78 21 tvenne
274 1134 126 27 paragrafer
418 1135 77 26 gjorda
513 1135 147 26 anmärkning,
676 1134 53 22 eller
744 1135 33 20 att
792 1134 25 21 de
833 1133 110 22 derstädes

182 1167 104 27 ingäende
309 1168 214 27 spanmälsbeloppen
545 1169 68 22 borde
635 1170 95 21 utsättas
744 1169 8 21 i
767 1168 99 22 metriskt
880 1167 62 27 mätt,

181 1201 41 22 har
244 1203 60 26 synts
323 1202 112 23 Utskottet
455 1203 50 22 fullt
519 1203 129 27 berättigad.
678 1202 38 22 Uti
731 1203 41 21 den
788 1202 23 21 af
824 1201 120 22 Ständerna

183 1236 66 23 redan
272 1238 95 25 antagna
381 1237 158 27 förordningen,
556 1237 110 27 angäende
682 1237 106 21 särskilda
803 1238 85 20 räntors
904 1236 40 21 och

183 1270 162 27 skattebelopps
368 1271 129 27 erläggande
519 1272 55 21 efter
595 1271 101 22 metriskt
718 1270 55 22 mått
796 1271 39 21 och
853 1271 51 26 vigt,
920 1272 24 19 är

183 1305 37 21 det
242 1305 124 27 visserligen
389 1305 116 28 bestämdt,
521 1306 56 21 huru
593 1306 54 22 efter
663 1306 37 21 det
714 1305 103 22 metriska
832 1306 112 26 systemets

183 1338 112 23 införande
318 1341 82 25 preste-
416 1340 40 22 och
478 1341 156 21 kronotionden
659 1340 62 21 skola
742 1341 94 25 utgöras,
857 1339 38 22 der
908 1339 37 22 de-

184 1379 82 18 samma.
280 1373 70 22 finnas
364 1374 116 22 faststälda
494 1375 8 21 i
517 1375 60 22 äldre
599 1374 61 27 mått,
683 1380 49 16 men
754 1373 28 22 dä
796 1380 29 15 nu
840 1373 105 27 ifrägava-

184 1407 66 22 rande
264 1407 128 28 författning
408 1415 35 16 om
458 1409 26 21 de
499 1415 42 22 nya
557 1409 112 22 skatterna
684 1409 7 20 i
706 1408 99 27 Wiborgs
816 1408 52 21 län
857 1403 11 38 i
880 1407 66 28 öfrigt

183 1442 96 22 ansluter
302 1443 32 26 sig
352 1443 36 21 till
406 1443 37 22 det
461 1443 103 22 metriska
579 1445 109 26 systemet,
705 1449 61 21 synes
782 1442 61 22 äfven
857 1442 7 21 i
880 1442 66 27 sagda

183 1475 127 29 författning
333 1477 88 23 tionden
443 1477 54 23 böra
519 1479 94 21 utsättas
635 1478 8 23 i
666 1477 112 23 litermätt.
810 1477 11 21 I
843 1476 102 22 händelse
