1078 1692
402 138 23 18 U.
437 138 24 19 B.
474 148 23 3 —
508 138 63 24 Prop.
583 138 38 19 N:o
634 138 18 19 8.
870 140 12 17 5

149 196 62 26 1,268
234 196 39 21 och
292 196 115 21 tramdeles
426 195 71 22 blefve
514 196 69 26 1,246,
599 196 111 22 hvaremot
726 196 54 22 dock
794 196 7 21 i
817 196 26 21 de
859 198 45 20 sär-

147 230 71 21 skilda
240 230 120 21 häraderna
382 230 39 22 och
437 230 118 21 socknarne
571 231 69 20 större
656 230 106 22 olikheter
776 230 7 21 i
799 231 59 21 detta
873 230 31 22 af-

147 264 79 21 seende
248 264 139 27 uppkommit,
406 264 6 21 i
429 264 36 21 det
479 265 16 20 t.
511 270 33 15 ex.
560 264 31 20 uti
607 264 117 21 Sordavala
740 264 67 21 härad
822 266 82 20 manta-

147 298 34 22 len
205 298 71 22 blifvit
294 298 98 22 nedsatta
410 298 48 22 från
477 300 32 20 ett
524 298 58 21 antal
598 298 24 21 af
635 299 41 21 208
693 299 31 21 till
742 299 48 26 119,
806 299 76 21 medan
897 299 7 21 i

147 332 105 28 Lappvesi
276 332 66 22 härad
366 333 108 21 desamma
497 334 94 25 stegrats
614 332 46 22 frän
685 333 39 21 181
744 333 34 21 till
793 333 48 21 246.
871 332 34 22 Dä

147 367 77 21 hittills
239 369 78 19 tvenne
332 367 79 21 mantal
427 367 69 21 bildat
511 373 27 15 en
553 369 48 19 rota
617 367 39 21 och
672 367 24 21 sä
710 367 62 21 äfven
789 367 115 21 framdeles

147 401 71 21 blefve
240 400 68 27 fallet,
330 401 84 21 komme
437 401 90 21 vakans-
547 401 39 21 och
601 401 255 27 passevolansafgifterna
871 401 33 21 sä-

147 435 66 21 lunda
227 436 32 20 att
273 434 34 22 för
322 435 48 21 hela
386 436 57 20 länet
458 436 53 26 utgä
526 436 48 20 med
590 435 52 21 idet
650 437 108 19 närmaste
766 435 139 22 oförändradt

147 469 83 27 belopp,
254 469 68 21 ehuru
344 470 47 20 äter
413 470 34 20 för
468 470 144 26 nyssnämnde
635 472 76 18 tvenne
730 470 67 20 härad
817 476 24 15 en
857 470 47 20 icke

148 504 109 26 obetydlig
272 503 124 27 förändring
411 504 6 20 i
427 504 63 21 dessa
498 504 83 21 skatter
589 504 69 21 skulle
668 510 39 20 ega
715 510 53 20 rum,
777 504 52 21 eller
837 504 68 26 enligt

148 538 55 22 1882
226 538 35 21 ärs
285 538 200 27 medelmarkegäng
505 538 33 21 för
555 538 117 21 Sordavala
688 538 66 21 härad
770 544 24 15 en
811 538 94 21 nedsätt-

147 572 51 27 ning
216 572 47 21 frän
279 572 63 26 9,177
358 572 61 21 mark
428 568 12 36 8
460 572 64 27 penni
540 572 33 21 till
589 572 64 26 5,252
669 572 59 21 mark
744 572 28 22 29
786 572 63 27 penni
865 572 39 21 och

147 606 34 22 för
203 606 106 28 Lappvesi
332 606 67 22 härad
422 613 25 15 en
470 607 88 27 höjning
577 606 47 22 frän
645 607 61 26 7,941
723 607 60 21 mark
798 606 27 22 28
841 607 63 26 penni

148 642 33 22 till
206 641 76 27 10,851
306 642 60 21 mark
392 642 38 21 och
456 642 27 22 56
506 642 71 26 penni.
614 642 96 20 Emedan
732 642 64 20 dessa
818 640 87 27 afgifter

147 678 38 20 äro
207 676 91 21 ämnade
320 678 32 19 att
366 676 81 22 kanske
462 678 60 19 snart
537 682 42 20 nog
595 676 47 20 från
656 676 202 26 jordlägenheterna
874 674 31 22 af-

148 710 70 28 lyftas,
238 710 39 21 har
292 710 111 22 Utskottet
419 710 120 22 emellertid
555 712 53 19 trott
631 710 32 26 sig
681 709 47 22 icke
744 710 52 20 böra
811 710 94 26 upptaga

148 745 110 21 desamma
273 744 31 21 uti
320 744 158 22 nedanstäende
495 744 150 27 beräkningar.

216 778 50 21 Med
290 779 149 21 utelemnande
459 779 84 21 säledes
559 778 23 22 af
597 778 89 22 vakans-
702 778 39 22 och
757 778 148 27 passevolans-

148 812 115 27 afgifterna
280 813 100 27 utgjorde
397 813 25 21 de
437 813 25 21 är
478 813 56 21 1882
550 813 48 21 frän
613 813 77 21 krono-
706 813 38 22 och
760 813 145 26 skattelägen-

147 847 89 20 heterna
257 847 8 20 i
288 847 58 20 länet
364 847 169 26 uppdebiterade
546 847 169 26 jordskatterna,
731 847 20 21 d.
767 853 19 15 v.
803 853 16 15 s.
833 846 72 27 jorde-

149 880 137 27 boksräntan,
308 881 179 26 gärdehömedlen
511 881 39 21 och
570 882 122 26 deputaten,
710 882 89 25 127,111
817 880 60 21 mark
892 881 13 20 9

147 915 69 26 penni,
240 915 28 21 dä
290 915 46 21 äter
360 915 66 27 enligt
448 922 81 15 samma
552 916 35 21 ärs
603 916 201 26 medelmarkegäng
823 915 26 21 de
864 921 42 20 nya

149 949 109 21 skatterna
281 949 85 28 (skogs-
389 950 39 21 och
446 949 145 22 fiskräntorna
606 952 56 19 samt
676 950 76 21 krono-
769 949 38 22 och
823 949 82 21 tertial-

147 983 87 21 tionden
257 983 151 27 inberäknade,
428 990 47 15 men
492 984 91 21 vakans-
599 984 38 21 och
654 983 252 28 passevolansafgifterne

147 1017 79 27 jemväl
249 1024 29 15 nu
300 1019 116 26 uteslutna)
440 1018 33 21 för
495 1019 93 21 berörda
611 1019 125 26 lägenheter
758 1017 69 22 skulle
850 1017 56 26 stiga

149 1051 33 22 till
205 1052 92 26 343,269
320 1053 60 20 mark
403 1053 26 21 77
451 1053 70 26 penni.
556 1053 76 20 Denna
651 1053 95 26 stegring
762 1051 69 22 skulle
847 1051 59 21 dess-

149 1087 58 20 utom
230 1086 64 27 högst
314 1087 80 26 ojemnt
417 1087 80 21 drabba
520 1087 26 20 de
570 1087 107 21 särskilda
692 1087 126 25 häraderna,
835 1085 71 21 säsom

148 1119 23 22 af
185 1120 94 27 följande
294 1121 67 21 tabell
376 1121 104 27 framgär:

216 1467 132 17 Statsutskottets
360 1467 104 17 betänkande
477 1467 34 16 N:o
525 1468 16 16 5.
