1078 1692
205 111 27 22 18
426 102 21 32 U.
460 111 21 23 8.
496 124 29 5 —
541 112 55 28 Prop.
612 111 32 23 N:o
659 111 28 24 16.

173 168 64 21 mark
259 168 27 27 pä
311 174 26 16 en
360 168 55 27 gäng
438 168 52 22 eller
512 174 77 22 genom
607 170 31 20 ett
653 168 63 27 ärligt
730 168 75 26 bidrag
820 166 23 22 af
856 168 77 26 90,000

173 202 70 26 mark,
266 202 81 22 således
369 202 33 22 för
424 204 33 20 tre
479 203 25 21 år
519 203 92 26 270,000
626 202 67 26 mark,
709 201 23 22 af
744 201 189 22 amortissements-

175 236 90 22 fondens
290 236 136 22 räntemedel.
455 238 34 21 Då
513 236 66 22 likväl
604 236 272 22 kommunikationsfonden
900 235 33 22 för

175 272 63 20 nästa
261 270 142 28 finansperiod
425 271 18 27 ej
466 272 40 21 har
521 271 67 21 behof
605 271 24 21 af
641 277 26 15 en
682 270 66 22 sädan
763 270 170 27 kapitalöfverfö-

175 305 54 27 ring,
245 311 46 15 som
307 305 64 22 också
386 306 7 20 i
408 305 99 22 afseende
522 306 13 21 &
549 304 269 23 amortissementsfondens
826 304 106 27 placering

175 339 72 22 kunde
262 346 50 15 vara
327 340 88 21 förenad
429 340 49 22 med
494 340 138 27 svärigheter,
652 345 62 21 synes
730 339 40 22 den
785 345 74 15 senare
873 340 59 20 utvä-

174 380 42 21 gen
238 380 52 15 vara
312 376 31 19 att
361 374 119 27 föredraga,
503 374 56 26 helst
575 374 121 22 densamma
710 373 40 21 har
764 373 49 21 vida
827 379 44 15 mer
886 372 46 22 skäl

174 408 35 22 för
230 408 33 27 sig
285 410 27 19 än
334 408 115 22 utskottets
471 408 80 28 förslag
566 410 32 20 att
613 408 47 22 frän
674 406 258 23 amortissementsfonden

175 442 35 22 till
226 442 272 22 kommunikationsfonden
513 443 82 27 ärligen
610 442 105 22 öfverföra
730 442 91 26 248,000
836 441 66 21 mark.

244 476 43 22 Det
310 476 137 28 erforderliga
469 477 115 22 tillskottet
605 477 33 21 till
660 475 271 23 kommunikationsfonden

175 510 45 26 bör,
247 511 66 27 enligt
328 512 42 20 min
386 512 60 27 äsigt,
471 512 83 21 anvisas
569 511 24 22 af
605 511 147 26 bankvinsten,
772 516 45 16 som
832 510 99 22 särskildt

174 550 63 22 synes
252 545 35 21 väl
302 551 54 21 egna
370 546 32 27 sig
417 546 32 21 för
461 546 205 28 jernvägsändamäl.

244 579 104 28 Kalkylen
363 580 68 22 skulle
445 581 8 21 i
468 580 94 28 enlighet
577 580 88 22 härmed
680 580 63 22 ställa
758 580 31 27 sig
804 580 97 20 sälunda:

480 677 147 22 1886—1888.

505 722 100 28 Utgifter.

173 772 74 28 Enligt
262 773 115 22 utskottets
393 773 117 29 beräkning
547 790 4 4 .
583 791 4 4 .
618 775 148 26 .27,609,400

173 806 67 28 Afgär
262 808 154 22 subventionen
435 809 33 21 till
483 808 141 28 Björneborgs

240 841 89 28 jernväg
366 859 5 5 .
402 860 5 4 .
437 859 5 4 .
473 859 5 5 .
509 859 5 5 .
545 859 5 5 .
581 859 4 6 .
616 859 5 5 «+
653 843 112 26 1,500,000
796 849 126 25 26,109,400

487 933 129 21 Inkomster.

172 978 127 46 Behällning
316 983 47 22 frän
380 984 60 26 1885,
464 985 40 21 enl.
520 984 116 22 utskottets
651 980 117 63 berskning
812 984 111 26 1,693.860

172 1016 58 22 Från
242 1016 142 28 jernvägarne
408 1034 1 4 .
440 1034 5 5 .
476 1034 5 5 .
512 1035 4 5 .
811 1018 112 26 8,100,000

172 1050 192 23 Bränvinsskatten
401 1069 5 5 .
437 1069 4 5 .
474 1071 4 2 .
690 1068 4 5 <
725 1069 5 4 +»
761 1069 5 4 +
798 1052 125 26 11,035,000

172 1075 135 42 Öfverföring
318 1081 51 36 frän
384 1064 274 54 komniunikationsfonden
691 1103 5 4 +
726 1103 5 5 +
761 1103 5 4 .
794 1082 10 35 =
810 1087 113 26 2,000,000

172 1118 82 23 Räntor
269 1119 47 22 från
332 1121 34 21 d:o
382 1120 13 22 &
410 1122 84 24 90,000.
519 1114 13 39 .
551 1137 1 4 .
583 1138 4 5 .
618 1138 5 5 so
653 1138 5 4 so
689 1138 5 4 so
726 1136 4 5 +
762 1137 4 4 oc
832 1121 97 31 270,000

796 1161 84 25 23,098,
881 1150 48 32 860

172 1192 142 29 Erforderligt
329 1194 93 22 tillskott
436 1195 48 22 från
499 1195 140 22 bankvinsten
654 1211 4 5 .
691 1211 3 4 .
726 1211 4 5 .
762 1211 4 4 .
811 1195 112 26 3,020,540

329 1241 2 2 ”
796 1235 133 26 26,109,400.

258 1331 96 22 Emedan
384 1332 48 21 2:ne
462 1332 63 22 stånd
555 1333 84 27 afslagit
668 1332 128 22 subvention
824 1332 32 21 till
880 1332 50 27 byg-

171 1364 70 27 gande
256 1365 24 21 af
292 1367 32 20 ett
338 1365 50 28 spår
403 1365 47 22 från
463 1366 205 28 jernvägsstationen
680 1367 6 22 i
695 1367 88 27 Wiborg
798 1367 32 21 till
845 1366 85 21 stadens

171 1397 71 28 hamn,
258 1399 92 26 komma,
369 1400 8 21 i
392 1400 37 22 fall
443 1401 230 28 sammanjemkningen
689 1401 101 22 fruktlöst
798 1400 84 27 aflöper,
898 1402 32 19 ut-

171 1432 93 27 gifterna
288 1435 32 20 att
342 1433 127 23 förminskas
491 1435 49 22 med
563 1436 90 26 122,400
676 1435 67 22 mark.
774 1435 43 22 Det
839 1434 91 22 tillskott

243 1472 152 19 Statsutskottets
408 1474 116 18 betänkande
537 1476 36 16 N:o
588 1475 29 16 15.
