1078 1692
49 177 133 25 Ständens
200 177 160 31 skiljaktiga

378 177 93 24 beslut
489 177 48 24 vid
556 176 212 31 behandlingen
789 176 30 23 af
835 175 36 23 H.
888 174 32 24 K.
935 173 69 24 M:ts

49 223 173 31 förordning
240 222 149 32 angående
408 222 139 24 särskilda
570 225 116 21 räntors
710 222 56 24 och
790 220 214 30 skattebelopps

123 370 161 22 Bondeständet

438 368 121 22 Utskottets
574 368 78 27 förslag
668 368 32 22 till
715 366 207 28 sammanjemkning.

50 472 40 22 har
105 473 81 27 antagit
201 474 35 25 &:n
247 472 66 27 enligt
324 472 36 21 be-|

79 507 124 21 tänkandet.

51 541 40 22 har
100 541 81 27 antagit
191 542 36 26 S:n
236 540 66 27 enligt
310 540 48 22 nåd.

79 575 164 27 propositionen.

50 780 40 21 har
100 780 81 27 antagit
191 780 35 26 S:n
236 779 66 28 enligt
310 780 47 22 nåd.

79 814 163 27 propositionen.

49 1019 40 22 har
106 1019 83 27 antagit
203 1019 155 22 betänkandets

77 1053 57 22 förra
149 1053 119 22 alternativ.

49 1087 38 22 har
102 1087 81 27 antagit
198 1087 66 22 första
279 1087 79 22 menin-

77 1127 40 22 gen
132 1122 23 21 sä
173 1121 99 28 lydande:
295 1139 10 9 ,
310 1122 49 21 Den

77 1156 9 20 i
101 1156 26 21 de
141 1155 124 22 kommuner
280 1156 29 26 af
322 1156 37 21 Ve-

77 1190 122 28 sterbotten,
222 1190 73 21 hvilka
314 1191 45 20 till-

77 1224 50 21 hört
140 1225 36 20 det
185 1224 72 27 forna
274 1225 85 21 Torneå

77 1258 78 28 härad,
161 1258 58 27 från
230 1261 42 19 ett"
284 1265 18 16 0.
314 1265 44 16 s.v.

372 472 95 21 Emedan
482 473 33 20 tre
530 472 73 21 stånds
619 471 71 22 beslut
705 471 108 27 angående
829 470 68 22 denna
912 470 14 26 8
936 469 56 21 före-

401 506 72 26 ligger,
489 505 94 22 förfaller
598 506 72 21 vidare
685 505 76 27 åtgärd
776 504 23 22 af
813 504 109 22 utskottet.

372 540 58 21 Enär
452 540 109 27 angående
584 540 68 21 denna
668 541 13 25 $
696 540 36 21 två
754 539 63 22 stånd
840 540 86 20 stannat
948 539 46 20 mot

401 575 41 26 två,
458 574 33 22 får
505 574 106 22 utskottet
625 574 33 21 för
665 574 189 22 åstadkommande
864 572 22 22 af
895 572 98 22 ständer-

400 608 71 22 beslut
490 609 109 21 vördsamt
620 615 106 21 uppmana
748 608 84 22 Preste-
853 607 38 22 och
910 607 84 21 Bonde-

401 643 90 21 stånden
506 644 39 25 att,
561 643 49 21 med
625 642 129 28 frångående
768 642 23 22 af
804 642 46 22 sina
864 642 77 26 beslut,
958 647 36 15 an-

401 679 49 25 taga
465 677 36 28 &:n
516 676 65 28 enligt
596 677 115 21 utskottets
726 676 140 25 betänkande,
880 676 56 21 helst
947 675 47 21 der-

400 711 83 27 igenom
504 717 25 15 en
547 713 70 20 större
632 711 143 27 likformighet
791 710 89 22 emellan
896 710 69 22 denna
981 710 13 26 $

401 745 39 22 och
455 745 12 29 &
485 746 10 20 1
513 745 68 22 skulle
596 746 80 21 vinnas.

372 780 58 21 Enär
451 780 110 26 angäende
583 780 69 22 denna
675 780 11 27 $
707 780 35 21 tvä
762 780 63 21 ständ
847 780 87 20 stannat
949 779 46 20 mot

400 814 42 26 tvä,
457 814 33 21 fär
505 814 105 22 utskottet
625 814 32 21 för
667 814 188 22 ästadkommande
866 813 22 22 af
896 812 99 22 ständer-

400 848 69 21 beslut
491 848 108 21 vördsamt
622 855 106 20 uppmana
751 848 82 21 Preste-
853 847 40 22 och
910 847 84 21 Bonde-

394 882 90 22 ständen
506 883 38 26 att,
560 882 49 21 med
623 882 128 27 frängäende
770 882 22 21 af
805 882 46 21 sina
866 881 76 26 beslut,
958 887 36 15 an-

400 917 49 26 taga
464 916 33 28 S:n
513 916 65 27 enligt
593 917 114 21 utskottets
722 916 140 26 betänkande,
878 915 56 22 helst
949 915 46 21 der-

400 951 83 26 igenom
508 957 27 15 en
549 953 68 19 större
633 950 143 27 likformighet
792 950 89 21 emellan
897 950 69 21 denna
982 950 12 25 $

400 985 39 21 och
454 986 11 25 $
482 985 11 20 1
510 985 68 21 skulle
593 985 79 21 vinnas.

370 1019 95 22 Emedan
481 1021 33 20 tre
530 1019 73 22 ständs
619 1019 69 22 beslut
704 1019 108 27 angående
828 1019 68 22 denna
912 1020 10 25 $
939 1018 55 21 före-

399 1053 66 28 ligger
480 1053 94 22 förfaller
589 1054 72 21 vidare
676 1054 76 27 ätgärd
767 1053 23 22 af
801 1053 113 22 utskottet.

370 1088 111 21 Utskottet
503 1088 96 25 föreslär,
625 1090 31 19 att
680 1088 155 27 Ridderskapet
857 1087 40 22 och
916 1087 77 26 Adeln,

399 1122 103 27 Borgare-
525 1123 39 21 och
587 1123 164 21 Bondeständen
767 1123 35 20 mä
817 1121 74 22 förena
912 1122 32 26 sig
960 1127 34 16 om

401 1157 40 21 den
463 1156 22 22 af
506 1157 160 21 Presteständet
684 1159 93 25 antagna
795 1156 80 28 lydelse
892 1156 22 21 af
928 1155 67 22 första

400 1191 119 26 meningen.
545 1191 58 22 Enär
618 1191 131 22 beträffande
767 1191 52 21 sista
835 1190 111 27 meningen
961 1191 34 20 tre

400 1225 73 22 ständs
488 1225 71 22 beslut
573 1225 119 28 föreligger,
714 1225 95 22 förfaller
827 1225 72 21 vidare
918 1223 77 28 ätgärd

401 1259 22 22 af
435 1259 107 22 utskottet
557 1260 7 21 i
579 1260 69 21 denna
664 1259 39 22 del.

118 1361 131 28 Helsingfors
266 1361 40 22 den
321 1362 27 21 29
365 1361 59 28 April
440 1363 61 20 1885.
