1078 1692
369 128 37 23 -U.
421 128 23 23 B.
461 142 28 4 —
504 126 65 32 Prop.
585 130 38 22 N:o
641 128 33 23 13.
861 132 13 20 7

152 197 43 21 den
222 196 124 27 besparing,
375 195 88 22 hvilken
487 195 37 22 vid
547 202 127 20 gynsamma
698 196 32 22 in-
756 196 39 22 och
819 195 85 22 utländ-

154 233 41 21 ska
216 232 160 27 konjunkturer
398 232 44 21 kan
465 232 70 21 ernäs.
569 231 87 23 Samma
683 231 223 28 kostnadsbesparing

155 268 62 22 faller
234 267 104 28 slutligen
353 267 58 22 inom
430 270 119 25 gränserna
565 268 19 26 ej
601 268 85 22 mindre
701 267 34 22 för
750 269 40 26 ett,
805 267 63 22 äfven
884 266 24 22 af

154 304 43 21 den
217 303 121 22 erfarnaste
353 309 79 21 person
448 303 119 27 uppgjordt
587 303 199 27 kostnadsförslags
801 302 105 22 tillförlit-

154 340 75 27 lighet,
246 341 27 19 än
290 339 40 21 ock
346 338 33 22 för
395 338 187 23 arbetsledarenes
594 340 71 21 större
676 339 53 22 eller
740 338 84 23 mindre
835 338 71 22 skick-

153 374 69 28 lighet
238 375 39 21 och
292 381 63 16 vana.

228 440 125 22 Resultatet
368 440 24 21 af
405 440 121 22 utskottets
542 440 134 28 granskning
691 440 40 21 och
747 439 160 22 sammanställ-

155 476 53 26 ning
222 475 24 22 af
259 475 281 27 kostnadsberäkningarne
556 476 33 21 för
607 476 27 21 de
649 475 174 27 jernvägslinier,
834 473 73 23 hvilka

157 512 34 20 stä
212 511 7 21 i
235 512 156 26 sammanhang
406 512 51 21 med
473 511 42 22 den
531 511 81 27 nädiga
627 511 171 27 propositionen,
814 510 94 27 framgär

155 554 27 14 ur
198 553 26 16 en
240 547 74 27 längre
330 547 55 22 fram
401 547 88 27 intagen
505 547 74 22 tabell.

231 583 66 21 Detta
320 583 74 22 arbete
419 583 40 21 har
480 582 138 28 söngerfallit
639 582 7 22 i
667 584 36 20 tvä
716 583 68 27 delar,
800 582 108 27 nemligen

156 620 13 20 å
193 625 40 15 ena
256 619 62 21 sidan
342 619 123 27 beräkning
489 618 24 22 af
535 619 82 21 sådana
633 618 276 28 anläggningskostnader,,

157 654 73 22 hvilka
253 654 7 21 i
283 654 124 22 hufvudsak
426 656 37 20 äro
481 654 122 22 oberoende
619 654 24 22 af
656 654 253 28 terrängförhällandena

157 690 41 22 och
220 690 86 22 säledes
330 692 37 20 äro
388 690 46 22 lika
454 690 34 22 för
509 690 45 21 alla
569 690 76 27 banor,
662 692 56 20 samt
734 691 13 21 &
762 690 69 21 andra
846 689 63 21 sidan

158 726 204 27 sammanställning
385 726 23 21 af
428 726 26 21 de
470 726 161 27 utgiftsposter,
648 732 46 15 som
711 728 38 19 äro
764 725 108 22 beroende
888 724 24 22 af

157 761 259 27 terrängförhällandena.
448 761 10 21 I
475 762 37 21 det
527 768 78 15 senare
621 762 134 21 hänseendet
770 760 65 22 hafva
850 760 60 22 såväl

157 803 78 21 genom
259 797 154 22 instrumental
436 797 164 27 undersökning
616 796 97 22 erhållna
728 796 181 27 arbetsqvantite-

159 834 40 25 ter,
218 839 47 15 som
282 832 63 22 äfven
361 832 111 27 uppgifter
488 834 28 25 på
531 833 72 26 grund
619 832 24 21 af
657 833 76 20 okulär
749 831 161 26 undersökning

158 868 93 21 kommit
278 868 35 21 till
342 868 144 27 användning.
528 868 34 21 De
591 868 71 21 skilda
684 867 226 22 kostnadsresultaten

159 903 63 22 hafva
238 903 92 22 sålunda
346 904 58 21 olika
420 904 53 27 grad
489 903 24 22 af
522 903 174 28 tillförlitlighet,
707 909 51 16 men
770 903 61 22 torde
840 903 70 21 denna

160 939 7 21 i
183 939 43 22 alla
241 939 39 21 fall
295 939 74 22 kunna
385 945 64 16 anses
465 945 51 15 vara
532 939 35 21 för
583 939 125 21 ändamålet
722 938 125 27 tillräcklig.

228 1023 44 20 För
294 1024 34 20 att
348 1022 82 22 erhålla
451 1023 89 26 ledning
561 1023 38 21 vid
620 1023 134 21 bedömande
776 1021 23 22 af
813 1021 26 22 de
856 1021 55 22 före-

159 1058 76 27 slagna
248 1059 293 26 jernvägssträckningarnes
559 1059 102 21 inbördes
677 1058 124 22 företräden
817 1057 41 21 och
872 1056 40 22 all-

160 1096 79 19 männa
259 1095 63 26 nytta
342 1094 34 21 för
396 1094 81 27 landet,
493 1094 68 21 hafva
581 1096 67 25 några
664 1093 123 23 statistiska
802 1091 111 29 uppgifter

160 1129 118 22 anskaffats
295 1129 40 22 och
346 1129 170 22 sammanstälts.
801 1152 4 4 N

235 1165 87 22 Främst
337 1165 40 22 har
392 1166 109 21 utskottet
515 1165 53 22 lätit
584 1166 33 27 sig
633 1165 114 28 angeläget
766 1171 51 15 vara
833 1165 33 20 att
882 1163 31 22 öf-

160 1202 88 26 vertyga
264 1201 34 27 sig
314 1207 42 21 om,
373 1201 7 21 i
390 1201 58 22 hvad
460 1203 50 20 män
527 1202 38 21 det
575 1201 73 22 kunde
660 1201 92 22 omfatta
763 1201 41 21 den
823 1199 24 22 af
857 1199 57 22 1882

159 1238 36 20 års
210 1237 100 22 ständers
324 1237 189 28 jernvägsutskott
528 1237 100 22 uttalade
644 1237 63 27 äsigt,
723 1238 34 20 att
773 1235 36 22 vid
818 1235 95 22 bestäm-

160 1273 78 21 mande
252 1273 24 21 af
285 1279 27 16 en
320 1273 230 27 jernvägssträckning
561 1273 164 27 hufvudsakligt
735 1271 102 23 afseende
848 1271 67 22 borde

160 1308 68 21 fästas
249 1308 36 21 vid
306 1309 42 21 den
368 1307 73 28 trafik,
457 1315 47 15 som
520 1309 45 21 kan
581 1315 64 15 anses
661 1315 51 15 vara
728 1307 135 22 omedelbart
878 1306 37 21 be-

159 1344 81 21 roende
256 1343 24 22 af
293 1343 161 28 folkmängden.

230 1379 78 22 Denna
324 1379 66 22 trafik
406 1379 71 22 skulle
493 1379 71 28 enligt
579 1380 120 21 utskottets
715 1379 122 26 beräkning
852 1376 64 22 hafva

161 1414 87 27 inbragt
264 1415 29 21 64
302 1415 28 28 9/,
347 1415 24 21 af
384 1415 69 22 totala
470 1415 133 28 inkomsten,
615 1415 113 22 hvaremot
742 1415 30 21 all
784 1413 55 27 öfrig
850 1411 66 22 trafik

161 1449 71 22 skulle
254 1450 88 27 inbragt
361 1451 28 21 33
398 1451 35 28 %,
455 1451 40 21 och
517 1451 86 22 diverse
626 1451 128 26 inkomster,
772 1449 74 22 hvilka
861 1448 57 22 varit

162 1485 122 22 oberoende
300 1485 24 22 af
338 1485 101 28 trafiken,
456 1486 84 27 utgjort
557 1487 12 20 3
580 1487 35 27 9/,.

233 1527 197 26 Jernvägsutskottets
446 1528 120 20 betänkande
583 1529 38 19 N:o
637 1529 16 18 1.
