1078 1692
345 140 80 22 Ständ.
441 140 35 22 Sv.
495 152 25 4 —
536 140 71 28 Prop.
622 141 40 22 N:o
678 142 21 20 6.
855 144 12 21 3

145 203 45 22 och
208 202 75 23 bland
298 205 73 20 annat
385 203 186 23 tillförsäkrades
587 203 53 23 dem
656 206 35 21 uti
706 205 90 29 Kungl.
811 206 86 22 förord-

145 238 90 26 ningen
251 237 44 22 och
311 237 152 28 reglementet
478 238 25 22 af
516 237 47 23 den
573 239 14 21 5
597 238 100 23 Januari
711 240 55 22 1684
774 240 124 29 uttryckli-

145 278 47 21 gen
208 273 39 27 att,
262 271 27 23 så
304 271 71 28 länge
397 272 160 22 rusthållaren
574 272 121 24 förmådde
710 274 67 22 hålla
792 275 37 22 sin
844 274 56 23 full-

146 305 109 29 komliga
277 306 141 30 montering,
442 306 89 30 ,sådan
555 314 50 15 som
628 307 48 23 hon
698 315 34 15 nu
754 309 52 22 utaf
819 309 81 29 Kongl

147 339 68 30 Maj:t
230 340 55 30 sjelf
298 341 25 21 är
338 340 88 22 vorden
442 340 41 23 vid
497 341 258 29 generalmönstringar
770 343 76 28 gillad
857 344 43 22 och

147 373 128 29 godkänd"
291 374 79 22 skulle
386 375 72 27 ingen
473 375 73 23 hafva
561 376 67 22 makt
643 378 33 21 att
692 377 76 23 rubba
783 377 56 23 eller
849 380 52 20 röra

149 408 93 23 honom.

218 443 46 22 Om
288 443 68 23 äfven
374 443 131 23 sedermera
519 445 36 21 uti
572 446 55 20 1719
643 445 43 23 och
703 447 55 21 1772
774 446 36 23 års
826 447 76 27 Rege-

148 477 152 28 ringsformer
315 478 182 23 statsmakterna
512 478 148 24 förbehållits
676 480 46 22 rätt
737 482 34 20 att
780 481 122 29 upphäfva

149 512 288 30 rusthållsinstitutionen,
452 520 55 15 voro
522 512 61 24 dock
599 513 85 29 dylika
694 514 160 29 försäkringar
864 522 39 22 eg-

150 549 62 24 nade
230 548 33 20 att
278 546 92 28 ingifva
384 546 173 24 rusthållarene
574 547 45 23 den
634 548 171 30 föreställning,
821 549 39 23 det
875 549 28 23 de

152 584 83 23 endast
250 590 54 16 vore
319 582 101 30 pligtige
436 584 33 20 att
485 583 114 27 antingen
614 583 25 22 in
655 585 83 21 natura
754 584 102 28 fullgöra
866 585 37 21 sin

151 616 265 30 rutsningsskyldighet
431 616 57 23 eller
503 616 44 23 ock
563 616 75 23 derför
653 617 92 28 utgifva
760 626 30 14 en
800 621 102 20 motsva-

152 652 73 23 rande
248 652 134 27 ersättning.
417 651 36 21 De
475 651 109 30 rusthåll,
607 651 86 23 hvilka
716 652 96 30 åtnjutit
835 655 70 20 större

151 688 123 27 förmoner,
296 686 73 22 hafva
391 686 102 22 sålunda
515 686 125 28 verkligen
664 686 96 23 erhållit
782 689 32 20 ett
833 688 72 27 högre

153 721 79 30 värde,
255 720 94 23 hvarför
365 720 28 22 de
409 720 68 23 äfven
492 720 41 22 vid
548 720 168 30 försäljningar
731 721 120 30 sjelffallet
865 722 40 22 be-

153 757 78 27 tingat
254 756 37 27 sig
306 756 72 27 högre
394 756 48 28 pris
458 756 30 21 än
504 754 75 23 andra
593 754 52 23 lika
660 758 68 27 stora,
744 763 55 15 men
813 755 93 23 mindre

153 790 105 28 lyckligt
272 789 88 23 lottade
374 789 142 28 lägenheter.
547 789 91 23 Sådant
652 790 44 22 har
706 790 103 22 inträffat
821 791 19 28 ej
851 790 57 22 alle-

154 827 55 20 nast
231 824 61 29 efter,
308 826 58 20 utan
381 824 44 21 ock
439 824 48 22 före
502 824 25 21 år
544 824 61 29 1809,
621 823 86 23 medan
723 825 105 27 rytteriet
843 825 64 20 ännu

155 866 86 21 genom
263 859 111 27 rustning
395 857 148 30 uppställdes
567 858 44 22 och
630 859 31 28 på
676 865 29 15 en
720 857 35 23 tid
771 858 30 22 då
816 857 90 23 således

155 893 54 23 icke
231 893 80 22 nånon
333 892 81 23 kunde
437 893 90 28 hoppas
551 895 40 27 att,
607 895 61 20 emot
684 892 143 29 erläggande
843 893 24 22 af
881 900 28 15 en

139 941 2 2 »
155 929 57 28 viss,
228 927 94 28 engång
338 927 33 22 för
382 927 48 22 alla
445 926 110 23 bästämd
570 927 70 30 skatt,
650 926 74 23 varda
734 926 114 23 frikallad
858 927 51 22 från

156 961 307 29 rustningsskyldighetens
478 961 155 28 fullgörande.
656 961 71 22 Detta
736 962 44 22 har
790 961 120 23 måhända

156 995 75 24 under
254 995 29 23 de
305 997 92 21 senaste
418 995 161 30 decennierna,
596 995 30 23 då
641 995 192 29 vakansafgiften
848 995 62 23 trädt

157 1031 10 22 i
182 1030 79 23 stället
275 1031 34 22 för
324 1031 185 28 prestationerna
523 1031 25 21 in
564 1032 91 26 natura,
670 1030 94 23 kunnat
779 1029 88 23 förleda
883 1037 28 15 en

158 1065 57 22 eller
238 1071 79 16 annan
340 1064 87 29 köpare
447 1067 34 20 att
495 1064 34 23 för
544 1065 41 22 sitt
599 1065 103 22 rusthäll
718 1065 78 22 betala
811 1071 55 21 mer,
882 1065 30 21 än

157 1100 50 22 han
222 1099 93 22 kanske
330 1098 75 23 under
421 1098 73 23 andra
509 1098 166 23 förhållanden
690 1099 80 22 skulle
790 1100 76 21 ansett
876 1099 37 27 sig

159 1134 57 23 böra
239 1133 103 28 erlägga,
364 1141 55 14 men
438 1133 77 22 denna
531 1132 177 29 omständighet
722 1133 44 22 har
780 1131 134 30 ingalunda

159 1168 95 23 kunnat
268 1167 151 29 grundlägga
436 1167 79 28 någon
531 1167 58 22 häfd
605 1167 24 22 af
643 1167 46 22 den
704 1169 42 27 art,
762 1170 34 19 att
810 1167 104 22 kronans

160 1202 109 28 rättsliga
289 1202 104 29 anspråk
416 1202 31 29 på
462 1201 127 23 rusthållet
603 1201 136 28 derigenom
754 1201 157 23 skulleförän-

161 1237 71 29 drats,
254 1239 57 20 utan
331 1237 43 22 har
390 1236 45 23 den
451 1236 133 23 rusthållen
600 1236 128 28 åliggande
743 1235 171 30 skyldigheten

162 1273 34 20 att
211 1271 40 22 vid
267 1271 73 22 behof
352 1273 84 26 utgöra
451 1271 122 29 rusttjenst
587 1270 78 28 aldrig
681 1271 110 28 upphört.

231 1305 11 22 I
258 1305 115 23 händelse
394 1305 103 22 deremot
511 1304 78 23 denna
605 1304 141 29 skyldighet
760 1305 108 22 kommer
884 1305 33 20 att

162 1340 128 29 försvinna,
313 1347 56 15 anse
393 1339 132 23 Ständerna
548 1339 39 22 det
609 1346 56 15 vara
687 1339 54 22 med
760 1339 99 25 rättvisa
874 1337 44 22 och

163 1374 113 27 billighet
298 1373 110 28 förenligt
424 1376 33 20 att
471 1373 134 23 rusthållen
620 1373 135 23 bibehållas
771 1372 41 23 vid
829 1372 28 23 de
872 1371 44 23 för-

163 1408 72 30 delar,
257 1407 87 23 hvilka
365 1408 90 22 utöfver
477 1407 40 23 det
538 1407 94 30 belopp,
658 1415 50 15 som
732 1407 49 22 kan
797 1406 117 23 beräknas

163 1444 119 21 motsvara
297 1441 133 24 kostnaden
445 1441 351 29 förrustningsskyldighetens
808 1440 112 23 effektiva
