1078 1692
482 140 35 20 N:o
533 139 30 22 10.
853 139 11 19 7

488 208 11 26 $
517 208 32 20 10.

207 248 136 26 Minderårig,
368 254 44 15 som
431 248 92 27 uppnått
539 248 80 21 femton
636 248 29 26 år,
682 247 36 21 må
733 249 53 19 utan
802 246 91 22 särskild

138 282 99 22 tillåtelse
261 282 23 21 af
304 282 105 21 målsman
429 282 85 27 förfoga
530 282 59 22 öfver
604 282 26 21 de
646 282 76 26 medel,
738 282 45 20 han
799 281 27 27 på
841 286 52 21 egen

139 316 87 22 motbok
241 316 40 21 har
296 316 145 22 innestående.

481 374 11 26 $
511 375 31 20 11.

207 414 33 21 En
254 414 56 27 gång
326 414 62 21 hvart
405 414 29 26 år,
451 414 45 21 före
511 414 108 28 utgången
636 414 23 21 af
673 415 40 21 den
729 414 85 26 månad,
831 414 63 21 hvar-

138 449 67 21 under
227 449 67 21 första
317 449 144 27 insättningen
484 449 62 26 skett,
570 450 39 20 bör
627 449 88 22 motbok
736 449 12 21 å
764 449 130 26 postanstalt

139 485 44 19 mot
206 484 66 26 qvitto
296 483 108 26 aflemnas,
428 483 33 21 för
484 485 33 19 att
534 490 76 20 genom
626 484 169 26 postanstaltens
809 483 85 26 försorg

139 518 101 20 insändas
262 518 31 20 till
312 518 197 26 postsparbankens
525 518 96 27 styrelse,
637 518 7 20 i
660 518 100 21 afseende
776 518 12 20 å
804 517 90 27 gransk-

137 552 50 26 ning
203 552 39 20 och
257 552 113 21 införande
386 551 22 21 af
422 552 40 21 den
478 552 33 21 för
527 552 153 22 nästförflutna
695 552 129 21 kalenderår
839 558 53 20 upp-

137 587 66 25 lupna
225 588 69 24 ränta,
314 586 108 22 hvarefter
436 587 116 21 motboken
567 593 77 21 genom
659 586 161 22 vederbörande
835 588 58 24 post-

139 621 85 26 anstalt,
247 621 7 21 i
276 621 74 27 utbyte
372 623 45 19 mot
439 621 144 21 omförmälda
602 622 74 26 qvitto,
696 621 32 21 till
744 627 78 21 egaren
838 620 54 21 åter-

139 655 79 21 ställes.

207 690 129 21 Underlåter
358 696 63 21 egare
444 690 23 20 af
487 690 89 21 motbok
597 691 32 19 att
649 690 125 21 desnamma
789 690 57 20 inom
863 689 31 21 of-

138 724 110 27 vansagda
263 724 31 21 tid
309 724 33 21 till
357 724 128 27 insändning
501 724 98 26 aflemna,
617 724 39 21 och
672 725 41 20 den
724 724 123 21 sedermera
857 724 36 21 be-

137 758 67 21 finnes
225 758 47 22 icke
295 758 189 22 öfverensstämmäa
499 759 49 21 med
563 758 198 28 postsparbankens
777 758 117 22 räkenska-

137 798 43 21 per,
197 792 61 22 skola
273 793 63 21 dessa
351 799 39 21 ega
405 793 88 21 vitsord.

206 827 46 20 Har
273 827 103 21 insättare
399 828 50 20 eller
472 827 141 21 innehafvare
637 828 22 20 af
676 828 90 20 motbok
781 827 70 20 funnit
865 826 28 21 fel

139 860 50 26 deri,
213 863 51 24 göre
287 861 72 21 derom
383 861 141 27 anmärkning
547 863 74 20 senast
645 861 27 22 dä
694 862 116 21 motboken
826 861 68 20 första

137 894 81 27 gången
234 895 53 21 efter
303 896 36 20 det
354 895 50 21 felet
419 895 78 22 influtit
517 896 55 21 skall
587 897 32 20 till
635 896 132 27 granskning
784 895 108 25 aflemnas,

138 929 35 21 vid
189 929 98 27 äfventyr
303 931 32 20 att
351 930 59 27 eljest
427 936 61 15 anses
505 930 64 21 hafva
585 930 86 21 försutit
686 931 32 20 sin
735 931 67 20 talan.

488 993 11 27 8
518 995 31 19 12.

206 1032 46 20 Har
276 1031 12 22 &
306 1033 89 20 mothok
410 1033 67 21 under
493 1033 74 27 loppet
582 1033 24 21 af
619 1034 29 21 tio
666 1033 23 22 är
704 1033 97 22 hvarken
817 1033 76 20 insätt-

137 1066 50 27 ning
209 1066 51 21 eller
282 1067 113 26 uttagning
413 1069 34 25 egt
463 1074 46 14 rum
527 1068 40 21 och
583 1068 67 21 under
665 1068 95 21 nämnda
776 1067 30 21 tid
823 1066 70 21 boken

137 1100 46 21 icke
198 1100 66 21 heller
278 1100 70 22 blifvit
367 1102 31 20 till
417 1102 132 27 granskning
565 1102 112 26 aflemnad,
694 1102 55 21 skall
766 1107 77 21 egaren
859 1107 34 20 ge-

137 1141 49 15 nom
209 1134 133 27 kungörelse,
366 1142 45 15 som
433 1138 32 19 tre
488 1136 81 27 gänger
584 1137 79 21 införes
678 1137 7 20 i
701 1137 86 20 landets
803 1135 91 22 officiela

136 1169 114 26 tidningar,
266 1175 120 21 uppmanas
406 1172 37 24 att,
460 1171 58 20 inom
533 1173 49 18 natt
597 1171 40 21 och
654 1171 24 21 är
692 1170 53 22 efter
762 1171 35 20 det
812 1170 81 26 kungö-

135 1203 70 20 relsen
227 1204 57 20 varit
305 1204 68 26 tredje
388 1204 82 27 gängen
485 1204 79 27 införd,
581 1205 40 21 hos
636 1205 199 27 postsparbankens
851 1206 43 25 sty-

136 1237 53 21 relse
213 1238 85 20 anmäla
321 1239 37 20 sitt
381 1239 92 26 anspråk
496 1239 29 26 pä
544 1239 27 21 de
591 1239 13 21 &
620 1239 115 22 motboken
755 1238 138 22 innestående

136 1271 88 26 medlen,
241 1272 36 21 vid
300 1272 98 27 äfventyr
416 1274 32 20 att
463 1273 63 21 dessa
542 1273 7 21 i
566 1275 66 19 annat
646 1273 39 21 fall
700 1273 88 22 komma
803 1275 33 19 att
851 1273 42 20 till-

135 1305 52 21 falla
209 1307 191 26 postsparbanken.
431 1307 157 22 Efterkommes
607 1308 158 27 uppmaningen
785 1307 25 27 ej,
827 1307 65 21 varde

134 1339 129 22 insättarens
279 1341 91 26 räkning
386 1344 75 24 genast
477 1341 98 22 afslutad
591 1342 40 21 och
641 1341 210 28 tillgodohafvandet
861 1341 33 21 till

134 1375 197 26 postsparbankens
346 1381 55 20 egna
416 1375 115 28 tillgångar
549 1376 124 21 öfverfördt.

203 1409 101 21 Kommer
324 1409 71 27 någon
410 1410 122 21 sedermera
549 1411 50 20 med
615 1410 117 27 påstående
749 1417 34 14 om
799 1409 94 22 medlens

135 1441 179 23 utbekommande
340 1444 39 20 och
398 1444 57 21 visar
471 1444 32 21 sin
519 1446 46 19 rätt
581 1445 32 20 till
629 1445 53 25 dem,
700 1445 61 20 skola
776 1445 116 24 desamma,
