1078 1692
224 137 25 21 18
531 136 38 24 N:o
585 136 23 23 4.

193 202 63 21 lande
275 202 25 21 af
312 208 82 16 samma
407 202 73 22 vinkel
495 202 34 22 för
543 203 78 21 konen.
650 202 44 22 Vid
708 202 131 28 mynningen
853 202 38 22 och
906 208 41 16 om-

193 236 99 22 fattande
311 237 87 27 vidpass
412 238 39 21 två
466 237 132 28 tredjedelar
613 236 25 22 af
652 237 48 21 dess
716 237 93 21 omkrets
824 237 56 21 skall
895 243 53 16 vara

192 271 94 27 anbragt
300 272 34 21 ett
348 271 68 22 afhäll
430 272 25 21 af
468 278 81 16 samma
563 272 74 22 metall
652 278 45 16 som
712 272 72 21 kärlet
799 271 8 22 i
823 271 72 28 öfrigt.

260 306 83 22 Kärlen
364 306 62 22 skola
444 313 54 15 vara
513 306 24 22 af
549 307 25 21 så
590 306 45 22 fast
648 306 159 27 konstruktion,
824 308 34 20 att
873 306 26 22 de
914 308 34 20 sä-

192 340 49 22 kert
255 341 81 21 motstå
350 341 85 27 trycket
450 340 25 22 af
487 340 66 28 ifyldt
567 343 82 25 vatten,
664 341 40 21 och
719 340 23 22 få
753 341 20 27 ej
782 346 54 16 vara
847 340 101 28 buckliga

192 376 13 20 å
220 376 60 26 vägg
295 375 52 21 eller
361 376 80 21 botten.

260 409 71 27 Kring
346 410 135 27 kärlväggen
496 412 97 20 närmast
602 410 132 27 mynningen
744 410 55 21 skall
810 416 27 16 en
845 410 102 22 förstärk-

191 443 114 28 ningsring
320 450 54 16 vara
388 444 100 28 anbragt.

536 504 13 26 g
567 505 32 19 13.

258 548 138 27 Cylindriska
415 548 91 22 målkärl
521 549 29 27 på
565 551 13 19 2
594 549 39 21 och
649 551 11 19 1
677 548 51 22 liter
743 549 62 21 skola
819 548 66 22 hafva
900 548 46 28 höj-

190 583 41 21 den
246 582 92 29 ungefär
352 583 83 22 hälften
449 585 70 20 större
535 585 27 19 än
578 583 126 27 diametern,
721 584 39 20 och
771 583 26 21 de
807 583 81 21 mindre
899 583 45 21 lika

189 617 51 27 höjd
256 618 39 21 och
310 618 110 21 diameter.

257 652 121 27 Angående
393 652 131 28 cylindriska
538 653 92 21 målkärl
645 652 69 28 gäller
730 652 40 22 ock
784 652 58 22 hvad
851 652 8 21 i
868 658 76 15 senare
967 680 4 4 -

189 688 119 20 momenten
324 686 24 22 af
360 687 182 27 nästföregäende
557 686 12 30 &
585 689 25 19 är
625 686 105 28 stadgadt
744 686 8 22 i
767 686 64 28 fråga
847 693 32 15 om
889 686 53 21 mäl-

188 721 47 21 kärl
251 720 25 22 af
288 721 78 21 konisk
380 721 59 21 form.

533 779 12 28 8
562 780 33 20 14.

255 825 32 20 På
303 825 91 21 mälkär]
409 825 33 21 för
457 826 52 20 våta
523 831 64 16 varor
601 824 57 22 skall
673 824 14 21 ä
697 824 136 27 kärlväggen
843 830 53 14 vara
904 830 36 14 an-

187 859 63 27 bragt
266 865 26 15 en
307 859 126 27 metallplät,
449 859 69 22 hvarä
533 865 77 21 genom
625 859 153 21 tillverkarens
793 857 85 28 försorg
893 858 49 21 kär-

185 893 41 22 lets
243 893 63 27 rymd
323 893 56 22 skall
394 895 94 20 utsättas
503 893 48 22 med
566 893 85 28 tydliga
667 892 72 22 siffror
754 893 39 20 och
808 892 131 27 bokstäfver,

184 927 92 22 hvarvid
298 927 96 28 följande
416 927 163 28 förkortningar
596 927 22 22 få
635 927 120 27 användas,
772 926 115 28 nemligen:
904 927 37 20 litr

185 962 33 21 för
233 962 56 27 liter,
304 964 28 19 mt
347 962 52 22 eller
416 963 50 26 !/,,!
480 962 34 21 för
528 964 54 20 mott
597 963 39 21 och
654 962 61 26 1/1004
731 961 34 22 för
780 961 114 21 centiliter.

495 1031 37 22 Om
547 1031 81 28 vigter.

532 1089 13 26 8
561 1090 33 19 15.

251 1133 33 22 Pä
303 1133 26 22 de
347 1133 7 21 i
370 1133 153 28 förordningen
538 1140 32 15 om
585 1134 56 21 mätt
656 1133 40 22 och
711 1133 49 27 vigt
774 1134 112 26 upptagna
902 1139 35 15 va-

182 1168 57 21 lörer
253 1167 25 22 fä
289 1167 104 28 justeras:

251 1202 108 21 allmänna
373 1202 164 27 handelsvigter
551 1202 49 22 frän
615 1203 39 21 och
669 1201 49 22 med
729 1203 27 20 50
766 1201 107 28 kilogram
881 1201 56 22 ända

182 1235 34 22 till
233 1237 9 20 1
260 1243 62 20 gram
336 1238 57 20 samt

250 1270 195 28 precisionsvigter,
470 1271 88 22 afsedde
580 1271 34 21 för
636 1269 163 28 vetenskapligt
821 1269 61 27 bruk,
906 1269 32 21 för

181 1304 79 22 handel
275 1305 49 21 med
339 1305 94 26 dyrbara
447 1311 65 16 varor
527 1305 52 22 eller
593 1304 34 23 för
642 1304 116 28 nyttjande
769 1305 14 20 å
793 1303 85 28 apotek,
889 1303 49 21 från

181 1339 39 21 och
235 1339 49 22 med
300 1341 26 19 10
342 1339 106 28 kilogram
463 1339 57 22 ända
535 1339 33 22 till
585 1341 11 20 1
612 1339 124 28 milligram.

251 1373 45 22 För
317 1374 138 27 postverkets
477 1374 66 22 behof
563 1375 35 20 må
621 1374 112 27 derjemte,
753 1373 29 27 på
799 1374 46 20 sätt
859 1372 7 21 i
881 1371 55 22 före-

180 1408 92 21 nämnde
292 1408 126 27 förordning
432 1411 71 25 säges,
519 1408 64 23 äfven
598 1408 73 28 vigter
687 1408 28 27 på
731 1407 68 22 andra
814 1409 29 20 än
858 1407 26 21 de
899 1407 39 20 här

180 1442 158 23 ofvannämnde
353 1443 85 22 valörer
451 1443 101 28 justeras.
