1078 1692
222 143 12 20 2
390 142 79 23 Ständ.
484 143 35 22 Sv.
537 155 26 3 —
579 144 69 27 Prop.
664 143 41 21 N:o
720 143 20 21 9.

195 204 36 23 vid
254 204 62 23 sådan
336 205 78 29 utgång
428 205 23 22 af
463 206 64 22 saken
543 206 68 22 skulle
627 205 101 23 förblifva.
759 206 40 22 Att
813 206 126 22 tillerkänna

195 244 137 24 guvernören,
354 240 87 22 hvilken
463 240 74 22 härvid
559 240 58 22 torde
641 241 49 21 böra
705 240 104 22 betraktas
825 240 65 22 såsom
907 248 31 13 re-

196 274 159 28 presenterande
377 274 148 22 statsintresset
540 277 50 25 gent
606 277 54 19 emot
675 274 40 21 den
732 274 110 27 enskildes,
859 282 24 14 en
900 274 38 28 dy-

196 308 30 22 lik
241 308 80 22 absolut
336 308 113 30 pröfnings-
465 309 38 21 och
522 308 153 28 afgöranderätt
690 308 7 21 i
712 308 58 22 dessa
786 308 72 28 frågor,
874 308 65 22 bafva

197 342 115 23 Ständerna
328 342 115 23 emellertid
459 345 67 19 ansett
540 343 47 21 icke
603 344 33 20 väl
651 342 125 22 sammanstå
786 343 92 21 hvarken
890 343 48 21 med

196 377 141 29 lagförslagets
358 377 54 28 syfte
434 379 31 19 att
483 377 42 21 låta
539 377 62 22 äfven
617 377 135 21 innehafvare
767 377 23 21 af
804 378 134 28 kronolägen-

196 412 58 24 heter
269 411 7 22 i
290 412 66 28 görlig
371 411 48 22 mån
434 411 65 24 blifva
514 412 104 28 delaktiga
633 411 23 22 af
666 411 275 29 jordstyckningsfrihetens

196 446 89 22 fördelar
307 446 50 21 eller
379 446 47 21 med
444 445 84 27 vanliga
543 446 189 28 rättsgrundsatser.
764 446 26 28 Ej
806 446 65 21 heller
886 454 52 13 vore

196 480 79 25 sådant,
298 480 65 28 enligt
386 479 125 23 Ständernas
533 480 69 25 tanke,
623 480 25 28 på
663 479 62 29 något
740 482 40 20 sätt
796 480 104 28 påkalladt
916 480 25 22 af

196 522 107 20 omsorgen
326 522 34 14 om
383 514 88 22 kronans
493 514 38 22 och
547 514 35 22 det
597 514 114 22 allmännas
727 517 45 23 rätt,
789 514 26 22 då
829 514 8 22 i
852 515 38 21 och
906 514 32 22 för

196 548 173 24 säkerställandet
384 548 22 22 af
420 548 67 22 denna
501 551 42 19 rätt
558 548 108 22 enahanda
681 548 67 22 vilkor
764 549 127 21 beträffande
904 550 34 20 be-

197 584 106 22 suttenhet
325 583 36 21 hos
384 582 25 22 de
424 590 73 21 genom
512 583 137 28 styckningen
666 583 125 28 uppkomna,
807 583 22 21 af
843 583 95 22 enskilde

196 618 120 28 öfvertagna
338 617 191 27 lägenhetsdelarne
545 617 82 21 komme
643 620 30 18 att
688 618 54 27 gälla
757 625 43 14 som
816 618 32 25 de,
863 618 75 21 hvilka

196 652 7 22 i
225 652 97 22 afseende
337 651 12 22 ä
364 651 69 21 frälse-
447 652 38 20 och
501 651 189 29 skattelägenheter
705 652 62 21 redan
783 652 107 22 befunnits
907 652 31 22 för

197 686 116 22 ändamålet
327 685 190 29 tillfyllesgörande.
547 685 161 29 Ifrägavarande
718 686 130 28 bestämning
859 694 32 14 om
902 695 38 20 gu-

197 725 111 17 vernörens
330 720 84 28 slutliga
438 720 149 28 pröfningsrätt
609 720 57 22 torde
689 720 105 22 dessutom
815 720 23 22 så
853 721 85 27 mycket

196 755 80 22 mindre.
298 754 64 22 hafva
376 754 45 22 skäl
435 754 32 22 för
482 754 36 28 sig,
535 762 43 14 som
594 754 61 22 äfven
671 754 127 22 beträffande
813 755 124 21 kronohem-

196 797 86 15 manens
304 788 98 29 klyfning
417 800 26 4 —
458 789 85 21 hvarom
561 789 32 21 väl
609 788 54 22 förut
679 789 54 21 varit
747 789 94 28 stadgadt
856 792 30 19 att
902 790 35 21 vid

195 828 141 24 guvernörens
358 824 68 27 utslag
447 824 6 19 i
476 823 68 28 dylikt
566 824 75 20 ärende
660 823 68 21 skulle
744 824 48 21 bero
807 836 26 3 —
849 824 35 21 det
899 832 37 12 nu-

195 865 57 15 mera
274 862 23 17 är
316 865 74 21 genom
406 857 145 28 förordningen
567 865 33 13 om
616 857 80 22 åborätt
711 857 12 21 &
738 857 163 22 kronohemman
917 857 24 22 af

196 893 39 21 den
258 893 13 20 6
293 892 55 22 Juni
372 892 53 21 1883
445 891 114 28 medgifvet
577 894 31 19 att
623 891 59 22 öfver
696 891 73 22 sådant
783 892 68 27 utslag
865 891 73 22 anföra

195 927 74 22 besvär
291 927 38 21 hos
350 925 153 23 vederbörande
518 925 78 22 hofrätt
611 925 37 22 och
664 925 71 22 vidare
751 925 57 22 öfver
823 925 116 22 hofrättens

196 961 67 28 utslag
284 961 7 20 i
313 959 111 30 kejserliga
441 962 92 20 senaten.
564 959 117 23 Ständerna
696 959 62 22 hafva
774 959 81 22 derföre
870 963 69 19 ansett

196 995 30 29 sig
248 995 50 22 böra
313 994 78 28 jemväl
407 994 160 21 vidkommande
583 993 150 29 egostyckning
747 993 12 22 &
774 994 164 22 kronohemman

195 1029 8 22 i
218 1029 25 22 de
258 1029 42 25 fall,
316 1028 26 21 då
356 1032 130 24 guvernören
501 1029 66 20 finner
582 1028 31 28 sig
628 1028 18 28 ej
663 1029 72 22 kunna
750 1028 65 22 tillåta
825 1028 63 23 sådan
900 1029 38 20 och

195 1064 64 22 saken
282 1063 54 27 förty
358 1069 49 14 vore
430 1064 29 20 att
481 1069 60 14 anses
559 1062 65 21 såsom
640 1062 73 28 tvistig
727 1063 37 20 och
780 1062 79 22 således
874 1063 64 21 borde

195 1098 32 22 till
250 1097 88 22 domstol
359 1096 94 26 förvisas,
473 1096 74 21 föreslå
571 1096 109 22 enahanda
694 1096 106 28 procedyr,
816 1104 43 14 som
875 1097 7 20 i
898 1096 40 22 för-

195 1132 115 27 ordningen
325 1131 40 21 den
382 1131 25 20 19
422 1130 102 22 Februari
544 1131 55 21 1883
613 1130 70 22 blifvit
697 1130 32 22 för
744 1130 68 22 frälse-
827 1131 38 21 och
882 1131 57 21 skat-

195 1167 119 22 tehemman
336 1164 144 24 föreskrifven.
497 1177 26 3 —
547 1165 42 21 Till
604 1164 51 29 följd
671 1164 61 21 häraf
744 1165 68 21 skulle
828 1165 60 21 alltså
903 1165 36 22 be-

195 1201 155 27 stämningarna
364 1199 87 22 rörande
467 1199 148 28 egostyckning
629 1198 13 21 &
658 1198 162 23 kronohemman
831 1199 63 22 blifva
905 1199 34 22 de-

195 1243 79 15 samma
288 1242 44 14 som
348 1233 31 22 för
394 1233 70 22 frälse-
479 1233 38 21 och
535 1233 174 25 skattehemman,
720 1233 51 22 blott
782 1233 47 22 med
839 1233 39 21 den
890 1233 47 22 skil-

196 1270 39 21 nad
250 1271 37 23 att,
303 1269 25 21 då
343 1268 35 21 vid
394 1267 56 29 fråga
465 1275 32 13 om
514 1267 141 22 förstnämnda
670 1267 44 27 slag
729 1266 23 22 af
760 1267 120 28 lägenheter
890 1267 47 22 icke

195 1303 131 23 öfverlåtelse
341 1302 22 23 af
377 1302 119 28 eganderätt
511 1301 46 21 med
573 1304 22 25 ty
611 1300 113 28 åtföljande
735 1301 78 28 lagfart,
825 1304 50 20 utan
887 1302 51 22 blott

195 1339 22 22 af
236 1337 166 28 besittningsrätt
424 1336 39 21 kan
480 1343 37 20 ega
532 1343 53 18 rum,
600 1335 39 22 och
654 1335 26 21 de
696 1335 98 22 utbrutna
809 1335 84 22 delarne
908 1337 30 21 äf-

195 1381 39 14 ven
257 1372 66 21 blifva
344 1371 23 21 af
386 1371 128 21 krononatur
537 1382 26 3 —
586 1371 72 22 hvilka
676 1369 108 27 olikheter,
795 1369 72 22 såsom
882 1370 57 28 sjelf-

195 1407 68 25 fallna,
288 1408 77 19 ansetts
387 1405 46 22 icke
455 1405 49 22 böra
519 1407 7 20 i
541 1407 35 26 S:n
601 1405 98 23 särskildt
713 1404 119 23 framhållas
848 1416 33 13 —,
896 1405 42 28 gäl-

194 1442 60 21 lande
278 1439 129 24 föreskrifter
430 1441 125 22 beträffande
576 1441 48 22 åbos
639 1439 121 29 inrymning
776 1439 29 23 uti
822 1447 25 14 en
862 1447 75 20 genom
