1078 1692
321 139 81 23 Ständ.
418 140 40 22 Sv.
475 152 24 4 —
517 141 72 27 Prop.
604 142 41 22 N:o
660 142 34 21 15.
847 142 13 21 9

360 201 129 29 Transport
504 203 139 29 16,644,000:
653 217 29 3 —
706 204 131 30 10,768,000:
853 216 27 3 —

136 233 94 29 Anslag
252 234 35 23 för
309 236 198 28 jernvägsunder-

165 267 130 29 sökningar
306 281 146 6 ----.......
465 272 48 27 Ing
535 267 14 39 —
557 272 83 30 60,000:
655 285 29 3 —

137 302 95 28 Anslag
246 302 34 23 för
295 304 178 23 reseunderstöd
488 305 25 22 ät

165 336 46 23 den
225 336 42 23 vid
275 338 237 28 jernvägsanstalter-

165 378 32 14 na
212 370 108 24 anstälde
337 372 112 23 tekniska
467 373 45 22 och

165 404 147 24 förvaltande
333 407 109 28 personal
464 408 48 27 ar
557 408 126 29 15,000:—
707 414 25 22 16
741 414 96 28 719,000:
853 426 28 3 —

521 447 100 23 Summa
635 449 48 27 $%rye
705 449 132 28 27,487,000:
853 461 28 3 —

205 502 46 23 För
265 503 151 23 bestridande
432 504 25 22 af
470 504 69 23 dessa
554 505 96 28 utgifter
664 505 44 22 har
723 505 165 23 kommunika-

137 536 150 23 tionsfonden
305 537 75 23 under
397 538 98 23 berörda
511 540 26 22 är
553 540 141 22 1886—1888
710 542 34 20 att
758 539 70 28 tillgå
843 539 46 23 den

137 570 136 24 beräknade
288 572 173 28 behållningen
476 574 8 21 i
499 573 88 23 fonden
602 573 42 23 vid
661 574 122 28 utgången
794 574 24 22 af
827 574 61 29 1885,

137 605 201 23 nettoinkomsten
360 606 52 23 frän
433 607 114 28 samtliga
569 609 219 29 statsjernvägarne,
807 608 81 22 ofvan-

136 639 106 23 nämnda
263 640 52 22 frän
338 641 288 23 amortissementsfonden
648 642 130 22 öfverförda
796 641 92 29 kapital

137 674 26 22 af
175 674 41 22 tvä
231 674 110 30 miljoner
363 674 68 23 mark
447 676 8 21 i
471 675 157 28 obligationer
643 678 62 20 samt
720 676 24 22 af
758 677 130 21 amortisse-

136 708 178 23 mentsfondens
336 710 78 21 räntor
432 709 139 29 ytterligare
587 712 32 20 ett
634 710 118 22 eventuelt
767 710 84 28 bidrag
867 710 24 22 af

137 742 92 28 248,000
244 742 68 23 mark
328 750 38 15 om
381 744 53 22 äret.

204 776 43 23 Uti
262 778 175 28 propositionen
459 778 97 22 föresläs
575 780 34 20 att
627 778 110 30 derjemte
752 778 136 23 inkomsten

136 812 25 22 af
181 812 216 30 bränvinsskatten,
421 812 55 22 efter
499 812 82 28 afdrag
604 812 25 23 af
649 812 53 23 dei
717 820 79 15 annan
815 812 73 28 nådig

136 846 144 28 proposition
304 848 122 27 upptagna
448 846 85 28 anslag
556 846 52 23 frän
631 846 77 23 denna
730 847 71 29 skatt,
819 846 69 23 äfven

134 879 127 23 framdelas
285 880 43 23 och
346 881 26 22 sä
390 880 71 28 länge
479 880 40 23 det
533 881 34 22 för
581 881 197 29 jernvägslänens
793 881 95 28 betryg-

134 913 78 29 gande
226 914 78 23 finnes
320 914 82 28 nödigt
417 914 59 23 föres
490 914 39 23 till
541 914 312 23 kommunikationsfonden.
878 915 10 21 1

134 948 139 23 hufvudsak
288 949 72 22 hafva
377 949 132 22 Ständerna
528 949 89 23 bifallit
632 949 38 22 till
685 948 144 24 förestående
844 948 45 23 för-

134 982 59 30 slag,
209 983 8 22 i
233 982 39 23 det
287 983 123 28 nämligen
429 983 133 22 Ständerna
581 985 75 20 ansett
671 983 217 30 bränvinsskatten,

133 1017 32 29 pä
180 1018 46 21 sätt
240 1017 88 22 hittills
351 1018 61 21 varit
433 1017 73 30 fallet,
528 1017 133 29 lämpligen
684 1017 70 23 äfven
771 1017 116 28 framgent

133 1050 85 23 kunna
239 1051 122 23 användas
376 1051 38 22 till
430 1051 277 23 kommunikationernas
723 1051 163 23 förbättrande.

133 1085 68 22 Dock
220 1085 72 22 hafva
312 1085 131 23 Ständerna
458 1086 53 22 icke
526 1086 95 22 kunnat
635 1086 34 23 för
684 1087 38 22 sin
738 1086 38 23 del
792 1085 96 23 omfatta

134 1118 46 23 den
196 1119 156 30 ordalydelse,
367 1127 50 15 som
432 1120 81 23 blifvit
533 1121 4 21 i
553 1120 46 23 den
613 1120 89 29 nädiga
712 1121 175 28 propositionen

133 1153 103 30 använd,
252 1153 31 23 dä
298 1153 138 24 densamma
458 1155 77 28 enligt
557 1154 143 23 Ständernas
718 1155 73 22 tanke
806 1154 81 23 kunde

134 1187 66 28 gifva
222 1187 132 30 anledning
372 1189 38 22 till
429 1188 45 23 den
489 1189 154 28 uppfattning
659 1191 34 20 att
706 1189 181 23 bränvinsskat-

133 1224 46 27 ten,
194 1229 55 15 vore
265 1223 121 28 orubbligt
402 1223 98 23 bunden
515 1223 42 23 vid
572 1222 315 31 kommunikationsfonden,

133 1255 28 22 sä
182 1255 72 29 länge
276 1257 40 22 det
338 1257 33 22 för
394 1257 197 30 jernvägslänens
617 1257 163 30 betryggande
802 1257 85 22 funnes

133 1289 90 31 nödigt,
245 1293 59 20 utan
328 1291 72 23 hafva
424 1291 134 24 Ständerna
579 1293 9 21 i
610 1292 63 23 detta
700 1291 108 24 afseende
833 1293 55 20 trott

133 1325 38 27 sig
191 1324 57 23 böra
270 1328 87 26 antaga
380 1333 28 15 en
427 1333 80 16 annan
526 1327 161 30 formulering,
703 1334 51 15 som
768 1326 35 23 för
817 1325 71 22 fram-

132 1358 66 23 tiden
220 1359 110 23 lemnade
348 1362 71 21 större
434 1361 71 22 frihet
519 1361 147 22 beträffande
682 1359 169 24 användandet
865 1359 25 22 af

131 1392 106 23 nämnda
252 1393 70 23 skatt.

201 1427 71 22 Hvad
288 1428 49 22 äter
352 1428 149 23 vidkommer
517 1429 46 22 den
574 1429 111 30 inkomst,
696 1436 50 16 som
757 1429 53 22 frän
817 1428 71 22 brän-

132 1460 150 24 vinsskatten
298 1469 54 16 vore
368 1463 34 22 för
412 1463 310 23 kommunikationsfonden
733 1465 34 20 att
774 1461 116 30 päräkna,
