1078 1692
205 121 28 21 24
364 104 3 1 |
406 121 24 23 U.
446 121 23 22 B.
484 135 30 3 —
529 122 62 28 Prop.
607 121 37 23 N:o
662 120 34 23 13.

175 186 107 23 Jemföras
309 186 104 29 slutligen
438 188 147 28 folkmängds-
612 188 40 22 och
678 187 251 27 odlingsförhällandena

174 222 62 28 längs
260 229 27 15 en
310 224 57 21 bana
390 224 49 22 från
463 224 76 22 Lahtis
559 223 61 23 öfver
634 223 95 22 Heinola
745 223 35 22 till
796 223 33 23 S:t
843 223 85 27 Michel,

175 259 70 21 måste
261 259 115 28 erkännas,
392 261 33 20 att
440 260 71 21 denna
526 260 58 21 bana
599 260 8 21 i
618 260 61 21 detta
689 259 126 23 hänseende
825 260 45 21 står
878 259 51 22 obe-

175 294 80 27 tydligt
270 294 92 22 framom
378 295 55 22 både
449 295 68 22 linien
533 295 34 22 till
583 295 101 22 Kouvola
700 295 40 22 och
756 295 106 27 Kaipiais,
873 295 7 21 i
892 296 38 20 det

175 331 34 20 att
223 330 135 26 persontalet
372 338 39 20 per
425 331 103 22 banverst
543 331 59 22 inom
619 338 27 15 en
661 330 51 22 mils
728 337 41 15 zon
787 333 25 19 är
822 330 33 22 för
866 331 64 21 dessa

175 367 34 19 tre
232 365 66 22 linier
320 373 57 21 resp.
394 367 50 27 172,
461 367 43 21 168
520 367 40 21 och
577 367 51 22 152.
658 366 69 22 Detta
742 366 63 28 ringa
820 366 109 22 företräde

176 402 70 20 måste
270 408 64 15 anses
358 408 46 16 mer
420 404 26 20 än
462 402 35 22 väl
512 404 114 26 motvägas
642 402 24 22 af
680 403 42 21 den
738 402 150 22 förstnämnda
903 402 26 21 li-

176 437 50 21 nien
234 436 35 22 till
277 438 67 26 något
352 438 60 22 öfver
420 438 65 28 5,000
493 439 63 21 mark
564 438 130 28 uppgående
702 438 67 27 högre
777 438 152 27 anläggnings-

176 472 94 23 kostnad
285 480 39 20 per
339 476 65 20 verst.
420 474 56 22 Hela
486 474 267 28 anläggningskostnaden
764 474 34 22 för
808 474 122 22 ännämnda

177 508 54 22 linie
246 508 147 24 öfverskrider
408 510 69 28 enligt
491 510 121 22 utskottets
628 510 122 27 beräkning
765 510 121 22 kostnaden
896 510 34 21 för

177 545 26 21 de
218 544 58 22 båda
290 546 69 22 andra
374 547 50 21 med
439 553 56 21 resp.
512 546 120 28 2,366,500
647 546 41 22 och
704 546 119 28 2,691,500
838 546 68 22 mark.

246 587 32 21 På
294 587 43 22 alla
352 588 65 22 dessa
432 588 48 22 skäl
495 588 39 22 har
549 588 111 22 utskottet
676 590 90 19 stannat
780 588 36 21 vid
824 588 105 26 Kaipiais,

177 623 111 21 eventuelt
303 623 105 28 Kouvola,
430 625 72 21 såsom
519 624 211 27 anslutningspunkt
746 623 34 22 för
794 623 71 22 banan
880 622 49 22 från

177 658 85 28 Kuopio
280 659 39 21 och
334 659 183 22 Riihimäki—S:t
531 660 133 26 Petersburg
679 658 78 22 banan.

246 700 44 22 Det
306 700 110 22 definitiva
431 701 58 22 valet
505 701 80 22 mellan
594 702 65 21 dessa
669 701 96 27 punkter
775 701 40 21 har
822 701 108 21 utskottet

177 738 73 20 ansett
272 736 54 22 böra
349 736 143 22 öfverlemnas
511 738 24 20 åt
549 737 137 27 regeringen,
702 736 88 22 hvilken
807 736 54 22 efter
876 742 53 21 nog-

177 778 82 20 granna
285 772 142 22 ekonomiska
452 773 40 21 och
518 773 103 21 tekniska
646 772 190 28 undersökningar
857 772 73 22 bättre

177 808 73 21 kunde
273 807 81 28 afgöra,
370 808 141 22 hvilkendera
527 808 24 22 af
565 809 113 21 desamma
693 814 52 16 vore
761 810 33 19 att
810 808 118 27 föredraga.

247 849 114 22 Utskottet
383 849 38 22 vill
444 850 78 21 endast
545 850 87 27 angifva
648 851 68 26 några
726 850 140 27 synpunkter,
883 855 46 16 som

178 885 74 22 dervid
268 885 74 22 kunna
357 887 65 25 göras
437 886 106 27 gällande.

247 926 10 21 I
273 927 37 21 det
325 927 130 27 föregående
470 928 39 21 har
525 929 71 20 såsom
613 927 113 28 sjelffallet
736 927 102 28 antagits,
849 929 33 20 att
888 927 44 22 alla

175 962 167 27 jernvägslinier
365 965 72 20 vester
460 970 35 15 om
519 963 72 22 Saima
614 965 72 20 måste
704 963 80 22 beröra
798 963 33 22 S:t
844 963 86 22 Michel.

177 997 42 22 Vid
232 997 126 28 jemförelse
373 999 81 21 mellan
470 999 90 28 Kaipias
577 1000 40 21 och
632 999 100 22 Kouvola
748 1000 72 21 såsom
829 1000 102 26 utgångs-

177 1033 95 27 punkter
295 1033 34 22 för
352 1040 27 15 en
403 1034 52 22 linie
481 1035 33 21 till
536 1034 33 23 S:t
583 1035 88 27 Michel,
688 1035 71 21 måste
775 1035 47 21 icke
839 1035 93 21 allenast

178 1068 76 27 sjelfva
269 1069 258 29 anslutningsstationen,
543 1072 53 20 utan
612 1070 200 27 bansträckningen
823 1070 7 21 i
841 1070 33 21 sin
885 1069 46 22 hel-

177 1104 38 22 het
229 1105 99 21 beaktas.

246 1146 59 21 Från
320 1146 100 27 Kaipiais
435 1147 41 22 har
491 1147 124 28 föreslagits
632 1148 36 21 två
684 1147 72 27 linier,
772 1153 27 16 en
811 1147 58 22 öfver
879 1147 53 21 Hal-

177 1181 118 22 menniemi
312 1182 39 21 och
367 1189 27 14 en
410 1189 72 15 annan
497 1183 60 22 öfver
572 1183 80 27 Kieppi
669 1183 41 22 och
725 1183 144 26 Mäntyharju.
900 1182 32 21 På

177 1217 25 21 af
224 1217 57 22 1883
305 1219 35 20 års
364 1218 82 22 komité
470 1219 91 21 anförda
579 1219 48 21 skäl
643 1219 41 22 har
700 1219 109 21 utskottet
824 1218 109 22 förkastat

177 1253 38 21 det
229 1253 59 22 fösta
303 1253 146 23 alternativet.

248 1294 44 22 För
312 1295 100 27 Kaipiais
432 1297 72 20 såsom
521 1296 209 27 förgreningspunkt
751 1295 45 22 tala
819 1295 113 22 derstädes

177 1330 67 21 redan
266 1329 114 28 befintliga
403 1331 130 28 byggnader,
557 1333 51 26 spår
631 1332 41 21 och
696 1331 69 22 andra
780 1331 152 27 inrättningar,

176 1365 74 22 hvilka
266 1366 78 21 endast
359 1366 35 21 till
410 1373 27 15 en
453 1367 36 22 del
503 1367 93 22 behöfde
611 1367 161 28 kompletteras
787 1367 34 21 för
836 1368 32 20 att
877 1368 55 20 mot-

177 1407 62 15 svara
262 1401 152 28 fordringarne
430 1403 28 26 på
474 1409 27 15 en
517 1402 90 28 beqväm
623 1402 230 27 anslutningsstation.
884 1402 49 22 Den

175 1436 128 27 härigenom
319 1443 73 16 vunna
408 1437 98 23 fördelen
521 1439 40 21 har
576 1439 24 21 af
613 1439 112 21 utskottet
743 1438 139 27 uppskattats
898 1438 35 21 till

176 1471 60 22 cirka
254 1472 97 27 250,000
371 1474 69 21 mark.
475 1473 118 22 Dessutom
614 1476 25 19 är
658 1473 102 28 Kaipiais
782 1473 81 22 station
884 1474 49 21 med

244 1513 199 26 Jernvägsutskottets
459 1516 118 20 betänkande
593 1515 42 21 N:o
650 1517 19 19 1.
