1078 1692
210 150 13 20 2
378 150 78 23 Ständ.
472 150 42 26 Sv.
529 163 20 12 —
556 151 81 27 Prop.
654 151 40 24 N:o
708 151 20 23 5.

182 212 98 30 möjliga
295 212 65 23 antal
375 212 55 23 fullt
444 212 81 23 öfvadt
539 212 116 30 manskap
667 214 75 22 mäste
751 213 80 23 utöfva
841 214 14 22 ä
864 213 67 23 fram-

181 247 95 27 gängen
292 247 24 22 af
329 246 247 30 krigsoperationerna.
607 248 56 22 Men
674 247 69 23 äfven
754 247 28 23 de
794 247 68 23 civile
872 249 58 29 tjen-

181 282 151 21 stemännens
347 281 41 23 vid
404 288 27 16 en
446 284 71 26 trupp
534 280 132 24 ersättande
681 281 53 23 med
753 281 78 29 andra,
843 281 30 23 dä
882 289 49 15 mo-

181 315 125 28 bilisering
329 323 53 21 eger
399 324 58 22 rum,
473 316 80 23 skulle
569 316 54 23 med
639 316 33 23 all
687 316 152 23 sannolikhet
855 316 75 23 ästad-

181 349 99 23 komma.
292 349 70 24 oreda.
377 350 44 23 och.
435 350 118 30 dröjsmål,
565 350 120 28 beroende
700 350 66 23 deraf
774 353 33 20 att
818 350 44 24 den
872 352 59 29 tjen-

181 386 100 28 steman,
297 380 53 40 som.
359 387 82 21 ersatte
457 384 45 24 den
518 385 121 31 -afgaäende,
654 385 100 28 behöfde
765 386 78 27 någon
853 385 34 23 tid
897 385 34 23 för

181 420 43 20 att.
235 420 62 22 sätta
314 420 38 27 sig
361 420 30 22 in
407 420 8 22 i
430 418 30 25 de
473 426 54 22 nya
536 419 188 27 förhållandena.
753 419 56 23 Med
825 419 105 23 afseende

181 452 66 23 såväl
270 453 58 25 här&
342 460 58 18 som
415 454 114 26 särskildt
544 454 16 22 å
571 454 47 26 den
633 454 122 28 svårighet
770 456 33 20 att
817 454 34 22 för
866 454 64 30 sjuk-

181 486 88 24 vården
285 488 8 22 i
307 488 44 22 fält
374 488 98 22 erhålla.
485 488 142 29 tillräckligt
643 485 66 26 antal
720 488 89 29 läkare,
825 496 49 15 som
889 488 57 22 vid'

181 524 138 26 truppernas
344 522 116 23 ställande
483 524 14 21 å
519 523 100 29 krigsfot
642 523 122 23 sannolikt
784 523 62 23 skall
862 525 68 26 möta,

181 556 71 22 hafva
275 556 131 23 Ständerna
428 560 76 20 ansett
526 558 37 28 sig
584 558 57 22 böra
656 558 163 22 omformulera
834 559 12 20 2
862 565 67 15 mom.

181 590 25 22 af
227 592 11 20 1
262 594 10 22 $
298 591 107 30 sålunda,
428 594 33 20 att
483 591 130 25 detsamma
636 592 107 27 omfattar
759 592 53 28 alla,
828 599 49 15 som
892 592 37 22 till

181 624 164 29 krigsmakten
368 626 62 30 höra,
449 629 60 19 samt
525 626 70 28 gifvit
610 626 74 28 sagda
699 629 102 19 moment
816 626 62 29 plats
893 627 36 21 så-

181 667 49 15 som
254 667 28 15 en
305 660 103 23 särskild
430 664 11 22 $
464 662 45 21 sist
523 662 7 21 i
545 660 266 29 författningsförslaget.
841 660 51 23 Och
907 660 23 23 få

181 694 132 23 Ständerna
335 696 77 22 såsom
428 695 135 29 ytterligare
579 696 54 22 skäl
648 695 79 23 härför
742 695 143 23 beträffande
901 694 28 23 de

181 729 69 23 eivile
266 730 187 29 tjenstemännen
468 730 42 22 vid
525 733 70 26 trupp
609 730 135 30 framhålla,
760 732 33 20 att
808 729 70 30 desse,
890 737 39 15 en-

181 764 44 28 ligt
240 764 112 28 förslaget
366 764 38 22 till
418 764 109 28 strafflag
541 764 34 23 för
589 764 81 23 finska
680 764 124 30 militären,
815 765 8 21 i
833 764 43 22 fält
886 771 42 15 un-

181 797 99 29 derlyda
301 798 105 22 nämnda
420 798 40 29 lag
476 799 43 22 och
534 798 91 23 således
642 800 7 21 i
665 798 102 28 krigstid
783 798 68 22 äfven
865 798 64 22 torde

182 832 56 22 böra
253 833 8 21 i
276 832 70 29 öfrigt
361 832 118 23 likställas
494 832 54 23 med
563 833 129 28 krigsmän.

250 866 73 23 Utom
345 867 64 22 hvad
431 875 58 20 nyss
507 867 133 29 anmärkts,
658 867 73 22 hafva
745 866 130 23 Ständerna
890 866 40 23 vid

181 900 151 29 granskning
354 901 24 22 af
397 901 162 29 lagförslagets
581 904 50 20 text
652 901 81 23 funnit
754 901 64 22 ordet
841 901 89 28 »krigs-

181 942 69 15 man»
272 935 84 22 kunna
379 937 58 27 utgå
454 943 32 18 ur
509 937 10 20 1
543 943 68 16 mom.
628 936 24 23 af
666 937 10 20 1
694 939 18 25 $,
728 937 54 21 enär
798 935 72 28 sagda
890 935 40 22 ord

180 969 35 23 för
230 977 29 15 en
274 969 74 29 riktig
363 970 152 29 uppfattning
531 971 25 22 af
571 970 105 23 nämnda
693 972 104 20 moment
814 971 19 28 ej
853 971 23 20 är
891 969 39 23 be-

181 1003 90 29 höfligt.

249 1037 121 30 Slutligen
391 1039 72 22 hafva
485 1038 139 31 Ständerna,
647 1039 55 22 enär
718 1038 45 23 den
778 1039 35 22 uti
829 1037 44 23 den
889 1039 40 21 nå-

181 1071 55 30 diga
258 1074 175 28 propositionen
455 1073 191 23 förekommande
662 1072 83 23 rubrik
760 1072 38 23 till.
813 1071 45 24 den
873 1072 56 23 före-

180 1107 85 28 slagna
279 1107 166 29 förordningen
460 1107 54 23 med
530 1107 109 23 afseende
654 1107 14 23 å
684 1105 213 25 ofvanomnämnda
908 1106 24 23 af

180 1140 133 23 Ständerna
327 1141 114 29 vidtagna
456 1141 101 29 ändring
573 1141 50 24 deri
639 1143 19 28 ej
674 1141 81 23 vidare
772 1141 55 22 fullt
837 1141 93 28 återgif-

179 1182 40 15 ver
229 1175 180 29 författningens
420 1176 115 30 innehåll,
546 1176 175 23 omformulerat
730 1175 104 23 nämnda
841 1175 88 22 rubrik.

247 1209 36 23 På
298 1209 77 29 grund
391 1210 25 23 af
428 1210 39 23 det
477 1210 97 23 anförda
584 1210 23 23 få
617 1209 134 24 Ständerna
760 1209 170 28 underdånigst

180 1244 104 23 anmäla:

385 1315 33 24 att
439 1313 125 22 Ständerna
585 1313 97 28 godkänt
695 1313 35 21 det
744 1313 34 21 wti
792 1313 42 21 den
848 1312 81 28 nådiga

308 1348 168 27 propositionen
489 1348 106 28 ingående
611 1347 257 28 författningsförslaget,
878 1346 51 21 dock

315 1382 47 21 med
376 1382 24 21 de
411 1382 129 28 ändringar
554 1381 127 22 Ständerna
695 1381 43 22 här
748 1381 66 28 ofvan
823 1380 105 27 framhål-

317 1417 30 25 lit,
371 1417 8 20 i
401 1416 54 28 följd
475 1416 84 27 hvaraf
577 1416 165 27 författningen
756 1415 79 22 komme
850 1416 33 20 att
896 1422 31 14 er-

315 1450 59 21 hålla
388 1451 97 28 följande
501 1450 86 27 lydelse:
