1078 1692
267 144 80 22 Ständ.
363 144 37 22 Sv.
416 156 28 3 —
459 144 70 27 Prop.
546 144 64 21 N:ris
626 144 28 22 16
669 144 44 22 och
729 144 34 21 37.
853 144 13 20 9

137 206 135 29 positionen
294 206 79 22 derom
396 208 35 20 att
453 206 52 28 den,
529 213 50 15 som
600 206 43 22 vill
662 206 91 22 bränna
768 206 57 22 sved
839 205 57 22 eller

138 240 117 28 kyttland,
280 240 66 28 skall,
368 240 73 22 bland
457 242 78 26 annat,
551 240 95 28 tillsäga
662 242 117 20 närmaste
794 246 102 22 grannar

138 275 87 27 härom,
242 277 90 19 ansetts
350 274 57 22 böra
425 274 142 28 förtydligas
583 274 95 28 derhän,
694 276 35 20 att
745 274 46 22 slik
813 274 83 21 under-

139 309 96 21 rättelse
250 308 42 22 bör
308 308 118 22 meddelas
441 309 136 27 rågrannar,
594 308 56 21 eller
666 308 58 28 dem,
736 308 93 22 hvilkas
840 314 56 22 egor

140 345 61 19 stöta
216 343 38 21 till
268 343 99 29 platsen,
384 342 41 22 der
436 342 139 29 svedjandet
585 342 59 22 skall
652 342 146 22 verkställas.
821 342 75 21 Dessa

139 384 102 22 grannar
255 378 74 20 måste
345 377 120 28 nemligen
480 376 71 22 hafva
566 379 74 19 mesta
655 377 99 21 intresse
765 377 41 21 vid
818 378 35 20 att
861 377 35 21 sä-

139 411 40 22 väl
195 411 133 27 öfvervaka,
345 411 39 21 det
392 410 143 22 föreskrifna
543 411 225 28 försigtighetsmätt
776 411 41 21 vid
827 411 69 21 brän-

140 446 88 21 nandet
244 446 122 28 iakttages,
383 452 49 14 som
447 445 44 21 ock
507 445 8 21 i
530 445 43 21 fall
589 445 25 21 af
627 445 73 21 behof
713 445 80 28 hjelpa
807 445 38 21 till
860 446 35 20 att

142 480 79 21 släcka
243 480 75 20 elden.
334 492 26 2 —
376 479 35 21 De
434 482 87 18 tvenne
544 482 85 18 smärre
648 479 132 28 ändringar,
797 486 48 14 som
860 478 37 22 för

143 514 72 28 öfrigt
230 513 80 29 gjorts,
327 513 65 21 torde
408 513 20 28 ej
445 512 102 22 behöfva
561 516 107 18 närmare
684 513 148 28 motivering.

211 548 11 21 I
238 549 12 25 8
266 548 28 22 30
316 547 71 22 hafva
409 547 208 28 bestämningarna
637 547 9 21 i
661 547 164 30 motsvarande
841 548 12 26 $
869 548 27 20 29

142 582 26 21 af
188 582 175 28 propositionen
386 581 52 21 med
461 582 74 27 några
557 581 127 28 ändringar
706 581 90 22 införts.
827 581 70 21 Före-

143 616 99 21 skriften
257 616 8 20 i
281 616 76 21 denna
372 617 12 25 &
401 616 85 25 derom,
502 617 35 19 att
553 615 35 29 dä,
599 615 41 21 vid
648 615 159 29 uppkommen
818 616 80 27 skogs-

145 650 45 28 eld,
214 650 63 21 faran
300 650 112 28 tilltager,
436 650 51 25 den,
511 650 14 20 å
548 650 69 21 hvars
641 650 66 21 mark
730 650 69 21 elden
813 650 84 28 härjar,

142 684 72 22 borde
237 684 80 21 härom
339 684 137 21 underrätta
493 687 70 17 nästa
577 684 166 28 kronobetjent
758 684 57 21 eller
830 684 68 21 forst-

143 718 142 28 tjensteman
308 718 56 21 eller
386 718 26 21 af
432 718 143 21 kommunen
592 718 160 28 tilläfventyrs
767 718 85 21 utsedd
866 718 32 20 le-

143 753 54 21 dare
221 752 25 21 af
267 752 223 28 släckningsarbete,
514 752 82 21 hvilka
620 752 45 21 alla
681 752 39 21 det
736 752 30 22 då
781 752 66 28 ålåge
864 753 34 20 att

143 789 84 26 genast
244 794 84 20 genom
346 786 85 21 utsänd
446 786 110 21 budkafle
573 786 167 22 sammankalla
754 786 145 28 släcknings-

143 821 119 28 manskap,
286 820 42 21 har
349 820 119 28 nemligen
489 820 53 21 icke
565 823 89 18 ansetts
669 820 229 29 tillfyllestgörande.

143 855 77 28 Egare
236 855 26 20 af
272 855 84 28 jorden
372 855 46 20 kan
433 861 55 15 vara
502 855 156 21 frånvarande
674 855 62 26 eller,
754 855 75 21 såsom
838 856 16 19 t.
864 861 34 14 ex.

145 889 30 22 då
197 888 68 22 elden
288 889 133 21 löskommit
446 889 13 20 å
481 889 100 25 utmark,
601 889 67 28 långt
684 889 103 22 derifrån
801 888 97 27 boende,

146 923 44 21 och
205 923 107 20 likadant
328 926 25 18 är
368 923 70 21 också
454 923 49 21 ofta
518 923 158 22 förhållandet
690 923 54 22 med
760 923 28 22 de
798 923 102 21 nämnda

144 957 38 21 till
197 957 121 21 budkafles
334 957 146 21 utsändande
496 957 147 28 berättigade
654 965 150 20 personerna.
832 957 13 21 I
860 964 39 14 an-

145 991 83 22 seende
244 991 38 21 till
298 991 27 22 de
341 991 133 28 betydande
490 991 123 26 distanser,
630 999 48 14 som
694 992 98 21 sålunda
807 991 90 26 härvid,

144 1026 9 21 i
169 1025 127 28 synnerhet
317 1027 8 20 i
348 1025 27 22 de
398 1025 133 28 nordligare
555 1026 95 21 delarne
673 1026 26 21 af
712 1026 86 27 landet,
814 1025 86 28 ifråga-

145 1060 98 27 komma,
266 1059 48 22 kan
336 1059 105 22 farelden
464 1059 133 22 emellertid
619 1060 71 21 hafva
712 1060 69 28 bragt
800 1059 101 28 ofantlig

145 1094 73 21 skada
234 1095 13 20 å
262 1094 58 26 stad,
336 1094 72 21 innan
430 1094 171 21 underrättelse
617 1101 37 14 om
669 1095 53 21 dess
737 1095 91 21 utbrott
843 1094 59 21 hun-

145 1129 36 21 nit
202 1128 9 21 i
233 1128 155 22 föreskrifven
410 1128 101 28 ordning
533 1128 175 22 vederbörande
734 1128 167 29 kronobetjent

145 1170 30 13 m.
194 1162 22 22 fl.
241 1162 125 22 meddelas.
404 1162 131 22 Ständerna
557 1163 72 21 hafva
650 1163 147 21 fördenskull
819 1163 83 21 ändrat

145 1196 179 29 ifrågavarande
340 1196 130 29 stadgande
481 1196 96 28 derhän,
590 1199 34 19 att
629 1197 88 28 jemväl
726 1197 175 28 skogsbetjente

145 1230 130 28 medgifves
292 1233 34 18 att
341 1231 35 20 för
392 1230 124 21 omordade
535 1231 109 21 ändamäl
658 1231 110 21 utskicka
784 1230 116 27 budkafle,

146 1267 60 19 samt
222 1267 34 19 att
272 1265 46 21 alla
326 1265 28 21 de
366 1265 80 21 härtill
454 1264 148 29 berättigade
612 1269 38 18 äro
660 1265 108 28 skyldige
778 1267 35 19 att
821 1267 80 25 straxt,

146 1299 26 21 sä
187 1301 65 19 snart
267 1299 28 21 de
310 1299 31 28 pä
362 1302 35 18 ett
419 1299 57 22 eller
499 1301 74 20 annat
593 1302 47 19 sätt
654 1312 28 3 —
697 1307 54 14 vare
768 1300 36 27 sig
818 1306 84 21 genom

146 1340 86 21 egaren
255 1333 57 21 eller
327 1333 136 22 annorledes
483 1347 21 2 —
523 1334 46 21 fätt
583 1334 170 21 underrättelse
770 1341 37 14 om
823 1333 79 28 skogs-

147 1367 73 26 elden,
239 1367 98 28 vidtaga
352 1367 73 22 sädan
440 1368 91 28 ätgärd.
556 1368 150 21 Beträffande
725 1367 177 28 kronobetjents

145 1401 184 22 underrättande
351 1409 36 14 om
402 1402 123 21 budkafles
541 1402 147 21 utsändande
704 1403 26 20 af
743 1409 78 14 annan
832 1401 70 22 hafva

146 1435 133 21 Ständerna
295 1435 50 28 ock,
361 1436 7 21 i
384 1436 155 21 betraktande
557 1437 26 20 af
596 1437 27 20 de
639 1437 91 26 härvid,
742 1437 76 20 säsom
829 1435 73 28 sades,
