1086 1717
352 149 24 22 U.
392 149 23 22 B.
432 161 27 3 —
475 149 64 28 Prop.
557 148 38 23 N:o
610 147 37 24 40.

364 500 212 29 Lagutskottets
601 500 171 22 betänkande
797 501 37 22 N:o
859 499 20 23 17

330 535 8 22 i
358 535 120 28 anledning
500 535 25 22 af
543 535 58 22 Hans
621 535 125 28 Kejserliga
763 535 116 28 Majestäts

332 569 81 28 nädiga
435 569 137 28 proposition
594 569 36 22 till
652 569 105 22 Finlands
777 569 102 28 Ständer,

332 603 115 29 angäende
473 603 116 23 lättnaden
611 605 7 20 i
640 603 167 29 värnepligtens
830 603 49 22 full-

332 638 99 29 görande
445 638 37 23 för
497 639 71 22 finske
583 638 151 29 medborgare,
750 644 45 17 som
810 638 69 23 vistas

331 673 8 22 i
354 673 117 28 Ryssland.

195 736 77 21 Denna
292 735 83 28 nädiga
395 735 133 28 proposition
549 736 40 21 har
608 735 25 22 af
645 735 102 28 samtliga
762 735 96 22 Ständen
873 735 8 22 i

125 770 103 22 afseende
250 771 15 20 å
287 769 157 22 förberedande
463 770 133 27 behandling
611 769 152 23 öfverlemnats
777 770 34 21 till
825 770 56 27 Lag-

126 805 113 26 utskottet,
260 811 44 15 som
325 804 109 28 derjemte,
453 805 30 26 pä
497 805 102 27 begäran,
616 804 49 22 frän
679 804 124 28 Kejserliga
817 804 65 22 Sena-

125 841 50 20 tens
197 839 108 21 allmänna
326 839 71 21 kansli
417 839 46 21 fått
477 840 110 26 emottaga
602 839 31 21 uti
648 839 100 21 ärendets
763 838 119 28 beredning

126 873 8 22 i
148 873 124 28 Kejserliga
286 873 95 22 Senaten
396 873 113 22 tillkomna
524 873 135 28 handlingar,
675 873 129 22 hvaribland
817 875 32 20 ett
859 873 25 21 af

126 914 27 15 en
173 907 35 22 för
222 907 124 22 ändamålet
360 907 87 22 nedsatt
462 907 80 22 komité
557 907 93 28 afgifvet
664 907 138 22 betänkande
814 907 67 28 jemte

127 941 82 28 förslag
224 941 33 22 till
273 941 132 28 författning
420 942 7 21 i
442 944 79 19 ämnet.
638 945 11 6 >

195 977 61 21 Inom
270 976 107 22 utskottet
391 976 68 22 hafva
474 976 58 22 olika
546 976 112 28 meningar
672 976 48 22 icke
734 977 105 27 försports
849 983 34 15 om

127 1010 190 28 nödvändigheten
340 1011 25 21 af
385 1011 106 27 åtgärder
509 1010 8 21 i
533 1011 36 22 det
584 1011 58 27 syfte
657 1011 41 22 den
712 1011 82 28 nådiga
809 1017 74 21 propo-

127 1045 93 22 sitionen
238 1045 98 22 föreslår.
365 1045 34 22 De
415 1045 139 28 olägenheter
568 1045 40 22 och
622 1045 122 28 kostnader,
760 1045 75 22 hvilka
849 1045 34 22 för

127 1079 8 22 i
153 1079 110 28 Ryssland
282 1080 91 27 bosatte,
393 1079 50 22 från
460 1079 59 22 olika
537 1080 85 21 trakter
642 1079 26 22 af
684 1080 94 21 Finland
792 1080 92 21 hemma-

128 1114 97 22 varande
240 1114 68 22 finske
323 1114 142 27 medborgare
480 1114 58 22 varit
552 1114 102 22 förenade
664 1115 49 21 med
723 1114 160 28 värnepligtens

126 1148 138 28 fullgörande
287 1148 56 22 inom
366 1148 26 22 de
415 1149 140 27 uppbådades
578 1149 46 21 ofta
638 1149 64 27 långt
716 1149 97 28 aflägsna
827 1149 57 22 hem-

126 1184 66 26 orter,
208 1185 38 19 äro
261 1182 140 28 naturligtvis
416 1183 123 27 synnerligt
552 1184 60 21 stora
627 1183 39 22 och
680 1183 138 28 betungande
828 1185 56 20 samt

127 1216 67 23 hafva
216 1217 8 21 i
245 1217 78 28 sjelfva
345 1217 78 22 verket
441 1217 47 22 ledt
503 1217 81 22 derhän
599 1219 34 20 att
647 1224 27 15 en
688 1219 45 20 stor
748 1217 35 22 del
798 1217 25 22 af
837 1217 47 22 dem

126 1251 127 22 försummat
276 1253 34 20 att
331 1251 81 22 infinna
434 1251 35 28 sig
491 1251 37 22 vid
547 1251 196 28 uppbådstillfället
762 1253 39 21 och
817 1251 68 22 andra

127 1285 78 22 endast
223 1292 77 21 genom
315 1285 118 23 understöd
449 1285 26 23 af
487 1286 109 22 allmänna
610 1286 69 22 medel
693 1287 83 21 kuunat
791 1286 94 28 fullgöra

128 1320 71 22 denna
214 1320 33 22 sin
261 1320 132 28 skyldighet.
423 1320 42 22 Till
481 1320 137 28 afhjelpande
634 1321 24 21 af
672 1321 61 22 dessa
748 1320 137 28 svärigheter

127 1354 41 22 har
182 1354 26 22 af
220 1354 84 22 Finska
318 1354 207 28 Passexpeditionen
538 1355 8 22 i
558 1355 32 22 St.
600 1356 133 27 Petersburg
742 1356 66 21 bland
818 1357 67 19 annat

127 1388 125 28 föreslagits
275 1389 135 22 inrättandet
432 1389 37 23 vid
493 1390 150 27 expeditionen
662 1390 25 21 af
700 1396 26 16 en
741 1389 144 29 besigtnings-

127 1422 86 28 nämnd,
236 1429 45 15 som
303 1424 56 27 egde
381 1423 56 22 efter
460 1424 86 22 anstäld
566 1424 126 28 besigtning
713 1424 88 22 utfärda
823 1424 62 27 intyg

127 1456 62 23 säväl
205 1457 25 21 ät
245 1457 26 22 de
286 1458 166 28 värnepligtige,
469 1464 51 21 som,
531 1458 56 22 efter
596 1458 112 23 verkstäld
718 1458 166 29 undersökning,

197 1496 141 23 Lagutskottets
350 1497 117 18 betänkande
480 1498 37 18 N:o
529 1498 27 18 17.
