1086 1717
813 149 26 20 19

110 216 130 27 möjliggöra
261 216 118 26 uppodling
398 216 23 20 af
440 216 26 20 de
482 216 110 21 enskildes
608 216 64 22 andel
688 216 23 21 af
724 216 80 22 kärret.
834 217 36 21 Li-

111 251 54 21 kasä
180 250 40 21 har
235 250 98 21 bemälde
349 246 155 31 Öfverstyrelse
520 250 107 22 anbefalts
643 252 39 24 att,
698 250 7 21 i
722 251 36 21 det
773 251 24 21 af
809 251 59 21 kom-

112 284 118 22 missionen
254 284 88 27 angifna
365 284 61 27 syfte,
447 285 45 20 läta
507 286 98 25 uppgöra
620 284 82 28 förslag
718 285 33 21 till
766 292 103 20 upprens-

111 319 52 27 ning
185 319 23 21 af
228 319 137 27 Kirkkojärvi
389 319 43 27 sjös
455 319 75 27 utlopp
554 325 77 21 genom
652 319 78 21 Kuusa
747 319 44 21 fors
811 320 58 21 inom

111 353 77 21 Pällilä
203 354 53 26 gods
272 355 56 19 samt
344 355 32 19 att
391 353 7 21 i
414 353 105 27 förslaget
534 353 32 21 till
582 354 181 21 nästkommande
779 355 34 21 års
829 354 39 22 all-

112 390 80 19 männa
211 388 88 21 arbeten
318 389 95 25 upptaga
428 387 77 27 nödigt
520 388 77 27 anslag
612 388 34 21 till
661 388 114 22 utförande
791 388 24 22 af
828 389 41 21 den

112 422 48 22 utaf
173 422 167 22 kommissionen
359 422 115 21 förordade
493 423 147 27 upprensning
656 423 24 21 af
694 423 26 21 de
734 423 65 22 Ilmes
815 424 54 26 gods

113 457 172 27 genomflytande
300 458 45 20 äar.
370 457 103 22 Deremot
488 457 39 22 har
542 457 180 22 kommissionens
737 457 83 28 förslag
830 460 39 24 att,

113 491 33 22 för
161 491 165 22 underlättande
342 491 23 22 af
377 493 112 25 transport
505 492 24 21 af
542 493 139 26 skogsalster,
698 493 26 20 de
735 498 77 21 genom
823 491 46 22 Sal-

113 526 46 26 mis,
176 526 128 27 Korpiselkä
320 526 39 21 och
375 526 107 21 Soanlaks
499 527 171 26 donationsgods
685 527 31 20 uti
731 527 90 26 Ladoga
836 529 33 18 ut-

113 560 94 27 flytande
223 562 39 19 äar
277 561 39 20 och
332 562 113 19 strömmar
460 561 69 21 blefve
545 561 143 27 upprensade,
704 561 47 21 icke
763 561 107 22 föranledt

113 595 33 21 till
169 596 71 25 nägon
263 595 83 26 ätgärd,
369 595 96 26 emedan,
490 595 68 27 enligt
574 595 58 21 hvad
647 595 169 28 Forststyrelsen
833 602 38 15 an-

114 630 59 25 mält,
197 630 26 21 de
242 629 24 21 af
280 630 62 20 dessa
356 629 136 27 vattendrag,
509 629 60 22 hvari
585 629 101 28 flottning
702 630 23 21 af
739 630 132 27 skogsalster

114 664 7 21 i
137 664 41 21 den
193 665 109 20 närmaste
321 663 115 22 framtiden
455 663 44 22 kan
515 664 163 27 ifrägakomma,
696 665 111 20 allaredan
822 664 48 21 blif-

114 699 31 21 vit
161 699 141 26 upprensade.

183 732 173 21 Kommissionen
381 733 39 20 har
443 733 64 21 äfven
528 733 95 26 päpekat
639 733 25 21 de
681 733 190 26 omständigheter,

115 773 47 14 som
184 767 93 21 verkade
299 767 128 21 hämmande
451 767 12 21 å
481 767 163 27 skeppsfartens
660 767 7 21 i
682 767 89 27 Ladoga
786 767 86 21 utveck-

115 801 45 27 ling
176 801 40 21 och
231 801 7 21 i
254 801 52 27 följd
322 801 62 21 deraf
397 801 63 21 äfven
475 802 90 26 menligt
579 803 14 20 å
608 802 42 21 den
666 802 34 21 del
716 801 22 22 af
747 801 126 22 donations-

116 836 112 26 allmogen,
245 842 45 15 som
306 842 51 15 vore
371 836 74 21 bosatt
460 836 36 21 vid
512 836 92 21 nämnde
620 836 32 27 sjö
669 836 40 21 och
725 838 65 25 egnat
805 836 32 26 sig
848 836 23 20 ät

116 869 127 27 skeppsfart.
273 870 69 21 Dessa
367 870 183 27 omständigheter
574 870 66 21 hafva
666 870 118 21 emellertid
809 870 62 27 inga-

116 904 66 21 lunda
204 905 92 26 undgätt
319 904 120 27 Styrelsens
462 905 198 26 uppmärksamhet.
689 905 46 21 Den
758 905 63 26 ringa
840 905 33 20 ut-

116 938 98 27 veckling
230 939 149 26 skeppsfarten
395 939 12 20 å
426 939 92 26 Ladoga
532 939 108 21 härintills
656 939 81 26 vunnit,
754 939 39 21 bör
807 939 67 20 sökas

117 973 45 21 dels
184 973 45 21 deri
253 975 33 19 att
307 973 96 21 farleden
425 973 36 21 vid
483 973 144 22 Nevaflodens
645 973 81 22 utflöde
741 980 26 14 ur
782 973 92 26 Ladoga

115 1007 134 27 smäningom
264 1008 143 26 uppgrundat,
423 1007 8 21 i
446 1007 54 27 följd
516 1007 78 21 hvaraf
608 1007 136 28 djupgäende
755 1007 71 27 fartyg
837 1013 37 15 en-

117 1042 48 21 dast
180 1041 35 21 vid
230 1042 52 26 högt
296 1042 137 21 vattenständ
449 1042 75 21 kunna
538 1042 74 27 inlöpa
627 1042 6 21 i
649 1042 95 21 nämnda
758 1041 50 26 flod,
825 1041 47 22 dels

117 1076 40 21 ock
171 1076 32 21 uti
218 1076 41 21 den
274 1076 123 21 föräldrade
416 1076 159 26 konstruktion,
595 1076 66 27 enligt
676 1076 87 21 hvilken
779 1076 72 27 fartyg
867 1075 8 21 i

117 1111 64 21 dessa
194 1111 84 20 trakter
293 1111 86 27 byggas.
399 1111 34 20 Dä
448 1111 140 20 förenämnde
598 1111 71 21 farled
680 1113 24 18 är
715 1111 89 26 belägen
814 1111 60 20 inom

116 1145 117 27 Rysslands
248 1145 93 26 omräde,
357 1145 65 21 hafva
437 1145 70 26 nägra
523 1145 83 21 direkta
622 1145 101 27 ätgärder
738 1145 49 21 frän
802 1144 71 22 finska

118 1179 118 28 Styrelsens
260 1179 48 22 sida
326 1180 32 21 för
377 1180 71 21 denna
463 1179 81 22 farleds
560 1180 146 27 upprensning
723 1179 40 22 och
778 1179 97 27 fördjup-

117 1214 51 27 ning
183 1214 47 21 icke
245 1214 83 21 kunnat
342 1214 107 27 vidtagas.
473 1213 43 22 Det
531 1214 56 21 enda
602 1214 110 27 Styrelsen
727 1213 78 22 härvid
820 1213 54 22 kun-

117 1251 39 18 nat
177 1249 87 26 tillgöra
286 1249 40 20 har
348 1247 115 23 inskränkt
485 1249 33 26 sig
540 1248 33 21 till
592 1250 32 19 att
639 1248 59 21 fästa
712 1248 163 21 vederbörande

118 1283 239 27 embetsmyndigheters
381 1284 7 20 i
413 1283 108 27 Ryssland
545 1283 192 27 uppmärksamhet
761 1284 28 26 pä
814 1284 59 20 näst-

118 1318 91 21 nämnde
232 1318 163 26 omständighet.
425 1318 96 21 Numera
543 1318 67 21 hafva
632 1318 63 21 äfven
717 1323 76 21 genom
812 1317 63 21 Mini-

119 1354 68 19 sterns
209 1352 33 21 för
264 1352 239 22 kommunikationerna
525 1352 172 21 föranstaltande
719 1351 158 22 förberedande

119 1386 185 28 undersökningar
329 1387 7 21 i
362 1386 87 22 berördt
475 1386 101 22 afseende
600 1386 108 27 vidtagits.
737 1385 139 22 Beträffande

119 1420 109 27 fartygens
243 1420 150 22 konstruktion
410 1421 40 21 och
465 1420 145 28 sjöduglighet
624 1420 40 21 har
678 1420 121 27 Kejserliga
809 1419 68 22 Sena-

119 1456 36 20 ten
178 1460 76 22 genom
276 1462 26 14 en
326 1454 84 22 erfaren
430 1455 40 21 och
487 1454 91 27 skicklig
594 1454 219 27 skeppskonstruktör
827 1454 51 21 lätit
