1086 1717
303 146 80 22 Ständ.
400 145 35 23 Sv.
451 158 27 3 —
493 145 70 28 Prop.
579 146 41 22 N:o
634 146 35 21 32.
807 146 27 21 13

247 202 89 27 enhvar,
352 210 43 14 som
410 202 97 22 innehar
523 202 27 28 af
557 202 97 22 bankens
664 202 146 28 obligationer,
822 204 39 24 att,

246 236 37 22 vid
297 236 82 28 förlust
393 236 28 28 af
433 236 30 22 all
478 237 75 21 vidare
568 238 47 20 rätt
630 236 33 22 till
674 236 117 28 betalning,
801 236 61 21 inom

248 270 36 21 två
306 270 26 22 år
353 270 54 28 från
429 270 153 29 kungörelsens
604 271 82 26 datum,
702 270 9 22 i
725 270 63 28 förra
802 270 64 28 fallet

247 304 92 27 uppvisa
361 305 108 21 desamma
493 305 33 21 till
548 304 112 29 bokföring
683 305 37 21 och
731 304 133 29 påteckning

247 338 63 28 inför
324 339 42 21 den
376 346 87 20 person,
479 346 44 14 som
538 339 214 21 konkursdomstolen
766 340 9 20 i
785 339 81 22 sådant

248 373 100 27 afseende
363 373 36 21 bör
413 375 53 25 utse,
483 375 56 20 samt
552 374 10 21 i
576 380 77 15 senare
672 374 125 26 händelsen,
813 374 52 21 eller

248 407 28 21 då
291 407 149 29 årsstämning
464 408 72 27 blifvit
556 408 113 27 utfärdad,
690 409 35 20 att
737 408 67 27 förete
819 408 46 27 för-

249 441 136 22 bindelserna
401 441 34 22 till
449 441 86 22 inlösen
546 441 8 22 i
564 441 92 22 banken.
687 441 106 22 Nämnda
807 441 56 22 kun-

246 475 80 28 görelse
349 475 36 22 bör
404 475 69 22 minst
487 476 35 21 två
535 476 83 27 gånger
632 476 72 21 under
718 476 107 21 hvardera
840 475 28 28 af

248 510 60 21 dessa
324 510 26 21 år
365 510 8 21 i
387 510 112 27 kyrkorna
521 510 105 27 uppläsas
647 512 58 19 samt
725 511 35 21 uti
781 510 84 22 landets

249 544 116 22 allmänna
382 545 114 28 tidningar
507 545 65 27 jemte
586 545 26 21 de
623 545 120 28 tidningar,
755 552 44 14 som
808 544 57 22 kun-

248 585 33 15 na
302 579 97 28 utgifvas
413 579 14 21 å
443 581 62 24 orter,
526 579 38 21 der
586 579 97 22 bankens
704 579 87 28 styrelse
806 579 60 21 varit

249 613 86 28 förlagd
357 613 51 22 eller
425 613 125 22 densamma
568 613 50 28 haft
632 613 83 27 kontor,
727 614 33 27 på
775 613 90 28 bolagets

250 647 115 22 bekostnad
380 647 92 28 införas.

307 681 38 22 Då
367 681 96 22 konkurs
485 681 118 29 föreligger,
626 683 61 20 utser
708 681 95 22 Senaten
819 681 46 22 der-

246 715 66 28 jemte
326 717 30 20 ett
369 716 104 21 särskildt
481 716 81 26 ombud,
571 723 45 14 som
633 723 47 21 eger
695 717 34 20 att
739 715 71 22 tillika
819 716 48 21 med

250 750 261 28 konkursförvaltningen
533 750 116 27 öfvervaka
664 752 34 20 att
712 750 97 22 bankens
824 750 43 21 till-

248 785 87 28 gångar
349 786 57 20 utan
421 785 103 27 dröjsmål
539 785 117 21 realiseras
667 785 36 21 och
714 786 34 20 att
758 784 109 28 obligatio-

250 825 73 15 nerna
346 819 112 28 behörigen
479 819 89 22 inlösas.
598 819 68 22 Detta
688 819 87 22 ombuds
789 819 78 22 arvode

252 853 121 22 bestämmes
393 853 28 28 af
432 853 97 22 Senaten
544 853 37 22 och
595 853 66 28 utgår
676 853 28 28 af
714 853 153 22 konkursmas-

250 895 54 15 sans
319 887 71 22 medel.

523 946 18 23 8
554 943 36 22 14.

307 989 78 27 Hafva
399 988 69 22 banks
483 989 119 28 tillgångar
612 988 105 27 upplåtits
728 988 34 21 till
771 987 98 22 konkurs

251 1023 52 22 eller
324 1024 43 21 har
388 1023 150 28 ärsstämning
560 1023 89 28 begärts,
672 1024 28 20 är
714 1022 36 28 för
765 1022 102 28 fordran,

250 1057 88 22 hvilken
357 1057 102 28 grundar
477 1057 32 27 sig
524 1057 14 21 å
552 1056 163 22 räntebärande
738 1055 130 28 låneobliga-

252 1092 52 26 tion,
320 1098 80 15 annan
423 1091 121 28 bevakning
558 1091 9 21 i
582 1091 131 26 konkursen,
729 1093 32 19 än
775 1091 44 21 den
833 1090 35 21 uti

250 1129 18 24 8
282 1126 28 21 13
325 1125 134 28 föreskrifna
476 1125 116 26 anmälan,
608 1125 45 21 icke
668 1124 133 29 erforderlig.

527 1185 17 23 $
559 1182 33 21 15.

320 1228 67 22 Bank
401 1228 134 27 underlyder
548 1228 36 21 uti
598 1227 50 27 mål,
664 1227 36 28 för
714 1227 74 22 hvilka
798 1227 20 28 ej
829 1233 40 15 an-

251 1263 112 22 morlunda
378 1262 9 21 i
402 1262 35 28 lag
459 1262 93 28 stadgas,
576 1261 85 22 allmän
678 1261 118 22 underrätt
811 1261 9 21 i
835 1267 34 14 or-

252 1299 42 25 ten,
310 1298 38 21 der
363 1296 96 22 bankens
483 1296 88 28 styrelse
593 1296 68 28 enligt
675 1295 196 29 bolagsordningen

251 1332 43 22 har
308 1332 39 21 sitt
361 1332 50 20 säte.
442 1330 61 22 Dock
518 1330 35 22 må
568 1330 70 26 talan,
655 1337 45 15 som
712 1329 159 29 grundas
819 1325 13 38 å
843 1325 31 38 en

251 1365 36 21 vid
309 1364 204 29 afdelningskontor
536 1364 132 22 tillkommen
689 1364 130 28 uppgörelse,
834 1364 35 20 ut-

251 1399 61 28 föras
334 1399 65 27 äfven
421 1399 44 27 der,
490 1398 88 22 hvarest
600 1405 83 15 samma
704 1398 78 21 kontor
798 1397 73 27 finnes

251 1434 115 21 inrättadt.
