1086 1717
233 149 37 38 .68
542 153 42 23 N:o
598 153 36 22 36.

210 215 35 23 till
260 215 66 23 böter
338 215 26 29 ej.
373 215 60 23 öfver
447 215 129 23 femhundra
591 216 63 22 mark
669 216 52 22 eller
735 215 117 27 fängelse
842 211 13 39 i
866 211 57 39 högst
932 211 40 39 tre

209 250 111 21 månader.

284 284 25 21 11
327 284 19 26 8.
377 283 64 26 Hvar,
457 290 46 15 som
518 284 140 27 uppsåtligen
674 284 8 21 &
702 284 80 21 allmän
793 284 174 27 telegrafanstalt

211 318 57 22 eller
287 318 48 22 dess
357 317 102 23 tillbehör
471 317 99 23 föröfvar:
581 318 111 28 handling,
707 318 88 22 hvilken
810 318 89 22 hindrar
914 318 53 21 eller

210 353 46 21 stör
278 352 119 22 anstaltens
420 352 149 28 begagnande,
592 352 86 22 straffes
698 353 50 21 med
770 352 119 28 fängelse
881 348 15 37 i
903 352 65 27 högst

209 387 38 21 två
261 387 31 20 år.

282 420 43 23 För
349 420 100 23 vållande
470 420 33 23 till
525 421 79 22 sådant
626 421 77 22 hinder
725 427 51 16 vare
799 421 84 22 straffet
904 420 65 23 böter

210 455 65 28 högst
296 455 129 22 femhundra
442 455 63 22 mark
519 455 52 22 eller
586 455 96 28 fängelse
698 455 22 28 ej
733 455 60 22 öfver
808 457 36 20 tre
855 456 113 21 månader.

282 490 28 21 12
325 491 18 26 8.
372 489 53 27 Den,
444 497 53 18 som,
518 490 7 21 i
548 489 66 28 afsigt
635 492 33 19 att
688 489 115 22 framkalla
817 489 48 22 fara
879 489 35 22 för
926 497 41 14 an-

210 531 57 15 nans
280 524 27 21 lif
319 524 52 21 eller
385 523 67 26 helsa,
463 524 137 27 uppsåtligen
612 524 122 21 förorsakat
744 524 82 27 fartygs
837 523 131 28 sjunkande;

209 558 168 27 grundsättning
392 558 53 21 eller
459 559 133 26 strandning,
608 558 84 21 straffes
707 559 49 20 med
766 558 90 21 tukthus
867 558 48 21 från
925 557 43 22 och

209 593 51 20 med
283 593 36 21 två
342 592 32 21 till
392 592 40 21 och
447 593 49 20 med
511 593 47 20 åtta
573 593 25 20 år
613 593 41 20 och
668 592 78 21 förlust
761 593 24 20 af
798 592 169 27 medborgerligt

208 627 132 22 förtroende,
370 627 44 21 Var
435 627 55 21 hans
505 627 64 27 afsigt
584 627 48 21 icke
647 629 33 19 att
694 627 116 21 framkalla
825 627 67 21 sådan
906 627 60 24 fara;

210 663 74 20 dömes
299 661 34 22 till
346 661 91 22 tukthus
451 662 7 20 i
473 656 67 33 högst
551 661 48 28 fyra
614 662 24 20 år
654 661 40 22 och
708 661 81 21 förlust.
796 661 24 21 af
827 661 141 27 medborger-:

208 697 40 27 ligt
263 696 130 21 förtroende.

280 730 83 22 Försök
377 732 24 19 är
416 730 116 21 straffbart.

280 765 54 25 Den,
355 771 46 14 som
421 765 66 21 vållat
503 764 81 27 fartygs
600 763 127 28 sjunkande,
743 763 174 27 grundsättning,
934 763 33 21 el--

208 800 31 21 ler
263 799 133 27 strandning,
412 799 84 21 straffes
511 799 49 21 med
574 799 62 20 böter
652 798 18 27 ej
688 799 67 20 under
771 797 74 22 femtio
860 797 60 22 mark
933 797 31 21 el-

206 835 33 20 ler
254 833 96 28 fängelse
365 833 7 20 i
387 833 63 27 högst
465 835 32 19 ett
512 834 29 21 år.

282 869 26 20 13
324 869 17 26 $.
372 867 65 26 Hvar,
460 874 52 19 som,
527 867 8 21 i
553 867 65 27 afsigt
634 868 32 19 att
681 865 115 22 framkalla
810 865 48 22 fara
872 865 34 22 för
920 865 46 28 sjö-

207 903 98 24 farande,
328 901 137 28 uppsåtligen
487 901 85 26 förstör,
595 901 120 21 förderfvar
737 900 52 21 eller
807 899 160 22 undanskaffar

207 937 43 27 fyr-
274 936 51 21 eller
343 935 156 27 känningsbäk,
516 935 111 28 fyrfartyg,
642 934 101 28 fyrlykta,
758 934 67 27 prick,
841 934 76 27 visare,
932 934 35 21 el-

206 971 32 21 ler
261 973 67 19 annat
350 970 81 27 tecken,
447 977 46 14 som
508 971 24 20 är
547 972 44 19 satt
607 969 33 21 till
654 968 90 22 rättelse
758 968 33 21 för
806 968 110 27 sjöfarten,
932 968 30 21 el-

206 1006 32 21 ler
253 1005 84 21 släcker
352 1005 41 25 eld,
408 1004 88 21 hvilken
509 1004 35 21 till
558 1003 90 22 rättelse
662 1003 34 21 för
710 1002 124 28 sjöfarande
845 1002 54 21 skall
909 1009 58 15 vara:

202 1041 65 24 tänd,
284 1039 52 21 eller
350 1039 124 21 underlåter
489 1041 32 18 att
536 1039 114 26 upptända
662 1037 42 26 eld,
715 1044 45 13 som
770 1036 43 21 han
822 1036 34 21 för
867 1037 100 21 nämnda:

206 1073 103 22 ändamål
332 1073 39 21 bör
392 1072 160 28 vidmagthålla,
568 1072 52 21 eller
639 1073 39 25 gör
696 1071 57 21 falsk
769 1071 41 25 eld,
826 1071 52 21 eller
892 1072 73 20 sätter

206 1115 44 20 upp
267 1110 68 19 annat
350 1107 65 21 falskt
430 1107 88 25 tecken;
533 1106 85 21 straffes
633 1106 50 21 med
697 1105 90 21 tukthus
802 1105 48 21 från
861 1105 40 21 och
911 1106 51 21 med

204 1143 38 21 två
256 1142 34 21 till
305 1142 40 21 och
360 1143 49 20 med
424 1142 47 21 åtta
486 1142 24 21 år
525 1141 40 21 och
580 1140 78 21 förlust
673 1140 25 21 af
705 1139 168 27 medborgerligt
883 1139 85 22 förtro--

204 1177 65 21 ende.
300 1175 79 28 Gjorde
394 1175 43 21 han
454 1177 37 20 det
505 1177 53 19 utan
577 1175 68 20 sådan
668 1174 73 27 afsigt;
765 1174 74 20 dömes
854 1173 31 21 till
901 1173 59 22 tukt-

203 1211 41 20 hus
258 1211 9 20 i
281 1210 63 27 högst
360 1209 46 28 fyra
420 1210 25 20 år
460 1209 39 22 oeh
515 1209 77 21 förlust
606 1208 25 21 af
644 1207 166 28 medborgerligt
827 1207 132 22 förtroende:

272 1243 83 22 Försök
370 1249 23 16 är
408 1243 118 21 straffbart.

272 1278 46 22 Har
336 1278 71 27 någon
422 1277 24 22 af
459 1277 99 22 vållande
580 1277 57 27 gjort
658 1277 33 27 sig
714 1275 83 28 skyldig
813 1275 33 22 till
860 1277 99 27 gerning,

201 1320 47 14 som
263 1313 40 21 här
318 1314 24 20 är
357 1313 91 24 nämnd;
463 1312 83 21 straffes
562 1312 48 20 med
625 1311 62 21 böter:
702 1311 19 27 ej
732 1311 70 21 under
812 1310 73 22 femtio
896 1311 71 21 mark:

200 1347 54 21 eller
269 1346 96 28 fängelse
380 1347 7 20 i
401 1346 64 27 högst
480 1348 31 19 ett
526 1347 29 20 år.

272 1382 27 20 14
314 1381 18 27 $.
361 1380 53 26 Den,
436 1387 46 14 som
503 1380 138 27 uppsåtligen
664 1379 100 27 förgiftar
785 1379 174 27 vattenledning;

198 1415 73 21 brunn
286 1415 52 21 eller
353 1422 72 14 annan
441 1415 68 21 sådan
520 1414 174 27 vattensamling,
704 1414 53 20 eller
767 1416 105 23 matvara,
883 1413 82 28 dryck;

198 1449 55 21 eller
274 1451 68 19 annat
363 1449 52 27 ting,
436 1456 45 14 som
503 1449 71 27 tjenar
594 1448 33 22 till
646 1449 80 20 andras
741 1447 56 21 bruk
812 1448 52 21 eller
879 1448 24 20 är
918 1448 37 21 be-
