1086 1717
341 152 24 22 U.
381 152 24 22 B.
421 164 27 3 —
463 152 66 28 Prop.
544 152 38 22 N:o
598 151 33 23 39.
827 154 12 18 3

113 218 85 28 ningar,
210 224 44 16 som
263 217 106 22 hänförde
383 218 35 27 sig
433 218 34 21 till
482 218 59 21 brott
556 217 7 21 i
573 218 124 27 allmänhet,
708 219 57 20 samt
775 217 94 22 derefter

113 252 109 22 straffbud
244 252 34 22 för
300 252 26 22 de
348 252 107 22 särskilda
475 252 93 27 brotten,
585 252 26 22 de
627 252 134 22 sistnämnda
776 252 94 22 ordnade

114 286 57 22 efter
184 287 245 27 rättskränkningarnes
445 287 58 21 olika
519 286 149 22 beskaffenhet
683 287 39 21 och
737 286 133 22 omfattande

115 321 18 28 ej
151 322 56 21 blott
222 321 110 27 egentliga
346 322 116 21 rättsbrott
481 321 67 27 jemte
563 321 113 27 religions-
691 321 38 21 och
744 321 127 27 sedlighets-

115 356 146 27 förbrytelser,
277 357 53 20 utan
352 356 40 21 ock
414 356 27 21 de
463 355 36 22 för
513 356 114 21 samhället
640 355 125 28 vådligaste
780 356 39 21 och
833 355 38 22 all-

115 392 101 20 männast
237 390 174 22 förekommande
426 390 209 27 politiförbrytelser.
666 390 140 22 Straffbuden
820 390 51 22 slut-

115 424 60 29 ligen
188 425 67 22 borde
270 424 8 22 i
293 425 116 22 allmänhet
423 431 55 16 vara
493 424 89 23 relativt
596 425 114 22 bestämda
720 425 52 22 eller
782 424 89 29 angifva

116 459 27 22 de
158 460 79 27 högsta
252 460 38 21 och
303 459 72 28 lägsta
385 459 67 28 straff,
469 466 44 15 som
527 460 67 27 jemte
608 459 183 28 mellanliggande
801 458 71 23 straff-

117 494 79 27 grader
217 494 72 22 kunde
304 494 34 21 för
359 494 76 27 hvarje
456 495 61 21 brott
531 494 69 22 under
614 494 60 21 olika
688 494 185 27 omständigheter

117 529 95 21 ädömas.

186 563 184 22 Ofvanbeskrifna
385 563 132 27 proposition
533 563 46 22 blef
587 563 25 22 af
624 563 122 22 Ständerna
761 563 7 22 i
783 562 90 23 hufvud-

118 597 86 28 sakliga
219 597 60 22 delar
289 597 108 28 godkänd,
407 597 112 23 hvarefter
529 598 136 27 väsentligen
676 598 29 27 pä
716 597 70 22 denna
795 597 78 28 grund-

118 633 36 22 val
169 634 33 20 ett
216 632 82 27 förslag
313 632 33 21 till
361 639 29 20 ny
405 632 80 22 allmän
500 632 100 27 strafflag
612 633 68 27 jemte
695 631 83 29 förslag
787 632 34 21 till
831 631 42 22 för-

119 667 119 28 ordningar
254 673 32 15 om
301 667 166 27 verkställighet
482 667 25 21 af
520 667 64 22 straff
603 668 56 21 samt
674 673 34 15 om
722 666 114 22 införande
851 666 25 22 af

119 701 129 28 strafflagen
270 701 139 22 utarbetades
425 701 24 22 af
462 708 27 15 en
505 701 34 22 för
553 701 125 22 ändamålet
693 701 88 22 nedsatt
794 701 80 22 komite

119 738 56 19 samt
190 737 108 21 utkommo
320 736 8 21 i
342 737 63 26 tryck
425 737 26 20 är
467 738 62 20 1875.
559 737 39 21 Uti
614 737 26 21 de
655 737 124 27 yttranden,
794 735 81 25 hvilka,

119 771 29 26 pä
163 772 45 20 sätt
222 771 8 20 i
245 770 137 27 inledningen
399 771 34 21 till
446 777 29 15 nu
489 771 151 27 föreliggande
652 771 83 28 nädiga
744 771 131 28 proposition

120 807 128 23 omnämnes,
264 805 62 22 öfver
339 805 92 21 berörda
445 805 84 27 förslag
544 805 100 28 afeäfvos
659 805 25 22 af
697 806 107 21 särskilda
818 812 58 21 myn-

121 839 100 27 digheter
236 839 39 22 och
290 839 98 22 enskilda
403 846 108 21 personer,
527 840 77 27 gjorde
618 839 35 28 sig
669 840 37 22 det
720 840 96 22 omdöme
831 840 45 27 gäl-

120 873 71 28 lande,
200 875 34 20 att
248 873 223 28 strafflagsförslaget,
487 881 45 15 som
546 874 35 21 för
596 874 68 27 öfrigt
679 875 108 22 utmärkte
797 875 34 27 sig
841 881 36 21 ge-

121 914 49 15 nom
192 914 26 15 en
234 908 134 27 omsorgsfull
388 909 39 21 och
447 909 147 21 uttömmande
609 909 132 28 behandling
757 909 24 22 af
798 911 78 25 ämnet,

122 942 45 21 dels
182 942 81 22 lemnat
284 942 34 22 för
340 944 55 20 stort
416 945 106 25 utrymme
544 944 24 21 ät
588 943 109 22 allmänna
711 943 166 28 vetenskapliga

121 977 63 26 läror,
201 977 45 21 dels
262 977 58 27 gjort
332 977 120 27 lagbudens
463 977 117 28 affattning
595 977 74 22 alltför
684 978 124 22 kasuistisk.
833 976 44 23 För

122 1013 34 19 att
170 1011 8 21 i
193 1011 117 28 anledning
327 1012 66 21 häraf
405 1012 39 21 och
459 1012 49 21 med
523 1013 83 26 hänsyn
620 1012 35 21 till
669 1013 58 21 hvad
742 1013 65 22 äfven
821 1014 57 20 emot

122 1045 108 22 särskilda
244 1045 92 28 detaljer
350 1047 111 21 anmärkts
476 1047 119 22 verkställa
610 1053 27 15 en
650 1047 93 22 revision
753 1047 25 22 af
786 1047 93 22 berörda

122 1079 83 28 förslag
225 1080 111 22 nedsattes
358 1081 121 21 sedermera
502 1087 27 16 en
546 1087 30 21 ny
590 1081 88 28 komit6,
693 1082 65 21 hvars
773 1081 106 22 underdä-

123 1114 53 28 niga
196 1114 83 28 förslag
301 1115 33 22 till
348 1115 100 28 strafflag
465 1115 49 22 med
530 1115 71 22 dertiil
616 1116 96 21 hörande
727 1115 152 28 förordningar

123 1149 73 27 utgafs
211 1149 8 21 i
234 1150 63 26 tryck
312 1150 26 21 är
350 1150 87 26 1884*).
453 1149 73 22 Sedan
541 1150 113 22 utlätande
670 1150 61 22 öfver
745 1150 134 22 sistnämnda

123 1183 83 28 förslag
221 1183 99 28 afgifvits
336 1184 24 21 af
370 1184 179 27 jurisprofessorn
567 1185 37 21 vid
618 1185 83 26 Upsala
715 1185 129 22 universitet
858 1185 20 20 J.

123 1217 149 28 Hagströmer,
288 1219 40 21 har
342 1219 82 27 förslag
435 1219 34 21 till
484 1219 68 28 nädig
567 1219 132 27 proposition
714 1219 8 22 i
736 1221 72 20 ämnet
823 1221 58 19 utar-

123 1253 73 21 betats
212 1252 24 21 af
256 1254 33 20 ett
303 1253 57 21 inom
381 1253 124 28 Kejserliga
520 1253 105 22 Senatens
645 1253 235 28 justitiedepartement

124 1287 88 21 nedsatt
233 1287 91 28 utskott,
348 1287 84 23 hvilket
446 1287 85 29 förslag
545 1288 109 28 godkänts
669 1287 26 23 af
706 1288 124 28 Kejserliga
845 1287 36 22 Se-

124 1323 67 20 naten
214 1322 39 21 och
278 1322 48 22 med
348 1323 71 27 några
441 1322 32 22 uti
492 1323 101 21 Komitén
612 1322 35 22 för
665 1323 70 21 finska
750 1322 131 23 ärendena
869 1318 16 36 i

125 1356 33 21 S:t'
179 1356 133 28 Petersburg
333 1357 126 22 verkstälda
481 1357 119 28 ändringar
622 1357 72 28 ligger
714 1357 34 22 till
762 1357 71 28 grund
847 1356 35 31 för

125 1390 42 22 den
182 1397 29 15 nu
226 1390 122 23 Ständerna
361 1391 127 22 meddelade
502 1392 166 27 propositionen.

194 1436 18 23 +)
224 1437 101 18 Benämnes
337 1437 6 17 i
356 1437 31 17 det
399 1437 78 23 följande
491 1437 227 23 ,Granskningskomiténs
729 1437 86 23 förslag".
