1086 1717
218 141 12 19 8
525 141 34 21 N:o
578 141 36 21 32.

189 209 43 21 han
256 208 48 22 icke
328 210 59 20 desto
411 210 83 20 mindre
519 210 70 21 såsom
609 210 59 21 förut
684 209 101 27 ansvarig
801 209 33 21 för
849 209 97 27 bolagets

190 242 146 23 förbindelser
358 244 69 21 under
450 244 43 21 tolf
513 244 105 22 månader
633 244 48 21 från
698 244 41 21 den
755 244 48 27 dag,
820 244 27 20 då
862 244 84 26 bolags-

190 280 105 19 stämmas
318 278 71 21 beslut
413 284 32 15 om
471 279 158 26 godkännande
652 279 24 21 af
690 278 149 22 öfverlåtelsen
855 278 91 22 blifvit
935 274 14 36 i

190 312 87 22 landets
294 312 92 22 officiela
401 313 112 27 tidningar
529 314 123 26 kungjordt.

262 347 42 21 För
328 347 129 28 bankbolag,
481 348 109 26 grundadt
614 349 27 25 på
665 348 77 27 aktier,
758 348 69 26 gäller
842 349 32 19 att
889 348 57 20 aktie

190 382 48 21 icke
262 382 35 20 må
320 382 137 21 annorlunda
477 384 27 19 än
521 383 32 21 till
570 382 42 22 viss
630 389 49 15 man
695 382 100 22 utställas
811 382 52 21 eller
879 382 67 21 öfver-

190 416 63 21 låtas.

262 451 10 21 I
288 451 58 21 bank
369 451 54 22 böra
444 452 65 21 minst
532 453 36 20 två
592 452 133 27 tredjedelar
741 451 23 21 af
778 451 49 21 dess
843 452 103 26 styrelses

189 486 141 21 medlemmar
354 486 109 22 äfvensom
479 487 7 20 i
503 488 65 25 öppet
590 487 123 26 bankbolag
732 486 99 27 samtlige
847 487 99 26 delegare

189 526 52 15 vara
256 519 68 22 finske
340 521 149 27 medborgare.

544 585 12 26 $
572 585 19 20 3.

262 624 108 21 Tillstånd
393 625 34 20 till
449 625 124 20 inrättande
598 625 23 21 af
635 625 57 21 bank
708 625 64 20 sökes
787 625 38 20 hos
843 625 103 21 Senatens

188 658 276 27 Ekonomiedepartement.

264 688 209 26 Öfverensstämmer
497 694 41 20 den
562 693 33 21 för
615 693 85 22 banken
716 693 130 26 upprättade
862 693 84 27 bolags-

191 727 93 27 ordning
310 728 49 20 med
382 728 71 21 denna
478 728 126 26 förordning
628 728 39 21 och
690 728 56 21 hvad
769 727 36 27 lag
827 727 32 21 för
883 728 64 26 öfrigt

192 762 89 26 stadgar
297 764 57 19 samt
369 763 64 26 eljest
449 763 48 20 skäl
513 763 33 20 till
562 763 71 26 afslag
648 763 48 20 icke
712 763 149 24 förekommer,
887 762 59 21 bifal-

190 796 32 21 les
245 796 157 28 ansökningen,
426 797 54 21 dock
496 797 48 21 med
560 797 96 26 uttryckt
678 797 106 21 förbehåll
807 799 32 18 att
862 797 86 26 bolaget

192 832 24 19 är
232 831 96 26 skyldigt
348 831 133 21 underkasta
498 831 33 27 sig
546 831 116 22 framdeles
685 831 145 27 tilläfventyrs
853 831 93 22 skeende

189 865 153 27 förändringar
358 865 6 21 i
381 866 70 21 denna
466 866 133 27 förordning.

262 895 123 32 Ändringar
402 900 53 21 eller
470 900 92 27 tillägg
555 891 11 41 i
576 901 205 27 bolagsordningen,
797 907 46 14 som
852 900 23 21 af
888 900 58 21 bola-

190 935 36 25 get
241 934 105 27 beslutas,
363 935 61 21 skola
440 935 105 21 likaledes
561 935 7 21 i
579 935 114 21 enahanda
708 935 103 21 afseende
826 935 121 21 understäl-

190 968 32 21 las
240 968 105 21 Senatens
361 969 107 26 pröfning.

262 998 71 31 Öppet
356 1003 124 27 bankbolag
503 1004 55 20 skall
581 1004 134 21 beträffande
740 1003 206 27 bolagsordningens

189 1037 118 26 intagande
324 1037 6 21 i
346 1038 98 26 offentlig
466 1038 138 27 myndighets
626 1038 109 27 protokoll
752 1038 39 21 och
807 1038 139 27 kungörande

190 1071 23 21 af
227 1078 93 15 namnen
336 1073 28 25 på
382 1073 25 20 de
424 1079 109 20 personer,
550 1079 46 14 som
612 1073 61 21 skola
688 1072 151 21 underteckna
850 1072 95 22 bankens

190 1106 151 27 förbindelser,
366 1107 65 21 ställa
455 1107 33 26 sig
510 1107 33 20 till
560 1107 145 21 efterrättelse
721 1107 57 20 hvad
794 1107 7 20 i
817 1107 60 20 detta
893 1108 53 20 afse-

191 1141 54 20 ende
262 1147 34 14 om
312 1141 125 26 aktiebolag
452 1142 102 26 stadgadt
570 1143 30 19 är.

542 1205 11 26 S
573 1205 20 20 4
701 1227 3 3 .

259 1243 63 21 Bank
346 1243 39 22 bör
409 1250 39 21 ega
472 1246 31 19 ett
526 1244 60 27 visst,
609 1245 33 20 uti
660 1245 50 20 dess
726 1244 169 27 bolagsordning
910 1244 36 21 be-

189 1278 81 21 stämdt
294 1279 160 26 grundkapital.
486 1279 29 21 Af
535 1279 60 21 detta
618 1279 83 27 kapital
717 1279 63 25 skall,
798 1279 35 20 vid
849 1278 97 28 äfventyr

188 1313 23 20 af
224 1313 205 26 bankrättighetens
446 1314 149 24 förverkande,
607 1314 7 21 i
625 1314 85 21 landets
727 1313 102 27 gällande
845 1315 59 25 mynt
914 1314 32 20 in-

187 1347 84 21 betalas
295 1348 66 20 minst
378 1348 84 21 hälften
478 1348 66 21 innan
559 1348 86 22 banken
661 1348 112 27 begynner
788 1348 34 20 sin
838 1348 109 21 verksam-

188 1381 37 21 het
241 1382 40 20 och
297 1382 126 21 äterstoden
440 1384 74 20 senast
530 1382 57 22 inom
604 1385 31 19 ett
651 1384 24 20 är
692 1382 102 22 derefter.

259 1416 73 20 Banks
356 1417 155 26 grundkapital
534 1418 34 20 mä
585 1418 26 26 ej,
628 1418 24 20 sä
667 1417 64 27 länge
747 1416 99 22 rörelsen
862 1416 83 26 fortfar,

187 1456 76 20 genom
288 1450 113 27 utdelning
417 1451 53 21 eller
487 1451 81 21 aktiers
584 1452 147 26 äterköpande
748 1451 138 21 förminskas.
919 1451 25 27 Ej
