1086 1717
450 155 35 21 N:o
500 155 37 22 40.
833 156 12 20 9

116 224 87 28 skrifne,
223 226 107 26 uppgöres
346 224 67 26 enligt
427 224 106 21 formulär
548 224 40 21 och
605 224 140 21 öfversändes
761 224 66 21 innan
843 226 33 18 ut-

116 259 83 26 gången
222 259 24 21 af
263 258 120 22 November
401 259 80 20 månad
497 258 33 22 till
546 258 205 27 Passexpeditionen
767 258 7 21 i
790 258 33 21 S:t
837 258 38 21 Pe-

116 293 99 27 tersburg
238 293 33 21 för
294 295 32 19 att
345 293 48 21 från
413 293 39 21 och
468 293 49 21 med
535 293 40 21 den
594 294 8 20 1
620 293 120 21 December
755 292 71 22 hållas
842 292 33 22 för

116 328 163 21 vederbörande
295 328 134 26 tillgängliga
445 327 7 21 i
468 327 170 27 Expeditionens
654 327 149 21 embetslokal.

188 362 72 22 Jemte
283 362 71 21 denna
375 362 141 27 förteckning!
531 362 114 21 tillsändes
664 362 163 27 Expeditionen,
842 362 33 20 för

117 398 32 20 att
163 396 34 22 till
213 398 164 20 reservmännen
393 396 115 26 utlemnas,
526 396 84 22 sådana
624 396 61 27 intyg
696 396 93 21 rörande
802 398 74 20 värne-

116 431 94 27 pligtens
233 431 125 27 utgörande,
383 437 46 15 som
451 430 69 22 finnas
541 431 143 22 omförmälda
703 431 7 21 i
729 431 11 28 $
761 432 26 20 58
808 430 23 21 af
844 431 32 20 in-

117 466 136 21 struktionen
269 466 33 21 för
317 466 239 27 uppbädsnämnderna.

472 512 11 27 8
500 513 19 20 6.

189 553 43 20 För
256 552 125 21 erhällande
401 552 22 21 af
440 552 81 27 nödiga
536 552 108 27 uppgifter
661 552 33 21 till
709 552 167 27 komplettering

118 587 23 20 af
155 587 108 20 allmänna
278 586 251 27 värnepligtslängderna
544 587 34 20 för
593 586 101 27 Wiborgs
710 587 47 20 läns
768 586 108 21 särskilda

117 621 188 27 uppbädsomräde
329 621 120 21 brefvexlar
468 621 208 27 uppbädsnämnden
695 621 48 21 med
759 621 116 26 Passexpe-

119 656 97 21 ditionen
231 657 6 20 i
254 655 32 22 S:t
300 656 137 26 Petersburg.

471 702 11 27 8
499 703 18 20 7.

186 742 34 21 Dä
237 742 150 27 värnepligtig,
406 742 87 21 hvilken
512 742 58 21 inom
590 742 100 27 Wiborgs
705 742 47 21 läns
769 742 108 21 särskilda

117 777 187 26 uppbädsomräde
319 777 70 21 blifvit
403 777 37 20 vid
455 783 101 15 reserven
573 777 52 20 eller
639 777 138 21 landtvärnet
787 776 88 21 inskrif-

117 817 46 20 ven,
180 811 128 22 återvänder
323 811 48 21 från
386 811 110 27 Ryssland
511 811 33 21 för
560 813 33 19 att
604 811 50 21 isin
668 811 85 21 hemort
768 810 107 28 förblifva,

117 845 55 22 skall
194 846 206 27 uppbädsnämnden
424 846 7 21 i
455 846 40 21 den
518 846 66 25 krets,
604 846 59 21 inom
679 845 87 22 hvilken
781 845 95 21 nämnda

117 882 34 19 ort
167 882 24 19 är
206 881 98 26 belägen,
316 881 73 20 derom
400 881 128 20 underrätta
538 880 208 27 uppbädsnämnden
756 880 7 21 i
774 880 101 27 Wiborgs

117 915 48 21 läns
180 915 70 21 första
264 915 67 25 krets,
347 915 110 21 hvarefter
473 915 7 21 i
497 915 100 21 afseende
614 915 13 20 &
642 915 79 21 honom
736 915 92 21 förfares
843 915 33 20 sä-

117 955 47 16 som
179 950 7 20 i
202 949 12 28 $
231 951 26 20 66
273 949 23 22 af
310 949 161 21 instruktionen
486 949 33 21 för
534 949 237 27 uppbädsnämnderna
786 949 89 26 stadgas

117 984 93 21 rörande
226 984 47 25 den,
290 990 45 15 som
350 983 72 28 flyttat
438 984 33 21 till
488 990 70 15 annan
575 983 167 28 uppbädskrets.

473 1030 47 27 88.

186 1069 194 22 Häradsskrifvare
397 1070 39 21 och
452 1070 170 27 pastorsembete
638 1070 82 27 äligger
737 1072 38 25 att,
791 1071 24 20 sä
830 1069 45 22 ofta

117 1105 71 26 nägon
203 1105 34 21 till
253 1105 107 26 Ryssland
375 1105 114 26 förpassad
505 1111 141 20 mansperson
662 1105 69 21 under
745 1104 79 27 fyratio
840 1105 35 20 ärs

118 1139 61 21 älder
200 1139 34 21 till
256 1139 112 21 hemorten
391 1139 122 26 ätervändt,
538 1139 74 22 derom
630 1139 127 22 underrätta
772 1139 104 21 vederbö-

117 1174 68 21 rande
201 1174 184 27 upphädsnämnd.

393 1219 73 27 Enligt
485 1219 61 22 Hans
566 1219 122 28 Kejserliga
706 1219 115 28 Majestäts
839 1220 38 20 nä-

325 1254 50 26 diga
398 1253 126 28 befallning,
547 1254 72 27 gifven
634 1254 7 21 i
658 1253 119 22 Gatschina
793 1254 41 21 den
849 1255 28 26 4;

325 1288 61 27 April
404 1289 61 21 1885.

395 1358 36 23 T.
447 1358 155 23 BRUUN.

662 1404 48 22 Emil
726 1404 83 27 Streng.
