1086 1717
421 150 52 28 Prop.
488 149 32 22 N:o
535 149 31 22 34.
812 150 27 21 47

185 214 19 22 3.
234 208 31 26 Är
286 213 47 26 den,
356 219 45 15 som
423 213 68 21 andra
512 219 63 15 resan
593 213 75 27 begått
684 213 71 27 någon
772 212 23 22 af
812 212 27 22 de
861 212 8 21 i

115 254 64 16 mom.
200 249 10 21 1
230 247 138 27 uppräknade
385 247 145 27 förbrytelser,
549 247 138 22 inmehafvare
706 247 23 21 af
745 247 65 21 sådan
825 248 44 20 rät-

116 283 74 27 tighet,
204 282 89 21 hvarom
311 282 99 22 förmäles
433 282 3 21 i
463 282 3 27 $
487 282 90 21 17mom.
596 282 20 26 2,
632 282 14 21 3
664 282 40 21 och
722 282 20 26 4,
761 286 50 17 vare
825 282 44 21 han

115 316 70 22 tillika
199 316 99 26 förlustig
312 316 137 27 rättigheten.

463 350 12 28 8
491 351 34 21 36.

185 391 73 21 Skulle
277 391 47 26 den,
343 397 46 15 som
407 393 24 19 är
449 391 76 27 pligtig
541 392 32 20 att
588 391 58 21 åtala
660 391 137 27 förbrytelser
813 392 57 20 emot

116 426 70 21 denna
199 425 131 27 förordning,
348 425 49 28 sjelf
413 425 101 22 beträdas
533 426 48 21 med
599 424 72 28 oloflig
685 425 184 27 bränvinsförsälj-

115 461 58 26 ning,
187 466 51 15 vare
253 460 43 21 han
310 459 97 22 förfallen
423 460 33 23 till
471 460 81 21 dubbla
566 460 62 21 böter
643 460 40 21 och
696 460 63 21 miste
770 460 99 27 tjensten.

261 532 2 2 :
463 511 12 28 $
490 512 35 21 37.

184 551 77 28 Bryter
278 551 74 27 någon,
365 554 46 19 mot
429 552 129 27 stadgandet
576 552 6 21 i
602 551 12 28 $
634 552 26 21 18
676 557 34 16 om
725 552 144 27 försäljnings-

116 587 72 22 ställes
203 585 53 28 läge,
272 587 52 20 eller
337 588 46 19 mot
400 587 57 21 hvad
476 586 12 27 &
507 587 32 20 21
550 592 64 15 mom.
632 587 10 20 1
659 586 86 27 stadgar
761 593 34 14 om
809 586 60 22 tiden

115 621 34 22 för
166 621 98 26 utöfning
282 621 22 20 af
324 621 147 21 minuthandel
493 621 49 21 med
564 621 96 26 bränvin,
684 621 51 21 eller
752 622 46 20 mot
814 621 56 21 före-

116 655 92 26 skrifter,
227 657 49 19 som'
291 655 90 23 lemnats
399 655 28 27 på
448 655 71 26 grund
541 655 22 21 af
580 661 82 15 samma
680 655 12 30 $
711 661 63 15 mom.
780 651 13 38 2
818 655 52 21 eller

112 691 50 25 mot
175 689 147 27 stadgandena
340 689 8 21 i
366 689 12 27 $
397 690 34 25 24,
449 689 52 21 böte
519 689 67 22 första
603 689 84 27 gången
705 689 47 21 från
761 689 45 22 -och
821 689 49 21 med

117 724 76 27 fyratio
212 723 33 22 till
265 723 38 22 och
318 719 50 37 med
388 723 77 22 ättatio
484 723 62 21 mark
564 723 39 22 och
618 723 94 28 följande
727 723 78 28 gånger
823 723 47 21 från

117 758 39 21 och
171 758 49 21 med
235 757 76 22 åttatio
330 758 33 21 till
381 757 40 22 och
438 758 48 21 med
503 758 116 21 etthundra
633 758 67 21 sextio
719 757 68 22 mark.
815 757 54 26 Den,

117 799 46 14 som
177 792 69 27 tredje
264 798 62 15 resan
344 792 87 21 dermed
453 792 107 26 beträdes,
583 798 51 15 vare
652 792 108 21 dessutom
779 792 33 21 sin
827 791 43 22 för-

117 826 146 27 säljningsrätt
277 826 104 27 förlustig.
673 832 4 4 :

465 878 11 27 8
492 878 35 21 38.

186 913 157 26 Öfverträdelse
358 918 23 21 af
393 918 129 27 stadgandet
536 919 7 20 i
555 918 11 27 $
580 919 26 21 16
618 925 35 15 om
664 918 123 21 bränvinets
798 917 74 28 styrka

105 953 4 3 *
118 952 83 22 straffas
209 953 49 21 med
265 953 63 20 böter
334 952 47 22 från
389 953 40 20 och
437 953 48 21 med
491 953 78 26 fyratio
576 953 33 21 till
616 953 40 21 och
662 953 49 21 med
718 952 75 21 ättatio
800 951 70 26 mark;

118 993 49 15 men
180 987 33 21 för
228 987 132 27 förbrytelse,
379 989 45 19 mot
441 987 58 21 hvad
513 987 7 21 i
535 993 81 15 samma
631 987 12 28 $
658 987 85 27 stadgas
759 993 35 14 om
808 986 63 27 sprit-

117 1026 73 17 varors
206 1021 81 26 renhet,
306 1021 72 21 dömes
393 1021 33 21 till
443 1021 64 21 böter
525 1021 68 22 första
607 1021 83 27 gången
704 1021 47 21 från
767 1021 40 21 och
822 1020 49 21 med

118 1055 116 28 sjuttiofem
248 1055 34 21 till
296 1055 40 21 och
350 1055 49 21 med
414 1055 116 22 etthundra
543 1055 73 22 femtio
632 1055 68 26 mark,
712 1055 67 21 andra
789 1054 82 27 gängen

117 1087 48 23 frän
180 1089 39 22 och
234 1089 49 21 med
298 1089 115 21 etthundra
427 1089 74 22 femtio
517 1090 33 21 till
565 1090 40 21 och
619 1090 50 21 med
683 1089 117 22 trehundra
810 1088 62 21 mark

119 1126 54 19 samt
188 1123 68 28 tredje
272 1124 40 21 och
329 1123 94 28 följande
441 1130 60 15 resor
520 1124 47 21 frän
587 1124 40 21 och
644 1124 50 21 med
708 1123 117 22 trehundra
839 1123 33 20 till

119 1159 40 20 och
179 1159 49 20 med
246 1158 121 21 sexhundra
384 1158 68 21 mark.
482 1158 109 27 Derjemte
609 1158 55 21 skall
676 1158 79 27 .hvarje
773 1157 56 27 gång
843 1157 30 21 all

118 1193 7 20 i
139 1193 221 26 försäljningslokalen
375 1192 96 27 befintlig
487 1199 52 15 oren
553 1193 106 27 spritvara
670 1193 73 20 dömas
754 1192 117 21 förbruten.

465 1251 11 27 8
491 1251 35 21 39.

186 1289 112 28 Begagnar
313 1290 76 27 någon,
404 1292 46 20 mot
465 1290 150 28 stadgandet
605 1285 17 37 i
630 1289 12 28 $
660 1290 32 26 19,
708 1289 164 26 utskänknings-

119 1324 58 21 lokal
190 1324 66 22 innan
271 1318 123 28 densamma
411 1325 70 21 blifvit
499 1326 8 20 i
526 1325 37 21 der
582 1324 98 22 bestämd
698 1324 91 26 ordning
803 1324 70 26 besig-

119 1358 59 27 tigad
192 1358 40 21 och
247 1359 107 26 godkänd,
372 1360 52 20 eller
438 1359 128 22 försummar
581 1359 70 27 någon
665 1358 159 22 föreskrifterne
837 1358 8 21 i
860 1358 12 28 8

121 1393 25 21 17
165 1398 63 16 mom.
248 1394 11 20 1
276 1395 32 19 att
326 1394 49 20 med
397 1393 57 27 skylt
475 1394 100 21 utmärka
596 1393 167 21 minuthandels-
781 1392 38 22 och
839 1394 34 20 ut-

119 1426 188 28 skänkningslokal
322 1428 51 24 eller
388 1434 64 15 mom.
468 1428 13 21 2
497 1430 33 19 att
544 1428 7 20 i
565 1427 194 27 försäljningslokal
773 1427 58 21 hålla
841 1428 32 20 ett
886 1438 2 2 -

119 1462 107 26 exemplar
241 1462 23 20 af
276 1462 70 21 denna
360 1462 130 26 förordning,
506 1462 67 27 plikte
587 1462 77 26 fyratio
680 1462 66 20 mark.
