<?xml version="1.0" encoding="UTF-8"?>
<alto xmlns="http://www.loc.gov/standards/alto/ns-v3#" xmlns:xlink="http://www.w3.org/1999/xlink" xmlns:xsi="http://www.w3.org/2001/XMLSchema-instance" xsi:schemaLocation="http://www.loc.gov/standards/alto/ns-v3# http://www.loc.gov/alto/v3/alto-3-0.xsd">
	<Description>
		<MeasurementUnit>pixel</MeasurementUnit>
		<sourceImageInformation>
			<fileName>/tmp/tess_hcolfrox_input.PNG</fileName>
		</sourceImageInformation>
		<OCRProcessing ID="OCR_0">
			<ocrProcessingStep>
				<processingSoftware>
					<softwareName>tesseract 5.3.4</softwareName>
				</processingSoftware>
			</ocrProcessingStep>
		</OCRProcessing>
	</Description>
	<Layout>
		<Page WIDTH="1086" HEIGHT="1717" PHYSICAL_IMG_NR="0" ID="page_0">
			<PrintSpace HPOS="0" VPOS="0" WIDTH="1086" HEIGHT="1717">
				<GraphicalElement ID="cblock_0" HPOS="0" VPOS="712" WIDTH="4" HEIGHT="566"></GraphicalElement >
				<ComposedBlock ID="cblock_1" HPOS="210" VPOS="168" WIDTH="760" HEIGHT="271">
					<TextBlock ID="block_0" HPOS="210" VPOS="168" WIDTH="760" HEIGHT="271">
						<TextLine ID="line_0" HPOS="210" VPOS="168" WIDTH="760" HEIGHT="30">
							<String ID="string_0" HPOS="210" VPOS="170" WIDTH="36" HEIGHT="21" WC="0.93" CONTENT="att"/><SP WIDTH="23" VPOS="170" HPOS="246"/>
							<String ID="string_1" HPOS="269" VPOS="169" WIDTH="71" HEIGHT="29" WC="0.91" CONTENT="stäfja"/><SP WIDTH="22" VPOS="169" HPOS="340"/>
							<String ID="string_2" HPOS="362" VPOS="169" WIDTH="72" HEIGHT="28" WC="0.96" CONTENT="detta,"/><SP WIDTH="16" VPOS="169" HPOS="434"/>
							<String ID="string_3" HPOS="450" VPOS="169" WIDTH="54" HEIGHT="22" WC="0.96" CONTENT="hela"/><SP WIDTH="15" VPOS="169" HPOS="504"/>
							<String ID="string_4" HPOS="519" VPOS="169" WIDTH="123" HEIGHT="22" WC="0.96" CONTENT="samhället"/><SP WIDTH="15" VPOS="169" HPOS="642"/>
							<String ID="string_5" HPOS="657" VPOS="169" WIDTH="102" HEIGHT="22" WC="0.96" CONTENT="hotande"/><SP WIDTH="24" VPOS="169" HPOS="759"/>
							<String ID="string_6" HPOS="783" VPOS="169" WIDTH="67" HEIGHT="28" WC="0.93" CONTENT="onda,"/><SP WIDTH="16" VPOS="169" HPOS="850"/>
							<String ID="string_7" HPOS="866" VPOS="168" WIDTH="104" HEIGHT="30" WC="0.90" CONTENT="lagstift-"/>
						</TextLine>
						<TextLine ID="line_1" HPOS="210" VPOS="204" WIDTH="759" HEIGHT="28">
							<String ID="string_8" HPOS="210" VPOS="204" WIDTH="90" HEIGHT="28" WC="0.96" CONTENT="ningen"/><SP WIDTH="22" VPOS="204" HPOS="300"/>
							<String ID="string_9" HPOS="322" VPOS="204" WIDTH="47" HEIGHT="22" WC="0.96" CONTENT="kan"/><SP WIDTH="22" VPOS="204" HPOS="369"/>
							<String ID="string_10" HPOS="391" VPOS="205" WIDTH="30" HEIGHT="27" WC="0.96" CONTENT="på"/><SP WIDTH="22" VPOS="205" HPOS="421"/>
							<String ID="string_11" HPOS="443" VPOS="206" WIDTH="35" HEIGHT="19" WC="0.95" CONTENT="ett"/><SP WIDTH="22" VPOS="206" HPOS="478"/>
							<String ID="string_12" HPOS="500" VPOS="204" WIDTH="119" HEIGHT="22" WC="0.96" CONTENT="verksamt"/><SP WIDTH="23" VPOS="204" HPOS="619"/>
							<String ID="string_13" HPOS="642" VPOS="206" WIDTH="46" HEIGHT="20" WC="0.96" CONTENT="sätt"/><SP WIDTH="15" VPOS="206" HPOS="688"/>
							<String ID="string_14" HPOS="703" VPOS="204" WIDTH="132" HEIGHT="28" WC="0.96" CONTENT="medverka,"/><SP WIDTH="16" VPOS="204" HPOS="835"/>
							<String ID="string_15" HPOS="851" VPOS="204" WIDTH="62" HEIGHT="22" WC="0.96" CONTENT="helst"/><SP WIDTH="14" VPOS="204" HPOS="913"/>
							<String ID="string_16" HPOS="927" VPOS="204" WIDTH="42" HEIGHT="22" WC="0.96" CONTENT="hos"/>
						</TextLine>
						<TextLine ID="line_2" HPOS="210" VPOS="238" WIDTH="758" HEIGHT="29">
							<String ID="string_17" HPOS="210" VPOS="240" WIDTH="36" HEIGHT="20" WC="0.96" CONTENT="ett"/><SP WIDTH="24" VPOS="240" HPOS="246"/>
							<String ID="string_18" HPOS="270" VPOS="238" WIDTH="51" HEIGHT="22" WC="0.96" CONTENT="folk"/><SP WIDTH="15" VPOS="238" HPOS="321"/>
							<String ID="string_19" HPOS="336" VPOS="238" WIDTH="41" HEIGHT="22" WC="0.96" CONTENT="der"/><SP WIDTH="14" VPOS="238" HPOS="377"/>
							<String ID="string_20" HPOS="391" VPOS="239" WIDTH="25" HEIGHT="21" WC="0.96" CONTENT="så"/><SP WIDTH="15" VPOS="239" HPOS="416"/>
							<String ID="string_21" HPOS="431" VPOS="239" WIDTH="100" HEIGHT="28" WC="0.96" CONTENT="mycken"/><SP WIDTH="15" VPOS="239" HPOS="531"/>
							<String ID="string_22" HPOS="546" VPOS="239" WIDTH="102" HEIGHT="27" WC="0.96" CONTENT="aktning"/><SP WIDTH="15" VPOS="239" HPOS="648"/>
							<String ID="string_23" HPOS="663" VPOS="238" WIDTH="43" HEIGHT="22" WC="0.96" CONTENT="och"/><SP WIDTH="16" VPOS="238" HPOS="706"/>
							<String ID="string_24" HPOS="722" VPOS="238" WIDTH="106" HEIGHT="22" WC="0.96" CONTENT="vördnad"/><SP WIDTH="15" VPOS="238" HPOS="828"/>
							<String ID="string_25" HPOS="843" VPOS="238" WIDTH="36" HEIGHT="22" WC="0.93" CONTENT="för"/><SP WIDTH="14" VPOS="238" HPOS="879"/>
							<String ID="string_26" HPOS="893" VPOS="239" WIDTH="75" HEIGHT="22" WC="0.92" CONTENT="bestå-"/>
						</TextLine>
						<TextLine ID="line_3" HPOS="210" VPOS="272" WIDTH="760" HEIGHT="29">
							<String ID="string_27" HPOS="210" VPOS="272" WIDTH="60" HEIGHT="22" WC="0.96" CONTENT="ende"/><SP WIDTH="22" VPOS="272" HPOS="270"/>
							<String ID="string_28" HPOS="292" VPOS="273" WIDTH="40" HEIGHT="28" WC="0.92" CONTENT="lag"/><SP WIDTH="22" VPOS="273" HPOS="332"/>
							<String ID="string_29" HPOS="354" VPOS="272" WIDTH="129" HEIGHT="29" WC="0.92" CONTENT="förefinnes,"/><SP WIDTH="24" VPOS="272" HPOS="483"/>
							<String ID="string_30" HPOS="507" VPOS="280" WIDTH="48" HEIGHT="15" WC="0.96" CONTENT="som"/><SP WIDTH="15" VPOS="280" HPOS="555"/>
							<String ID="string_31" HPOS="570" VPOS="273" WIDTH="42" HEIGHT="22" WC="0.96" CONTENT="hos"/><SP WIDTH="16" VPOS="273" HPOS="612"/>
							<String ID="string_32" HPOS="628" VPOS="274" WIDTH="53" HEIGHT="20" WC="0.96" CONTENT="vårt"/><SP WIDTH="15" VPOS="274" HPOS="681"/>
							<String ID="string_33" HPOS="696" VPOS="273" WIDTH="97" HEIGHT="21" WC="0.94" CONTENT="Finska."/><SP WIDTH="30" VPOS="273" HPOS="793"/>
							<String ID="string_34" HPOS="823" VPOS="273" WIDTH="54" HEIGHT="21" WC="0.93" CONTENT="Med"/><SP WIDTH="15" VPOS="273" HPOS="877"/>
							<String ID="string_35" HPOS="892" VPOS="273" WIDTH="78" HEIGHT="21" WC="0.92" CONTENT="anled-"/>
						</TextLine>
						<TextLine ID="line_4" HPOS="210" VPOS="307" WIDTH="760" HEIGHT="29">
							<String ID="string_36" HPOS="210" VPOS="308" WIDTH="60" HEIGHT="28" WC="0.96" CONTENT="ning"/><SP WIDTH="24" VPOS="308" HPOS="270"/>
							<String ID="string_37" HPOS="294" VPOS="308" WIDTH="69" HEIGHT="21" WC="0.96" CONTENT="häraf"/><SP WIDTH="13" VPOS="308" HPOS="363"/>
							<String ID="string_38" HPOS="376" VPOS="307" WIDTH="43" HEIGHT="22" WC="0.96" CONTENT="och"/><SP WIDTH="15" VPOS="307" HPOS="419"/>
							<String ID="string_39" HPOS="434" VPOS="308" WIDTH="30" HEIGHT="28" WC="0.96" CONTENT="på"/><SP WIDTH="15" VPOS="308" HPOS="464"/>
							<String ID="string_40" HPOS="479" VPOS="308" WIDTH="76" HEIGHT="28" WC="0.96" CONTENT="grund"/><SP WIDTH="16" VPOS="308" HPOS="555"/>
							<String ID="string_41" HPOS="571" VPOS="308" WIDTH="27" HEIGHT="21" WC="0.96" CONTENT="af"/><SP WIDTH="11" VPOS="308" HPOS="598"/>
							<String ID="string_42" HPOS="609" VPOS="307" WIDTH="64" HEIGHT="22" WC="0.96" CONTENT="hvad"/><SP WIDTH="13" VPOS="307" HPOS="673"/>
							<String ID="string_43" HPOS="686" VPOS="308" WIDTH="42" HEIGHT="28" WC="0.96" CONTENT="jag"/><SP WIDTH="15" VPOS="308" HPOS="728"/>
							<String ID="string_44" HPOS="743" VPOS="315" WIDTH="33" HEIGHT="14" WC="0.96" CONTENT="nu"/><SP WIDTH="15" VPOS="315" HPOS="776"/>
							<String ID="string_45" HPOS="791" VPOS="307" WIDTH="52" HEIGHT="21" WC="0.96" CONTENT="haft"/><SP WIDTH="15" VPOS="307" HPOS="843"/>
							<String ID="string_46" HPOS="858" VPOS="311" WIDTH="55" HEIGHT="17" WC="0.93" CONTENT="äran"/><SP WIDTH="18" VPOS="311" HPOS="913"/>
							<String ID="string_47" HPOS="931" VPOS="315" WIDTH="39" HEIGHT="13" WC="0.92" CONTENT="an-"/>
						</TextLine>
						<TextLine ID="line_5" HPOS="210" VPOS="341" WIDTH="759" HEIGHT="29">
							<String ID="string_48" HPOS="210" VPOS="341" WIDTH="52" HEIGHT="22" WC="0.96" CONTENT="föra"/><SP WIDTH="14" VPOS="341" HPOS="262"/>
							<String ID="string_49" HPOS="276" VPOS="342" WIDTH="72" HEIGHT="28" WC="0.96" CONTENT="vågar"/><SP WIDTH="13" VPOS="342" HPOS="348"/>
							<String ID="string_50" HPOS="361" VPOS="342" WIDTH="42" HEIGHT="28" WC="0.93" CONTENT="jag"/><SP WIDTH="14" VPOS="342" HPOS="403"/>
							<String ID="string_51" HPOS="417" VPOS="342" WIDTH="120" HEIGHT="22" WC="0.91" CONTENT="vördsamt"/><SP WIDTH="15" VPOS="342" HPOS="537"/>
							<String ID="string_52" HPOS="552" VPOS="342" WIDTH="100" HEIGHT="28" WC="0.96" CONTENT="anhålla,"/><SP WIDTH="18" VPOS="342" HPOS="652"/>
							<String ID="string_53" HPOS="670" VPOS="344" WIDTH="35" HEIGHT="20" WC="0.93" CONTENT="att"/><SP WIDTH="15" VPOS="344" HPOS="705"/>
							<String ID="string_54" HPOS="720" VPOS="341" WIDTH="135" HEIGHT="29" WC="0.90" CONTENT="Högloflige"/><SP WIDTH="16" VPOS="341" HPOS="855"/>
							<String ID="string_55" HPOS="871" VPOS="341" WIDTH="98" HEIGHT="22" WC="0.91" CONTENT="Ridder-"/>
						</TextLine>
						<TextLine ID="line_6" HPOS="210" VPOS="376" WIDTH="758" HEIGHT="29">
							<String ID="string_56" HPOS="210" VPOS="376" WIDTH="84" HEIGHT="29" WC="0.96" CONTENT="skapet"/><SP WIDTH="22" VPOS="376" HPOS="294"/>
							<String ID="string_57" HPOS="316" VPOS="376" WIDTH="44" HEIGHT="22" WC="0.93" CONTENT="och"/><SP WIDTH="22" VPOS="376" HPOS="360"/>
							<String ID="string_58" HPOS="382" VPOS="376" WIDTH="77" HEIGHT="22" WC="0.92" CONTENT="Adeln"/><SP WIDTH="22" VPOS="376" HPOS="459"/>
							<String ID="string_59" HPOS="481" VPOS="376" WIDTH="57" HEIGHT="22" WC="0.96" CONTENT="ville"/><SP WIDTH="22" VPOS="376" HPOS="538"/>
							<String ID="string_60" HPOS="560" VPOS="376" WIDTH="82" HEIGHT="22" WC="0.96" CONTENT="förena"/><SP WIDTH="22" VPOS="376" HPOS="642"/>
							<String ID="string_61" HPOS="664" VPOS="376" WIDTH="37" HEIGHT="28" WC="0.96" CONTENT="sig"/><SP WIDTH="22" VPOS="376" HPOS="701"/>
							<String ID="string_62" HPOS="723" VPOS="383" WIDTH="38" HEIGHT="14" WC="0.95" CONTENT="om"/><SP WIDTH="16" VPOS="383" HPOS="761"/>
							<String ID="string_63" HPOS="777" VPOS="383" WIDTH="29" HEIGHT="14" WC="0.93" CONTENT="en"/><SP WIDTH="15" VPOS="383" HPOS="806"/>
							<String ID="string_64" HPOS="821" VPOS="376" WIDTH="147" HEIGHT="29" WC="0.92" CONTENT="underdånig"/>
						</TextLine>
						<TextLine ID="line_7" HPOS="210" VPOS="410" WIDTH="214" HEIGHT="29">
							<String ID="string_65" HPOS="210" VPOS="410" WIDTH="102" HEIGHT="29" WC="0.93" CONTENT="petition"/><SP WIDTH="16" VPOS="410" HPOS="312"/>
							<String ID="string_66" HPOS="328" VPOS="410" WIDTH="96" HEIGHT="22" WC="0.92" CONTENT="derhän:"/>
						</TextLine>
					</TextBlock>
				</ComposedBlock>
				<ComposedBlock ID="cblock_2" HPOS="348" VPOS="463" WIDTH="621" HEIGHT="475">
					<TextBlock ID="block_1" HPOS="348" VPOS="463" WIDTH="621" HEIGHT="62">
						<TextLine ID="line_8" HPOS="416" VPOS="463" WIDTH="553" HEIGHT="28">
							<String ID="string_67" HPOS="416" VPOS="465" WIDTH="33" HEIGHT="19" WC="0.70" CONTENT="1:o"/><SP WIDTH="22" VPOS="465" HPOS="449"/>
							<String ID="string_68" HPOS="471" VPOS="466" WIDTH="32" HEIGHT="18" WC="0.96" CONTENT="att"/><SP WIDTH="18" VPOS="466" HPOS="503"/>
							<String ID="string_69" HPOS="521" VPOS="471" WIDTH="30" HEIGHT="13" WC="0.95" CONTENT="nu"/><SP WIDTH="15" VPOS="471" HPOS="551"/>
							<String ID="string_70" HPOS="566" VPOS="464" WIDTH="34" HEIGHT="21" WC="0.96" CONTENT="till"/><SP WIDTH="16" VPOS="464" HPOS="600"/>
							<String ID="string_71" HPOS="616" VPOS="463" WIDTH="136" HEIGHT="28" WC="0.92" CONTENT="tillverkning"/><SP WIDTH="16" VPOS="463" HPOS="752"/>
							<String ID="string_72" HPOS="768" VPOS="463" WIDTH="123" HEIGHT="27" WC="0.68" CONTENT="medgifvna"/><SP WIDTH="15" VPOS="463" HPOS="891"/>
							<String ID="string_73" HPOS="906" VPOS="463" WIDTH="63" HEIGHT="21" WC="0.96" CONTENT="antal"/>
						</TextLine>
						<TextLine ID="line_9" HPOS="348" VPOS="497" WIDTH="591" HEIGHT="28">
							<String ID="string_74" HPOS="348" VPOS="497" WIDTH="84" HEIGHT="21" WC="0.96" CONTENT="kannor"/><SP WIDTH="15" VPOS="497" HPOS="432"/>
							<String ID="string_75" HPOS="447" VPOS="497" WIDTH="92" HEIGHT="22" WC="0.93" CONTENT="bränvin"/><SP WIDTH="15" VPOS="497" HPOS="539"/>
							<String ID="string_76" HPOS="554" VPOS="497" WIDTH="67" HEIGHT="28" WC="0.92" CONTENT="blefve"/><SP WIDTH="14" VPOS="497" HPOS="621"/>
							<String ID="string_77" HPOS="635" VPOS="497" WIDTH="148" HEIGHT="26" WC="0.92" CONTENT="förminskadt"/><SP WIDTH="16" VPOS="497" HPOS="783"/>
							<String ID="string_78" HPOS="799" VPOS="498" WIDTH="34" HEIGHT="20" WC="0.95" CONTENT="till"/><SP WIDTH="16" VPOS="498" HPOS="833"/>
							<String ID="string_79" HPOS="849" VPOS="497" WIDTH="90" HEIGHT="27" WC="0.95" CONTENT="hälften."/>
						</TextLine>
					</TextBlock>
					<TextBlock ID="block_2" HPOS="348" VPOS="531" WIDTH="621" HEIGHT="132">
						<TextLine ID="line_10" HPOS="415" VPOS="531" WIDTH="554" HEIGHT="23">
							<String ID="string_80" HPOS="415" VPOS="534" WIDTH="36" HEIGHT="20" WC="0.90" CONTENT="2:0"/><SP WIDTH="22" VPOS="534" HPOS="451"/>
							<String ID="string_81" HPOS="473" VPOS="534" WIDTH="32" HEIGHT="19" WC="0.95" CONTENT="att"/><SP WIDTH="21" VPOS="534" HPOS="505"/>
							<String ID="string_82" HPOS="526" VPOS="532" WIDTH="57" HEIGHT="21" WC="0.96" CONTENT="skatt"/><SP WIDTH="22" VPOS="532" HPOS="583"/>
							<String ID="string_83" HPOS="605" VPOS="532" WIDTH="37" HEIGHT="21" WC="0.96" CONTENT="och"/><SP WIDTH="23" VPOS="532" HPOS="642"/>
							<String ID="string_84" HPOS="665" VPOS="533" WIDTH="40" HEIGHT="20" WC="0.92" CONTENT="tull"/><SP WIDTH="23" VPOS="533" HPOS="705"/>
							<String ID="string_85" HPOS="728" VPOS="533" WIDTH="13" HEIGHT="20" WC="0.92" CONTENT="å"/><SP WIDTH="23" VPOS="533" HPOS="741"/>
							<String ID="string_86" HPOS="764" VPOS="533" WIDTH="58" HEIGHT="20" WC="0.96" CONTENT="inom"/><SP WIDTH="15" VPOS="533" HPOS="822"/>
							<String ID="string_87" HPOS="837" VPOS="531" WIDTH="73" HEIGHT="22" WC="0.93" CONTENT="landet"/><SP WIDTH="15" VPOS="531" HPOS="910"/>
							<String ID="string_88" HPOS="925" VPOS="532" WIDTH="44" HEIGHT="20" WC="0.92" CONTENT="till-"/>
						</TextLine>
						<TextLine ID="line_11" HPOS="348" VPOS="566" WIDTH="620" HEIGHT="28">
							<String ID="string_89" HPOS="348" VPOS="566" WIDTH="90" HEIGHT="21" WC="0.96" CONTENT="verkade"/><SP WIDTH="21" VPOS="566" HPOS="438"/>
							<String ID="string_90" HPOS="459" VPOS="566" WIDTH="38" HEIGHT="21" WC="0.96" CONTENT="och"/><SP WIDTH="23" VPOS="566" HPOS="497"/>
							<String ID="string_91" HPOS="520" VPOS="567" WIDTH="33" HEIGHT="20" WC="0.95" CONTENT="till"/><SP WIDTH="23" VPOS="567" HPOS="553"/>
							<String ID="string_92" HPOS="576" VPOS="567" WIDTH="73" HEIGHT="20" WC="0.95" CONTENT="landet"/><SP WIDTH="16" VPOS="567" HPOS="649"/>
							<String ID="string_93" HPOS="665" VPOS="567" WIDTH="142" HEIGHT="27" WC="0.96" CONTENT="importerade"/><SP WIDTH="14" VPOS="567" HPOS="807"/>
							<String ID="string_94" HPOS="821" VPOS="566" WIDTH="147" HEIGHT="27" WC="0.96" CONTENT="spritdrycker"/>
						</TextLine>
						<TextLine ID="line_12" HPOS="349" VPOS="600" WIDTH="618" HEIGHT="28">
							<String ID="string_95" HPOS="349" VPOS="600" WIDTH="66" HEIGHT="28" WC="0.92" CONTENT="blefve"/><SP WIDTH="16" VPOS="600" HPOS="415"/>
							<String ID="string_96" HPOS="431" VPOS="600" WIDTH="103" HEIGHT="27" WC="0.92" CONTENT="förhöjdt"/><SP WIDTH="22" VPOS="600" HPOS="534"/>
							<String ID="string_97" HPOS="556" VPOS="601" WIDTH="34" HEIGHT="21" WC="0.96" CONTENT="till"/><SP WIDTH="22" VPOS="601" HPOS="590"/>
							<String ID="string_98" HPOS="612" VPOS="601" WIDTH="84" HEIGHT="21" WC="0.96" CONTENT="dubbelt"/><SP WIDTH="14" VPOS="601" HPOS="696"/>
							<String ID="string_99" HPOS="710" VPOS="603" WIDTH="42" HEIGHT="18" WC="0.96" CONTENT="mot"/><SP WIDTH="15" VPOS="603" HPOS="752"/>
							<String ID="string_100" HPOS="767" VPOS="608" WIDTH="31" HEIGHT="13" WC="0.96" CONTENT="nu"/><SP WIDTH="15" VPOS="608" HPOS="798"/>
							<String ID="string_101" HPOS="813" VPOS="600" WIDTH="106" HEIGHT="21" WC="0.93" CONTENT="bestämda"/><SP WIDTH="17" VPOS="600" HPOS="919"/>
							<String ID="string_102" HPOS="936" VPOS="600" WIDTH="31" HEIGHT="21" WC="0.92" CONTENT="be-"/>
						</TextLine>
						<TextLine ID="line_13" HPOS="348" VPOS="635" WIDTH="56" HEIGHT="28">
							<String ID="string_103" HPOS="348" VPOS="635" WIDTH="56" HEIGHT="28" WC="0.96" CONTENT="lopp."/>
						</TextLine>
					</TextBlock>
					<TextBlock ID="block_3" HPOS="350" VPOS="669" WIDTH="618" HEIGHT="63">
						<TextLine ID="line_14" HPOS="416" VPOS="669" WIDTH="552" HEIGHT="28">
							<String ID="string_104" HPOS="416" VPOS="671" WIDTH="34" HEIGHT="19" WC="0.87" CONTENT="3:0"/><SP WIDTH="11" VPOS="671" HPOS="450"/>
							<String ID="string_105" HPOS="461" VPOS="672" WIDTH="32" HEIGHT="18" WC="0.91" CONTENT="att"/><SP WIDTH="16" VPOS="672" HPOS="493"/>
							<String ID="string_106" HPOS="509" VPOS="669" WIDTH="139" HEIGHT="28" WC="0.95" CONTENT="försäljning"/><SP WIDTH="22" VPOS="669" HPOS="648"/>
							<String ID="string_107" HPOS="670" VPOS="670" WIDTH="30" HEIGHT="27" WC="0.93" CONTENT="af"/><SP WIDTH="18" VPOS="670" HPOS="700"/>
							<String ID="string_108" HPOS="718" VPOS="669" WIDTH="141" HEIGHT="28" WC="0.91" CONTENT="rusgifvande"/><SP WIDTH="21" VPOS="669" HPOS="859"/>
							<String ID="string_109" HPOS="880" VPOS="669" WIDTH="88" HEIGHT="28" WC="0.95" CONTENT="drycker"/>
						</TextLine>
						<TextLine ID="line_15" HPOS="350" VPOS="703" WIDTH="480" HEIGHT="29">
							<String ID="string_110" HPOS="350" VPOS="703" WIDTH="65" HEIGHT="25" WC="0.91" CONTENT="blefve"/><SP WIDTH="15" VPOS="703" HPOS="415"/>
							<String ID="string_111" HPOS="430" VPOS="705" WIDTH="8" HEIGHT="20" WC="0.96" CONTENT="i"/><SP WIDTH="14" VPOS="705" HPOS="438"/>
							<String ID="string_112" HPOS="452" VPOS="704" WIDTH="73" HEIGHT="27" WC="0.96" CONTENT="högsta"/><SP WIDTH="16" VPOS="704" HPOS="525"/>
							<String ID="string_113" HPOS="541" VPOS="705" WIDTH="88" HEIGHT="27" WC="0.94" CONTENT="möjliga"/><SP WIDTH="15" VPOS="705" HPOS="629"/>
							<String ID="string_114" HPOS="644" VPOS="705" WIDTH="51" HEIGHT="20" WC="0.95" CONTENT="mån"/><SP WIDTH="16" VPOS="705" HPOS="695"/>
							<String ID="string_115" HPOS="711" VPOS="704" WIDTH="119" HEIGHT="21" WC="0.95" CONTENT="inskränkt."/>
						</TextLine>
					</TextBlock>
					<TextBlock ID="block_4" HPOS="348" VPOS="738" WIDTH="620" HEIGHT="200">
						<TextLine ID="line_16" HPOS="415" VPOS="738" WIDTH="553" HEIGHT="28">
							<String ID="string_116" HPOS="415" VPOS="740" WIDTH="34" HEIGHT="19" WC="0.89" CONTENT="4:0"/><SP WIDTH="16" VPOS="740" HPOS="449"/>
							<String ID="string_117" HPOS="465" VPOS="741" WIDTH="32" HEIGHT="19" WC="0.96" CONTENT="att"/><SP WIDTH="12" VPOS="741" HPOS="497"/>
							<String ID="string_118" HPOS="509" VPOS="739" WIDTH="135" HEIGHT="27" WC="0.93" CONTENT="försäljning"/><SP WIDTH="17" VPOS="739" HPOS="644"/>
							<String ID="string_119" HPOS="661" VPOS="739" WIDTH="31" HEIGHT="26" WC="0.96" CONTENT="af"/><SP WIDTH="6" VPOS="739" HPOS="692"/>
							<String ID="string_120" HPOS="698" VPOS="739" WIDTH="46" HEIGHT="20" WC="0.93" CONTENT="alla"/><SP WIDTH="11" VPOS="739" HPOS="744"/>
							<String ID="string_121" HPOS="755" VPOS="738" WIDTH="141" HEIGHT="27" WC="0.91" CONTENT="rusgifvande"/><SP WIDTH="10" VPOS="738" HPOS="896"/>
							<String ID="string_122" HPOS="906" VPOS="739" WIDTH="62" HEIGHT="27" WC="0.91" CONTENT="dryc-"/>
						</TextLine>
						<TextLine ID="line_17" HPOS="348" VPOS="771" WIDTH="619" HEIGHT="30">
							<String ID="string_123" HPOS="348" VPOS="771" WIDTH="37" HEIGHT="22" WC="0.89" CONTENT="ker"/><SP WIDTH="22" VPOS="771" HPOS="385"/>
							<String ID="string_124" HPOS="407" VPOS="773" WIDTH="67" HEIGHT="25" WC="0.89" CONTENT="blefve"/><SP WIDTH="16" VPOS="773" HPOS="474"/>
							<String ID="string_125" HPOS="490" VPOS="773" WIDTH="122" HEIGHT="28" WC="0.96" CONTENT="förbjuden"/><SP WIDTH="17" VPOS="773" HPOS="612"/>
							<String ID="string_126" HPOS="629" VPOS="773" WIDTH="59" HEIGHT="27" WC="0.96" CONTENT="från"/><SP WIDTH="23" VPOS="773" HPOS="688"/>
							<String ID="string_127" HPOS="711" VPOS="773" WIDTH="99" HEIGHT="26" WC="0.94" CONTENT="Lördags"/><SP WIDTH="21" VPOS="773" HPOS="810"/>
							<String ID="string_128" HPOS="831" VPOS="773" WIDTH="87" HEIGHT="27" WC="0.96" CONTENT="middag"/><SP WIDTH="16" VPOS="773" HPOS="918"/>
							<String ID="string_129" HPOS="934" VPOS="773" WIDTH="33" HEIGHT="20" WC="0.96" CONTENT="till"/>
						</TextLine>
						<TextLine ID="line_18" HPOS="348" VPOS="806" WIDTH="618" HEIGHT="29">
							<String ID="string_130" HPOS="348" VPOS="806" WIDTH="108" HEIGHT="28" WC="0.92" CONTENT="Mändags"/><SP WIDTH="20" VPOS="806" HPOS="456"/>
							<String ID="string_131" HPOS="476" VPOS="814" WIDTH="93" HEIGHT="21" WC="0.95" CONTENT="morgon,"/><SP WIDTH="16" VPOS="814" HPOS="569"/>
							<String ID="string_132" HPOS="585" VPOS="807" WIDTH="55" HEIGHT="26" WC="0.96" CONTENT="från"/><SP WIDTH="22" VPOS="807" HPOS="640"/>
							<String ID="string_133" HPOS="662" VPOS="807" WIDTH="88" HEIGHT="26" WC="0.96" CONTENT="middag"/><SP WIDTH="16" VPOS="807" HPOS="750"/>
							<String ID="string_134" HPOS="766" VPOS="806" WIDTH="30" HEIGHT="27" WC="0.96" CONTENT="af"/><SP WIDTH="10" VPOS="806" HPOS="796"/>
							<String ID="string_135" HPOS="806" VPOS="807" WIDTH="90" HEIGHT="27" WC="0.6" CONTENT="helgdag"/><SP WIDTH="14" VPOS="807" HPOS="896"/>
							<String ID="string_136" HPOS="910" VPOS="807" WIDTH="56" HEIGHT="25" WC="0.93" CONTENT="före-"/>
						</TextLine>
						<TextLine ID="line_19" HPOS="348" VPOS="841" WIDTH="619" HEIGHT="28">
							<String ID="string_137" HPOS="348" VPOS="841" WIDTH="81" HEIGHT="27" WC="0.93" CONTENT="gående"/><SP WIDTH="16" VPOS="841" HPOS="429"/>
							<String ID="string_138" HPOS="445" VPOS="841" WIDTH="118" HEIGHT="28" WC="0.92" CONTENT="söcknedag"/><SP WIDTH="16" VPOS="841" HPOS="563"/>
							<String ID="string_139" HPOS="579" VPOS="842" WIDTH="33" HEIGHT="21" WC="0.96" CONTENT="till"/><SP WIDTH="12" VPOS="842" HPOS="612"/>
							<String ID="string_140" HPOS="624" VPOS="841" WIDTH="134" HEIGHT="28" WC="0.92" CONTENT="påföljande"/><SP WIDTH="23" VPOS="841" HPOS="758"/>
							<String ID="string_141" HPOS="781" VPOS="841" WIDTH="117" HEIGHT="28" WC="0.92" CONTENT="söcknedag"/><SP WIDTH="14" VPOS="841" HPOS="898"/>
							<String ID="string_142" HPOS="912" VPOS="844" WIDTH="55" HEIGHT="18" WC="0.95" CONTENT="samt"/>
						</TextLine>
						<TextLine ID="line_20" HPOS="349" VPOS="875" WIDTH="617" HEIGHT="28">
							<String ID="string_143" HPOS="349" VPOS="875" WIDTH="68" HEIGHT="22" WC="0.95" CONTENT="under"/><SP WIDTH="25" VPOS="875" HPOS="417"/>
							<String ID="string_144" HPOS="442" VPOS="876" WIDTH="131" HEIGHT="21" WC="0.95" CONTENT="marknader"/><SP WIDTH="25" VPOS="876" HPOS="573"/>
							<String ID="string_145" HPOS="598" VPOS="875" WIDTH="36" HEIGHT="22" WC="0.96" CONTENT="och"/><SP WIDTH="26" VPOS="875" HPOS="634"/>
							<String ID="string_146" HPOS="660" VPOS="876" WIDTH="112" HEIGHT="21" WC="0.91" CONTENT="allmänna"/><SP WIDTH="26" VPOS="876" HPOS="772"/>
							<String ID="string_147" HPOS="798" VPOS="875" WIDTH="123" HEIGHT="28" WC="0.89" CONTENT="torgdagar,"/><SP WIDTH="16" VPOS="875" HPOS="921"/>
							<String ID="string_148" HPOS="937" VPOS="875" WIDTH="29" HEIGHT="21" WC="0.96" CONTENT="då"/>
						</TextLine>
						<TextLine ID="line_21" HPOS="348" VPOS="910" WIDTH="375" HEIGHT="28">
							<String ID="string_149" HPOS="348" VPOS="911" WIDTH="68" HEIGHT="20" WC="0.93" CONTENT="större"/><SP WIDTH="13" VPOS="911" HPOS="416"/>
							<String ID="string_150" HPOS="429" VPOS="910" WIDTH="168" HEIGHT="28" WC="0.91" CONTENT="folksamlingar"/><SP WIDTH="15" VPOS="910" HPOS="597"/>
							<String ID="string_151" HPOS="612" VPOS="912" WIDTH="42" HEIGHT="26" WC="0.97" CONTENT="äga"/><SP WIDTH="14" VPOS="912" HPOS="654"/>
							<String ID="string_152" HPOS="668" VPOS="917" WIDTH="55" HEIGHT="14" WC="0.95" CONTENT="rum."/>
						</TextLine>
					</TextBlock>
				</ComposedBlock>
				<ComposedBlock ID="cblock_3" HPOS="283" VPOS="966" WIDTH="452" HEIGHT="29">
					<TextBlock ID="block_5" HPOS="283" VPOS="966" WIDTH="452" HEIGHT="29">
						<TextLine ID="line_22" HPOS="283" VPOS="966" WIDTH="452" HEIGHT="29">
							<String ID="string_153" HPOS="283" VPOS="966" WIDTH="154" HEIGHT="29" WC="0.95" CONTENT="Helsingfors,"/><SP WIDTH="16" VPOS="966" HPOS="437"/>
							<String ID="string_154" HPOS="453" VPOS="967" WIDTH="46" HEIGHT="21" WC="0.96" CONTENT="den"/><SP WIDTH="15" VPOS="967" HPOS="499"/>
							<String ID="string_155" HPOS="514" VPOS="967" WIDTH="28" HEIGHT="21" WC="0.96" CONTENT="30"/><SP WIDTH="14" VPOS="967" HPOS="542"/>
							<String ID="string_156" HPOS="556" VPOS="966" WIDTH="100" HEIGHT="22" WC="0.96" CONTENT="Januari"/><SP WIDTH="17" VPOS="966" HPOS="656"/>
							<String ID="string_157" HPOS="673" VPOS="966" WIDTH="62" HEIGHT="21" WC="0.96" CONTENT="1885."/>
						</TextLine>
					</TextBlock>
				</ComposedBlock>
				<ComposedBlock ID="cblock_4" HPOS="644" VPOS="1054" WIDTH="253" HEIGHT="31">
					<TextBlock ID="block_6" HPOS="644" VPOS="1054" WIDTH="253" HEIGHT="31">
						<TextLine ID="line_23" HPOS="644" VPOS="1054" WIDTH="253" HEIGHT="31">
							<String ID="string_158" HPOS="644" VPOS="1055" WIDTH="62" HEIGHT="22" WC="0.85" CONTENT="Edv."/><SP WIDTH="21" VPOS="1055" HPOS="706"/>
							<String ID="string_159" HPOS="727" VPOS="1054" WIDTH="170" HEIGHT="31" WC="0.96" CONTENT="Björkenheim."/>
						</TextLine>
					</TextBlock>
				</ComposedBlock>
			</PrintSpace>
		</Page>
	</Layout>
</alto>
