1086 1717
227 146 21 18 16
453 146 20 19 U.
487 146 22 18 B.
521 156 23 4 —
557 146 63 24 Prop.
632 141 35 33 N:o
677 141 38 33 33.

202 203 134 23 tillståndets
360 204 187 28 upprätthållande
566 210 77 22 genom
663 206 31 20 att
716 204 89 27 bidraga
835 204 32 22 till
887 204 81 22 Doma-

204 244 49 16 rens
269 238 100 27 aflöning.
400 238 62 22 Dock
478 238 64 28 följer
556 238 48 22 icke
624 238 69 27 häraf,
714 240 31 20 att
763 244 33 16 om
816 238 64 22 äfven
899 238 68 22 betal-

204 272 214 28 ningsskyldigheten
429 278 64 22 synes
504 273 52 21 böra
567 280 51 14 vara
634 273 86 26 allmän,
736 273 43 21 alla
797 273 63 21 skola
877 273 90 27 bidraga

204 308 48 21 med
269 307 45 21 lika
332 307 85 27 belopp,
439 309 50 20 utan
507 308 62 21 torde
585 308 125 27 billigheten
730 307 81 27 fordra,
831 310 32 19 att
882 308 22 21 åt
925 308 41 22 den

204 342 76 27 fattige
296 342 156 27 ävägabringas
468 342 69 27 nägon
548 342 94 27 lindring
651 342 136 22 härutinnan.
819 342 77 21 Denna
910 342 56 27 äsigt

205 376 39 22 har
260 376 63 22 äfven
339 376 70 22 funnit
425 377 38 21 sitt
477 376 85 28 uttryck
578 376 30 22 uti
624 376 78 28 nådiga
717 376 168 28 propositionen.
913 376 52 27 Och,

205 411 56 21 huru
276 410 63 22 äfven
356 411 48 27 jord
425 413 57 19 ännu
500 410 70 28 ålagts
590 410 72 22 skatta
680 411 33 22 till
732 411 118 21 rättvisans
869 412 97 27 upprätt-

205 445 107 27 hållande,
328 447 25 20 är
367 445 56 22 dock
438 447 31 20 att
485 445 88 28 hoppas,
593 447 32 20 att
640 446 66 21 sedan
726 445 153 28 folkmängden
895 445 69 27 ökats,

205 480 39 21 och
260 481 7 20 i
284 480 53 27 följd
354 480 67 26 deraf,
440 479 62 22 äfven
525 480 213 27 domareaflöningen
758 480 66 27 stigit,
845 480 68 21 denna
929 480 37 21 ab-

205 515 103 21 normitet
322 514 109 22 afskaffas.
462 515 31 27 Ty
508 514 48 22 icke
568 515 84 27 jorden,
667 517 51 19 utan
736 515 100 26 åboarne,
857 517 37 19 äro
908 515 36 21 väl
959 514 6 21 i

205 549 67 22 behof
286 549 23 21 af
322 551 33 19 att
369 549 90 22 rättvisa
474 549 79 28 skipas.
583 549 49 22 Men
649 555 34 16 om
703 556 29 15 nu
751 549 116 22 bestående
886 549 80 21 förhål-

205 583 78 22 landen
300 583 68 21 delvis
385 583 45 22 ledt
445 583 33 22 till
489 583 281 28 tingsgästningsbesvärets
785 583 133 22 fortfarande
934 583 31 21 fä-

205 618 76 21 stande
297 617 35 22 vid
346 617 84 28 jorden,
451 618 38 21 och
505 618 118 21 detsamma
638 618 127 22 bibehållits
781 617 34 22 för
833 617 133 22 Häradshöf-

204 653 112 26 dingarne,
331 651 112 22 förefaller
458 653 36 20 det
510 650 167 29 inkonseqvent,
689 654 32 20 att
731 652 34 21 för
776 652 41 21 den
828 652 67 21 andra
908 651 57 22 hälf-

205 689 36 19 ten
260 687 24 21 af
302 687 126 26 domstolen,
448 687 112 26 nämnden,
578 687 48 21 icke
646 693 82 15 samma
747 687 69 26 grund
834 687 130 21 bibehållits.

205 721 45 26 Att,
261 721 71 21 såsom
343 721 78 27 nådiga
431 721 159 28 propositionen
602 721 98 28 föreslår,
711 721 181 27 lagmanskappen
901 721 64 21 efter-

205 755 101 27 skänkes,
323 761 44 16 som
387 757 96 20 närmast
501 756 57 27 legat
576 756 33 21 till
629 756 69 23 hands
717 755 35 22 för
770 755 118 22 nämndens
911 755 54 21 aflö-

204 790 58 27 ning,
278 790 42 21 kan
336 789 48 22 icke
400 795 63 16 anses
479 790 89 27 lyckligt
582 790 93 27 träffadt,
695 789 125 28 isynnerhet
835 795 45 16 som
897 790 68 21 denna

204 824 71 27 kappe
290 824 132 27 fullkomligt
437 826 118 19 motsvarar
574 825 37 21 det
626 831 47 15 man
693 825 7 21 i
720 824 119 22 allmänhet
857 824 107 21 härintills

205 861 73 19 ansett
292 859 53 20 böra
360 859 95 21 tilldelas
469 859 99 26 nämden,
584 859 53 22 eller
655 861 23 25 !/3
689 859 35 22 del
741 858 23 21 af
773 858 191 27 tingsgästningen.

206 894 38 21 Att
258 893 98 22 deremot
370 893 137 22 efterskänka
523 894 69 21 denna
607 894 38 21 och
665 894 7 21 i
692 895 50 20 dess
762 893 63 22 ställe
840 893 80 22 insätta
938 899 27 16 en

206 927 121 28 uttaxering
343 927 55 22 efter
414 927 102 27 skattöre,
530 927 34 22 för
573 928 105 22 täckande
692 927 24 22 af
730 928 118 21 nämndens
863 927 101 28 aflöning,

205 968 64 15 anser
282 961 38 28 jag
335 962 120 22 tillsvidare
471 961 87 28 ogörligt
573 963 39 21 och
628 963 72 21 dertill
720 961 102 22 orättvist.

278 1007 99 28 Ogörligt,
390 1008 93 26 derföre,
492 1010 31 19 att
534 1008 27 21 då
579 1009 3 20 i
597 1009 38 21 och
651 1014 78 21 genom
744 1007 108 22 skattöret
867 1014 27 15 en
906 1008 60 27 jemn

205 1042 125 27 proportion
347 1043 6 20 i
369 1042 111 22 besvärets
495 1038 127 36 fördelning
630 1038 150 36 i-förhållande
797 1042 33 21 till
845 1042 121 27 förmögen-

206 1076 145 21 hetsvilkoren
369 1077 23 26 ju
412 1077 87 20 härmed
519 1077 64 25 afses,
602 1077 59 22 detta
680 1077 56 21 dock
755 1077 54 25 icke,
829 1076 55 21 efter
901 1082 65 15 nuva-

207 1111 65 21 rande
292 1111 193 27 skattöresättning
503 1111 7 21 i
529 1111 224 26 landskommunerna,
773 1110 43 22 kan
835 1110 69 26 ernås,
927 1110 39 22 och

206 1144 104 27 orättvist,
324 1145 85 22 derföre
421 1147 32 19 att
462 1147 31 20 ett
508 1145 82 27 besvär,
602 1152 45 15 som
659 1145 89 22 erkänts
766 1145 53 21 böra
832 1145 45 21 lika
885 1145 82 21 drabba

206 1179 74 27 hvarje
296 1179 147 27 medborgare,
459 1179 39 22 här
513 1179 74 22 träffar
602 1180 47 21 dem
666 1180 24 21 så
706 1179 64 22 olika.
794 1179 51 21 Man
855 1179 42 21 kan
909 1179 58 21 med-

205 1213 59 27 gifva
280 1215 31 19 ett
325 1214 54 21 visst
394 1213 71 28 afsteg
483 1213 47 22 från
548 1214 150 27 grundsatsen,
719 1215 34 20 att
767 1213 28 22 då
813 1213 44 22 alla
872 1213 44 21 lika
931 1213 36 22 be-

206 1247 66 22 höfva
289 1247 116 27 rättsvård,
424 1247 63 22 äfven
502 1248 43 21 alla
561 1248 43 21 lika
624 1248 52 21 böra
694 1247 93 28 bidraga
806 1247 79 22 dertill.
917 1243 49 25 Man

207 1281 42 22 kan
265 1281 106 28 medgifva
387 1281 40 23 full
447 1282 100 22 befrielse
566 1282 34 22 för
615 1289 25 15 en
660 1283 43 26 del,
723 1282 27 22 de
769 1281 121 28 fattigaste;
908 1281 59 23 med-

206 1316 58 26 gifva
280 1318 32 20 att
327 1316 72 22 skatta
414 1323 26 15 en
455 1317 62 27 gång,
531 1317 36 21 två
577 1318 81 26 gånger
674 1323 61 15 mera
751 1318 26 20 än
791 1316 68 22 andra
869 1316 98 22 medbor-

205 1355 59 23 gåre,
281 1358 48 14 men
344 1350 48 22 icke
408 1351 83 21 hundra
507 1352 52 21 eller
574 1351 193 22 flerehundrafaldt
782 1351 7 21 i
805 1357 27 15 en
847 1350 59 28 dylik
920 1350 46 22 sak.

205 1384 43 28 Jag
263 1391 64 15 anser
342 1385 86 22 derföre
444 1386 231 27 beräkningsgrunden,
692 1386 114 25 skattöret,
822 1385 39 21 här
877 1385 90 21 alldeles

206 1422 48 22 icke
268 1422 74 22 kunna
357 1422 115 28 tillämpas.

268 1485 13 17 L
374 1486 170 18 Ekonomiutskottets
555 1486 105 18 betänkande
673 1486 36 17 N:o
723 1486 16 17 4.
