1086 1717
230 138 14 21 8
439 136 24 24 U.
479 136 24 24 B.
519 148 29 6 —
564 136 62 29 Prop.
642 136 38 23 N:o
695 136 40 23 34.

270 195 49 20 14:0
348 193 29 27 af
389 194 40 20 hrr
454 194 74 21 David
547 194 138 26 Savolainen,
701 193 76 21 Mikko
805 192 96 22 Heikura
921 192 40 22 och

200 228 67 22 Lassi
282 228 114 22 Laitinen:
418 231 33 19 att
466 229 27 21 H.
509 229 27 21 K.
552 228 28 22 M.
603 228 111 27 behagade
728 228 7 21 i
749 227 68 22 näder
831 228 75 27 stadga
923 234 41 15 an-

200 263 73 27 tingen
288 265 33 19 att
336 264 81 26 import
431 262 23 22 af
475 262 129 28 rusdrycker
626 262 45 22 helt
694 262 38 21 och
755 262 66 21 hället
837 261 126 28 förbjudes,

200 299 61 19 utom
279 297 34 21 för
328 297 138 27 oundvikliga
481 297 66 21 behof
561 298 55 26 (som
632 298 15 20 t.
664 303 31 20 ex,
710 296 123 28 kyrkvinet)
848 297 57 27 eller,
926 302 35 16 om

201 332 61 21 detta
276 338 50 15 vore
342 332 103 27 omöjligt,
468 334 33 19 att
525 332 67 21 tullen
614 331 29 28 pä
657 331 116 22 utländska
788 331 90 27 drycker
893 331 71 22 skulle

201 366 64 28 höjas
280 366 129 21 ätminstone
425 366 35 21 till
476 369 32 18 tre
521 367 84 27 gänger
619 366 67 27 högre
702 368 26 19 än
744 366 41 21 den
800 372 29 15 nu
845 368 30 19 är.

272 407 48 20 15:0
350 406 30 26 af
391 406 27 20 hr
434 406 25 22 F.
479 406 32 21 W:
527 406 139 28 Lagerstedt:
682 406 22 28 a)
720 407 33 20 att
767 406 27 21 H.
811 406 26 21 K.
853 406 28 20 M.
893 406 71 21 skulle

201 441 111 27 förelägga
340 441 250 22 nästsammanträdande
613 441 92 21 Ständer
733 440 65 27 nådig
821 441 143 27 proposition,

202 475 138 28 hvarigenom
356 476 43 21 alla
413 476 74 21 starka
503 475 90 28 drycker
608 475 22 22 af
644 475 56 22 hvad
715 475 45 27 slag
776 481 45 16 som
837 475 61 26 helst,
917 481 45 15 som

201 510 48 21 från
272 510 98 21 utlandet
393 511 134 26 importeras,
552 510 67 21 skulle
635 509 141 22 underkastas
792 509 115 28 bevillning
922 509 39 22 och

202 546 33 19 att
251 545 71 21 denna
336 545 69 21 skatts
420 545 78 27 belopp
510 545 68 21 skulle
594 545 118 21 fastställas
733 544 33 21 till
789 545 28 20 50
829 547 91 24 procent
942 544 24 21 af

202 579 36 22 det
253 579 33 21 för
302 579 73 21 starka
390 579 91 27 drycker
496 586 28 14 nu
539 579 101 27 gällanda
654 579 148 26 tullbeloppet,
819 580 55 20 samt
889 580 31 19 att
936 578 28 21 de

206 613 126 28 härigenom
348 613 121 28 inflytande
483 614 83 21 medlen
581 613 69 22 skulle
666 613 76 28 läggas
761 613 34 20 till
817 612 148 22 kommunika-

206 647 149 27 tionsfonden:
379 648 23 27 b)
425 650 33 19 att
481 648 36 21 det
540 648 34 21 för
590 647 138 28 tillverkning
743 647 107 27 medgifna
864 647 101 27 beloppet

203 682 91 21 bränvin
311 682 126 21 inskränkes
452 683 33 20 till
501 683 37 20 det
552 683 79 20 minsta
647 682 86 27 möjliga
748 682 39 21 och
804 681 161 22 bränvinsskat-

204 719 34 18 ten
254 717 60 26 höjes
330 716 129 22 åtminstone
474 717 34 20 till
530 717 5 20 2
551 717 61 20 mark
627 717 92 20 kannan.

274 763 48 20 16:0
353 761 28 28 af
400 761 39 21 hrr
463 762 22 21 J.
512 762 26 21 R.
563 762 112 27 Forsman,
702 761 22 22 E.
751 761 19 21 J.
797 761 113 27 Kännälä,
933 761 32 24 K.

205 796 120 21 Kokkonen
341 796 38 21 och
397 797 24 20 A.
438 796 116 28 Kyander:
571 798 33 19 att
619 798 32 20 ett
666 796 77 21 sådant
759 796 122 28 lagförslag
897 797 68 20 skulle

202 831 120 26 föreläggas
337 831 251 21 nästsammanträdande
604 831 98 25 Ständer,
725 832 32 19 att
781 830 73 21 bruket
876 831 23 21 af
919 836 45 15 rus-

203 865 97 27 drycker,
324 871 50 15 vare
391 865 31 26 sig
437 865 116 21 utländska
569 865 52 21 eller
635 865 118 26 inhemska,
769 871 45 15 som
832 865 133 27 lyxartiklar,

204 899 69 21 skulle
288 899 46 21 helt
350 899 39 21 och
405 899 67 21 hållet
481 899 123 28 förbjudas
620 899 53 22 eller
688 899 129 22 åtminstone
834 899 132 21 inskränkas

202 933 33 22 till
252 933 24 21 sä
291 934 61 26 ringa
367 939 45 15 som
428 933 89 27 möjligt.

275 980 47 19 17:0
352 978 28 27 af
392 979 27 20 hr
433 979 74 20 Johan
525 979 113 21 Brännäs:
662 980 21 26 a)
704 981 32 19 att
757 979 37 21 det
809 985 28 15 nu
853 979 33 21 till
902 979 64 21 brän-

205 1014 54 27 ning
274 1013 108 27 medgifna
397 1013 60 21 antal
472 1013 82 22 kannor
570 1013 89 22 bränvin
669 1012 69 23 blefve
744 1013 153 27 förminskadt
912 1013 54 21 helst

205 1047 35 21 till
256 1054 25 14 en
298 1047 104 28 tredjedel
418 1049 55 20 samt
488 1048 78 27 import
582 1048 23 21 af
618 1048 43 21 alla
672 1049 56 26 slags
739 1048 128 27 rusdrycker
877 1048 90 27 begrän-

204 1087 41 19 sas,
269 1081 112 22 hvaremot
396 1082 59 21 skatt
471 1082 39 21 och
526 1083 39 20 tull
584 1083 3 20 i
604 1089 81 14 samma
699 1082 50 21 män
773 1082 68 21 skulle
863 1082 102 27 förhöjas,

204 1115 28 22 dä
246 1117 83 20 statens
344 1116 93 21 inkomst
453 1116 84 22 komme
553 1118 32 20 att
600 1117 8 20 i
623 1117 60 21 detta
698 1117 109 21 hänseede
823 1116 32 22 stä
867 1116 99 22 oföränd-

203 1150 46 26 rad,
273 1156 48 15 men
336 1150 48 21 frän
400 1157 71 15 annan
494 1151 47 21 sida
563 1151 115 21 betraktad
700 1151 76 26 otaligt
800 1151 64 31 ökad;
888 1145 22 33 b)
933 1152 33 20 att

204 1185 91 20 bränvin
317 1185 19 26 ej
352 1184 54 27 finge
417 1184 113 28 försäljas
545 1185 7 21 i
568 1185 82 22 mindre
664 1185 58 27 parti
737 1187 27 19 än
774 1185 50 27 fem
840 1185 84 21 kannor
938 1185 29 27 pä

204 1221 32 19 ett
258 1219 63 26 käril,
345 1219 60 21 detta
427 1219 35 21 för
477 1221 33 20 att
525 1219 133 22 förekomma
672 1219 156 28 kringgäendet
843 1220 23 21 af
878 1226 28 14 nu
922 1219 45 28 gäl-

203 1253 64 21 lande
282 1253 35 26 lag
332 1253 53 21 eller
405 1253 144 27 salningsköp,
574 1256 55 19 samt
651 1256 33 19 att
705 1255 96 26 köparen
823 1254 40 21 bör
885 1254 82 21 erhälla

203 1287 136 28 förpassning
355 1287 23 22 af
391 1287 62 22 fiskal
468 1288 7 21 i
491 1288 47 22 stad
554 1291 55 19 samt
624 1289 22 21 af
660 1289 166 21 kronolänsman
841 1288 52 22 eller
907 1289 60 21 kom-

204 1322 154 21 munalnämnd
374 1322 13 21 å
402 1322 83 26 landet;
507 1323 19 26 c)
542 1324 33 20 att
591 1323 238 27 utskänkningsställen
844 1323 8 21 i
864 1323 105 25 städerna

204 1357 70 21 blefve
297 1356 111 27 indragna,
432 1357 53 21 eller
507 1363 34 15 om
564 1357 60 21 detta
646 1358 80 26 förslag
748 1358 47 20 icke
817 1359 94 25 antages,
934 1359 34 19 att

204 1390 127 27 försäljning
353 1390 23 22 af
392 1391 43 21 alla
450 1391 136 27 rusgifvande
602 1392 90 27 drycker
707 1391 70 22 blefve
792 1391 112 27 förbjuden
919 1391 49 21 frän

204 1424 148 27 fredagsafton
368 1425 33 21 till
423 1425 193 27 mändagsmorgon
639 1426 39 22 och
701 1426 7 21 i
731 1432 82 15 samma
834 1426 135 21 förhällande

206 1459 26 21 dä
247 1458 94 28 helgdag
356 1459 104 21 inträffar.

274 1503 193 19 Ekonomiutskottets
480 1504 115 18 betänkande
610 1506 37 17 N:o
660 1506 17 17 5.
