1086 1717
458 126 35 21 N:o
514 126 36 21 35.
843 127 12 19 3

124 196 23 20 af
161 196 73 20 Mohla
250 195 86 26 socken,
353 197 56 19 samt
424 195 81 26 Harjus
523 195 102 21 donation
637 195 7 21 i
655 195 127 21 Wederlaks
797 195 86 25 socken,

124 236 34 15 om
180 231 65 20 hvars
269 230 65 26 inköp
357 230 201 26 underhandlingar
580 230 34 20 för
630 230 135 20 närvarande
781 230 63 26 pågå,
863 229 24 21 af

124 265 82 21 mindre
224 264 94 27 omfång.

196 299 42 21 Det
261 299 109 21 härintills
393 299 68 27 följda
484 298 136 22 förfarandet
639 299 135 21 beträffande
790 299 93 27 godsens

124 334 84 21 inlösen
231 334 39 20 och
289 333 148 21 öfverlåtande
454 334 23 20 åt
493 333 133 21 landboarne
642 334 40 20 har
698 334 7 20 i
721 333 117 21 allmänhet
854 333 30 21 vi-

125 370 34 19 sat
179 368 32 26 sig
227 368 188 26 ändamålsenligt.
446 368 61 21 Dock
525 374 70 21 synes,
612 368 49 21 med
677 368 102 21 afseende
795 368 13 21 å
824 368 60 21 land-

124 402 92 22 boarnes
240 409 42 20 nog
306 402 108 21 allmänna
438 402 122 27 fattigdom,
581 404 69 25 några
665 402 110 22 lättnader
791 403 6 20 i
813 403 70 21 betal-

124 437 162 27 ningsvilkoren
302 437 54 21 böra
372 437 127 26 medgifvas.

196 471 37 22 Uti
250 472 36 21 det
302 471 23 22 af
338 471 141 21 förenämnde
495 472 142 21 kommission
654 471 82 27 afgifna
747 472 137 21 betänkande

124 506 125 21 framhålles
273 506 65 21 bland
362 508 67 19 annat
451 509 40 25 att,
515 507 69 20 ehuru
608 507 105 20 åboarnes
729 507 12 20 å
758 507 25 20 de
804 506 80 21 inlösta

125 538 198 29 donåtionsgodsen
334 541 177 26 besittningsrätt
519 541 33 21 till
569 541 63 21 deras
644 541 158 21 innehafvånde
811 541 73 26 lägen-

123 575 62 21 heter
193 575 71 21 blifvit
273 582 59 14 mera
341 575 91 27 tryggad
441 576 39 20 och
489 576 118 26 godtycket
618 576 131 26 fullkomligt
757 575 124 27 aflägsnats,

125 610 36 20 det
176 610 136 21 närvarande
328 610 140 21 ekonomiska
484 611 60 26 läget
559 611 13 20 å
588 611 64 20 dessa
668 611 54 25 gods
736 610 67 21 likväl
814 611 69 20 måste

124 650 62 15 anses
209 651 60 14 mera
284 645 118 26 tryckande
419 647 27 18 än
463 645 69 21 under
547 645 60 21 tiden
623 645 46 21 före
686 645 92 26 godsens
794 645 89 21 inlösen.

123 678 75 21 Ehuru
214 679 70 20 denna
303 679 179 22 kommissionens
498 680 146 26 uppfattning,
660 681 29 25 på
705 681 44 20 sätt
760 679 22 21 af
791 680 91 20 Finans-

125 713 161 26 expeditionens
307 713 117 22 berättelse
447 714 103 27 framgår,
566 715 7 20 i
590 715 118 20 allmänhet
723 715 47 20 icke
786 715 43 20 kan
845 721 38 14 an-

124 753 34 15 ses
184 747 234 22 öfverensstämmande
446 749 49 20 med
521 749 96 26 verkliga
640 749 153 27 förhållandet,
817 755 63 20 synes

124 782 55 21 dock
194 782 106 21 åboarnes
316 783 141 21 ekonomiska
473 784 105 26 ställning
594 784 48 20 icke
658 786 57 18 ännu
731 790 52 14 vara
799 785 23 19 så
838 783 44 21 till-

123 816 175 26 fredsställande,
315 823 48 14 man
379 817 48 21 haft
442 818 118 27 anledning
576 820 88 19 emotse.

195 851 97 21 Orsaken
315 851 73 22 härtill
409 852 63 21 torde
488 853 78 20 främst
583 859 51 14 vara
650 855 33 19 att
698 853 53 21 söka
767 853 7 20 i
789 853 92 26 tidigare

123 885 211 28 missförhållanden,
357 886 84 21 hvilkas
461 887 131 27 verkningar
608 887 55 21 först
680 887 54 22 efter
750 894 26 14 en
791 887 53 27 följd
861 887 23 21 af

123 921 24 19 är
163 920 72 21 kunna
251 921 107 26 utplänas.
389 921 34 20 Då
438 921 134 22 landboarne
588 922 69 21 under
674 922 163 21 donatariernes
849 922 33 21 tid

123 954 45 21 ofta
183 961 51 14 voro
251 957 83 19 utsatta
348 955 33 22 för
397 956 198 27 skatteförhöjning
610 957 40 20 och
666 957 63 21 deras
737 957 104 26 ställning
851 957 32 20 äf-

122 995 40 14 ven
185 995 79 16 annars
288 996 38 15 var
342 991 82 26 osäker,
441 991 98 21 alstrade
555 992 60 20 detta
630 991 40 22 hos
686 992 48 20 dem
750 991 131 27 likgiltighet

122 1023 33 20 för
179 1023 136 22 ekonomiskt
337 1025 83 20 förvärf
434 1025 40 21 och
489 1025 115 27 häglöshet
620 1026 34 21 för
669 1028 31 19 ett
716 1026 93 21 ordnadt
822 1026 59 27 jord-

122 1057 62 22 bruk.
214 1058 42 21 Vid
279 1059 58 21 tiden
361 1059 33 21 för
416 1060 93 27 godsens
534 1061 83 21 inlösen
637 1061 92 21 befunno
746 1061 33 26 sig
795 1061 86 21 derföre

121 1093 132 21 landboarne
270 1095 12 19 å
298 1094 26 21 de
347 1094 61 21 flesta
431 1095 53 26 gods
501 1095 6 20 i
523 1096 59 20 såväl
602 1096 90 26 andligt,
710 1102 45 15 som
771 1095 110 21 materielt

121 1127 123 22 hänseende
260 1129 28 26 pä
304 1135 25 14 en
346 1129 136 27 synnerligen
498 1129 37 27 läg
551 1130 140 26 ständpunkt.
712 1130 38 21 Att
766 1130 69 21 under
845 1131 34 20 sä-

122 1162 56 21 dana
201 1162 149 22 förhällanden
374 1164 135 27 svärigheter
525 1166 70 20 mäste
610 1166 80 25 uppstä
706 1167 32 19 att
754 1165 126 26 genomföra

121 1202 26 15 en
163 1197 25 20 sä
204 1197 132 21 omfattande
354 1198 85 26 reform,
457 1205 46 15 som
521 1199 205 27 donationsgodsens
741 1200 83 21 inlösen
841 1200 40 20 och

121 1230 147 22 Ofverlätande
292 1233 22 20 ät
336 1232 140 28 landboarne,
501 1235 26 19 är
542 1234 114 27 sjelffallet,
676 1235 3 20 i
695 1235 116 26 synnerhet
835 1241 46 14 som

121 1265 123 22 densamma
263 1266 129 22 förutsätter
415 1269 31 19 ett
469 1267 129 22 förändradt
614 1269 195 27 hushällningssätt
825 1270 56 19 samt

121 1301 31 19 ett
167 1302 71 24 träget
254 1301 39 21 och
308 1302 95 26 ihärdigt
419 1302 75 22 arbete
511 1303 24 21 af
547 1304 134 21 landboarne
698 1304 81 27 sjelfve.

192 1335 51 21 Med
266 1336 100 21 afseende
389 1337 54 21 härä
467 1338 41 20 och
532 1338 103 21 ehuruväl
654 1339 26 21 de
696 1339 33 21 för
744 1339 135 21 landboarne

119 1368 125 22 fastställda
264 1370 219 28 betalningsvilkoren
494 1372 7 21 i
513 1373 39 21 och
568 1373 33 21 för
617 1374 31 26 sig
664 1374 47 20 icke
727 1374 73 20 kunna
816 1379 64 15 anses

119 1403 143 29 betungande,
279 1411 63 21 synes
358 1406 116 27 anledning
490 1406 116 22 förefinnas
622 1410 34 19 att
671 1408 88 26 vidtaga
770 1408 58 21 vissa
836 1408 44 21 för-

119 1438 117 27 ändringar
252 1439 7 21 i
276 1440 26 20 de
325 1440 169 28 bestämningar,
517 1442 74 21 hvilka
614 1442 78 21 hittills
707 1443 56 21 varit
778 1443 101 26 gällande
