1086 1717
228 129 14 21 2
449 129 20 26 U,
485 129 24 32 B.
519 141 26 4 —
563 129 55 29 Prop.
634 130 34 24 N:o
684 129 33 24 36.

198 184 106 23 träffande
326 186 26 21 de
376 186 58 27 gods,
457 186 12 22 å
488 186 73 22 hvilka
578 186 121 22 skattebref
716 186 65 22 redan
801 186 101 27 erhållits,
918 187 40 21 den

199 220 174 27 öfverbetalning,
395 226 46 16 som
462 220 84 22 härtills
568 220 65 28 skett,
656 227 50 15 vare
719 220 32 28 sig
765 220 8 21 i
788 220 171 28 öfverskjutande

198 254 154 22 landboräntor
367 254 51 22 eller
433 254 32 22 för
480 254 52 28 högt
546 254 111 22 beräknad
672 254 102 27 annuitet,
783 254 68 22 skulle
858 256 100 26 antingen

196 288 54 28 jemt
272 288 92 22 fördelas
378 288 33 21 till
425 288 113 28 afräkning
552 289 28 27 på
596 289 26 21 de
637 289 134 21 återstående
787 289 61 21 årens
863 289 95 22 annuite-

198 324 34 20 ter
246 322 52 22 eller
312 322 40 22 ock
367 323 114 27 godtgöras
495 323 141 22 landtboarne
650 323 28 27 på
694 324 26 21 de
733 324 108 21 närmaste
851 323 61 22 årens
922 330 36 15 an-

198 357 104 25 nuiteter
293 353 12 34 ;

268 391 169 22 Presteståndet:
457 392 80 27 jemväl
558 392 83 27 antagit
662 398 63 15 mom.
742 392 13 21 3
769 392 8 20 i
791 392 165 27 propositionen,

198 425 55 22 dock
275 426 49 21 med
347 425 110 23 enahanda
479 426 179 27 omformulering,
681 432 45 16 som
749 426 63 21 ofvan
827 426 80 22 anförts
921 426 36 22 be-

197 459 105 22 träffande
316 465 63 16 mom.
395 461 22 25 2;

266 493 193 29 Borgareståndet:
475 494 95 28 godkänt
585 501 63 15 mom.
665 495 13 21 3
692 495 8 21 i
721 494 159 27 propositionen
902 494 55 22 oför-

197 528 101 26 ändradt;
314 530 55 19 samt

266 561 171 22 Bondeståndet:
453 562 121 22 äfvenledes
589 563 83 27 antagit
682 563 136 21 oftaberörda
827 569 70 20 mom.,
908 563 48 21 med

197 596 41 21 den
258 596 90 27 ändring
371 597 32 20 att
425 597 65 21 slutet
508 597 62 22 deraf
582 597 69 22 skulle
666 597 81 22 erhålla
760 597 93 27 följande
868 597 86 27 lydelse:

197 630 54 26 »och
273 630 81 22 hvilket
376 628 84 30 belopp,
482 631 54 22 efter
554 631 60 27 jemn
635 631 120 27 fördelning
773 631 99 27 antingen
887 631 27 28 pä
929 632 26 21 de

196 667 108 20 närmaste
326 665 61 22 årens
408 665 121 22 annuiteter
551 665 51 22 eller
624 665 28 28 på
676 665 26 22 de
720 665 135 22 återstående
869 665 50 22 åren
934 665 24 22 af

196 699 205 28 amorteringstiden,
412 700 54 22 efter
481 700 118 27 Styrelsens
614 700 149 27 bepröfvande,
779 700 99 21 afräknas
892 700 13 21 å
919 706 36 15 an-

195 734 141 21 nuiteterna*.

264 767 42 22 Tre
328 768 63 21 ständ
411 768 64 22 hafva
497 769 89 21 sälunda
600 769 79 21 uttalat
694 769 32 26 sig
740 768 33 21 för
788 768 166 27 amorteringsti-

196 802 51 22 dens
269 802 136 22 beräknande
427 803 66 27 enligt
515 803 41 22 den
578 803 78 27 nådiga
676 802 166 28 propositionen,
858 802 19 21 d.
893 804 18 19 ä.
926 803 28 26 pä

194 837 46 20 sätt
262 842 46 16 som
330 837 69 21 hittils
420 837 47 21 frän
488 837 169 22 skattebrefvens
676 837 134 25 utfärdande,
825 836 85 22 hvarför
925 837 29 21 all

194 870 73 22 vidare
290 870 77 28 ätgärd
385 870 24 22 af
420 870 111 23 Utskottet
546 871 8 21 i
568 871 114 27 anledning
697 871 23 21 af
732 870 171 22 Presteständets
917 870 37 22 be-

194 904 43 22 slut
251 904 8 22 i
275 905 69 21 denna
360 905 33 21 del
407 905 100 22 förfaller.

263 938 171 22 Vidkommande
449 939 46 22 äter
511 939 27 22 de
553 939 81 22 skedda
650 939 232 26 öfverbetalningarnes
892 939 62 26 godt-

194 973 94 27 görande
310 973 33 21 till
365 973 131 22 landboarne
519 973 65 22 hafva
605 973 37 21 tvä
666 973 62 21 ständ
747 974 86 20 stannat
847 975 46 19 mot
907 973 45 26 tvä;

193 1013 49 15 men
257 1006 29 22 dä
300 1013 27 15 en
341 1007 135 27 bestämning
491 1007 66 28 enligt
571 1007 158 27 Ridderskapet
747 1007 40 21 och
801 1007 80 21 Adelns
896 1009 56 19 samt

193 1040 193 28 Borgareständets
400 1041 71 22 beslut
479 1041 48 22 icke
539 1041 105 22 utesluter
654 1041 137 27 möjligheten
801 1041 34 21 tör
845 1041 108 26 Styrelsen

194 1077 33 19 att
248 1074 82 22 förfara
353 1075 62 22 äfven
436 1075 29 27 pä
483 1076 44 21 sätt
541 1076 8 21 i
563 1075 79 27 nådiga
656 1075 161 27 propositionen
831 1075 121 26 föreslagits

193 1109 40 22 och
255 1109 25 22 af
300 1109 26 22 de
350 1109 37 21 tvä
402 1109 67 27 öfriga
484 1109 90 22 ständen
588 1109 114 27 godkänts,
717 1109 41 21 har
773 1108 112 22 Utskottet
899 1110 53 20 trott

193 1143 32 27 sig
242 1143 55 22 böra
314 1143 34 21 till
362 1143 121 27 antagande
498 1143 87 22 förorda
599 1143 150 22 förstnämnda
763 1143 77 26 beslut,
855 1143 49 21 med
919 1143 33 21 sä-

192 1178 43 21 dan
249 1177 146 27 formulering,
412 1177 119 22 detsamma
543 1177 23 22 af
579 1177 162 22 Bondeständet
756 1176 91 22 erhällit.

264 1211 113 23 Utskottet
391 1212 33 22 fär
439 1212 72 22 derför
529 1212 111 22 vördsamt
654 1211 80 22 föreslä
749 1213 32 20 att
795 1211 157 27 Ridderskapet

192 1246 40 21 och
258 1246 69 21 Adeln
352 1248 56 19 samt
431 1246 86 22 Preste-
539 1247 40 21 och
601 1245 187 29 Borgareständen
803 1245 56 26 ville,
875 1245 25 22 de
915 1245 37 21 tvä

192 1280 133 22 sistnämnda
345 1280 91 22 ständen
460 1281 49 22 med
523 1281 130 27 frängäende
670 1281 23 21 af
706 1281 47 21 sina
767 1280 92 27 tidigare
873 1279 78 27 beslut,

191 1314 75 22 förena
282 1315 32 27 sig
330 1321 34 15 om
379 1316 33 20 att
427 1314 22 22 ät
464 1316 65 20 slutet
544 1315 23 21 af
579 1321 63 16 mom.
660 1316 13 20 3
688 1316 8 20 i
710 1315 42 21 den
766 1314 78 27 nädiga
854 1314 98 27 proposi-

191 1348 74 22 tionen
280 1349 56 27 gifva
351 1349 93 27 följande
459 1350 91 26 lydelse:

398 1417 39 21 och
459 1417 80 22 hvilket
561 1417 83 32 belopp,
667 1416 55 28 efter
740 1416 63 27 jemn
817 1415 133 28 fördelning

329 1452 103 28 antingen
452 1452 32 28 pä
506 1452 27 20 de
554 1453 111 19 närmaste
680 1452 64 20 årens
760 1450 121 20 annuiteter
897 1449 53 21 eller

259 1490 148 18 Statsutskottets
420 1490 118 19 betänkande
550 1492 35 16 N:o
598 1491 18 17 9.
