1086 1717
250 153 28 21 62
527 152 51 29 Prop.
594 152 31 22 N:o
639 152 31 22 34.

289 216 20 20 3.
339 215 40 21 Till
401 215 128 22 biträdande
551 216 51 21 eller
624 215 202 27 tjenstförrättande
849 215 123 25 kontrollör,

221 250 88 20 hvarom
331 249 108 21 ofvanföre
461 251 95 25 nämnes,
574 250 40 21 bör
633 250 180 21 öfverkontrollör
831 251 48 20 utse
896 256 26 14 en
940 249 34 21 väl

220 283 81 21 ansedd
321 286 88 24 person,
423 290 45 15 som
487 290 49 21 eger
554 284 41 21 den
610 284 70 27 insigt,
697 286 33 19 att
744 284 43 22 han
802 284 43 21 kan
860 283 114 22 befattnin-

220 324 40 20 gen
285 318 132 22 klanderlöst
437 318 81 26 utöfva,
533 320 56 20 samt
610 318 46 22 före
678 318 85 22 afresan
783 318 48 22 från
853 318 121 21 bränneriet

220 352 70 21 lemna
313 352 79 22 honom
414 353 7 21 i
443 352 77 22 sådant
542 352 98 22 afseende
663 353 66 27 nödig
750 352 145 27 handledning
916 352 58 22 såväl

219 392 77 21 genom
316 386 126 28 hänvisning
460 387 33 21 till
511 387 179 27 författningarna
710 388 8 20 i
736 388 78 25 ämnet,
834 393 46 15 som
897 392 77 21 genom

218 420 163 22 undersökande
401 421 23 22 af
439 421 220 28 bränneriredskapen
679 422 40 21 och
738 421 133 22 anställande
886 421 23 22 af
921 428 53 21 upp-

218 455 96 27 mätning
329 455 39 22 och
383 455 99 28 profning
497 456 23 21 af
534 456 119 21 bränvinet.

286 490 21 21 4.
336 484 29 27 Åt
386 490 66 21 sådan
474 490 33 21 för
528 490 98 21 tillfället
639 490 78 21 utsedd
736 490 121 21 kontrollör
875 490 52 28 eger!
942 490 31 21 öf-

218 524 157 21 verkontrollör
396 524 79 21 utfästa
497 525 79 21 arvode
597 525 57 20 ända
672 525 33 20 till
723 524 61 27 tjugu
802 524 61 21 mark
883 525 38 27 om]
936 525 37 20 da-

217 565 47 20 gen,
287 559 81 20 hvilket
389 559 95 27 erlägges
505 559 8 21 i
535 559 37 21 det
592 559 33 21 uti
646 565 64 15 mom.
733 559 11 20 I
765 559 116 21 förutsatta
897 559 37 21 fall
952 558 22 21 af

218 593 169 26 bränneriegare,
406 599 48 15 men
469 599 77 16 annars
562 593 23 22 af
597 593 91 26 kronan,
707 593 114 21 hvarutom
837 593 68 21 denne
919 593 53 21 kon-

217 627 76 22 trollör
314 627 24 21 af
357 627 163 27 bränneriegare
537 627 119 22 tillkomma
676 628 27 21 de
721 627 109 22 förmoner
848 627 8 21 i
875 627 97 22 afseende

217 661 13 21 å
252 662 88 21 husrum
363 662 40 21 och
420 662 56 26 kost,
495 668 46 15 som
559 662 6 21 i
584 661 12 28 8
612 663 27 21 27
654 668 66 15 mom.
735 662 14 21 3
763 662 8 21 i
785 661 151 27 förordningen
950 661 23 21 af

217 696 71 21 denna
309 697 41 26 dag
371 696 110 27 angående
499 697 96 21 vilkoren
617 697 33 20 för
669 696 138 27 tillverkning
825 696 40 21 och
881 696 91 21 destille-

217 731 47 26 ring
279 730 23 21 af
314 731 91 21 bränvin
419 730 69 22 finnas
502 731 34 21 för
550 731 119 21 kontrollör
686 730 117 21 bestämde.

563 794 11 27 8
591 794 33 21 15.

287 840 18 20 1.
335 839 79 27 Hvarje
432 839 56 27 gäng
506 839 100 22 bränneri
622 839 68 21 under
714 839 180 26 tillverkningstid
912 839 60 21 besö-

216 873 38 21 kes
269 873 23 21 af
306 873 176 22 öfverkontrollör
497 876 51 24 göre
566 874 43 21 han
624 874 74 21 derom
714 875 55 19 samt
784 879 35 15 om
834 873 27 21 de
875 873 98 21 rättelser

216 907 40 21 och
278 907 159 27 iakttaganden,
460 908 73 21 dervid
555 908 110 27 päbjudas,
688 907 131 27 anteckning
841 907 7 21 i
869 907 39 21 den
930 907 42 21 till-

215 941 204 27 verkningsjournal,
440 948 45 15 som
504 943 7 20 i
530 942 12 27 $
557 943 27 20 23
600 942 147 25 omförmäles;
762 942 46 21 före
820 941 79 27 jemväl
914 941 62 25 öfver

217 976 33 20 sin
264 976 176 27 tjensteutöfning
455 976 91 27 dagbok,
562 977 60 20 hvari
636 977 91 20 besöket
742 976 39 21 och
797 976 59 21 tiden
867 975 70 22 derför
950 976 24 21 af

217 1009 119 22 kontrollör
351 1010 116 27 bestyrkes.

285 1045 20 20 2.
334 1044 33 21 Då
385 1044 179 22 öfverkontrollör
582 1045 33 21 till
637 1045 139 26 länestyrelse
799 1045 100 21 insänder
923 1045 48 20 räk-

216 1079 51 26 ning
286 1078 58 21 öfver
362 1079 79 21 honom
460 1079 161 22 tillkommande
639 1079 277 26 resekostnadsersättning,
931 1079 40 20 bör

216 1113 138 21 förenämnde
369 1113 86 26 dagbok
471 1113 89 28 bifogas.

562 1177 12 26 8
591 1177 33 21 16.

286 1223 18 20 1.
336 1222 76 21 Senast
427 1222 45 22 före
487 1223 41 20 den
543 1223 28 20 20
586 1223 7 20 i
608 1223 72 26 hvarje
696 1222 79 21 månad
790 1222 55 21 skall
860 1221 110 22 öfverkon-

215 1257 75 20 trollör
308 1257 33 20 till
359 1257 229 26 Finansexpeditionen
606 1257 7 20 i
632 1256 94 22 Senaten
748 1256 91 21 aflemna
858 1256 112 21 berättelse

215 1297 35 15 om
268 1290 56 22 hvad
336 1291 50 24 han
404 1291 35 21 vid
457 1291 174 27 besigtningarna
649 1292 69 20 under
737 1290 175 27 nästföregäende
926 1290 44 22 mä-

215 1325 41 21 nad
282 1325 71 21 funnit
377 1326 214 26 anmärkningsvärdt
613 1328 55 19 samt
690 1325 85 27 uppgift
799 1332 34 14 om
855 1325 65 25 tiden,
942 1324 28 22 då

214 1360 74 27 hvarje
306 1360 99 21 bränneri
424 1360 23 21 af
464 1360 78 21 honom
559 1360 87 21 besökts
666 1360 110 22 äfvensom
794 1360 23 21 af
834 1360 62 20 hvem
917 1359 53 21 kon-

214 1394 233 27 trollörsbefattningen
463 1394 108 22 derstädes
586 1394 113 22 bestrides.

283 1429 20 21 2.
332 1428 61 22 Inom
411 1435 26 15 en
456 1428 78 22 månad
552 1429 54 21 efter
623 1429 37 21 det
679 1428 226 27 tillverkningstermin
927 1428 42 20 till-

214 1462 116 27 ändalupit,
356 1462 77 27 afgifve
455 1463 178 21 öfverkontrollör
655 1464 33 20 till
710 1463 229 27 Finansexpeditionen
