1086 1717
355 148 28 22 J.
402 148 56 31 B.'—
478 133 66 51 Prop.
560 148 37 22 Nio
610 148 37 22 32.
813 146 26 21 11

124 211 45 22 har
183 212 112 21 Utskottet
310 211 50 22 icke
374 212 103 27 trott.sig
495 211 53 23 böra
565 210 154 48 ännortandad
714 212 28 19 än
753 216 46 14 som
810 208 61 22 skett

127 245 78 24 beröra
221 245 73 23 denna
308 241 191 55 angelägenhet
634 261 41 5 än
753 255 3 8 :

129 357 24 11 na
194 331 43 38 De
252 320 121 61 ändringar
393 326 113 39 Utskottet
521 342 73 27 funnit
608 333 55 30 böra
669 323 112 45 vidisgas
794 323 13 10 i
798 340 14 27 i.
824 328 46 36 sär-

122 367 78 35 skilda
215 370 158 36 stadganden.
365 366 15 44 i
391 376 42 23 den
449 376 51 22 nåd.
516 376 172 28 propositionen,
703 375 64 27 utber
783 374 35 28 sig
831 374 39 27 Ut-

122 404 86 30 skottet
224 412 32 20 att
270 410 41 22 här
326 410 72 22 nedan
413 410 23 22 få
450 411 9 21 i
473 410 90 24 korthet
577 410 113 22 motivera.
707 425 3 1 :

144 445 93 26 81
254 445 40 22 har
308 445 125 30 undergätt
440 445 80 22 endast
535 452 27 14 en
573 435 149 38 förtyligande
732 432 139 34 redaktions-

127 479 158 28 förändring
260 475 10 36 .
276 475 12 36 .

196 514 10 21 I
221 501 70 41 tredje
306 516 118 27 momentet
439 514 26 21 af:
478 514 81 22 denna:
566 499 25 42 s.
595 493 41 42 har
646 494 166 47 pröpositiönen
822 491 51 42 från

123 548 193 33 komitéförslaget
331 549 110 28 upptagit
447 548 169 28 bestämningen
632 545 35 29 att
680 547 60 24 aktie
755 547 32 21 uti
802 546 77 24 bank-.

123 578 72 32 bolag
223 583 19 28 ej
266 583 24 21 få
311 583 77 21 ställas
410 583 29 27 på
461 582 167 22 innehafvaren.
665 582 34 21 De
723 581 8 21 i
753 580 119 24 komitébe-

129 617 123 23 tänkandet
268 617 93 22 anförda
376 617 96 22 motiven
487 617 36 24 till
539 623 27 15 en
576 616 70 24 sådan
656 615 167 28 inskränkning
832 615 41 25 har

123 645 118 32 Utskottet
264 651 57 22 dock
336 651 49 22 icke
405 641 82 44 kunnat
501 651 127 29 godkänna.
645 650 51 25 Att
710 650 115 22 aktiernas
840 651 33 20 ut-

126 685 110 26 färdande
253 686 34 21 till
301 685 45 22 viss
361 693 50 14 man
427 686 73 23 skulle
515 685 41 22 hos
572 685 134 27 delegarene
712 684 111 22 förstärka
831 684 42 26 den

130 719 121 22 moraliska
274 719 171 29 ansvarigheten
468 719 34 23 för
525 713 96 39 affärens
635 719 72 26 solida
721 717 152 28 bedrifvande,

125 750 66 30 torde
204 754 60 21 .icke
279 754 50 22 med
344 754 37 29 fog
395 754 77 30 kunna
487 746 83 42 påstås,
583 746 105 42 likasom.
698 753 35 21 det
747 759 79 21 genom
841 759 32 14 er-

132 795 66 14 namn
214 788 129 22 farenheten
358 789 69 21 mäste
437 795 65 15 anses
510 788 108 28 bevisadt,
627 789 31 20 att
668 787 63 22 äfven
741 793 66 22 egare
815 786 25 22 af
845 786 30 28 pä

126 822 76 31 stälda
218 823 72 21 aktier
305 823 140 27 gemenligen
453 823 51 22 icke
512 822 50 27 sökt
570 821 76 28 utöfva
653 821 123 28 inflytande
784 821 29 28 pä
820 821 53 21 ban-

129 856 55 24 kens
207 856 141 29 förvaltning.
378 857 47 21 Och
447 857 61 25 hvad
529 856 105 29 beträffar
655 856 109 27 farhägan
783 851 43 38 att
837 855 37 26 in-

129 885 193 32 nehafvareaktier
344 891 80 27 kunde,
448 891 35 21 för
505 891 119 24 utöfvande
644 890 25 22 af
682 892 89 26 rösträtt
786 890 8 21 i
810 896 65 21 egen-

128 925 74 28 nyttig
225 925 73 28 afsigt,
321 925 136 25 missbrukas
474 931 82 24 genom
572 925 64 23 deras
651 925 117 27 tillfälliga
781 924 94 21 öfverlä-

129 959 56 21 telse
200 959 23 21 ät
239 959 70 22 andra
324 966 110 21 personer,
451 959 64 22 torde
530 959 86 22 sädana
630 959 41 21 fall
677 959 74 27 alltid
765 958 70 24 blifva
840 960 35 26 yt-

129 989 55 26 terst
204 989 110 32 sällsynta.
336 993 41 22 och
394 993 75 22 derför
484 993 51 30 icke
549 994 77 22 kunna
636 979 138 46 rättfärdiga
789 995 31 19 ett
835 999 40 15 un-

128 1027 86 28 dantag
229 1027 50 22 från
296 1029 12 25 $
324 1028 12 21 2
352 1028 8 21 i
376 1028 56 24 1864
446 1028 37 21 års
499 1020 131 35 förordning
644 1034 40 17 om
695 1027 140 27 aktiebolag,
839 1033 36 15 en-

128 1057 49 32 ligt.
186 1058 92 33 hvilken
293 1062 122 25 ordnandet
431 1062 26 30 af
469 1062 74 21 denna
558 1062 64 27 fråga
638 1065 24 20 är
674 1062 113 24 beroende
805 1061 25 22 af
837 1061 38 22 bo-

130 1085 186 47 lagsordningens
337 1088 174 36 bestämningar.
542 1096 83 23 Härtill
646 1096 98 27 kommer
766 1098 60 30 ännu
848 1102 28 15 en

127 1126 117 36 synpunkt
257 1130 29 25 af
297 1130 103 29 praktisk
414 1131 123 29 betydelse.
562 1130 219 29 Eganderätten..till
796 1129 80 28 aktier,

130 1159 75 26 stälda
224 1165 32 31 på
278 1165 44 21 viss
337 1171 59 21 man,
413 1165 46 22 kan
475 1165 114 28 nämligen
603 1171 73 22 genom
698 1171 28 16 en
741 1159 76 33 alltför
831 1166 46 19 stor

127 1199 86 27 mängd
236 1199 168 28 endosseringar
425 1199 72 31 blifva
520 1199 57 40 svår.
593 1201 34 21 att
644 1199 131 28 konstatera
797 1198 80 25 samt,
864 1193 18 38 i

129 1233 85 26 många
236 1233 46 28 fall
291 1233 107 26 medföra
403 1235 72 22 stora
479 1232 130 31 omgångar.
630 1233 44 26 .På
682 1233 73 28 dessa
769 1233 51 22 skäl
835 1232 42 26 och

128 1264 33 24 då
184 1267 100 30 komitén
298 1267 62 29 torde
370 1267 71 27 hafva
456 1267 52 25 med
523 1267 65 31 dessa
602 1267 139 28 stadganden
757 1269 72 23 ansett.
844 1273 33 16 se-

129 1290 170 43 delutgifvande
313 1289 92 40 banker,
421 1302 40 21 har
476 1294 113 29 Utskottet
597 1302 100 21 uteslutit
706 1301 170 53 naa

127 1335 134 34 stadgande.

146 1366 65 29 01
228 1350 231 51 fverensstämmelse
481 1360 52 40 med
540 1350 64 49 1866
619 1370 36 22 års
666 1344 139 60 förordning,
813 1370 64 24 inpne-

130 1396 74 31 håller
219 1404 56 23 sista
289 1406 117 21 momentet.
421 1406 33 23 att
469 1404 18 21 i.
493 1397 123 35 aktiebank
632 1411 34 21 en,
675 1404 120 34 tredjedel
799 1404 26 25 af
832 1406 45 26 sty-

129 1438 87 33 relsens
238 1430 145 42 medlemmar
401 1432 35 27 får
458 1432 94 35 utgöras
572 1438 26 22 af
610 1430 124 35 utländske
743 1441 62 23 män.
813 1453 2 9 ;
833 1438 44 26 Till

141 1470 3 1 |
200 1477 155 18 Bankutskottets
367 1478 115 18 betänkande
495 1478 38 26 N:o
544 1479 17 20 4,
798 1491 2 2 i
