1086 1717
255 158 28 22 10
419 158 80 23 Ständ.
515 159 37 23 Sv.
567 172 28 3 —
610 160 70 28 Prop.
696 160 41 22 N:o
752 159 34 22 35.

226 220 99 29 skogars
348 221 131 23 inrättande
501 223 32 28 på
554 222 84 29 längre
661 222 57 23 eller
740 222 92 23 kortare
851 222 42 30 tid,
907 222 73 23 hafva

228 255 132 23 Ständerna
375 256 82 23 endast
471 259 56 21 trott
542 258 37 28 sig
594 258 58 22 böra
666 257 76 23 uttala
757 256 45 23 den
814 256 165 30 förhoppning,

431 317 29 19 att
474 315 97 25 Styrelsen
590 316 60 20 måtte
664 316 48 20 söka
723 315 29 25 på
767 314 212 26 öfverenskommelsens

363 351 36 24 väg
413 350 66 25 förmå
494 351 83 19 åboarne
592 351 13 19 å
620 351 23 19 de
657 350 72 20 inlösta
743 349 177 25 donationsgodsen,
935 350 43 18 sär-

363 385 59 20 skildt
437 385 51 20 inom
503 385 23 19 de
541 385 87 24 socknar,
645 385 34 19 der
694 384 109 24 storskiftet
818 385 51 19 ännu
883 384 39 20 icke
936 383 43 24 för-

363 419 70 25 siggått
447 419 33 20 och
495 419 211 25 samfällighetsskogar
716 418 64 20 kunna
787 418 43 20 med
840 418 64 25 fördel
912 417 66 20 åstad-

362 453 91 24 kommas,
477 455 29 18 att
525 454 53 19 bilda
593 453 65 26 dylika
673 455 56 22 samt,
747 453 35 20 der
797 453 72 20 sådant
883 453 38 19 kan
936 451 42 20 leda

363 488 30 19 till
407 487 30 20 det
451 487 91 25 åsyftade
557 487 116 24 ändamålet,
690 488 22 19 åt
726 487 118 20 landboarne
853 487 69 24 bevilja
933 486 46 19 lätt-

362 521 61 20 nader
445 521 33 20 och
499 521 100 24 förmoner
620 520 78 26 utöfver
714 520 47 24 dem,
777 525 42 14 som
834 520 8 19 i
856 519 35 20 den
906 519 71 25 nådiga

359 555 145 26 propositionen
518 555 113 24 föreslagits
646 554 33 20 och
694 554 26 24 af
733 553 110 20 Ständerna
857 553 101 24 godkänts.

295 611 117 24 Finlands
427 611 100 23 Ständer
542 610 136 23 framhärda
694 613 40 20 etc.

296 658 155 31 Helsingfors,
467 657 45 24 den
528 659 25 21 21
571 657 48 30 Maj
639 658 60 21 1885.

358 1472 116 22 Helsingfors,
486 1472 17 17 J.
515 1470 67 19 Simelii
595 1470 97 22 arfvingars
706 1468 83 23 tryckeri,
804 1467 51 17 1885.
