1086 1717
236 144 27 21 60
435 144 24 23 U.
474 144 23 22 B.
515 157 26 3 —
556 145 66 29 Prop.
637 145 38 23 N:o
691 144 33 23 39.

72 208 23 18 20
106 208 111 23 Kapitlet.
211 204 11 39 i
236 209 75 23 stället
329 209 34 23 för
382 210 37 22 det
433 210 8 22 i
454 210 107 28 förslaget
579 213 113 25 upptagna
710 210 99 28 fängelse
823 209 8 22 i
846 210 64 28 högst
924 216 38 16 sex

206 244 110 22 månader.

276 277 22 23 13
314 280 12 24 $
342 279 36 27 (14
393 278 12 30 8
420 279 8 22 i
442 279 64 23 Utsk.
521 279 77 28 försl.).
627 280 44 21 Det
685 278 164 28 fängelsestraff
862 278 25 22 af
899 279 65 27 högst

207 313 39 21 två
261 313 109 28 månader,
381 320 44 16 som
435 314 40 22 här
484 316 82 20 utsatts
575 314 35 22 för
620 314 125 28 offentligen
754 313 113 28 företagen
878 313 85 28 otuktig

207 348 104 27 handling
330 354 27 16 m.
380 355 34 21 m.,
428 349 40 21 har
489 349 125 22 Utskottets
629 348 71 22 flertal
714 350 55 20 trott
784 348 53 22 böra
853 348 60 28 höjas
928 347 34 22 till

207 382 99 28 fängelse
320 382 8 22 i
342 383 65 28 högst
421 390 37 15 sex
473 384 110 21 månader.

465 499 46 21 21
528 497 177 28 Kapitlet.

276 555 9 22 1
300 556 20 25 8.
342 555 12 22 I
363 555 117 28 anledning
490 555 25 22 af
523 555 69 22 denna
604 555 18 29 8,
633 562 45 15 som
688 555 121 22 innehåller
816 556 34 21 att
857 555 47 26 den,
914 561 46 16 som

207 589 49 22 med
270 589 78 22 berädt
362 590 48 21 mod
425 590 102 23 beröfvar
541 597 72 15 annan
627 589 69 28 lifvet,
707 590 57 22 skall
774 589 34 22 för
818 589 59 22 mord
888 589 74 22 dömas

207 624 34 23 till
263 624 117 22 dödsstraff
400 625 51 22 eller
473 625 89 22 tukthus
585 625 29 27 pä
635 625 75 27 lifstid,
727 625 40 21 har
781 625 8 21 i
804 624 112 22 Utskottet
930 625 33 20 ut-

208 659 73 27 talats,
304 659 14 22 å
340 665 41 16 ena
401 659 69 26 sidan,
486 661 34 20 att
539 659 138 22 dödsstraffet
691 659 34 22 för
740 659 69 28 sagda
825 659 58 21 brott
897 659 66 21 borde

207 700 54 16 vara
281 695 120 26 ovilkorligt,
425 695 6 21 ä
446 694 69 22 andra
529 694 69 28 sidan,
614 696 34 20 att
662 694 86 22 straffet
763 694 34 21 för
811 693 59 22 mord
886 693 76 22 endast

206 728 67 23 borde
288 729 63 22 bestä
365 729 25 21 af
402 729 90 22 tukthus
507 729 29 27 pä
550 729 77 22 lifstid.

276 763 66 22 Hvad
360 763 147 22 förstnämnda
525 763 97 28 yrkande
642 763 109 28 beträffar,
771 762 128 23 förutsätter
918 762 46 22 det-

207 804 81 15 samma
303 799 34 20 att
350 798 83 21 mordet
447 798 68 22 under
529 798 43 22 alla
586 797 153 23 förhällanden
754 804 51 15 vore
821 799 32 20 ett
867 797 24 22 sä
903 796 58 28 groft

207 833 65 27 brott,
296 834 34 20 att
352 833 36 21 det
409 833 47 22 icke
478 833 72 22 kunde
572 833 48 22 med
639 833 83 22 mindre
737 835 29 20 än
781 832 63 22 lifvet
858 832 104 22 försonas.

207 867 51 22 Men
274 873 33 16 om
322 867 40 22 ock
376 867 83 22 mordet
473 867 63 22 alltid
545 867 90 22 innebär
645 869 33 20 ett
688 867 25 22 af
722 867 27 22 de
759 867 98 22 sväraste
867 873 95 21 angrepp

208 902 14 21 ä
241 901 181 28 rättsordningen,
441 902 74 22 kunna
534 902 64 22 äfven
613 902 40 22 här
666 901 145 28 skuldgrader
825 901 136 27 förekomma,

208 936 8 21 i
238 936 102 22 afseende
361 937 14 21 å
397 936 75 23 hvilka
493 936 139 23 dödsstraffet
653 936 72 22 blefve
745 936 34 22 för
794 937 92 26 strängt.
921 936 42 21 Att

208 971 130 27 exempelvis
360 971 33 21 till
415 971 118 22 dödsstraff
549 971 63 22 döma
630 977 27 16 en
677 971 105 27 mördare,
798 977 44 15 som
856 976 50 21 nyss
921 970 42 27 fylt

208 1006 91 21 aderton
321 1006 31 27 år,
375 1012 51 15 vore
447 1006 48 21 icke
516 1006 96 27 rättvist,
628 1006 29 21 då
674 1012 83 15 samma
771 1011 84 22 person,
871 1011 33 15 om
918 1005 44 21 han

208 1040 57 22 hade
279 1041 79 26 begått
371 1040 84 21 mordet
469 1041 49 21 kort
532 1040 47 22 före
594 1041 71 21 denna
680 1040 67 27 ålder,
764 1039 69 28 enligt
843 1041 12 20 2
866 1039 13 29 &
890 1041 12 20 3
912 1040 50 27 kap.

208 1075 49 22 icke
271 1075 85 21 kunnat
370 1075 72 21 dömas
457 1075 34 21 till
505 1081 59 16 mera
578 1077 28 19 än
622 1075 42 21 tolf
675 1075 36 21 års
721 1075 98 22 tukthus.
841 1073 123 22 Utskottets

208 1109 71 22 flertal
301 1115 63 16 anser
384 1108 138 28 fördenskull,
543 1111 33 20 att
595 1109 177 22 tukthusstraffet
791 1109 28 27 pä
834 1107 69 22 lifstid
917 1107 48 23 icke

208 1144 45 21 kan
267 1143 50 22 från
331 1143 135 22 strafisatsen
484 1143 4 22 i
503 1143 71 22 denna
588 1143 13 29 &
617 1143 116 22 undvaras.

278 1177 32 22 Af
329 1179 68 20 större
419 1178 112 27 betydelse
552 1180 38 19 äro
613 1178 27 21 de
661 1177 80 27 inkast,
757 1183 46 16 som
822 1177 69 27 gjorts
906 1177 57 21 emot

210 1213 148 26 dödsstraffets
372 1212 140 28 upptagande
521 1213 71 21 såsom
602 1212 83 28 påföljd
698 1212 35 22 för
743 1211 66 22 mord.
832 1211 65 22 Emot
906 1211 61 22 detta

209 1246 64 23 straff
292 1247 40 21 har
350 1247 8 21 i
377 1247 42 21 den
437 1253 66 21 nyare
521 1247 174 22 kriminalrätten
717 1246 190 27 hufvudsakligast
929 1252 36 15 an-

209 1281 93 22 märkts:
325 1283 34 20 att
380 1281 119 22 detsamma
519 1282 9 22 i
549 1281 69 23 likhet
640 1281 48 23 med
710 1281 73 28 öfriga
798 1287 16 16 s.
830 1281 21 21 k.
867 1281 99 21 absoluta

210 1315 64 23 straff
293 1316 48 22 icke
362 1316 83 22 tillåter
463 1316 73 28 någon
550 1316 82 28 ökning
646 1316 53 22 eller
713 1315 127 28 minskning
854 1315 56 21 efter
924 1315 42 21 den

209 1350 126 28 brottsliges
357 1350 68 28 skuld,
449 1357 44 15 som
513 1351 54 21 dock
582 1351 8 21 i
605 1351 27 21 de
650 1350 143 23 individuella
811 1350 66 21 fallen
895 1349 71 27 aldrig

210 1387 25 19 är
256 1385 35 21 till
312 1385 79 21 måttet
412 1384 55 28 lika;
489 1386 34 21 att
544 1385 139 22 dödsstraffet
698 1385 111 27 derjemte,
825 1384 70 21 såsom
909 1383 58 22 inne-

210 1419 97 22 bärande
326 1421 33 20 ett
375 1419 125 23 förintande
519 1419 25 22 af
562 1420 150 27 förbrytarens
726 1418 155 28 personlighet,
898 1420 24 19 är
937 1417 31 22 in-

210 1454 195 22 kommensurabelt
426 1454 49 22 med
496 1454 75 28 hvarje
594 1456 67 20 annat
679 1454 65 22 straff
763 1454 39 22 och
821 1452 83 24 således
918 1452 50 22 full-
