1086 1717
336 148 24 22 U.
375 147 24 23 B.
415 159 28 3 —
459 147 65 28 Prop.
540 146 38 23 N:o
593 145 35 23 39.
811 147 27 20 39

103 221 48 17 som
165 214 129 27 tillskyndas
310 220 76 21 genom
400 212 59 22 falsk
475 212 120 28 angifvelse
605 212 53 22 eller
668 218 72 15 annan
750 211 117 23 ärekränk-
889 211 12 17 9
913 210 93 22 Kapitlet.

105 250 62 28 ning.
189 249 115 22 Dessutom
319 248 41 21 har
373 248 8 21 i
396 248 118 21 Utskottet
524 246 91 22 uttalats
626 248 34 20 att
677 248 5 20 3
693 246 97 27 punkten
801 245 68 23 borde

106 284 98 28 undergå
221 290 27 15 en
262 281 263 28 redaktionsförändring,
541 281 140 27 hvarigenom
696 280 128 29 framginge,
835 281 35 21 att

105 319 104 28 samtliga
230 318 33 22 uti
284 320 27 19 25
334 318 49 26 kap.
407 318 116 26 upptagna
544 316 59 22 brott
625 317 57 20 emot
704 322 82 16 annans
801 316 68 22 frihet

106 354 71 22 skulle
191 352 111 27 berättiga
317 352 34 21 till
365 350 144 23 skadestånd.

176 388 124 21 Utskottets
322 386 71 22 flertal
415 386 42 21 har
479 385 68 22 likväl
567 385 19 27 ej
605 385 85 21 kunnat
704 384 87 22 biträda
806 385 63 22 dessa

108 422 134 23 uttalanden.
272 421 66 22 Hvad
359 420 152 23 förstnämnda
533 420 82 28 förslag
637 419 110 28 beträffar,
770 420 40 22 har
833 420 37 22 det

108 457 109 28 nämligen
236 457 61 27 synts
319 456 86 27 tydligt,
425 457 35 20 att
483 462 33 15 om
533 455 57 22 falsk
610 454 120 28 angifvelse
747 454 124 22 förorsakat

107 492 105 23 frihetens
227 491 83 26 förlust,
320 491 51 22 eller
387 497 33 15 om
435 490 72 27 dylikt
517 490 59 21 brott
586 490 52 21 eller
648 489 162 28 ärekränkning
821 489 50 22 haft

107 527 35 22 till
157 526 83 28 påföljd
255 525 123 28 minskning
392 525 8 22 i
416 525 42 22 den
473 525 146 21 förorättades
635 524 94 22 inkomst
740 525 53 22 eller
803 531 66 22 uppe-

109 561 64 28 hälle,
194 561 123 27 ersättning
336 560 73 22 härför
429 561 51 25 kan,
497 559 64 22 äfven
579 561 53 20 utan
647 559 37 22 det
699 559 114 27 påpekade
827 559 43 22 till-

111 595 203 28 läggsstadgandet,
331 595 99 21 utdömas
445 594 9 21 i
467 594 50 22 stöd
533 594 24 21 af
570 596 12 19 2
598 594 40 21 och
653 595 13 20 3
676 594 128 27 punkterna.
827 594 44 21 Det

112 632 50 20 rent
181 629 105 28 psykiska
305 629 93 27 lidande,
419 635 46 16 som
484 629 130 27 tillskyndas
633 635 76 21 genom
725 629 63 21 dessa
803 629 66 27 brott,

109 671 65 15 anser
200 664 139 27 pluraliteten
366 663 8 22 i
395 663 117 22 Utskottet
535 663 94 22 deremot
650 669 54 16 vara
727 663 73 22 alltför
823 663 48 22 obe-

111 699 82 22 stämdt
208 698 35 22 för
258 700 34 20 att
307 700 53 20 utan
375 705 26 15 en
416 705 46 14 mer
477 698 54 21 eller
540 698 82 21 mindre
632 697 127 28 godtycklig
768 697 102 28 pröfning

111 734 73 21 kunna
203 733 8 22 i
230 733 121 28 penningar
369 733 137 26 uppskattas.
535 732 41 22 Ett
594 732 161 27 öfvervägande
769 732 102 27 psykiskt

110 768 87 22 lidande
212 768 43 21 kan
270 767 127 28 visserligen
413 766 67 23 äfven
494 767 131 22 förekomma
640 767 8 21 i
661 767 71 27 några
747 767 24 22 af
784 767 26 22 de
825 767 45 29 fall,

111 803 33 22 uti
163 802 75 23 hvilka
252 802 122 27 ersättning
389 802 84 21 komme
489 803 35 20 att
538 802 98 21 utdömas
652 801 68 28 enligt
735 804 13 19 3
763 802 104 27 punkten,

108 839 72 20 såsom
204 836 129 28 exempelvis
354 837 37 21 vid
413 836 114 27 våldtägt;
550 843 48 15 men
617 836 69 22 under
700 836 37 22 det
753 838 33 20 att
801 836 69 28 sagda

109 872 89 21 lidande
217 871 9 22 i
246 871 62 22 dessa
329 871 39 22 fall
387 871 105 27 härflyter
508 871 25 21 af
546 877 26 16 en
587 871 97 22 materiel
699 871 82 22 laesion
796 871 25 22 af
834 871 37 22 be-

109 906 83 22 stämdt
206 905 94 28 omfång,
316 905 141 28 hvarigenom
473 905 129 28 pröfningen
618 905 92 22 erhåller
720 907 32 20 ett
762 905 108 28 objektivt

109 941 56 27 stöd,
177 943 25 19 är
212 940 38 21 det
257 940 104 27 psykiska
368 939 99 22 lidandet
475 940 39 21 vid
522 940 259 27 ärekränkningsbrotten
788 939 82 28 följden

109 975 27 22 af
155 981 27 16 en
203 974 125 27 kränkning
346 974 50 22 utaf
412 976 50 19 rent
477 974 57 21 ideel
548 977 40 24 art,
604 974 107 27 nemligen
726 976 32 20 ett
773 981 96 21 angrepp

111 1010 14 21 å
139 1015 115 21 personens
270 1009 84 27 sedliga
367 1009 74 27 värde,
458 1009 140 27 hvarigenom
614 1009 61 21 detta
684 1009 87 22 lidande
782 1009 88 22 alldeles

110 1043 93 22 förlorar
218 1044 42 21 den
271 1043 151 22 bestämdhet
412 1039 9 35 i
431 1043 145 27 gvantitativt
583 1044 129 25 hänseende,
720 1050 44 15 som
775 1043 34 22 för
818 1043 53 22 fast-

109 1079 119 21 ställandet
243 1078 25 21 af
280 1079 33 20 ett
328 1078 134 21 skadestånd
477 1080 26 19 är
518 1078 24 21 af
554 1078 76 22 nöden.
660 1078 45 21 För
720 1077 67 28 öfrigt
801 1079 70 22 skulle

109 1114 35 21 ett
168 1113 122 27 stadgande
312 1113 8 21 i
341 1113 64 27 lagen
431 1113 26 21 af
478 1119 29 15 nu
529 1113 169 28 ifrägavarande
719 1113 148 22 beskaffenhet

111 1146 168 29 otvifvelaktigt
299 1147 97 22 medföra
414 1153 27 16 en
459 1147 130 28 ytterligare
607 1147 99 28 stegring
723 1147 25 22 af
761 1147 26 22 de
803 1147 67 22 redan

112 1188 29 15 nu
159 1181 37 22 vid
215 1182 54 21 vära
285 1182 115 21 domstolar
415 1188 44 21 nog
474 1182 78 21 talrikt
566 1182 173 21 förekommande
754 1183 117 21 ärekränk-

111 1216 141 27 ningsmälen,
269 1217 53 21 eller
332 1217 131 21 ätminstone
473 1217 113 22 motverka
597 1217 41 21 den
648 1216 123 28 minskning
782 1216 24 22 af
815 1217 54 28 dem,

110 1256 46 15 som
171 1251 110 22 sannolikt
295 1251 8 21 i
318 1252 71 27 någon
405 1252 51 21 män
471 1251 72 22 blefve
558 1251 88 28 följden,
664 1258 32 15 om
706 1251 91 22 böterna
807 1251 64 22 fram-

111 1285 66 27 deles,
192 1285 71 22 säsom
278 1287 27 20 42
321 1285 13 29 &
350 1285 24 22 af
386 1285 108 29 förslaget
509 1286 33 22 till
552 1285 127 28 förordning
690 1292 33 16 om
733 1285 138 29 strafflagens

111 1318 115 24 införande
240 1320 127 27 innehäller,
383 1321 46 21 helt
444 1322 40 20 och
499 1321 67 21 hället
581 1320 85 22 tillfölle
680 1321 90 21 kronan.

180 1354 140 22 Beträffande
340 1355 66 21 sedan
427 1356 43 20 den
490 1355 125 27 föreslagna
634 1354 199 28 omformuleringen
849 1354 24 22 af

112 1390 13 20 3
142 1389 96 27 punkten
257 1389 7 21 i
280 1389 42 22 den
337 1389 99 28 riktning
451 1391 36 20 att
502 1390 42 21 alla
560 1390 26 21 de
601 1390 8 21 i
624 1392 26 18 25
666 1390 50 26 kap.
732 1389 141 22 omförmälda

111 1423 60 21 brott
186 1423 106 22 derunder
302 1423 123 27 hänfördes,
436 1424 26 21 sä
473 1430 64 16 anser
547 1424 123 27 Utskottets
680 1424 111 26 pluralitet
802 1424 71 21 denna

111 1458 70 26 punkt
196 1457 65 22 äfven
276 1458 8 21 i
300 1458 33 21 sin
344 1458 126 22 nuvarande
481 1458 117 28 affattning
607 1458 111 27 medgifva
727 1458 145 22 skadeständs
