1086 1717
299 143 80 23 Ständ.
395 143 36 22 Sv.
449 155 26 3 --
491 143 70 27 Prop.
577 143 41 22 N:o
633 143 34 21 35.
814 144 12 20 7

307 207 41 25 3:0)
363 208 31 18 att
407 206 120 24 beträffande
542 206 22 20 de
578 206 54 25 gods,
645 207 12 19 å
666 206 65 20 hvilka
739 207 117 20 landboarne

238 240 102 20 allaredan
355 240 77 20 erhållit
447 240 110 25 skattebref,
574 246 25 19 ny
614 241 60 24 liqvid
684 241 57 25 enligt
751 241 23 19 de
788 242 5 18 i
799 247 56 14 mom.

238 276 15 18 2
268 275 81 25 angifna
367 275 86 25 grunder
467 276 100 24 uppgöres,
583 275 83 19 hvarvid
680 275 35 19 den
731 275 12 19 å
759 275 97 20 landbolä-

237 310 113 24 genheterna
365 309 29 25 sig
409 309 103 25 belöpande
530 309 78 19 andelen
623 309 26 24 af
661 309 140 25 löseskillingen
815 310 41 24 för-

239 344 53 19 delas
307 344 8 19 i
328 343 123 25 förhållande
467 344 29 19 till
511 344 141 24 lägenheternas
667 350 39 18 nya
715 344 96 23 skattetal,
821 346 34 21 att,

239 378 85 20 räknadt
343 378 48 24 från
415 378 36 19 den
472 378 37 24 dag
532 378 35 19 den
582 378 56 24 förut
652 378 108 24 faststälda
775 380 80 18 amorte-

239 412 106 25 ringstiden
360 412 87 25 vidtagit,
463 412 52 20 inom
531 418 75 14 samma
622 412 28 20 tid
665 412 112 25 återgäldas
791 418 65 19 genom

240 447 114 24 erläggande
369 447 25 21 af
407 446 48 26 51/,
470 446 28 27 9/,
515 447 86 19 annuitet
616 447 12 19 å
643 447 35 20 den
693 447 84 20 sålunda
791 447 64 20 beräk-

240 481 50 20 nade
305 481 143 24 löseskillingen,
465 481 48 24 från
527 481 74 20 hvilken
616 481 60 20 likväl
685 481 93 25 afdrages
788 481 31 20 det
829 481 28 20 be-

241 516 50 25 lopp,
310 515 77 24 utöfver
406 515 47 26 ä!/,
467 515 28 27 9/,
511 515 12 20 å
539 515 143 25 löseskillingen,
704 516 83 19 åboarne
802 516 8 19 i
824 523 33 12 an-

241 551 81 19 nuiteter
336 550 61 19 redan
412 550 62 24 erlagt
489 549 32 20 och
535 549 70 20 hvilket
620 550 65 25 belopp
701 551 48 23 efter
755 551 54 24 jemn
816 550 40 24 för-

241 585 74 24 delning
331 585 88 24 antingen
431 584 29 25 på
475 584 23 19 de
513 585 99 19 närmaste
626 584 58 20 årens
695 585 106 19 annuiteter
812 585 45 20 eller

237 619 30 24 på
281 619 23 19 de
318 618 121 20 återstående
455 619 46 19 åren
517 619 25 24 af
554 619 184 24 amorteringstiden,
755 619 49 24 efter
815 619 42 24 Sty-

240 653 72 20 relsens
328 653 134 25 bepröfvande,
479 653 97 24 afräknas
591 653 13 19 &
618 653 143 24 annuiteterna;

308 687 43 26 4:0)
371 689 28 18 att
421 687 85 20 åboarne
526 687 13 19 ä
556 687 22 20 de
592 687 72 20 inlösta
686 687 171 25 donationsgodsen

241 722 105 24 framdeles
368 721 54 20 skola
445 723 74 18 ersätta
534 721 115 20 statsverket
664 721 67 20 endast
744 722 69 24 halfva
828 722 29 19 be-

241 756 63 25 loppet
318 756 26 24 af
356 756 22 19 de
393 755 117 24 förskjutna,
527 757 51 18 ännu
588 755 89 24 oguldna,
688 755 129 20 kostnaderna
824 755 34 24 för

241 791 99 24 storskifte
356 791 33 19 och
403 790 146 25 skattläggning,
567 796 66 19 genom
648 789 74 25 årligen
736 790 79 19 skeende
829 791 28 18 in-

241 825 119 24 betalningar
382 825 26 24 af
419 825 30 19 20
464 824 57 20 mark
535 824 33 24 för
582 824 68 24 hvarje
664 824 79 23 mantal,
759 824 100 20 hvaremot

242 859 108 20 återstoden
365 859 25 24 af
403 859 56 19 dessa
474 858 104 20 kostnader
593 859 70 19 stanna
677 858 74 20 kronan
768 858 30 19 till
810 858 48 24 last;

310 893 42 27 5:0)
377 895 34 22 att,
437 893 78 20 emedan
544 893 146 24 köpeskillingen
714 893 33 24 för
770 893 86 26 Lintula,

242 927 111 26 Pyhäjärvi,
373 927 109 25 Walkjärvi
496 927 33 20 och
540 927 59 20 Ilmes
610 927 153 26 donationsgods,
773 927 12 20 ä
793 927 64 20 hvilka

242 962 117 20 landboarne
373 962 18 24 ej
405 963 52 18 ännu
479 961 77 20 erhållit
574 961 111 24 skattebref,
702 961 74 24 utfallit
786 961 71 24 jemfö-

242 997 77 19 relsevis
334 997 35 24 hög
384 998 51 17 samt
458 996 116 19 landboarne
594 996 107 24 antagligen
716 996 38 19 icke
769 995 89 20 mäktade

242 1031 77 24 erlägga
334 1030 35 20 den
384 1030 57 25 enligt
462 1031 59 24 ofvan
536 1030 80 25 angifna
630 1029 84 25 grunder
729 1029 13 20 ä
757 1030 58 19 deras
830 1030 27 19 lä-

241 1065 86 25 genheter
342 1065 29 24 sig
386 1065 103 24 velöpande
504 1065 78 19 andelen
597 1064 63 24 deraf,
677 1064 138 25 löseskillingen
825 1064 33 24 för

243 1099 201 25 landbolägenheterna
466 1099 113 20 bestämmes
602 1098 68 20 endast
683 1098 42 20 med
739 1099 74 24 hänsyn
829 1098 30 20 till

242 1133 127 20 landboarnes
384 1133 93 24 förmåga
491 1135 30 18 att
531 1133 77 24 erlägga
619 1133 23 19 de
652 1133 62 24 ärliga
725 1133 133 19 annuiteterna

241 1167 34 24 för
290 1168 116 23 densamma,
430 1167 33 20 vid
485 1167 70 20 hvilket
576 1167 123 24 förhällande
714 1166 57 25 nägot
786 1166 72 25 afdraa

242 1202 33 24 för
290 1203 31 19 det
336 1203 71 24 belopp,
431 1201 92 20 hvarmed
548 1201 164 20 landboräntorna
729 1201 132 24 tilläfventyrs

242 1236 108 25 fverstigit
366 1236 47 26 41/,
429 1236 27 26 %/,
473 1236 50 24 årlig
544 1237 60 18 ränta
626 1235 12 19 å
654 1235 35 20 den
710 1235 83 20 sålunda
808 1235 50 24 fast-

242 1271 65 20 stälda
323 1271 144 24 löseskillingen,
483 1270 40 19 icke
539 1270 33 19 bör
586 1269 144 25 ifrägakomma
745 1270 53 19 samt
809 1269 50 19 äter-

242 1305 66 20 stoden
323 1306 26 23 af
361 1305 36 19 den
411 1305 33 23 för
460 1304 58 20 dessa
539 1304 47 24 gods
600 1304 99 19 utbetalda
713 1303 146 25 köpeskillingen

238 1339 84 25 päföres
341 1340 22 18 de
381 1339 48 24 från
451 1338 100 20 desamma
572 1338 92 19 utbrutna
685 1338 90 24 hofläger,
791 1337 68 19 krono-

240 1374 76 24 parker
330 1380 24 13 m.
371 1379 34 18 m;

312 1407 42 26 6:0)
369 1408 34 22 att,
420 1407 47 19 enär
479 1407 65 24 priset
556 1406 34 24 för
604 1406 36 19 den
654 1405 71 20 inlösta
739 1405 80 20 andelen
834 1404 26 24 af

242 1441 93 25 Suojärvi
354 1440 149 25 donationsgods
518 1440 82 24 utgjorts
616 1439 67 20 endast
698 1440 25 24 af
735 1440 123 22 vänterester,
