1086 1717
341 136 23 24 U.
379 136 23 24 B.
417 147 30 7 —
464 136 64 28 Prop.
544 135 38 24 N:o
598 136 38 25 35.
814 137 25 21 17

317 194 33 20 6:0
379 196 38 23 att,
440 193 91 21 emedan
558 192 172 28 köpeskillingen
748 194 41 26 jör
812 192 56 21 Lin-

249 228 53 25 tula,
325 227 124 28 Pyhäjärvi
471 227 122 27 Walkjärvi
608 227 40 21 och
662 227 67 21 Ilmes
745 227 125 21 donations-

248 261 60 28 gods,
324 262 14 20 &
352 261 74 21 hvilka
441 261 135 21 landboarne
592 262 22 26 ej
623 264 61 18 ännu
694 262 88 20 erhällit
792 261 78 21 skatte-

250 295 52 27 bref,
321 296 86 27 utfallit
418 296 162 27 jemförelsevis
595 296 41 27 hög
658 298 57 18 samt
737 295 133 21 landboarne

250 330 125 27 antagligen
389 329 47 21 icke
451 329 103 21 mäktade
569 330 90 28 erlägga
674 330 42 20 den
727 330 67 27 enligt
805 330 65 28 ofvan

250 364 93 28 angifna
356 364 98 28 grunder
469 364 14 21 &
498 364 64 21 deras
576 364 124 28 lägenheter
710 365 33 27 sig
754 364 117 27 belöpande

250 398 91 21 andelen
363 398 71 28 deraf,
458 398 163 28 löseskillingen
631 400 42 26 jör
692 398 179 28 landbolägenhe-

250 435 62 18 terna
334 432 125 22 bestämmes
477 433 78 22 endast
570 433 49 21 med
633 433 85 28 hänsyn
733 434 35 20 till
783 432 88 22 landbo-

250 474 64 14 arnes
324 467 108 28 förmäga
447 470 33 18 att
495 468 90 27 erlägga
600 467 26 21 de
636 468 74 27 ärliga
720 468 151 20 annuiteterna

245 501 41 28 för
301 501 132 26 densamma,
450 502 38 21 vid
502 501 80 22 hvilket
592 502 147 27 forhällande
753 503 66 26 något
834 501 37 28 af-

251 536 55 27 drag
323 538 41 25 jör
386 536 35 21 det
447 536 83 28 belopp,
557 536 103 21 hvarmed
684 536 187 21 landboräntorna

251 570 146 28 tilläfventyrs
420 571 122 27 öfverstigit
565 572 14 19 4
596 571 28 28 '!/,
639 571 28 28 9/,
690 571 57 28 årlig
769 573 66 19 ränta
857 571 14 20 å

251 605 41 20 den
314 605 95 20 sålunda
433 605 120 24 faststälda
576 605 169 28 löseskillingen,
765 605 47 21 icke
834 605 38 20 bör

251 639 161 28 ifrågakomma
436 642 57 18 samt
516 639 122 22 återstoden
662 640 30 27 af
702 639 41 22 den
758 641 37 25 jör
809 639 63 21 dessa

250 673 53 28 gods
325 673 111 21 utbetalda
457 673 173 29 köpeskillingen
649 674 94 28 påföres
768 674 25 21 de
813 674 59 27 från

252 707 108 21 desamma
376 707 107 22 utbrutna
498 708 103 28 hofläger,
617 708 150 27 kronoparker
781 715 27 15 m.
823 715 27 14 m.

320 743 33 20 7:o
375 744 39 23 att,
437 744 55 19 enär
512 743 70 26 priset
593 743 43 27 för
654 743 40 20 den
710 743 81 20 inlösta
805 742 68 21 ande-

252 776 34 21 len
308 776 30 27 af
350 775 103 28 Suojärvi
463 777 172 28 donationsgods
649 777 93 28 utgjorts
757 777 76 21 endast
847 777 31 27 af

251 812 136 23 ränterester,
411 811 164 28 löseskillingen
598 811 38 21 bör
658 811 125 28 återgäldas
804 811 69 21 under

252 851 25 14 en
292 844 92 26 kortare,
407 845 57 27 efter
487 846 34 27 sig
541 845 129 28 företeende
694 845 180 28 omständigheter

252 879 90 28 lämpad
357 879 173 28 amoteringstid,
546 883 56 18 samt

319 914 34 20 8:0
369 916 32 18 att
416 914 86 21 inlösen
519 914 29 27 af
559 914 27 21 de
601 914 176 28 donationsgods,
800 914 73 21 hvilka

252 949 60 19 ännu
331 948 132 27 innehafvas
479 949 31 26 af
520 949 135 27 donatarier,
670 949 36 21 må
719 949 75 28 fortgå
809 949 8 20 i
832 949 42 20 den

252 981 94 28 ordning
357 982 38 21 och
403 983 68 27 enligt
479 983 27 20 de
513 983 98 27 grunder
618 983 65 21 Hans
690 983 126 28 Kejserliga
824 983 50 21 Ma-

248 1016 68 27 jestät
326 1016 37 21 och
373 1016 127 21 Ständerna
508 1018 8 20 i
524 1017 81 22 sådant
613 1017 101 28 afseende
723 1017 151 28 härförinnan

247 1050 103 27 faststält
371 1053 56 18 samt
451 1051 137 21 landboarne
606 1052 82 27 jemväl
712 1053 13 20 å
744 1052 62 21 dessa
820 1051 54 28 gods

252 1084 84 21 komma
359 1085 8 20 i
389 1085 133 27 åtnjutande
544 1086 30 27 af
584 1086 162 28 ofvanangifna
761 1086 113 21 allmänna

252 1119 115 20 lättnader.

184 1325 63 22 Hvad
265 1326 100 21 särskildt
381 1326 138 21 vidkommer
534 1326 36 22 det
585 1326 23 22 af
620 1326 165 22 kommissionen
797 1326 79 27 jemväl

114 1360 122 27 föreslagna
251 1360 131 22 inrättandet
399 1360 23 22 af
437 1366 15 15 s.
468 1360 22 21 k.
507 1360 209 27 kommunalskogar,
735 1360 64 22 hafva
814 1359 63 22 Stän-

115 1394 72 26 derna,
204 1393 28 28 på
246 1394 123 22 Utskottets
387 1394 140 27 uppmaning,
550 1394 102 22 anmodat
666 1395 55 27 Lag-
737 1394 40 22 och
792 1394 85 22 Ekono-

114 1428 138 22 miutskottet
266 1430 34 20 att
314 1428 73 22 derom
403 1430 59 26 yttra
477 1428 44 27 sig;
546 1428 39 22 och
601 1428 40 22 har
656 1428 165 22 Statsutskottet
834 1428 43 22 fått

113 1462 49 22 från
178 1462 142 28 nyssberörda
334 1462 86 22 utskott
430 1463 113 26 emottaga
552 1462 94 27 följande
656 1462 111 23 skrifvelse
776 1463 8 21 i
794 1464 83 20 ämnet:

184 1508 149 18 Statsutskottets
346 1507 117 19 betänkande
478 1507 39 17 N:o
530 1508 17 16 9.
762 1509 11 17 2
