1086 1717
357 149 24 19 U.
397 150 22 18 B.
433 160 16 3 —
467 149 62 24 Prop.
542 149 36 19 N:o
589 150 29 18 88:

351 448 63 31 Lag-
433 447 48 24 och
494 447 274 26 Ekonomiutskottets
781 449 90 25 betän-

317 488 86 24 kande
430 488 47 24 N:o
503 488 19 24 4
547 488 10 24 i
583 489 140 31 anledning
747 489 30 24 af
795 489 75 24 Hans

318 527 147 32 Kejserliga
482 528 137 32 Majestäts
641 528 95 31 nädiga
758 529 111 32 proposi-

317 568 55 24 tion
394 568 47 25 N:o
463 568 33 24 33
517 569 133 30 angäende
677 569 192 32 tingsgästning

316 609 49 23 och
381 608 198 25 häradsnämnd.

180 665 76 22 Denna
271 665 78 26 nädiga
368 665 132 26 proposition
520 665 39 21 har
574 665 34 22 till
627 665 55 28 Lag-
698 665 39 22 och
752 665 117 22 Ekonomi-

107 699 121 22 utskottets
243 699 154 22 förberedande
413 699 160 27 handläggning
588 699 131 22 remitterats
735 699 24 22 af
767 700 101 27 samtliga

108 733 104 27 Ständen,
229 733 47 22 utaf
290 733 72 21 hvilka
376 733 159 28 Ridderskapet
550 734 39 21 och
605 734 69 21 Adeln
686 734 103 27 derjemte
805 734 63 27 gifvit

108 768 113 27 tillkänna,
238 768 36 21 det
289 767 89 22 Ständet
392 767 91 22 beslutit
503 769 32 20 att
549 768 167 27 propositionen,
732 769 73 20 derest
819 769 49 26 den,

108 803 58 22 efter
185 803 37 21 det
240 802 105 21 utskottet
363 801 99 22 deröfver
482 801 100 22 aflemnat
601 803 141 26 betänkande,
762 802 24 22 af
807 803 62 22 Stän-

110 837 67 22 derna
194 839 96 24 antoges,
310 836 69 21 skulle
401 836 74 21 vidare
491 836 125 27 hänskjutas
633 837 32 20 till
682 836 165 22 Statsutskottet
862 837 7 21 i

108 871 43 22 och
165 871 34 22 för
214 871 122 26 afgifvande
351 870 24 22 af
387 871 111 21 utlätande
515 871 59 21 öfver
590 871 40 21 den
646 871 112 22 financiela
769 871 62 22 delen
847 871 24 22 af

108 905 84 28 frägan.
223 905 55 27 Lag-
294 905 39 22 och
348 905 215 21 Ekonomiutskottet
578 905 39 21 har
632 905 74 26 sedan,
725 905 27 28 pä
768 906 100 27 begäran,

108 939 44 22 fätt
166 939 48 22 frän
228 939 122 28 Kejserliga
372 939 104 22 Senatens
496 939 108 22 allmänna
623 939 71 22 kansli
712 942 109 25 emottaga
837 940 33 21 sä-

109 974 38 21 väl
162 974 131 27 protokollet
311 974 60 21 öfver
390 974 41 21 den
451 974 139 27 omröstning,
612 980 44 15 som
674 975 5 20 i
696 974 121 27 Kejserliga
833 974 38 22 Se-

110 1010 66 20 naten
196 1010 36 25 egt
250 1014 47 15 rum
316 1008 35 21 vid
370 1008 180 27 föredragningen
570 1008 24 21 af
610 1007 106 28 förslaget
734 1009 32 20 till
787 1008 84 22 föreva-

112 1043 68 21 rande
199 1043 139 26 proposition,
358 1049 45 14 som
423 1042 39 21 ock
482 1042 37 21 det
537 1042 23 21 af
580 1042 100 22 Komiten
696 1042 33 22 för
745 1042 74 28 frågan
837 1049 33 15 om

110 1077 188 21 häradsrätternes
321 1076 135 22 ombildande
479 1076 33 21 till
535 1079 140 25 permanenta
698 1077 117 21 domstolar
839 1076 32 22 af-

109 1111 62 27 gifna
185 1111 143 26 betänkande,
344 1111 111 21 hvarutom
471 1110 113 22 Utskottet
600 1111 54 26 tagit
667 1111 119 21 kännedom
797 1117 34 16 om
844 1111 27 22 de

111 1145 122 28 yttranden,
250 1152 45 15 som
310 1146 7 21 i
333 1145 84 22 Preste-
437 1145 107 27 Borgare-
560 1145 39 22 och
614 1145 171 26 Bondeständen,
802 1145 68 27 enligt

111 1179 113 22 Utskottet
242 1179 79 27 jemväl
340 1179 95 27 delgifna
453 1179 205 27 protokollsutdrag,
678 1179 136 22 förekommit
833 1179 37 22 vid

109 1215 40 21 det
163 1214 161 27 propositionen
340 1214 32 21 till
388 1213 112 22 Utskottet
515 1213 139 22 remitterats.

182 1306 51 22 Med
249 1306 36 22 det
300 1306 6 21 i
322 1306 40 22 den
379 1306 76 26 nädiga
471 1306 160 27 propositionen
646 1306 104 26 ingäende
766 1305 105 27 förslaget

111 1341 35 21 till
161 1340 127 28 förordning
300 1340 109 28 angående
420 1340 94 26 lindring
525 1340 7 21 i
543 1340 197 27 tingsgästningens
751 1339 119 27 utgörande

112 1375 41 22 och
175 1375 64 21 deraf
260 1375 125 21 föranledda
404 1374 101 27 åtgärder
528 1373 132 22 beträffande
683 1374 187 21 häradsrätternas

112 1409 113 23 aflönande
244 1409 81 27 åsyftas
344 1410 33 20 att
395 1408 95 27 aflägsna
509 1408 27 21 de
551 1408 208 26 missförhållanden,
776 1413 45 16 som
837 1407 35 22 för

111 1444 40 22 det
169 1443 134 22 närvarande
321 1444 53 26 göra
392 1443 33 26 sig
447 1442 101 27 gällande
566 1442 6 22 i
592 1442 63 27 fråga
674 1448 34 15 om
727 1442 92 21 nämnda
839 1443 33 20 ut-

182 1484 47 22 Lag-
242 1484 29 16 och
284 1482 169 18 Ekonomiutskottets
463 1482 106 18 betänkande
582 1482 35 17 N:o
630 1483 16 16 4.
