1086 1717
325 161 26 27 VU.
361 159 29 29 .B.
407 174 26 8 —
448 159 65 35 Prop.
529 160 38 26 N:o
582 157 35 29 82.
798 157 28 27 23

397 366 178 25 Reservation.

181 435 35 22 Då
232 435 55 22 1882
302 436 36 21 års
354 435 94 22 Ständer
463 434 127 23 inlemnade
605 440 27 16 en
648 432 139 28 underdånig
801 430 55 30 -peti-

113 469 45 23 tion
174 470 75 22 derom
264 472 32 20 att
311 469 168 23 föreskrifterna
494 469 33 21 uti
543 468 105 28 gällande
660 467 39 28 lag
709 467 93 22 rörande
813 466 43 28 pri-

113 505 153 22 vatbankerna
283 504 69 23 borde
366 503 100 28 undergå
481 503 112 22 särskilda
607 501 167 30 nödigbefunna
781 501 76 22 förän-

113 539 97 28 dringar,
230 539 98 22 uttalade
351 538 126 22 Ständerna
491 537 51 22 icke
557 537 74 28 någon
646 536 106 22 anhållan
767 537 32 20 att
815 535 42 22 den

114 573 23 22 åt
158 573 188 28 privatbankerna
364 572 115 28 medgifna
493 571 230 28 sedelutgifningsrätt
738 571 72 23 skulle
825 570 32 22 in-

114 607 118 28 skränkas,
248 607 122 22 allraminst
385 609 32 20 att
433 607 43 22 den
491 607 68 21 måtte
574 605 131 28 upphäfvas,
724 607 54 20 utan
793 605 64 22 Stän-

115 642 72 22 derna
206 641 99 24 .önskade
323 641 78 23 endast
416 643 33 20 att
463 641 102 22 vilkoren
580 641 34 21 för
629 639 228 28 sedelutgifningsrät-

114 678 38 20 ten
166 676 73 22 skulle
254 676 30 27 pä
298 678 31 19 ett
344 675 188 28 ändamälsenligt
546 677 44 20 sätt
604 675 141 27 bestämmas,
756 674 41 22 och
808 674 51 22 icke

114 711 105 21 förblifva
240 710 110 22 beroende
373 711 25 21 af
418 710 28 22 de
468 709 129 22 nuvarande
612 709 87 28 ganska
713 709 146 28 godtyckliga

115 745 174 22 föreskrifterna.
319 745 46 21 När
374 745 79 22 denna
468 745 65 27 fråga
548 744 94 21 derefter
656 743 35 22 till
707 746 100 19 närmare
821 743 38 22 be-

115 779 94 28 redning
224 779 173 22 öfverlemnades
412 779 23 22 åt
451 785 28 16 en
494 779 90 27 komité,
600 778 120 23 omfattade
735 778 28 22 de
779 777 80 28 afSty-

115 815 73 22 relsen
202 814 35 23 till
251 813 97 22 komitén
359 813 114 22 inkallade
483 813 152 22 ledamöterne
644 813 109 27 enhälligt
763 813 42 21 den
815 818 44 15 me-

115 848 62 27 ning,
200 850 33 20 att
253 848 199 27 privatbankernas
471 847 229 28 sedelutgifningsrätt
715 846 68 23 borde
797 846 63 22 bibe-

93 911 3 3 —
115 882 80 27 hällas,
203 882 41 22 och
259 882 128 22 utarbetade
403 884 31 20 ett
449 882 92 27 förslag,
557 888 47 15 som
616 882 69 27 jemte
693 881 36 22 det
739 881 122 26 detsamma

110 917 143 22 innefattade
268 923 45 21 nya
327 916 166 28 bestämningar
509 916 114 28 angående
638 915 127 29 grunderna
779 915 35 22 för
826 922 35 15 se-

116 951 184 28 delutgifningen,
322 951 65 28 afsåg
409 953 32 20 att
464 951 8 21 i
495 951 101 28 betydlig
613 951 52 21 mån
680 951 114 21 utsträcka
808 950 52 22 den-

116 989 90 19 samma.
217 981 12 36 :
236 985 129 22 Emellertid
386 985 41 22 har
449 985 32 22 uti
505 985 44 22 den
564 985 126 28 Ständerna
704 992 30 15 nu
748 985 36 22 till
798 986 63 21 arita-

116 1019 73 29 gande
204 1020 116 27 förelagda
334 1020 82 27 nädiga
425 1019 167 28 propositionen
603 1019 258 28 sedelutgifningsrätten

117 1054 46 22 helt
178 1054 41 22 och
234 1055 69 22 hållet
318 1055 117 21 uteslutits.
465 1055 34 21 En
515 1054 26 22 sä
556 1054 96 22 oväntad
667 1055 86 27 utgång
766 1054 41 21 har
818 1053 43 22 för-

118 1089 86 22 anledts
220 1089 47 22 dels
282 1089 66 22 däraf
353 1091 32 19 att
393 1089 26 21 de
427 1091 79 20 trenne
515 1088 160 28 myndigheter,
685 1088 78 22 hvilka
769 1089 35 21 till
812 1088 51 28 Sty-

117 1123 72 22 relsen
204 1123 103 22 aflemnat
316 1123 130 22 utlätanden
460 1123 116 28 angäende
583 1123 109 22 komitens
701 1123 91 28 förslag,
800 1125 61 19 näm-

117 1157 61 28 ligen
200 1157 206 28 bankfullmäktige,
429 1158 159 21 statskontoret
610 1157 41 22 och
672 1157 141 22 direktionen
827 1158 34 21 for

117 1191 107 24 Finlands
240 1192 70 27 Bank,
326 1192 45 21 alla
386 1194 73 19 ansett
474 1192 36 27 sig
525 1192 54 22 böra
586 1192 120 28 tillstyrka,
722 1194 32 19 att
766 1192 95 22 sedelut-

117 1226 117 28 gifningen
248 1226 140 23 uteslutande
402 1226 69 22 borde
480 1226 124 22 tillkomma
614 1225 108 23 Finlands
730 1225 73 29 Bank,
814 1225 47 23 dels

118 1260 66 22 däraf
197 1263 32 19 att
244 1261 109 23 komitens
367 1260 86 29 förslag
467 1261 63 21 torde
545 1261 67 22 hafva
626 1263 84 20 ansetts
725 1261 90 22 komma
829 1262 33 20 att

117 1295 35 22 för
173 1295 188 28 privatbankerna
382 1295 135 28 möjliggöra
532 1302 28 15 en
575 1295 75 22 alltför
662 1298 46 20 stor
722 1295 140 22 konkurrens

118 1328 8 22 i
141 1328 61 22 detta
217 1329 105 22 afseende
336 1328 51 23 med
401 1328 137 22 Ständernas
553 1329 66 21 bank.
648 1329 74 29 .Sedan
737 1330 66 21 äfven
817 1335 45 16 ma-

115 1362 106 28 joriteten
236 1363 60 22 inom
310 1362 169 22 bankutskottet
495 1363 72 22 funnit
582 1363 36 28 sig
632 1363 54 22 böra
701 1362 120 29 godkänna
829 1365 33 19 att

118 1396 200 28 privatbankernas
340 1397 232 28 sedelutgifningsrätt
594 1398 46 21 helt
662 1397 41 22 och
718 1397 70 22 hållet
803 1396 59 23 skall

118 1431 108 28 upphöra,
242 1438 64 16 anser
321 1432 35 27 sig
369 1431 169 23 undertecknad
552 1432 54 22 böra
621 1431 99 23 häremot
735 1432 91 28 inlägga
834 1437 28 16 en

117 1466 142 22 reservation.

187 1506 127 18 Reservation,
