1086 1717
409 146 52 32 Prop.
475 146 33 22 N:o
523 146 29 22 34.
660 136 4 4 |
801 148 27 21 77

104 210 47 22 icke
170 210 80 21 skadan
269 209 124 22 tillkommit
411 216 77 20 genom
503 204 127 32 förslitning,
646 210 83 27 skyldig
745 212 37 19 att
792 210 66 26 enligt
871 215 2 2 '

105 244 22 22 af
142 243 230 28 Finansexpeditionen
391 244 8 20 i
417 244 94 21 Senaten
529 244 109 22 faststäldt
656 244 44 28 pris
716 246 79 20 ersätta
810 244 47 21 dess

104 278 71 22 värde.

169 312 3 4 :
449 307 12 27 8
476 307 36 21 42.

167 348 26 20 '1.
223 347 125 21 Kontrollör
366 353 56 21 eger,
441 347 66 21 sedan
525 348 42 20 han
586 347 32 27 sig
636 347 36 21 vid
689 347 123 21 bränneriet
826 347 32 21 in-

103 382 76 27 funnit,
202 382 150 26 tillgodonjuta
373 382 37 25 det
431 382 89 22 honom.
532 381 158 22 tillförsäkrade
712 382 78 20 arvode
811 381 47 24 från

105 416 39 21 och
161 416 50 21 med
229 418 33 19 tre
280 416 66 27 dagar
363 416 73 21 förrän
455 416 131 27 destillering
601 422 26 15 ur
642 416 61 21 mäsk
718 416 35 21 vid
768 416 91 21 bränne-

103 451 42 21 riet
162 451 96 26 vidtager
276 451 33 20 till
327 451 40 20 och
384 451 49 21 med
451 451 68 21 första
538 451 122 26 söcknedag
678 451 53 21 efter
749 451 42 21 den
811 451 47 26 dag,

105 485 27 21 då
147 485 151 26 afverkningen
313 485 90 26 upphör.
714 483 31 29 NU

173 520 20 21 2.
222 519 99 21 Inställes
339 519 239 27 bränvinstillverkning
597 519 33 22 till
644 519 54 28 följd
713 519 22 21 af
748 519 111 21 bränneri-

104 559 73 22 egares
198 553 137 26 förvällande,
361 553 36 21 mä
421 554 139 27 länestyrelse
586 551 79 29 afgöra,
689 560 35 15 om
746 553 40 22 och
804 553 56 21 huru

104 589 45 20 stor
167 588 118 26 ersättning
302 588 40 21 bör
360 588 23 21 af
399 588 166 27 bränneriegare
583 588 91 21 tilldelas
693 588 120 21 kontrollör
826 587 34 22 för

105 622 40 21 den
163 623 79 20 honom
260 622 144 27 tillskyndade
421 622 94 21 kostnad
534 623 51 21 eller
603 622 83 22 förlust.
716 623 50 20 Men
784 622 76 21 varder

103 657 101 20 bränneri
226 663 77 20 genom
326 657 175 26 olyckshändelse
524 657 92 21 skadadt
638 657 52 21 eller
708 657 109 25 förstördt,
837 656 23 21 sä

104 692 32 19 att
154 691 48 20 dess
220 691 136 21 verksamhet
373 691 22 21 af
412 691 67 21 sädan
499 691 63 21 orsak
578 691 51 21 eller
643 693 53 19 utan
711 691 149 26 bränneriega-

103 731 34 15 res
151 719 131 27 förvällande
298 725 100 27 afbrytes,
415 725 40 21 och
471 725 103 22 ästundar
589 725 163 26 bränneriegare
764 726 33 19 att
807 725 53 20 kon-

103 759 76 21 trollör
202 759 13 21 &
237 759 122 22 bränneriet
381 761 148 25 gvarstannar,
550 759 106 21 intilldess
678 759 118 21 detsamma
817 759 43 21 kan

103 793 67 21 blifva
184 793 54 26 änyo
254 794 121 25 iständsatt,
393 793 64 26 utgär
474 793 132 22 kontrollörs
621 794 80 21 arvode
716 793 22 21 af
750 793 110 21 bränvins-

103 826 233 27 tillverkningsmedlen
355 827 33 21 för
406 829 33 19 tre
455 827 72 27 dagar,
543 827 112 22 hvaremot
669 828 89 21 arvodet
771 827 34 22 för
819 827 41 21 den

105 860 68 27 öfriga
187 861 173 27 väntningstiden
375 861 84 22 betalas
475 861 23 22 af
511 862 171 26 bränneriegare.

174 896 20 21 3.
224 892 133 31 För'hvarje
375 891 155 32 tilländalupen
548 896 122 21 halftermin
693 896 23 21 af
735 896 126 27 brännings-

104 929 60 21 tiden
185 930 108 21 utbetalas
314 930 55 21 ifrän
393 931 166 21 landtränteriet
581 931 7 20 i
610 931 58 20 länet
686 931 23 20 af
725 931 32 21 dit
771 930 91 22 influtna

105 963 318 28 bränvinstillverkningsmedel
448 965 122 21 kontrollör
596 962 162 24 tillkommande
783 965 79 29 arvode

105 997 40 21 och
164 998 274 27 resekostnadsersättning,
458 999 55 21 efter
530 999 131 27 granskning
680 999 23 21 af
716 999 41 21 den
771 999 91 26 räkning

105 1032 58 26 derä,
182 1032 119 22 kontrollör
319 1033 43 27 bör,
377 1033 33 21 till
425 1033 139 27 länestyrelse
582 1033 86 30 ingifva,
687 1039 49 16 men
753 1033 109 27 slutligvid

105 1068 63 25 göres
186 1067 18 27 ej
226 1067 66 21 innan
310 1067 119 22 kontrollör
447 1068 56 21 visat
521 1068 32 26 sig
562 1067 73 24 hafva
652 1068 33 21 till
702 1067 160 22 vederbörande

105 1101 87 21 insändt
214 1101 26 21 de
262 1102 133 26 handlingar,
407 1102 103 25 :rörande
533 1101 164 28 tillverkningen
719 1102 35 21 vid
771 1102 91 21 bränne-

106 1135 47 26 riet,
177 1135 79 22 honom
278 1135 79 28 äligger
378 1135 97 28 aflemna,
499 1137 109 21 äfvensom
625 1131 32 27 de
678 1137 134 26 instrument,
830 1136 32 22 läs

106 1175 28 16 m.
149 1176 35 20 m,,
200 1176 46 15 som
260 1170 43 21 han
318 1171 166 21 omhänderfätt.

453 1233 12 28 8
480 1234 36 21 43.

177 1273 19 21 1.
226 1268 183 27 Öfverkontrollör
427 1273 41 22 och
486 1273 120 23 kontrollör
623 1279 38 22 ege
675 1274 8 21 i
698 1273 117 27 ersättning
829 1273 34 22 för

107 1306 175 23 skrifmaterialer
304 1308 40 21 och
366 1309 112 26 postporto
501 1310 57 19 samt
574 1308 34 21 för
626 1308 27 21 de
670 1308 192 27 förseglingsmate-

107 1341 77 26 rialier,
203 1341 178 22 kontrollör'
346 1337 38 37 bör
400 1342 103 26 anskaffa,
523 1343 36 21 vid
576 1342 74 28 hvarje
672 1342 191 27 tillverkningster-

107 1376 55 21 mins
180 1376 43 20 slut
242 1376 47 22 frän
308 1376 163 22 landtränteriet
490 1377 7 21 i
517 1378 58 20 länet
589 1377 103 27 uppbära,
708 1376 155 23 öfverkontrol-

107 1410 33 21 lör
158 1410 67 22 sextio
245 1410 40 22 och
303 1410 120 22 kontrollör
441 1411 78 27 fyratio
538 1411 68 27 mark,
625 1417 45 15 som
690 1412 52 26 utgä
759 1411 24 21 af
799 1411 64 21 brän-

103 1440 290 36 vinstillverkningsmedlen.
869 1454 5 6 .
