1086 1717
256 149 12 19 6
570 150 29 17 N:o
612 150 27 17 33.

225 216 68 22 rande
316 217 6 20 i
347 217 119 27 penningar
489 217 54 21 efter
558 217 192 28 markegångspris
766 217 73 21 kunde
855 217 34 21 väl
905 217 80 26 ifråga-

226 252 75 24 sättas,
325 251 104 22 huruvida
445 252 47 21 icke
509 252 26 21 de
551 252 172 27 skattdragande
739 252 67 21 borde
822 252 82 21 lemnas
920 252 65 21 frihet

225 287 34 19 att
274 286 57 26 välja
346 286 91 21 emellan
453 289 33 19 att
501 286 47 22 lösa
558 287 171 27 tingskapparna
740 287 49 21 med
800 286 120 27 penningar
931 286 53 22 eller

225 321 33 19 att
281 320 87 27 erlägga
391 320 48 22 dem
463 321 22 21 in
507 323 85 19 natura.
623 322 50 20 Men
689 321 37 21 vid
741 320 63 28 fråga
819 327 34 15 om
870 322 24 20 så
907 321 76 27 jemfö-

224 354 91 21 relsevis
338 355 123 27 obetydliga
483 356 85 26 belopp,
590 362 46 14 som
652 357 12 19 3
681 355 13 21 å
712 357 25 26 13
753 356 77 26 kappe,
847 356 61 20 torde
924 355 60 22 inbe-

224 388 114 27 talningen
353 390 157 26 beqvämligast
525 390 37 21 ske
579 390 6 20 i
602 390 121 26 penningar
739 390 56 20 efter
811 390 95 26 antydda
916 396 67 15 norm.

294 423 42 22 Till
358 423 56 22 hvad
437 424 77 27 belopp
534 424 122 27 eftergiften
672 424 24 22 af
710 424 61 21 skatt
787 424 40 21 och
843 424 141 21 statsverkets

225 457 63 22 deraf
305 459 114 26 påkallade
434 459 65 26 utgift
515 459 56 21 skall
587 460 71 26 uppgå
674 459 69 26 enligt
759 459 42 21 den
817 465 28 15 nu
861 459 123 26 föreslagna

224 492 154 27 förändringen
401 494 92 21 rörande
516 494 195 27 tingsgästningen,
734 493 97 27 framgår
853 493 23 22 af
889 493 94 28 följande

224 527 85 26 kalkyl:

294 562 73 27 Enligt
391 563 211 26 mantalslängderna
625 563 34 21 för
677 564 25 20 år
720 563 53 20 1881
791 563 93 26 uppgick
900 563 83 20 antalet

224 596 161 27 tingsgästning
410 597 115 21 betalande
551 598 65 21 rökar
639 598 34 21 till
696 597 79 22 inalles
800 598 98 25 249,591,
922 597 62 21 deraf

225 631 91 25 107,233
332 631 82 26 påförts
429 631 100 22 hemman
545 632 40 21 och
603 633 90 26 142,358
710 635 95 24 torpare,
816 632 165 25 handtverkare,

224 665 136 30 inhysingar
372 672 27 14 m.
423 665 20 22 fl.
475 666 70 21 Sedan
568 667 49 20 dess
640 667 40 20 har
698 667 127 20 hushållens
842 666 59 21 antal
916 666 67 27 något

224 699 60 27 stigit
299 700 39 20 och
354 700 41 21 kan
412 701 81 20 antalet
509 701 113 21 betalande
639 701 65 21 rökar
720 701 6 20 i
743 701 52 26 följd
813 701 62 20 deraf
889 701 33 20 för
933 702 49 19 när-

223 735 95 20 varande
341 735 128 26 uppskattas
492 735 32 21 till
543 735 3 21 i
562 735 64 22 rundt
642 736 31 21 tal
690 736 99 25 250,000.
821 735 161 27 Lagmanskap-

223 775 54 20 pens
292 769 77 26 belopp
385 771 64 25 utgör
464 770 65 21 alltså
544 771 63 25 8,333
623 772 79 19 tunnor
718 770 53 21 eller
787 770 6 20 i
806 769 174 27 penningevärde

224 803 100 27 omkring
349 805 89 25 167,000
461 805 68 20 mark.
559 805 89 21 Antalet
664 805 71 25 rökar,
753 811 46 14 som
815 804 68 27 enligt
898 804 84 21 föreva-

223 838 69 20 rande
315 837 80 28 förslag
418 839 85 21 komme
527 841 32 19 att
581 839 73 21 betala
678 841 12 19 3
709 839 90 26 kappar,
816 841 63 24 utgör
895 839 86 26 vidpass

225 873 97 25 107,500,
341 872 48 21 från
405 873 74 21 hvilka
494 873 64 21 alltså
576 874 75 26 10,750
667 876 81 18 tunnor
764 873 63 21 skola
843 873 81 26 inflyta.
955 873 29 20 Af

222 906 71 27 öfriga
317 907 90 27 142,500
427 907 66 21 rökar
509 907 69 21 blefve
594 913 44 15 mer
654 909 28 19 än
698 907 84 21 hälften
797 907 46 21 helt
859 907 40 21 och
914 907 68 21 hållet

222 940 105 22 befriade.
358 941 89 22 Antalet
470 942 23 21 af
515 942 47 21 dem
582 943 54 25 åter,
652 949 46 14 som
714 942 87 21 komme
817 943 34 20 att
866 941 72 22 betala
956 943 26 26 13

222 974 78 27 kappe,
323 976 50 27 kan,
397 978 52 19 enär
470 977 166 26 jordtorparene
659 977 41 20 här
715 978 80 25 utgöra
811 976 41 21 den
868 976 113 21 talrikaste

223 1015 103 21 gruppen,
350 1010 129 27 uppskattas
503 1010 34 21 till
560 1011 66 20 minst
649 1011 84 26 60,000,
758 1010 49 21 från
830 1010 73 21 hvilka
918 1011 64 20 alltså

222 1044 65 25 3,000
303 1046 79 19 tunnor
397 1045 84 20 komme
497 1046 33 19 att
545 1045 107 26 erläggas.
678 1044 210 27 Tingsgästningens
903 1045 77 26 belopp

222 1078 69 21 under
306 1081 109 19 närmaste
430 1079 88 21 framtid
533 1079 43 21 kan
591 1079 136 27 följaktligen
743 1079 108 21 beräknas
867 1079 32 20 till
915 1085 65 20 unge-

222 1112 34 21 fär
281 1114 76 25 13,750
376 1115 86 20 tunnor.
492 1114 33 21 Då
541 1114 48 21 hela
605 1114 99 27 beloppet
720 1113 24 22 af
758 1113 41 22 den
815 1113 166 28 tingsgästning,

222 1147 178 22 häradsrätterna
423 1149 68 26 enligt
513 1155 30 14 nu
558 1149 100 26 gällande
674 1149 95 26 grunder
786 1148 39 21 och
841 1148 50 21 med
905 1148 77 21 beräk-

222 1181 53 27 ning
291 1181 23 21 af
328 1182 159 21 ofvannämnda
502 1183 71 20 röktal
588 1183 104 26 uppbära,
709 1183 68 26 stiger
793 1183 32 20 till
841 1183 77 25 25,000
934 1184 48 19 tun-

222 1222 41 15 nor
286 1216 40 21 och
349 1217 89 20 emedan
462 1217 119 21 nämndens
600 1219 84 25 anpart,
701 1217 70 21 ehuru
787 1216 59 22 olika
861 1217 98 21 bestämd
975 1217 7 20 i

222 1250 73 21 skilda
310 1251 129 26 landsdelar,
457 1251 6 21 i
479 1252 100 21 medeltal
595 1252 62 21 torde
673 1253 78 26 utgöra
767 1251 82 21 inemot
865 1257 26 15 en
903 1251 79 26 tredje-

222 1285 35 21 del
281 1285 66 26 deraf,
371 1285 42 21 kan
437 1285 233 28 häradshöfdingarnes
695 1285 162 27 tingsgästning
875 1285 107 21 beräknas

222 1319 33 21 till
279 1320 75 24 17,000
370 1321 86 20 tunnor.
487 1320 83 22 Genom
586 1321 40 21 den
642 1320 127 27 föreslagna
785 1320 197 26 skattelindringen

221 1353 72 22 blefve
309 1354 233 27 häradshöfdingarnes
556 1355 162 27 tingsgästning
728 1355 65 21 alltsä
805 1354 118 21 reducerad
933 1354 49 22 med

222 1388 64 26 3,250
302 1390 85 24 tunnor,
404 1388 85 22 hvilkas
500 1389 65 21 värde
576 1389 38 21 bör
625 1390 23 20 af
657 1389 135 21 statsverket
803 1390 100 20 ersättas.
926 1388 55 22 Här-

220 1422 37 21 vid
281 1422 39 21 bör
344 1423 54 21 dock
421 1424 122 25 anmärkas,
568 1425 32 19 att
622 1424 70 21 denna
716 1423 123 27 beräkning
861 1425 24 19 är
906 1423 76 21 endast

221 1457 159 25 approximativ
403 1458 40 20 och
463 1458 41 21 kan
521 1458 55 21 först
591 1458 54 21 efter
660 1458 126 21 inkommen
803 1458 79 26 speciel
898 1456 85 28 upggift
