1086 1717
231 134 108 26 "40
525 138 52 28 Prop.
592 138 31 21 N:o
638 137 30 22 34.

218 202 69 21 denne
306 201 26 22 af
352 202 138 26 magistraten
511 201 89 27 pröfvas
620 201 72 21 dertill
710 197 88 31 lämplig
816 200 40 22 och
874 200 98 27 behörig;

217 242 49 15 men
281 236 37 21 vill
332 236 137 21 innehafvare
483 236 24 21 af
520 235 58 28 dylik
591 235 243 27 försäljningsrättighet
849 234 22 22 ät
882 234 90 22 särskild

216 270 147 22 föreståndare
379 270 95 21 anförtro
476 270 138 28 utöfningen
623 269 65 26 deraf,
704 269 64 22 hafve
783 269 32 21 lof
832 268 76 27 dertill,
924 268 49 22 med

216 304 71 22 vilkor
308 305 33 21 att
362 304 173 22 föreständarens
556 304 126 27 lämplighet
704 303 23 22 af
756 299 138 54 magistraten
921 303 51 26 god-

218 334 88 37 kännes.
976 355 2 3 .

286 373 20 21 2.
336 372 80 22 Aflider
431 374 48 26 den,
494 379 46 15 som
554 373 90 28 innehar
662 373 104 27 rättighet
785 372 32 22 till
832 372 77 21 handel
924 368 49 25 meä

217 407 90 21 bränvin
322 407 52 21 eller
388 407 147 27 utskänkning
546 407 66 27 deraf,
631 407 35 21 mä
681 407 96 21 rörelsen
793 406 22 26 af
820 406 152 22 'sterbhusdel-

218 448 63 21 egare
299 442 18 27 ej
336 441 111 30 fortsättas
467 443 73 26 längre
558 444 28 19 än
604 442 33 21 till
655 442 65 21 slutet
741 441 22 22 af
780 441 92 27 löpande
890 440 83 28 försälj-

217 476 87 27 ningsär
319 476 40 21 och
374 477 75 20 endast
464 477 48 21 med
527 476 70 21 vilkor
612 478 32 19 att
659 476 77 21 sädant
751 475 117 27 behörigen
879 475 94 21 anmäles

217 513 56 20 samt
288 512 32 20 att
338 511 33 21 för
389 511 106 21 rörelsens
513 511 117 21 utöfvande
648 511 75 21 ställes
741 516 71 15 annan
828 516 82 21 person,
926 515 47 16 som

217 545 23 22 af
253 545 138 27 magistraten
406 545 85 28 pröfvas
506 545 88 28 lämplig
608 545 40 22 och
663 546 8 21 i
686 545 65 28 öfrigt
766 545 96 26 behörig.

286 580 20 21 3.
335 579 110 28 Flyttning
463 579 24 22 af
504 579 216 28 minutförsäljnings-
740 579 53 22 eller
807 579 165 26 utskänknings-

218 614 62 21 ställe
295 614 35 21 mä
344 614 48 21 icke
406 614 39 21 ske
459 616 52 20 utan
527 614 91 21 erhållet
632 614 98 21 tillstånd
746 613 23 22 af
783 613 116 27 magistrat.

565 677 12 28 g
592 678 35 21 21.

289 725 19 20 1.
338 723 149 22 Minuthandel
501 724 49 21 med
565 723 91 22 bränvin
673 723 35 21 må
723 729 40 20 ega
775 729 47 14 rum
838 722 74 21 endast
925 721 49 22 från

217 758 93 21 klockan
332 763 36 16 sex
393 763 35 16 om
450 763 117 21 morgonen
589 758 33 21 till
646 757 94 22 klockan
763 757 35 21 nio
821 762 35 15 om
878 756 96 25 aftonen,

218 799 49 14 men
288 792 48 21 icke
358 791 47 22 från
429 792 106 27 sistsagda
556 792 111 27 klockslag
688 791 70 27 dagen
784 791 45 21 före
851 792 48 19 sön-
920 790 53 21 eller

216 827 92 27 helgdag
326 827 34 21 till
377 826 92 31 klockan
493 833 37 15 sex
551 822 160 49 föremiddagen
730 825 68 22 första
815 825 159 27 derpåföljande

218 861 128 27 söcknedag.

285 892 23 25 2.
330 895 137 22 Beträffande
484 895 59 22 tiden
559 895 27 21 då
595 895 240 26 utskänkningsställen
851 894 40 21 och
901 893 74 21 värds-

218 930 40 21 hus
272 930 62 21 skola
349 929 67 22 hållas
431 930 91 27 stängda
537 923 107 33 iakttages
658 929 57 22 hvad
728 929 73 21 derom
813 931 24 19 är
849 929 51 21 eller
910 928 65 21 fram-

218 963 58 23 deles
291 964 43 21 kan
349 964 66 21 varda
430 964 107 27 stadgadt.

565 1027 12 28 8
592 1028 35 21 22.

287 1073 142 22 Förekomma
436 1069 15 36 ä
471 1073 129 27 gästgifveri,
616 1073 105 21 värdshus
737 1073 52 21 eller
804 1047 68 51 ställe,
884 1072 37 21 der
935 1071 40 22 mi-

219 1107 118 22 nuthandel
356 1107 48 22 med
423 1107 52 22 eller
493 1107 145 27 utskänkning
658 1107 23 21 af
696 1107 146 28 spritdrycker
856 1105 68 27 idkas,
939 1105 37 22 vid

220 1142 105 21 särskilda
340 1141 98 22 tillfällen
453 1142 130 27 oordningar
597 1141 23 22 af
633 1142 41 21 den
689 1143 41 24 art,
747 1142 32 21 att
790 1140 152 22 innehafvaren
954 1139 23 22 af

220 1175 130 28 rättigheten
365 1176 48 21 icke
427 1176 44 21 kan
487 1182 61 15 anses
563 1176 131 21 fortfarande
709 1181 40 21 ega
760 1175 27 22 de
797 1175 34 30 för
842 1175 136 31 densammas

219 1211 117 21 utöfvande
351 1210 140 27 erforderliga
506 1210 138 27 egenskaper,
660 1210 52 21 eller
728 1209 40 22 har
784 1202 70 34 nägon
869 1208 23 21 af
901 1209 26 20 de
938 1203 37 26 en-

219 1245 39 27 ligt
274 1245 11 27 8
302 1246 25 20 11
344 1245 125 21 meddelade
486 1245 126 26 rättigheter
631 1245 56 21 visat
701 1245 34 26 sig
749 1243 111 22 föranleda
874 1242 104 26 störande

219 1279 136 27 oordningar,
375 1279 34 21 må
424 1279 112 27 magistrat
550 1279 7 21 i
572 1279 48 21 stad
635 1279 45 28 ochj
690 1278 139 27 länestyrelse
843 1277 134 22 beträffande

220 1314 73 28 dylika
307 1314 77 22 ställen
402 1314 28 27 på
447 1314 80 26 landet,
546 1314 54 21 efter
615 1310 90 30 behörig
720 1313 101 22 anmälan
837 1312 39 22 och
891 1312 85 21 anstäld

220 1348 167 27 undersökning,
405 1348 139 22 förenämnde
558 1348 103 26 rättighet
682 1347 124 26 inskränka,
829 1346 94 26 indraga,
946 1346 30 21 el-

220 1384 31 20 ler
274 1383 40 21 ock
332 1383 153 21 innehafvaren
505 1382 93 23 derifrån
616 1382 72 28 skilja;
711 1382 41 21 och
771 1388 38 20 ege
827 1381 41 21 den
887 1380 90 22 sålunda

218 1417 69 21 skilde
303 1417 47 22 icke
365 1419 44 20 rätt
424 1419 33 20 att
472 1417 23 21 af
507 1417 67 21 redan
585 1417 77 45 JLA
678 1415 217 27 utskänkningsskatt
909 1414 67 26 nägot

216 1452 76 21 äterfä.

666 1483 6 7 ,
