1086 1717
224 474 62 27 'Till
304 471 205 29 Hedervärda
527 467 248 30 Bondeståndet!

188 555 63 22 Från
274 554 109 27 åtskilige
405 553 138 21 kommuner
565 551 27 22 af
604 549 137 30 Nykarleby
757 548 117 27 domsaga,

120 590 76 21 såsom
210 589 132 27 Alahärmä,
358 587 115 22 Kauhava
488 593 30 16 m.
533 585 22 22 fi.
570 585 72 29 jemte
658 591 29 15 en
702 583 73 22 talrik
789 581 86 29 mängd

121 623 27 22 af
169 623 114 22 hvardera
307 623 72 21 könet
398 625 54 18 män
467 620 44 22 och
527 620 101 29 qvinnor
643 619 43 22 har
700 616 176 24 undertecknad

119 657 80 22 blifvit
220 657 134 29 uppmanad
376 658 35 20 att
433 655 36 22 för
483 655 93 21 landets
591 653 96 22 ständer
702 652 129 28 framlägga
847 657 29 14 en

119 692 101 29 petition
242 691 8 22 i
272 690 169 28 hufvudsaklig
467 687 243 24 öfverensstämmelse.
729 686 53 22 med
804 686 72 22 Wasa

119 725 137 29 nykterhets
280 725 149 28 föreningens
453 723 117 28 syftemål,
602 722 44 22 och
671 721 43 22 vill
737 721 42 28 jag
801 721 75 20 såsom

120 759 51 22 skäl
196 759 83 22 anföra
304 767 30 14 en
359 758 76 29 punkt
460 765 28 14 ur
512 759 35 20 ett
573 757 38 22 till
636 755 177 23 undertecknad
829 753 52 22 från

120 793 100 22 nämnde
235 793 108 28 förening
358 793 140 22 ankommen
513 791 131 28 skrifvelse,
662 791 25 21 så
701 789 110 30 lydande:

189 828 46 21 Det
250 827 66 22 torde
330 835 56 14 vara
401 834 30 14 en
446 827 58 21 hvar
519 826 94 27 bekant,
634 827 36 20 att
685 823 193 30 dryckenskapen

120 865 26 18 är
167 862 86 21 folkets
268 861 93 28 förderf,
377 863 60 20 samt
452 861 90 22 medför
557 859 165 23 förbannnelse
738 859 36 21 för
789 857 86 27 landet,

120 896 36 21 för
180 896 106 29 familjen
311 896 44 21 och
381 895 36 22 för
442 895 46 22 den
513 894 107 23 enskilda
635 893 179 28 medborgaren;
831 891 45 22 den

120 930 144 22 framalstrar
285 931 70 27 brott,
377 933 93 24 vanära,
493 929 115 29 sjukdom,
632 927 81 23 armod
729 927 43 22 och
787 926 89 27 elände,

121 971 49 15 som
193 965 21 28 ej
236 965 54 21 med
313 965 41 21 ord
379 965 48 21 kan
442 963 107 22 skildras.
579 964 52 21 Den
646 962 154 29 lagstiftande
815 961 64 22 mak-

121 1000 40 19 ten
183 999 43 22 har
247 999 39 21 väl
308 999 71 21 insett
401 999 65 21 detta
489 998 44 22 och
555 998 39 21 till
608 997 189 22 förekommande
813 995 67 22 deraf

120 1032 78 22 stiftat
216 1033 72 28 lagar,
304 1040 49 15 som
368 1033 60 21 dock
443 1033 53 21 litet
511 1039 48 21 nog
573 1032 93 21 kunnat
681 1031 69 28 stäfja
759 1031 76 21 denna
844 1030 33 21 af-

121 1067 117 28 skyvärda
260 1067 57 21 lasts
339 1067 106 21 framfart
464 1067 44 21 och
524 1067 144 28 härjningar.
699 1066 46 21 Det
761 1068 62 19 stora
839 1072 39 14 an-

121 1101 33 21 tal
179 1101 27 21 af
218 1101 66 22 mord
306 1101 44 22 och
364 1101 96 28 blodiga
475 1101 53 28 dåd,
544 1108 50 15 som
609 1101 91 28 årligen
714 1101 9 20 i
737 1100 81 21 landet
833 1099 46 21 för-

121 1135 71 28 öfvas,
208 1135 120 22 äfvensom
344 1135 71 22 andra
430 1135 226 28 lagöfverträdelser,
672 1135 87 28 hvilka,
775 1135 9 21 i
799 1134 28 21 de
840 1133 39 22 fle-

121 1172 37 19 sta
180 1169 48 28 fall,
251 1169 71 22 hafva
344 1170 137 21 tillkommit
502 1170 75 21 under
592 1170 150 28 rusdryckers
757 1169 122 27 inverkan,

122 1204 66 21 torde
209 1211 57 14 vara
290 1204 139 28 tillräckligt
454 1204 134 22 tilltalande
612 1204 44 22 och
678 1204 57 27 visa,
751 1205 36 20 att
803 1203 40 22 det
858 1207 26 17 är

121 1238 95 28 mycket
230 1242 64 17 ännu
309 1240 35 20 att
358 1241 57 25 göra
430 1239 30 28 pä
475 1238 194 29 lagstiftningens
685 1238 92 22 omräde
793 1238 36 21 för
845 1239 34 20 att

121 1274 62 20 sätta
202 1279 30 15 en
246 1276 70 25 gräns
332 1272 35 22 för
383 1272 43 22 och
441 1273 93 22 hämma
549 1273 28 22 de
593 1273 132 27 förödelser,
743 1273 76 22 denna
835 1272 45 22 för-

121 1306 85 29 färliga
221 1307 47 21 last
282 1307 89 21 alstrar.

196 1341 78 22 Sedan
306 1341 244 29 —husbefsbränningen
578 1342 42 22 och
647 1342 192 28 utskänkningen
863 1341 26 21 af

121 1375 79 21 starka
222 1376 100 28 drycker
337 1376 30 28 pä
381 1375 81 22 landet
477 1376 133 28 förbjudits,
626 1376 71 21 hafva
712 1376 65 22 såväl
792 1376 88 22 slafvar

121 1416 49 15 som
192 1410 53 21 icke
268 1410 86 22 sädana
379 1410 74 22 under
477 1410 77 22 denna
579 1410 46 22 last
645 1410 120 22 hänvisats
781 1410 38 21 till
833 1412 46 20 stä-

125 1444 72 21 derna
219 1444 37 21 för
278 1444 133 22 erhällande
434 1444 27 22 af
473 1444 78 22 denna
566 1445 80 28 dryck,
663 1444 37 22 för
716 1447 35 19 att
766 1445 120 21 användas

122 1478 43 22 vid
192 1478 108 22 enskilda
324 1479 73 28 gillen
419 1478 44 22 och
478 1479 99 29 bröllop.
608 1479 83 22 Redan
706 1480 74 21 under
795 1479 93 22 forslin-

121 1520 49 21 gen
196 1513 28 21 af
244 1513 77 23 denna
343 1520 56 15 vara
423 1514 52 22 frän
491 1514 110 24 städerna
616 1514 38 22 till
668 1514 102 24 hemmet
782 1522 37 14 ser
833 1521 54 15 man
