1086 1717
228 143 12 19 2
533 142 33 22 N:o
586 142 36 22 38.

199 211 51 21 villa
274 211 38 21 och
337 211 151 21 arrendetiden
512 211 32 21 för
566 211 150 21 villaområdet
735 210 57 27 förty
808 210 70 21 skulle
893 208 63 23 hafva

200 246 72 26 utgått
288 246 40 20 den
345 246 24 20 31
387 245 118 21 December
519 246 60 26 1885,
591 246 40 20 har
643 245 77 27 åtgärd
730 245 103 27 vidtagits
845 251 34 15 om
891 244 65 27 sagde

200 280 114 20 kontrakts
330 280 117 27 förnyande
463 280 56 21 intill
535 280 110 27 utgången
660 280 23 20 af
698 280 23 20 år
739 280 60 25 1899,
818 280 49 20 med
883 279 35 21 det
934 279 24 20 af

199 314 89 27 bolaget
312 316 70 20 såsom
401 315 69 21 vilkor
486 315 33 21 för
534 315 137 21 kontraktets
688 314 138 27 förlängning
841 313 115 27 uppstälda

200 348 114 27 förbehåll,
338 351 32 19 att
392 350 65 20 villan
481 349 121 27 öfvertoges
618 349 23 21 af
655 349 103 21 Finlands
774 348 51 24 folk,
839 349 66 27 jemte
921 348 35 20 det

200 384 162 21 vederbörande
379 384 110 21 Guvernör
505 384 107 21 anbefalts
629 386 31 18 att
675 384 142 20 tillsammans
829 383 48 21 med
887 382 68 27 Magi-

201 420 82 19 straten
303 418 58 21 hålla
381 418 57 21 hand
458 418 102 26 deröfver,
578 420 31 19 att
627 418 64 21 villan
708 418 39 21 och
764 418 45 21 deri
825 417 130 22 församlade

200 453 182 27 konstsamlingar
405 454 77 20 vårdas
505 453 64 27 enligt
590 455 104 19 testators
710 453 73 21 derom
798 453 60 26 gifna
874 452 82 21 förord-

201 488 71 21 nande
288 490 54 19 samt
359 488 32 21 för
407 489 48 20 dess
471 488 119 21 inkomster
607 488 39 21 och
662 487 87 27 utgifter
765 487 115 27 behörigen
895 487 60 21 redo-

200 523 65 20 visas.
297 523 127 26 Ytterligare
447 523 46 26 har,
517 523 32 20 till
569 524 53 25 följd
638 523 23 20 af
675 522 67 21 skedd
759 522 100 21 anmälan
876 522 78 25 derom,

201 559 31 18 att
256 557 154 21 meranämnda
430 557 49 21 villa
495 557 97 21 tarfvade
609 557 79 26 nödiga
704 557 149 26 reparationer
869 557 38 20 och
924 558 32 18 att

201 591 160 22 villa-området
384 592 67 21 borde
474 592 101 26 planeras
596 591 39 21 och
651 592 117 26 planteras,
785 593 57 19 samt
857 592 31 20 att
904 591 52 20 kon-

200 627 95 20 traktets
315 626 97 26 bestånd,
434 626 85 27 jemlikt
537 626 59 21 14:de
613 626 95 27 punkten
726 626 5 20 i
748 632 83 15 samma
845 625 110 26 kontrakt,

201 661 6 20 i
223 663 91 19 motsatt
330 661 37 20 fall
383 661 99 26 möjligen
500 661 70 20 kunde
587 661 131 26 äfventyras,
735 660 33 21 för
786 660 122 21 ändamålet
919 661 36 20 nö-

201 696 46 26 digt
263 696 75 26 anslag
356 695 69 21 blifvit
440 702 25 14 ur
481 695 107 21 allmänna
605 695 124 21 statsmedel
747 695 146 21 utanordnadt
908 695 47 20 med

201 731 63 25 9,208
281 731 61 20 mark
358 731 27 20 60
400 730 71 27 penni.

274 765 33 20 Då
330 765 35 20 det
389 765 118 21 emellertid
531 765 114 26 rätteligen
669 765 130 20 tillkommer
822 764 85 21 landets
923 764 32 21 till

200 799 106 27 landtdag
321 799 129 21 församlade
467 799 97 26 Ständer,
582 801 70 19 såsom
668 799 192 26 representerande
876 799 80 20 Finska

201 834 83 25 Folket,
301 835 31 20 att
348 834 119 21 bestämma
483 840 33 15 om
533 835 153 25 emottagande
702 834 23 20 af
739 833 114 21 framlidne
864 833 92 21 Statsrå-

202 869 35 20 det
254 868 111 27 Cygneus'
382 867 141 22 omförmälda
538 869 32 20 till
587 868 84 21 förmån
686 868 32 21 för
731 867 103 21 Finlands
850 867 44 21 folk
904 874 52 19 upp-

200 903 88 21 rättade
303 904 128 19 testamente
447 905 55 18 samt
516 903 79 26 jemväl
611 903 85 20 besluta
712 909 33 14 om
762 902 102 21 framtida
880 902 76 21 under-

200 937 68 21 hället
284 937 23 20 af
320 937 93 21 nämnda
429 937 50 21 villa
494 937 41 22 N:o
552 939 24 19 17
592 937 7 21 i
615 936 167 27 Brunnsparken
798 936 110 21 äfvensom
920 943 36 14 an-

200 973 47 20 visa
271 972 71 20 dertill
365 972 78 26 nödiga
467 972 76 25 medel,
566 972 40 20 har
629 971 60 21 Hans
712 971 121 26 Kejserliga
849 971 106 26 Majestät,

201 1007 54 20 efter
271 1007 36 20 det
323 1002 170 31 Öfverstyrelsen
508 1006 33 21 för
558 1006 108 21 allmänna
682 1005 151 27 byggnaderna
844 1005 112 21 inkommit

201 1041 48 21 med
266 1041 263 26 värderingsinstrument,
547 1040 113 21 utvisande
676 1042 32 18 att
724 1039 165 27 ifrägavarande
904 1039 51 21 villa

201 1075 94 21 skattats
312 1075 33 20 till
361 1077 30 18 ett
407 1075 65 20 värde
488 1075 23 20 af
525 1076 77 25 22,400
614 1075 67 26 mark,
691 1075 67 26 jemte
770 1073 186 27 kostnadsförslag

200 1109 33 22 för
257 1110 49 20 dess
329 1109 114 21 underhäll
464 1109 25 21 de
509 1111 96 19 närmast
621 1109 95 26 följande
732 1110 33 19 tre
782 1108 58 25 ären,
857 1108 98 21 slutande

200 1145 33 26 sig
252 1145 34 20 för
308 1145 54 20 1885
382 1145 12 19 &
414 1145 41 20 710
470 1144 69 25 mark,
562 1144 33 20 för
613 1144 53 20 1886
683 1144 12 19 ä
711 1144 42 19 680
769 1142 40 21 och
824 1143 33 20 för
874 1143 53 20 1887
944 1143 12 20 &

203 1180 61 25 1,080
280 1179 67 24 mark,
371 1179 52 20 eller
438 1179 77 20 inalles
532 1179 62 24 2,470
611 1178 67 25 mark,
702 1177 57 21 velat
775 1177 32 21 till
823 1177 133 21 Ständernas

199 1213 163 27 handläggning
377 1213 40 21 och
433 1213 74 21 vidare
524 1213 77 26 ätgärd
618 1213 131 20 öfverlemna
765 1212 60 20 detta
841 1212 85 21 ärende.

476 1253 72 26 Fnligt
570 1253 60 20 Hans
652 1252 123 27 Kejserliga
790 1252 113 27 Majestäts
919 1253 37 20 nä-

407 1287 50 27 diga
477 1287 124 27 befallning,
626 1287 71 27 gifven
714 1287 6 21 i
737 1286 120 22 Gatschina
873 1286 39 21 den
928 1287 28 27 18

406 1322 59 21 Mars
483 1322 59 21 1885.

476 1368 35 23 T.
527 1368 153 23 BRUUN.

751 1413 48 21 Emil
818 1412 80 27 Streng.

310 1466 123 22 Helsingfors,
447 1465 10 18 &
470 1466 105 22 Kejserliga
588 1465 90 17 Senatens
691 1464 88 23 tryckeri,
795 1465 48 16 1885.
