1086 1717
256 145 27 22 76
416 136 3 3 |
497 152 4 6 +
530 146 52 28 Prop.
597 146 31 21 N:o
644 146 30 21 34,

226 208 74 27 derom
322 208 38 21 hos
381 209 144 27 länestyrelse,
548 216 45 14 som
616 215 49 21 eger
683 209 70 21 tillåta
775 208 122 22 närboende
921 208 57 22 förut

226 242 85 22 anstäld
332 242 119 22 kontrollör
473 244 50 21 eller
546 244 40 21 ock
607 244 7 21 i
636 244 48 21 stad
706 244 200 26 magistratsperson
928 239 51 25 eller

227 277 150 26 ordningsman
395 278 40 20 och
453 278 13 20 å
481 278 73 21 landet
570 280 72 20 ortens
656 278 171 26 kronolänsman,
844 279 31 19 att
890 278 7 20 i
912 277 67 21 öfver-

226 316 51 16 varo
294 311 22 21 af
329 311 72 26 vittne,
417 312 27 26 på
459 312 250 22 bränvinstillverkarens
723 312 128 26 bekostnad,
870 311 109 28 förseglin-

226 351 41 21 gen
289 346 104 27 besigtiga
415 346 39 21 och
476 348 77 26 öppna.
591 347 73 21 Skulle
687 347 46 21 åter
751 347 92 21 berörda
861 347 118 21 säkerhets-

226 380 75 26 medel,
321 386 75 21 genom
415 381 110 27 olycksfall
544 382 51 21 eller
614 388 70 15 annan
702 381 137 27 tilldragelse,
859 381 40 21 den
916 377 64 25 brän-

226 414 125 27 neriegaren
368 415 47 21 icke
433 415 72 27 vållat,
524 416 66 21 blifva
605 416 136 27 undanröjdt,
757 422 51 15 vare
823 416 68 21 denne
906 415 74 27 pligtig

220 451 40 29 att
282 449 72 21 derom
375 450 58 21 inom
455 450 106 27 utgången
584 451 22 21 af
622 451 94 26 följande
735 451 56 26 dygn
809 450 39 21 hos
862 450 118 27 magistrat,

227 483 150 30 ordningsman
400 485 51 25 eller
472 484 167 22 kronolänsman
657 485 7 21 i
680 487 60 19 orten
762 485 117 26 bevisligen
897 484 84 21 anmäla

226 518 8 21 i
249 518 99 21 afseende
363 518 13 21 å
390 525 28 20 ny
432 519 126 27 förseglings
574 519 146 27 anbringande
739 519 23 22 af
770 519 141 21 nästnämnde
922 525 58 20 myn-

227 552 73 27 dighet
322 553 51 20 eller
395 553 127 27 tjensteman
544 554 49 21 med
610 554 84 21 biträde
713 554 24 21 af
753 554 74 21 vittne.
858 553 40 22 Om
912 553 69 21 denna

227 586 83 27 åtgärd,
338 587 84 26 hvarför
447 587 120 22 kostnaden
590 589 93 20 drabbar
705 588 131 27 redskapens
859 594 68 21 egare,
949 587 32 21 in-

227 621 95 21 berättas
338 621 129 22 oförtöfvadt
482 622 33 21 till
530 622 162 28 Länestyrelse.'

462 705 5 6 N
574 685 11 28 $
600 686 35 21 40.

298 724 19 21 1.
346 723 125 22 Kontrollöi
491 725 36 20 vid
547 725 100 21 bränneri
669 725 45 26 bör,
734 725 28 21 dä
780 725 53 21 hans
848 702 134 44 roikaniti

228 758 38 21 der
288 758 98 27 upphört,
409 759 68 20 under
498 759 114 27 försegling
638 759 90 22 aflemna
754 760 34 21 till
813 760 137 26 länestyrelse
975 759 8 21 i

228 793 54 26 stad,
302 793 37 20 der
357 793 66 20 sädan
441 792 73 27 finnes,
534 799 48 15 men
601 793 61 27 eljest
680 795 33 19 till
731 794 112 25 magistrat
865 794 51 20 eller
935 794 47 20 ord-

228 827 112 26 ningsman
360 828 55 20 samt
433 827 28 27 pä
479 827 73 21 landet
569 827 33 22 till
618 829 72 20 ortens
704 828 98 21 länsman
817 827 27 21 de
858 827 33 21 för
906 827 76 21 befatt-

228 861 90 26 ningens
336 861 161 21 handhafvande
517 861 95 22 erhällna
630 862 264 27 profningsinstrumenter
912 861 70 21 äfven-

228 901 46 15 som
297 895 119 27 obehöfliga
437 895 118 22 kontrolläs
574 896 67 27 jemte
663 896 159 29 kontrollörens
841 895 106 27 exemplar
962 895 22 22 af

228 929 287 27 besigtningsinstrumentet,
535 931 25 20 de
579 930 23 21 af
618 930 153 27 länestyrelsen
787 930 48 21 med
846 929 135 22 tillverkaren

228 963 106 22 afslutade
348 964 103 21 kontrakt
465 966 55 20 samt
535 965 133 20 bränneriets
682 964 152 27 författningar
844 964 40 21 och
894 964 88 21 tabeller

226 998 66 27 jemte
308 998 67 27 öfriga
390 998 133 27 handlingar.

297 1033 21 21 2.
348 1033 41 20 Vid
403 1033 138 21 förenämnde
556 1010 138 54 aflörertring
710 1033 55 21 skall
779 1033 135 26 förteckning
924 1033 58 21 med-

227 1067 53 26 följa
298 1067 59 21 öfver
375 1067 98 26 samtliga
491 1067 117 22 aflemnade
626 1067 94 26 effekter,
740 1067 79 26 hvilka,
839 1067 83 21 såsnart
940 1067 42 21 till-

227 1101 104 27 verkning
349 1102 35 21 vid
402 1101 100 22 bränneri
520 1102 46 21 åter
584 1102 101 27 vidtager,
706 1101 61 23 skola
782 1101 27 26 då
823 1101 159 28 tjenstgörande

228 1135 120 22 kontrollör
363 1131 179 30 tillhandahållas.

574 1199 61 28 8:41.

298 1239 19 21 1.
346 1239 82 21 Varder
442 1239 120 21 kontrollör
576 1239 23 21 af
612 1245 26 15 en
654 1239 50 21 eller
723 1245 71 14 annan
811 1238 63 21 orsak
889 1238 46 21 frän
950 1239 32 20 sin

227 1273 122 27 befattning
370 1273 36 22 vid
427 1273 101 22 bränneri
549 1273 68 27 aflöst,
641 1273 88 22 aflemne
748 1273 43 21 han
810 1272 22 22 ät
851 1273 41 21 den
906 1273 76 21 tillträ-

228 1308 70 21 dande
312 1308 148 21 kontrollören
475 1308 66 27 enligt
555 1308 93 22 reversal
663 1308 7 20 i
684 1308 38 20 två
737 1308 114 26 exemplar,
862 1307 76 21 hvaraf
946 1308 37 21 det

228 1348 40 16 ena
287 1342 116 27 gvitteradt
424 1342 175 27 äterbekommes,
622 1343 99 26 samtliga
742 1342 8 21 i
772 1341 176 29 nästföregäende
970 1342 12 28 $

228 1376 139 22 omförmälda
382 1377 128 27 handlingar
525 1377 39 21 och
579 1376 190 22 kontrolleffekter.

296 1412 21 20 2.
347 1411 73 21 Skulle
446 1412 70 26 någon
542 1411 23 21 af
588 1412 26 20 de
639 1411 107 21 bekomna
770 1410 212 21 kontrolleffekterna

215 1455 5 5 »
227 1444 79 22 saknas
328 1445 51 22 eller
401 1445 96 22 befinnas
520 1446 113 26 obrukbar,
656 1452 50 15 vare
728 1445 127 26 kontrollör,
877 1444 24 22 sä
918 1444 64 22 framt
