1086 1717
234 152 29 20 20
440 151 24 22 U.
480 152 23 22 B.
520 164 27 3 —
563 152 67 28 Prop.
645 152 38 22 N:o
700 151 33 23 39.

78 220 13 17 2
102 219 93 23 Kapitlet.
208 216 132 28 rättigheter
355 217 39 21 och
408 216 116 28 förmåner,
541 217 34 21 för
589 217 85 22 hvilkas
690 217 195 28 tillgodonjutande
901 216 65 23 erfor-

207 251 51 21 dras
280 251 44 27 god
346 250 77 28 fräjd",
443 251 105 23 hvarmed
565 252 69 27 enligt
650 252 124 21 Utskottets
790 252 67 21 tanke
871 250 95 23 straffets

205 285 97 22 innehåll
323 286 127 27 lämpligare
472 286 119 27 uttryckes.
621 286 116 22 Likaledes
760 286 40 21 har
822 285 66 23 äfven
903 286 62 22 ordet

207 319 128 28 yVanfräjä*
359 320 8 21 i
389 320 66 22 slutet
477 320 25 22 af
519 322 13 20 2
552 326 61 16 mom.
632 321 84 27 utbytts
731 322 44 20 mot
791 322 32 20 ett
838 320 127 27 lämpligare

205 354 153 28 uttryckssätt.

276 388 40 22 Ett
330 388 57 22 inom
402 388 114 22 Utskottet
531 390 66 21 väckt
612 389 83 27 förslag
710 390 34 20 att
759 389 7 21 i
782 389 71 22 denna
869 390 12 26 $
897 388 68 22 skulle

206 422 54 29 ingä
280 424 33 21 ett
330 423 88 22 allmänt
432 423 123 28 stadgande
570 430 34 15 om
619 425 34 20 att
667 424 78 21 förlust
759 423 25 22 af
797 423 169 28 medborgerligt

206 457 132 28 förtroende,
360 458 26 21 dä
407 458 69 21 sådan
495 458 83 28 påföljd
598 461 24 19 är
642 460 75 25 utsatt,
733 458 68 21 måtte
817 459 54 20 utan
885 457 81 22 undan-

207 493 41 26 tag
267 492 23 22 få
311 493 88 21 ådömas
418 493 78 21 endast
511 493 7 21 i
533 493 101 28 förening
652 493 48 22 med
716 492 158 28 tukthusstraff,
890 493 39 21 har
944 492 20 28 ej

207 527 9 20 i
230 527 116 22 Utskottet
360 526 77 23 blifvid
451 527 134 22 understödt.
595 528 19 26 *)

277 637 35 21 Då
335 637 13 21 å
370 638 69 27 några
463 637 78 22 ställen
556 637 8 22 i
579 637 148 28 lagförslaget,
749 637 130 27 exempelvis
896 639 10 19 1
923 637 13 26 $
952 638 12 19 3

205 671 59 27 kap.,
288 673 6 19 2
310 677 60 16 mom.
385 671 8 22 i
408 673 12 19 2
437 673 13 25 $
465 678 17 15 s.
498 672 58 27 kap.,
573 674 11 19 7
601 673 13 25 8
630 674 26 19 27
672 672 50 27 kap.
737 673 57 20 samt
809 674 13 19 8
838 672 13 25 &
867 673 26 19 48
907 671 57 27 kap.,

207 707 59 20 ännu
290 706 68 21 andra
377 706 108 27 påföljder
500 707 34 21 för
548 707 60 21 brott
625 706 68 22 finnes
708 707 89 26 utsatta,
815 708 27 19 än
858 705 26 22 de
899 712 44 15 som
958 705 8 22 i

208 742 13 19 2
241 740 50 27 kap.
312 742 37 19 äro
368 741 147 27 uppräknade,
531 741 40 21 har
586 741 113 22 Utskottet
713 740 34 22 för
761 739 205 28 fullständighetens

207 774 59 22 skull
283 777 122 21 ansett*en
425 775 97 27 antydan
544 776 72 21 derom
635 775 54 22 böra
702 775 8 22 i
724 775 109 27 sistsagde
847 775 51 26 kap.
912 774 52 28 ingå

208 809 40 22 och
263 809 41 21 har
319 809 72 22 derför
405 809 34 22 till
455 810 62 21 detta
532 810 50 27 kap.
598 809 62 28 fogat
675 817 26 14 en
716 816 29 21 ny
760 811 13 25 $
789 810 52 27 (18).

279 919 32 21 Pä
326 921 45 20 sätt
385 919 66 22 redan
469 919 7 22 i
489 919 139 28 inledningen
638 919 34 22 till
682 919 159 27 propositionen
851 919 115 26 anmärkts,

208 953 68 22 hafva
293 953 26 22 de
334 953 8 22 i
360 953 120 26 ,allmänna
495 954 136 27 grunderna"
644 953 175 22 förekommande
829 952 139 28 straffpäfölj-

210 987 68 22 derna
302 987 91 28 ,förlust
414 988 24 21 af
458 988 89 27 pension
570 988 52 21 eller
642 989 67 20 annat
724 988 91 21 allmänt
829 986 138 28 understöd”,

280 1056 19 22 +)
311 1056 38 17 För
361 1057 28 17 att
401 1056 132 23 åskådliggöra
545 1056 48 18 huru
606 1056 52 18 detta
671 1056 88 18 ärestraff
769 1056 5 17 i
785 1055 134 24 lagförslagets
928 1057 40 16 sär-

210 1084 64 18 skilda
286 1084 31 18 del
330 1087 22 16 är
364 1085 107 22 tillämpadt
482 1085 96 18 meddelas
591 1085 35 18 här
638 1085 82 22 följande
733 1084 94 23 öfversigt.
851 1085 13 16 I
873 1084 61 23 regeln
947 1085 21 17 är

208 1113 108 18 ärestraffet
328 1115 59 17 utsatt
401 1114 108 23 ovilkorligt
521 1114 6 17 i
539 1113 87 23 förening
638 1113 42 18 med
692 1113 139 22 tukthusstraff,
844 1118 44 13 vare
901 1113 27 22 sig
940 1114 28 17 att

207 1142 54 18 detta
277 1144 21 16 är
315 1142 63 18 allena
394 1142 130 23 hufvudstraff,
538 1143 47 17 eller
600 1144 28 16 att
645 1142 55 18 äfven
712 1142 85 23 fängelse
811 1142 47 17 eller
870 1142 53 17 böter
935 1143 33 16 äro

208 1172 78 17 utsatta.
301 1171 27 17 18:
342 1173 16 19 2,
370 1172 16 21 3;
399 1172 28 16 21:
441 1172 16 21 7;
470 1172 28 17 22:
511 1172 16 21 5;
540 1172 28 17 25:
584 1173 14 20 1,
611 1172 17 21 2;
640 1171 27 17 26:
682 1173 14 20 1,
705 1172 17 21 2;
735 1171 27 17 32:
775 1171 41 22 2,3;
829 1169 93 19 särskilda
930 1171 22 20 $$
963 1170 5 17 i

208 1200 24 16 34
250 1200 35 17 och
304 1200 22 17 36
344 1200 59 22 kapp;
422 1201 27 16 37:
464 1201 16 20 1,
492 1201 17 21 2;
521 1200 28 17 39:
562 1201 15 16 1.
604 1199 141 22 Undantagsvis
759 1201 20 16 är
791 1198 107 19 ärestraffet
909 1199 60 17 utsatt

208 1228 22 22 a)
244 1228 114 23 ovilkorligt,
371 1229 59 17 ehuru
443 1227 145 19 hufvudstraffet
599 1228 37 18 kan
645 1228 61 22 nedgå
715 1227 29 18 till
749 1227 98 23 fängelse:
859 1227 28 18 för
896 1227 72 22 mened,

210 1258 26 17 17:
250 1258 16 21 1;
279 1257 56 21 stöld,
348 1258 27 17 28:
390 1259 15 20 1,
415 1259 15 20 9;
440 1257 33 18 rån
482 1257 35 18 och
526 1257 126 22 utpressning,
661 1257 27 17 31:
697 1258 17 21 7;
723 1256 105 23 bedrägeri,
838 1257 27 16 36:
876 1258 15 20 1;
899 1256 69 18 brand-

209 1285 86 23 stiftning
308 1286 11 18 å
332 1289 42 20 eget
387 1286 46 23 gods
446 1286 7 18 i
466 1286 76 23 svikligt
554 1286 48 22 syfte
616 1287 27 16 36:
653 1287 17 21 2;
680 1285 19 22 b)
708 1285 107 23 ovilkorligt
824 1285 58 18 ehuru
891 1285 77 18 hufvud-

209 1314 74 19 straffet
300 1315 38 17 kan
357 1315 60 23 nedgå
435 1315 29 18 till
483 1315 59 17 böter:
560 1314 29 19 för
610 1316 26 16 1:a
652 1320 56 12 resan
724 1314 74 22 ogvalif.
815 1314 55 22 stöld,
883 1315 27 16 28:
924 1314 15 22 1,
952 1316 16 20 9,

209 1344 74 22 ogvalif.
301 1344 104 22 bedrägeri,
419 1345 28 16 36:
462 1346 15 20 1;
491 1344 48 18 dock
552 1347 27 15 att
592 1344 54 17 äfven
658 1344 6 17 i
678 1344 55 17 dessa
744 1343 34 18 fall
791 1346 21 20 (a
825 1343 35 18 och
873 1343 22 23 b)
904 1342 65 18 försök

209 1373 35 17 och
256 1372 96 23 medhjelp
364 1372 91 23 beläggas
468 1372 42 18 med
523 1372 107 18 ärestraffet
642 1372 66 18 endast
721 1372 6 17 i
739 1372 85 22 förening
831 1372 43 17 med
883 1372 85 17 tukthus-

209 1400 63 23 straff;
285 1402 19 20 c)
317 1401 107 23 ovilkorligt
436 1402 7 17 i
455 1401 116 18 förbindelse
580 1401 42 17 med
631 1400 96 22 dödstraff
733 1400 47 18 eller
789 1400 76 18 tukthus
874 1400 12 18 ä
895 1400 74 22 lifstid:

208 1428 30 18 för
250 1429 53 18 mord
316 1430 28 17 21:
358 1431 15 21 1;
386 1430 35 18 och
433 1430 22 22 d)
465 1430 115 22 fakultativt
592 1431 45 16 utan
651 1429 88 18 afseende
752 1429 11 18 &
774 1428 153 19 hufvudstraffet:
940 1428 28 18 för

208 1458 132 22 högförräderi
352 1458 35 18 och
399 1458 154 21 landsförräderi,
570 1460 27 16 11:
610 1459 16 21 6;
641 1460 25 15 12:
680 1459 15 17 9.
