1086 1717
246 138 13 20 6
552 137 36 21 N:o
607 136 37 23 35.

220 207 66 21 dessa
308 206 54 27 gods
384 206 86 22 komma
486 206 6 21 i
509 206 128 27 åtnjutande
661 206 23 21 af
702 206 153 26 ofvanangifna
871 206 108 21 allmänna

220 241 118 21 lättnader.

290 276 34 20 Då
344 276 206 21 donationsfondens
574 276 120 20 inkomster
718 276 48 20 från
782 276 26 20 de
825 275 48 21 med
889 276 90 21 fondens

218 310 71 21 medel
312 310 79 21 inlösta
413 310 134 27 lägenheter,
565 311 5 20 i
587 310 53 27 följd
664 310 23 20 af
708 310 142 21 förenämnda
871 310 108 21 allmänna

218 345 110 21 lättnader
339 345 6 20 i
357 344 221 28 betalningsvilkoren
590 344 33 22 för
634 345 103 25 åboarne,
749 344 47 22 icke
807 344 74 21 vidare
892 344 86 22 komma

218 381 33 19 att
273 379 67 21 förslå
362 380 32 20 till
416 380 135 21 betäckande
575 379 23 21 af
619 380 154 20 annuiteterna
791 380 13 20 å
821 380 64 20 dessa
900 379 78 27 medel,

217 414 41 21 har
281 414 61 22 Hans
366 414 121 27 Kejserliga
511 414 101 27 Majestät
637 414 71 21 funnit
731 414 52 27 godt
799 414 6 21 i
823 414 67 21 nåder
906 414 72 21 tillåta

219 451 40 24 att,
283 449 73 21 derest
374 449 208 21 ofvanomförmälda
598 449 164 26 bestämningar
777 449 85 21 komme
879 451 32 19 att
925 449 53 21 fast-

218 483 84 27 ställas,
325 484 40 21 den
389 483 135 27 uppstående
547 484 83 21 bristen
648 483 128 23 tillsvidare,
794 484 24 20 så
833 484 63 27 länge
912 485 65 20 stats-

219 518 87 21 verkets
324 518 118 27 tillgångar
457 518 78 21 sådant
551 518 114 27 medgifva,
683 520 37 20 må
735 518 24 21 af
773 518 145 22 statsfondens
934 525 44 14 me-

218 553 35 20 del
268 552 110 21 betäckas.

493 622 75 27 Enligt
591 623 59 20 Hans
670 623 123 26 Kejserliga
809 623 113 26 Majestäts
939 622 38 21 nå-

426 657 51 26 diga
493 657 124 26 befallning,
634 657 71 26 gifven
722 658 5 20 i
740 657 31 21 S:t
788 657 131 26 Petersburg
935 657 41 22 den

427 693 29 26 45
471 692 90 21 Januari
579 693 61 20 1885.

492 778 37 21 T.
545 778 157 23 BRUUN.

773 859 48 22 Emil
837 859 79 28 Streng.

329 1461 122 23 Helsingfors,
465 1462 10 16 i
490 1461 104 23 Kejserliga
606 1461 92 17 Senatens
712 1460 87 23 tryckeri,
815 1460 48 17 1885.
