1086 1717
243 147 28 20 40
445 146 24 23 U.
485 146 24 22 B.
525 159 28 3 —
569 147 64 29 Prop.
648 147 38 23 N:o
702 146 34 23 39.

75 212 14 17 9
100 211 90 23 Kapitlet.
214 212 130 22 utdömande
359 212 32 22 uti
406 212 44 22 alla
465 212 27 22 de
507 213 8 22 i
529 213 70 28 sagda
613 214 49 26 kap.
678 212 94 23 nämnda
787 212 46 28 fall,
844 213 39 22 der
895 213 79 22 sådant

213 247 45 22 kan
273 246 163 28 ifrägakomma.
465 247 34 22 På
515 247 37 22 det
566 249 34 21 att
614 248 68 22 likväl
697 248 35 26 S:n
748 247 20 28 ej
784 247 36 22 mä
830 247 62 28 gifva
902 247 73 23 anled-

214 282 54 27 ning
283 281 33 21 till
332 281 41 22 den
387 281 199 29 missuppfattning,
602 284 34 20 att
646 282 78 22 endast
735 282 38 22 det
782 282 85 28 fysiska
876 282 98 22 lidandet

214 316 36 22 fär
264 318 64 26 tagas
342 316 8 22 i
365 316 146 22 betraktande
524 317 38 22 vid
576 317 169 22 skadeständets
755 316 167 28 bestämmande,
933 317 42 21 har

214 351 115 22 Utskottet
351 353 72 20 ansett
437 351 35 28 sig
493 352 55 21 böra
569 351 61 28 gifva
650 352 24 22 ät
692 351 35 29 8:n
743 358 28 15 en
785 351 9 22 i
809 352 25 21 sä
849 352 68 21 mätto
931 351 44 21 för-

215 386 84 22 ändrad
313 386 88 28 lydelse,
417 388 34 20 att
466 386 62 22 ordet
545 386 146 28 ,kroppsligt*
709 386 119 22 undvikits.

284 419 14 23 4
317 422 19 25 $.
365 421 35 22 Då
420 421 52 22 dei
491 423 11 20 1
523 428 61 15 mom.
603 421 130 28 begagnade
752 421 117 28 uttrycken
886 427 39 21 ,en
939 420 36 23 för

215 455 44 22 alla
274 455 39 22 och
328 455 43 22 alla
385 455 36 22 för
435 457 48 26 en*,
499 456 71 21 säsom
584 456 161 22 förutsättande
761 462 27 15 en
803 462 123 21 gemensam
935 462 38 15 an-

216 489 113 28 svarighet
350 490 45 21 lika
409 490 114 22 beskaffad
537 491 48 21 med
601 491 47 27 den,
664 491 88 22 hvilken
768 491 86 27 äligger
868 491 39 22 tvä
922 491 52 21 eller

215 524 54 21 flera
290 525 30 26 pä
342 525 70 27 grund
434 525 25 22 af
480 525 55 22 aftal
550 525 125 22 solidariskt
688 525 135 28 förpligtade
838 526 136 27 gäldenärer,

215 560 61 26 synts
299 559 114 22 Utskottet
433 559 8 22 i
463 559 143 23 förevarande
621 560 39 22 fall
674 560 49 22 icke
738 567 55 15 vara
807 560 110 27 lämpliga,
933 560 42 21 har

215 593 115 22 Utskottet
346 593 125 23 formulerat
486 594 70 22 denna
572 595 34 21 del
622 595 24 21 af
659 596 118 21 momentet
786 595 97 26 sälunda,
895 596 33 20 att
939 594 33 27 de,

216 634 45 16 som
276 628 58 22 varit
348 628 113 28 delaktiga
475 629 8 21 i
498 631 33 20 ett
544 629 66 28 brott,
626 629 60 22 skola
701 637 25 14 en
741 630 54 21 hvar
810 636 62 15 svara
886 629 34 27 för
928 629 46 27 gäl-

216 663 78 22 dandet
310 664 26 27 af
346 663 53 27 fulla
414 664 156 21 skadeståndet.
581 676 25 3 —
618 657 34 28 Åt
662 670 77 15 senare
748 663 116 28 meningen
874 663 9 22 i
892 669 82 16 samma

215 699 95 21 moment
330 698 41 21 har
391 698 114 22 Utskottet
525 699 81 27 jemväl
628 699 50 21 sökt
700 698 62 28 gifva
777 705 27 15 en
819 698 108 28 tydligare
942 697 31 22 af-

215 731 103 28 fattning.

285 767 170 22 Vidkommande
471 768 41 21 den
527 770 131 25 regressrätt
672 768 34 21 för
716 767 110 22 utbetaldt
833 767 139 27 skadeständ,

215 808 45 16 som
279 802 8 21 i
306 804 13 19 2
335 809 61 15 mom.
414 802 123 22 tillerkänts
552 802 8 22 i
574 802 130 28 förbrytelse
719 801 101 28 delaktig
835 808 82 21 person,
933 802 42 21 har

215 836 9 22 i
238 837 116 21 Utskottet
368 837 117 27 anmärkts,
501 839 34 20 att
549 839 126 20 momentets
690 837 83 28 lydelse
784 837 73 21 kunde
867 836 61 28 gifva
938 842 37 16 an-

215 870 89 28 ledning
311 871 35 22 till
356 871 69 22 sädan
435 871 105 28 tolkning,
550 873 33 20 att
593 872 81 22 enhvar
685 871 110 28 delaktigs
806 871 64 22 andel
879 871 8 21 i
899 870 76 22 skade-

215 905 90 22 ständet
322 906 67 21 borde
403 906 108 22 beräknas
526 906 56 22 efter
596 906 143 26 hufvudtalet,
756 906 40 22 och
811 907 34 20 att
859 907 117 20 momentet

215 940 60 27 förty
290 940 66 22 borde
372 941 83 21 erhälla
470 942 32 20 ett
517 941 85 27 tillägg,
618 940 141 28 hvarigenom
775 940 101 22 domaren
886 939 89 22 berätti-

216 975 68 27 gades
307 976 34 20 att
363 975 56 22 efter
441 975 213 28 omständigheterna
675 975 79 27 pröfva
774 975 102 21 andelens
891 974 84 27 belopp.

216 1010 126 21 Utskottets
356 1009 72 22 flertal
441 1010 41 21 har
497 1010 55 21 dock
566 1011 73 20 ansett
654 1010 79 21 sakens
743 1010 67 21 natur
819 1009 95 22 utesluta
924 1009 52 27 möj-

215 1044 98 27 ligheten
335 1043 25 22 af
380 1043 97 28 antydda
498 1043 106 29 tolkning,
620 1044 39 21 och
677 1043 123 28 uppenbart
815 1043 84 22 således
914 1049 61 21 vara,

218 1080 34 20 att
267 1078 118 22 domstolen
400 1085 53 20 eger
467 1080 34 20 att
511 1077 56 23 efter
578 1085 27 15 en
615 1079 55 21 hvar
681 1077 111 28 delaktigs
803 1077 64 22 andel
876 1077 9 21 i
894 1077 82 22 brottet

217 1113 40 22 och
276 1113 37 21 det
330 1111 143 28 förhällande,
491 1113 63 22 hvari
573 1113 43 22 han
630 1113 8 21 i
654 1112 67 28 öfrigt
735 1113 58 21 stätt
808 1112 34 22 till
856 1111 48 22 sina
918 1111 58 22 med-

216 1147 144 28 brottslingar
374 1153 27 16 m.
416 1154 27 15 m.
459 1147 44 28 dyl.
518 1148 118 21 bestämma
644 1147 36 22 det
690 1147 79 27 belopp
779 1146 26 22 af
813 1146 162 27 skadeståndet,

217 1187 45 16 som
278 1183 25 20 är
318 1183 34 20 att
367 1188 62 15 anses
443 1182 72 21 såsom
529 1182 53 21 hans
598 1182 99 21 enskilda
712 1183 80 26 anpart
807 1181 52 22 deri.

286 1216 99 22 Emedan
405 1216 115 22 Utskottet
541 1223 63 15 anser
626 1217 96 26 anspråk
741 1217 30 26 på
791 1215 137 28 godtgörelse
942 1214 36 22 för

217 1250 95 28 lidande,
335 1257 45 15 som
403 1251 133 22 omförmäles
558 1251 8 21 i
588 1251 13 21 3
621 1251 97 28 punkten
737 1250 26 22 af
776 1252 13 19 2
805 1249 19 30 8,
839 1250 50 21 icke
903 1250 74 21 kunna

217 1285 82 23 väckas
322 1285 25 22 af
364 1292 72 15 annan
455 1288 28 20 än
502 1285 41 23 den
564 1285 133 23 förorättade
712 1285 58 28 sjelf,
786 1285 41 21 har
841 1283 137 23 Utskottet
966 1279 15 39 i

218 1320 223 22 öfverensstämmelse
460 1321 49 21 med
529 1322 26 20 85
570 1320 13 29 &
597 1321 8 21 i
620 1320 259 27 Granskningskomiténs
894 1318 84 28 förslag

218 1354 34 22 till
268 1355 62 21 detta
345 1355 83 27 kapitel
442 1355 63 28 fogat
520 1362 26 15 en
561 1362 29 20 ny
601 1356 11 26 $
624 1356 37 27 (8),
672 1354 142 28 hvarigenom
826 1354 107 27 rättighet
943 1355 34 20 att

219 1389 55 22 söka
289 1389 61 28 dylik
364 1390 139 27 godtgörelse
518 1389 133 23 fränkännes
665 1390 55 22 hans
734 1388 206 23 rättsinnehafvare.
