1086 1717
237 146 13 21 2
401 145 80 23 Ständ.
498 146 37 22 Sv.
552 158 28 4 —
595 146 72 28 Prop.
683 146 39 23 N:o
737 145 32 22 32.

208 208 106 21 motiven
328 208 38 21 till
376 216 30 14 en
417 208 72 22 sädan
499 208 175 29 inskränkning
684 208 72 22 hafva
767 208 131 22 Ständerna
909 208 60 22 dock

208 242 53 21 icke
284 242 91 21 kunnat
397 242 132 28 godkänna.
559 242 44 22 Att
627 243 118 21 aktiernas
769 242 141 22 utfärdande
930 242 39 22 till

209 276 49 21 viss
273 284 55 14 man
343 276 75 22 skulle
434 276 42 22 hos
492 277 139 28 delegarene
651 277 117 21 förstärka
783 277 45 21 den
843 276 127 22 moraliska

210 310 182 28 ansvarigheten
407 311 36 21 för
459 311 99 21 affärens
574 311 77 21 solida
666 311 161 27 bedrifvande,
839 311 65 21 torde
916 310 52 22 icke

208 344 54 21 med
277 344 41 29 fog
332 344 83 22 kunna
437 346 86 28 påstås,
546 345 87 21 liksom
650 345 40 21 det
705 352 84 21 genom
805 345 163 21 erfarenheten

208 379 75 21 måste
292 386 68 14 anses
375 379 114 26 bevisadt,
507 381 34 19 att
556 379 71 21 äfven
643 386 69 21 egare
727 379 26 21 af
765 380 31 27 på
810 386 72 14 namn
892 379 76 21 stälda

210 412 77 22 aktier
301 413 149 29 gemenligen
466 413 52 22 icke
535 414 52 21 sökt
595 414 83 21 utöfva
686 413 129 28 inflytande
823 414 31 28 på
862 413 104 22 bankens

209 447 154 28 förvaltning.
395 448 50 21 Och
462 448 63 21 hvad
546 448 113 21 beträffar
682 448 115 28 farhågan
813 450 34 20 att
862 447 106 22 innehaf-

210 481 133 22 vareaktier
358 481 84 30 kunde,
459 482 36 21 för
510 482 128 21 utöfvande
655 483 26 20 af
693 484 96 19 rösträtt
804 482 9 21 i
828 482 140 28 egennyttig

211 515 79 28 afsigt,
306 516 143 22 missbrukas
465 523 84 22 genom
564 517 67 21 deras
647 517 122 28 tillfälliga
784 516 148 21 öfverlåtelse
943 517 24 21 åt

211 550 74 21 andra
306 557 117 22 personer,
448 551 66 22 torde
537 551 87 22 sådana
644 551 43 21 fall
710 551 67 21 alltid
792 551 75 21 blifva
881 553 87 26 ytterst

212 584 115 29 sällsynta
350 585 44 21 och
417 585 78 22 derför
510 585 52 22 icke
577 585 82 22 kunna
674 585 140 28 rättfärdiga
829 587 35 20 ett
878 585 89 22 undan-

210 620 42 27 tag
267 618 54 21 från
336 620 14 25 8
365 619 14 21 2
394 619 8 21 i
419 620 55 22 1864
489 620 38 21 års
542 620 140 28 förordning
692 627 37 14 om
741 619 140 29 aktiebolag,
893 620 74 28 enligt

211 653 99 21 hvilken
325 653 131 22 ordnandet
471 654 27 21 af
510 655 76 20 denna
601 655 67 28 fråga
680 658 25 17 är
716 654 115 21 beroende
843 654 26 21 af
876 654 92 29 bolags-

210 687 145 28 ordningens
370 687 183 30 bestämningar.
582 689 90 20 Härtill
686 689 104 28 kommer
801 692 63 17 ännu
874 696 29 13 en
914 696 53 20 syn-

210 721 80 28 punkt
304 721 27 21 af
342 717 109 33 praktisk
471 723 128 28 betydelse.
630 723 47 21 Det
692 723 47 21 kan
753 723 119 28 nemligen
887 723 8 20 i
910 722 57 22 hän-

211 755 64 21 delse
292 755 26 21 af
330 757 34 19 ett
379 758 74 19 större
470 757 65 21 antal
550 757 179 28 endosseringar
743 757 76 21 blifva
834 757 64 21 svårt
908 759 60 19 samt

211 789 9 22 i
234 789 86 28 många
335 789 42 22 fall
392 791 105 22 medföra
517 792 133 27 omgångar,
668 793 36 20 att
718 791 135 22 konstatera
868 791 100 28 egande-

210 825 80 20 rätten
312 824 39 21 till
373 824 81 27 aktier,
478 826 76 21 stälda
575 827 31 28 på
630 826 50 21 viss
695 833 60 14 man.
785 826 35 21 På
835 826 66 21 dessa
916 825 51 22 skäl

212 857 44 22 och
278 858 31 21 då
331 858 104 22 komitén
457 860 53 21 med
532 860 100 21 berörda
651 860 150 28 bestämning
815 860 66 21 torde
897 860 71 21 afsett

211 892 204 28 sedelutgifvande
438 893 95 29 banker,
556 902 54 13 men
627 894 187 29 sedelutgifning
831 894 75 28 enligt
922 894 45 21 den

210 926 88 28 nådiga
312 927 185 29 propositionen,
513 935 49 15 som
576 929 27 21 af
612 929 131 21 Ständerna
753 929 9 21 i
772 929 77 21 denna
859 928 39 22 del
908 929 59 21 oför-

212 960 90 22 ändrad
324 961 125 28 godkänts,
465 962 53 21 icke
533 963 80 21 vidare
629 963 91 21 komme
737 965 35 19 att
787 963 24 21 åt
825 962 142 29 privatbank

210 995 139 28 medgifvas,
372 995 42 22 har
436 996 180 29 ifrågavarande
632 997 131 28 stadgande
779 997 120 22 uteslutits
914 997 52 21 från

210 1029 276 30 författningsförslaget.

279 1063 13 21 I
314 1063 239 23 öfverensstämmelse
575 1065 54 22 med
651 1065 168 29 förordningen
839 1065 27 22 af
878 1065 46 21 den
940 1066 26 21 15

210 1097 102 22 Januari
328 1098 62 27 1866,
405 1099 120 28 angående
537 1099 106 22 enskilda
658 1100 90 21 banker
762 1099 54 22 med
831 1099 135 28 sedelutgif-

210 1131 120 28 ningsrätt
352 1133 60 20 samt
430 1140 37 14 om
483 1133 109 22 vilkoren
608 1134 36 21 för
662 1133 145 22 inrättandet
821 1133 26 22 af
860 1133 106 22 enskilda

209 1165 91 22 banker
322 1166 8 21 i
353 1166 134 29 allmänhet,
503 1167 131 22 innehåller
649 1168 57 26 sista
720 1169 128 20 momentet
862 1167 9 22 i
887 1169 12 26 &
914 1169 14 20 2
944 1167 26 22 af

211 1199 46 22 den
280 1199 88 29 nådiga
390 1201 185 28 propositionen,
592 1203 34 20 att
641 1202 9 21 i
666 1201 128 22 aktiebank
809 1209 29 14 en
852 1201 116 29 tredjedel

210 1233 26 22 af
248 1234 129 27 styrelsens
399 1235 149 22 medlemmar
563 1236 37 21 får
614 1237 97 27 utgöras
727 1236 26 21 af
765 1235 124 22 utländske
904 1239 61 18 män.

209 1267 49 22 Till
273 1267 53 22 stöd
341 1268 36 21 för
393 1269 66 22 detta
475 1270 128 28 stadgande
619 1270 47 22 kan
676 1270 141 28 visserligen
827 1270 93 22 anföras
932 1272 39 20 att-

208 1302 97 22 banken
326 1302 85 22 lättare
433 1304 86 21 förmår
541 1304 73 28 draga
628 1304 38 22 till
682 1305 36 27 sig
734 1304 70 22 äfven
822 1304 144 22 främmande

208 1336 98 28 kapital,
324 1344 37 14 om
375 1337 112 23 utländsk
503 1338 133 29 aktieegare
652 1339 89 21 lemnas
756 1340 48 20 rätt
819 1340 35 20 att
873 1338 93 29 deltaga

208 1370 10 21 i
231 1370 129 29 företagets
381 1371 106 29 ledning.
516 1373 55 21 Men
586 1373 84 21 härvid
684 1373 43 21 bör
742 1372 21 29 ej
779 1372 88 22 lemnas
883 1373 83 22 obeak-

208 1405 53 21 tadt
284 1408 34 19 att
341 1406 105 22 skötseln
466 1407 26 21 af
505 1415 29 13 en
548 1408 198 28 bankinrättning
761 1408 137 21 förutsätter
912 1407 53 21 icke

209 1439 100 22 allenast
332 1441 102 27 speciela
449 1442 160 28 fackinsigter,
625 1444 58 20 utan
699 1442 112 29 derjemte
827 1449 30 14 en
871 1442 95 28 mycket
