1086 1717
414 150 51 27 Prop.
479 149 32 22 N:o
527 149 29 21 34.
805 149 29 22 25

106 218 42 21 gen
166 212 48 21 frän
232 212 40 21 och
290 212 49 22 med
357 212 120 22 tvähundra
495 212 32 22 till
542 212 41 21 och
598 212 49 22 med
661 212 127 21 femhundra
802 212 61 21 mark

107 248 56 20 samt
177 246 69 27 tredje
260 252 63 16 resan
338 248 85 20 ettusen
437 246 71 27 mark;
527 246 114 22 hvarutom
656 246 123 22 tillverkare
794 246 7 21 i
815 246 48 22 sist-

107 280 93 22 nämnda
214 280 38 22 fall
266 286 51 16 vare
331 281 92 27 redskap
439 281 40 21 och
494 280 192 27 tillverkningsrätt
701 280 105 27 förlustig.

455 343 11 27 S
481 344 36 20 46.

177 384 41 21 Till
236 382 99 28 redskap,
351 389 45 15 som
412 383 66 27 enligt
492 383 128 27 föregäende
636 383 133 27 stadganden
784 384 24 20 är
822 382 43 22 för-

107 418 84 26 bruten,
207 417 79 22 räknas
301 417 73 27 hvarje
389 417 7 21 i
411 417 100 22 bränneri
524 417 33 22 för
567 417 101 27 kokning,
679 416 185 28 mäskberedning,

105 452 87 27 jäsning
208 451 39 22 och
262 451 105 27 bränning
381 451 95 22 inrättad
491 451 99 28 redskap,
604 451 109 22 äfvensom
723 451 142 27 sprithällare.

455 525 12 28 8
482 526 35 21 47.

177 565 93 21 Innehar
292 565 52 21 eller
365 565 109 22 använder
496 565 218 26 destilleringsidkare
731 571 72 15 annan
817 565 48 21 red-

108 599 60 28 skap,
190 601 28 19 än
241 599 43 21 han
306 599 111 27 uppgifvit,
438 599 39 22 och
493 599 33 22 till
541 599 139 26 begagnande
695 599 76 21 hvaraf
784 599 43 21 han
842 600 24 19 är

109 633 127 26 berättigad,
252 633 52 21 eller
318 633 62 22 idkar
395 634 42 21 han
453 633 131 26 destillering
599 633 68 21 under
682 633 38 26 tid,
731 633 87 22 hvarför
829 639 36 15 an-

109 667 71 21 mälan
195 667 19 27 ej
231 667 64 26 skett,
312 667 51 22 eller
378 667 12 21 ä
405 669 65 20 annat
485 669 28 19 än
528 667 110 27 uppgifvet
653 667 68 26 ställe,
736 667 51 21 böte
798 667 67 21 första

108 701 83 27 gängen
212 701 48 21 frän
282 701 40 21 och
344 701 48 22 med
414 701 121 22 tvähundra
556 701 33 22 till
612 701 39 22 och
672 701 49 22 med
735 701 130 27 fyrahundra

109 735 62 21 mark
193 737 55 19 samt
271 735 67 21 andra
360 741 63 16 resan
444 735 47 22 frän
511 735 39 22 och
568 736 49 20 med
632 735 130 27 fyrahundra
777 735 33 21 till
825 735 39 21 och

109 769 50 22 med
173 769 130 21 ättahundra
317 769 60 22 mark
393 770 40 21 och
447 775 51 16 vare
513 770 33 21 sin
562 769 246 27 destilleringsrättighet
821 769 43 21 för-

109 803 72 27 lustig.

455 837 12 28 8
481 838 36 21 48.

179 873 159 26 Öfverkommes
360 877 8 21 i
389 877 195 27 destilleringsverk
606 877 52 21 eller
681 877 70 22 dertill
769 877 96 21 hörande

108 911 137 27 upplagsrum
260 911 96 26 bränvin,
372 917 46 16 som
432 911 47 22 icke
495 911 81 27 ätföljts
590 911 24 21 af
626 911 182 26 ursprungsbevis,
820 917 45 15 cer-

109 945 70 21 tifikat
201 945 52 22 eller
274 945 141 27 förpassning,
434 945 28 27 pä
480 947 43 20 sätt
541 946 7 21 i
564 947 39 20 art.
619 945 22 21 II
656 945 7 21 i
678 945 151 26 förordningen
845 945 22 20 af

109 979 70 21 denna
200 979 48 26 dag,
267 979 110 27 angäende
395 980 97 21 vilkoren
506 980 34 21 för
554 980 131 27 försäljning,
700 980 49 21 med
764 985 64 20 mera,
845 978 22 21 af

108 1013 90 22 bränvin
222 1015 24 19 är
267 1013 142 27 föreskrifvet,
432 1020 50 15 vare
504 1013 112 22 bränvinet
638 1014 106 21 förbrutet
759 1013 40 22 och
815 1013 50 21 böte

109 1047 219 27 destilleringsidkare
342 1048 68 21 första
424 1048 83 27 gängen
523 1049 84 20 ettusen
622 1047 61 22 mark
698 1048 40 21 och
753 1047 68 21 andra
832 1053 33 15 re-

109 1088 38 15 san
163 1082 89 21 dubbelt
266 1083 56 20 samt
336 1082 62 21 hafve
413 1082 110 21 förverkat
537 1082 32 21 sin
585 1081 251 27 destilleringsrättighet.

456 1145 11 27 $
482 1145 35 21 49.

178 1184 45 21 Har
238 1184 122 21 tillverkare
375 1184 79 21 rubbat
469 1185 52 20 eller
536 1184 68 21 brutit
618 1184 42 21 den
672 1184 121 27 försegling,
804 1183 62 21 hvar-

109 1219 50 22 med
173 1218 91 27 redskap
279 1219 68 20 under
361 1218 122 21 förbudstid
498 1219 70 20 blifvit
583 1219 76 25 sluten,
674 1219 57 26 eller,
743 1219 38 20 der
791 1218 76 21 sädant

108 1254 53 20 utan
182 1252 53 21 hans
257 1252 99 21 vållande
378 1252 63 26 skett,
464 1252 126 21 försummat
609 1254 32 19 att
659 1253 73 20 derom
751 1252 84 21 anmäla
854 1251 13 22 å

109 1288 44 20 sätt
167 1286 8 22 i
190 1286 192 27 ordningsstadgan
396 1286 144 27 föreskrifves,
556 1286 68 27 plikte
638 1286 121 22 tvåhundra
773 1285 68 22 mark.

232 1378 10 4 N
457 1349 12 27 8
484 1349 35 21 50.

180 1383 18 20 1.
228 1382 137 22 Ofverträdes
388 1383 129 26 stadgandet
539 1383 6 21 i
568 1383 11 27 $
598 1384 14 20 4
630 1389 77 20 genom
722 1382 145 22 bränvinstill-

109 1416 103 27 verkning
228 1417 51 21 eller
294 1416 133 27 destillering
441 1417 69 21 under
525 1419 49 19 sön-
589 1417 51 21 eller
656 1417 90 27 helgdag
756 1417 58 21 inom
825 1416 42 22 till-

109 1451 199 26 verkningstermin,
326 1457 51 15 vare
391 1450 39 22 bot
444 1450 73 28 hvarje
533 1451 54 27 gäng
602 1451 77 21 sädant
689 1450 48 22 sker
747 1450 121 22 tvähundra
