1086 1717
356 146 23 22 U.
396 146 22 22 B.
433 156 31 6 —
479 144 55 29 Prop
553 145 41 23 N:o
610 145 39 23 35.
826 144 27 21 29

413 475 195 28 Reservationer.

196 545 34 21 Då
252 545 41 21 den
312 544 22 21 af
348 545 176 21 Statsutskottets
539 545 107 26 majoritet
665 545 121 26 föreslagna
801 544 83 28 åtgärd,

127 581 33 20 att
175 579 72 27 hvarje
262 579 83 22 enskild
360 579 247 27 lägenhetsinnehafvare
623 579 108 22 lemnades
746 581 43 19 rätt
805 581 32 20 att
847 579 38 22 be-

127 616 91 20 stämma
248 614 40 21 den
311 613 96 22 annuitet
429 613 42 22 han
493 614 50 21 ville
566 613 12 22 å
600 614 168 27 köpeskillingen
791 615 92 26 erlägga,

126 649 56 21 blott
205 648 68 21 skulle
297 648 47 21 leda
363 648 33 21 till
414 648 94 21 särdeles
523 648 123 21 invecklade
662 648 147 27 uträkningar,
832 649 53 20 utan

127 683 150 22 motsvarande
299 682 82 27 verklig
399 682 69 21 fördel
483 682 33 21 för
531 682 167 26 landbönderna,
721 689 49 14 men
788 683 96 26 proposi-

126 718 84 21 tionens
225 717 80 26 förslag
320 717 102 25 deremot,
437 717 68 26 enligt
512 716 38 21 vår
564 716 71 27 tanke,
650 716 28 27 på
694 718 31 19 ett
739 717 88 26 lyckligt
842 718 43 20 sätt

127 752 43 21 löst
192 751 41 21 den
255 751 144 27 föreliggande
421 751 118 27 uppgiften,
561 751 72 21 kunna
647 751 25 26 lvi
688 751 75 21 endast
778 751 107 27 tillstyrka

127 787 34 20 att
176 786 26 21 de
217 785 107 27 principer
337 785 34 21 för
380 785 171 21 bestämmandet
561 785 22 21 af
591 786 158 26 amorteringen
759 785 40 22 och
809 786 76 21 annui-

127 821 69 24 terna,
219 826 46 15 som
286 819 50 27 ingå
350 819 7 21 i
372 819 41 21 den
428 819 79 27 nådiga
521 819 166 27 propositionen,
710 819 66 22 måtte
791 820 23 21 af
828 821 57 20 stän-

129 855 67 20 derna
217 853 123 27 godkännas
362 855 56 20 samt
440 853 91 22 sålunda
554 853 25 21 de
601 856 31 18 tre
650 854 74 27 första
742 855 143 20 momenten
871 849 18 37 i

125 888 177 27 propositionens
312 888 89 27 jörslag
417 889 13 19 å
445 888 66 20 sidan
525 889 15 19 4
553 890 53 18 utan
622 888 96 27 ändring
733 891 98 24 antagas.

198 923 26 20 Vi
246 923 64 20 hafva
331 922 46 21 icke
395 922 67 21 heller
477 922 83 21 kunnat
574 922 75 21 förena
664 929 35 15 oss
714 929 34 15 om
764 923 122 21 Utskottets

128 957 80 26 förslag
223 957 7 20 i
245 956 61 27 fräga
320 963 34 14 om
369 957 146 26 ersättningen
530 957 33 21 för
578 956 131 22 storskiftes-
720 957 39 21 och
769 957 117 27 skattlägg-

128 991 213 27 ningskostnaderna.
364 991 33 20 Dä
406 991 108 26 nämligen
525 991 25 21 de
566 992 83 20 senaste
658 991 113 22 ärtionden
780 998 29 20 ny
819 991 67 22 skatt-

128 1025 100 27 läggning
247 1024 106 27 öfvergätt
368 1025 99 27 Wiborgs
483 1025 47 21 läns
545 1025 99 27 samtliga
658 1025 77 22 krono-
751 1025 40 22 och
806 1025 81 22 skatte-

127 1059 125 27 lägenheter
273 1060 55 20 samt
350 1059 26 21 de
391 1059 195 27 frälselägenheter,
602 1060 84 21 hvilkas
700 1060 138 21 innehafvare
853 1059 34 22 sä-

128 1094 53 21 dant
203 1093 83 26 önskat,
310 1093 40 22 och
371 1093 146 22 kostnaderna
539 1094 73 21 härför
634 1094 70 21 burits
726 1094 23 21 af
761 1095 126 20 hemmanen

129 1127 80 28 sjelfva,
226 1134 62 21 synes
304 1127 36 22 det
354 1134 35 15 oss
403 1128 48 21 icke
466 1128 85 27 obilligt
565 1129 38 26 att,
618 1128 28 27 pä
656 1129 44 21 sätt
710 1129 8 20 i
727 1128 160 28 propositionen

128 1163 31 20 är:
176 1162 121 27 föreslaget,
320 1161 93 22 äboarne
436 1162 13 21 &
471 1163 28 20 de
521 1163 79 21 inlösta
618 1163 193 27 donationsgodsen
827 1162 61 22 skola

128 1196 91 27 bidraga
233 1197 49 20 med
298 1196 71 21 halfva
383 1196 102 27 beloppet
501 1197 22 21 af
536 1197 26 22 de
577 1199 57 20 ännu
649 1197 93 28 oguldna
757 1197 131 21 storskiftes-

128 1230 41 21 och
188 1230 323 28 skattläggningskostnaderna.
540 1232 27 21 Vi
581 1231 22 22 få
618 1231 72 22 derför
704 1232 110 21 vördsamt
829 1231 58 21 hem-

128 1264 64 21 ställa
208 1264 35 21 det
254 1265 82 27 jemväl
352 1267 111 19 momentet
478 1267 15 19 4
508 1266 9 20 i
529 1266 176 28 propositionens
716 1266 92 28 förslag
823 1266 64 21 måtte

128 1298 31 28 af
171 1298 125 22 Ständerna
312 1300 148 27 ojörändradt
473 1300 135 27 godkännes.

129 1360 57 23 Hans
203 1360 76 25 Gustaf
296 1361 66 29 Boije.
391 1356 14 40 —
413 1361 51 23 Karl
481 1362 163 29 Langenskiöld.
689 1362 50 29 Aug.
755 1362 132 22 Schauman.

166 1406 21 24 F.
202 1406 29 23 W.
250 1407 22 23 G.
289 1406 61 30 Hjelt.
374 1402 13 38 —
396 1407 57 23 Gust.
469 1408 22 22 A.
508 1407 113 24 Lindblom.
643 1402 13 38 —
666 1407 22 23 A.
704 1408 22 22 0.
742 1406 116 24 Snellman.

198 1510 150 18 Statsutskottets
361 1510 117 18 betänkande
491 1510 36 18 N:o
540 1511 17 17 9.
