1086 1717
368 152 23 24 U.
407 152 23 24 B.
445 164 31 6 —
491 152 61 30 Prop.
568 154 36 22 N:o
620 153 38 23 34.
836 152 25 22 13

133 212 48 21 med
201 211 83 27 hänsyn
299 210 33 22 till
348 210 36 22 det
399 210 120 22 Ständerna
534 210 146 27 föreliggande
695 210 102 27 förslaget
817 209 32 22 till
867 216 28 20 ny

134 246 101 26 strafilag.

201 286 50 27 188
275 286 12 20 6
312 284 39 22 och
374 285 13 21 8
402 284 40 22 har
456 284 106 22 utskottet
578 284 64 22 infört
659 290 27 16 en
700 284 140 26 bestämning,
864 284 135 28 att886&8.

133 319 252 27 tillverkningsbeloppet
407 319 7 21 i
430 320 31 20 ett
477 318 99 22 bränneri
590 318 68 22 under
674 325 80 15 samma
770 318 125 27 brännings-

132 354 78 22 termin
227 353 38 21 icke
286 354 34 20 mä
337 352 118 28 öfverstiga
471 353 97 27 150,000
584 353 91 26 kannor,
694 353 103 21 hvarmed
811 352 84 22 utskot-

132 390 32 20 tet
187 388 63 22 afsett
274 389 32 20 att
324 388 112 20 förhindra
450 388 142 27 uppkomsten
608 387 22 22 af
644 389 68 20 större
727 388 124 20 brännerier
867 389 28 19 än

132 423 110 22 allaredan
256 423 8 20 i
280 422 72 22 landet
367 422 68 21 finnas
451 424 54 19 samt
521 422 85 27 möjliga
622 422 270 27 monopoliseringsförsök,

132 457 82 28 hvarpä
229 457 96 27 exempel
341 457 46 21 icke
403 457 78 21 saknas
496 457 7 20 i
519 457 65 21 andra
599 457 81 21 länder.

200 497 37 28 I$
262 497 26 21 13
312 499 29 24 är,
364 497 94 21 förutom
475 497 113 26 höjningen
611 497 23 20 af
647 496 244 27 tillverkningsskattens
913 497 11 28 $
942 497 33 22 13.

136 532 84 27 belopp,
236 532 62 21 ordet
313 531 146 28 ,afverkning*
475 531 91 21 ändradt
581 531 33 21 till
630 531 163 28 ,tillverkning*
811 533 53 19 samt
887 531 7 21 i

132 567 11 27 8
161 567 25 20 14
203 566 83 27 ,afpift*
301 566 33 21 till
349 566 89 26 ,skatt*,
454 566 72 21 hvilka
537 566 114 26 ändringar
660 566 116 21 motiveras
787 566 23 21 af
819 565 72 28 spräk-
913 567 11 27 $
942 567 33 21 14.

131 601 84 21 bruket.

199 641 11 20 I
233 641 13 20 2
269 647 63 14 mom.
356 640 23 21 af
400 640 11 27 $
433 641 26 20 18
483 640 39 21 har
541 640 105 21 utskottet
670 641 68 26 tillagt
755 641 67 21 orden
838 640 51 25 ,,och
912 641 6 27 $
941 641 33 21 18.

131 675 147 27 lackfernissa
294 675 52 20 eller
361 675 34 20 till
411 674 73 21 andra
499 675 98 20 tekniska
614 675 119 20 ändamål"
748 675 35 21 för
798 677 32 19 att
845 675 46 20 icke

130 709 7 21 i
153 709 47 21 värt
215 709 51 21 land
283 709 138 26 omöjliggöra
437 709 105 21 särskilda
557 709 123 26 industrier,
703 709 34 21 för
751 709 73 21 hvilka
839 709 53 27 sprit

130 745 64 25 utgör
209 743 130 21 rämaterial.

199 779 124 31 Ändringen
339 783 22 21 af
376 784 10 20 1
403 789 63 16 mom.
482 783 7 21 i
505 783 10 27 $
532 783 27 21 20
574 783 56 22 afser
646 785 32 20 att
693 785 52 25 göra
762 783 129 27 anläggning
912 783 11 28 $
939 784 35 21 20.

129 817 24 22 af
176 817 195 27 destilleringsverk
394 818 6 20 i
427 817 47 22 stad
490 817 105 22 beroende
612 817 22 22 af
648 817 139 22 kommunens
803 818 89 20 innevä-

130 859 64 13 nares
210 851 72 28 bifall.

198 892 10 21 I
224 892 11 27 8
252 892 26 21 21
296 893 23 20 är
335 898 25 15 en
376 891 113 22 enahanda
504 892 90 27 ändring
608 892 72 21 införd
695 899 44 14 som
755 893 7 20 i
778 892 11 27 $
805 893 19 20 4.
912 892 11 27 8
939 893 35 20 21.

197 932 11 21 I
223 932 11 27 $
251 932 26 21 72
295 932 39 21 har
348 932 107 21 utskottet
469 932 66 21 infört
550 933 40 20 den
606 932 130 27 förändring,
761 934 31 20 att
808 932 81 27 köping
911 932 12 27 $
939 933 34 20 72.

129 965 73 28 blifvit
218 966 100 21 likställd
334 966 48 21 med
397 966 173 25 landskommun,
594 968 52 20 enär
662 967 61 21 dessa
738 967 46 21 små
800 966 91 21 samhäl-

128 1000 41 26 len,
193 1000 55 21 både
272 1000 33 21 för
329 1001 33 20 sin
377 1007 53 20 egen
447 1001 39 20 och
502 1001 40 20 den
558 1001 160 27 kringliggande
733 1001 158 27 landsbygdens

129 1034 61 27 skull,
216 1041 63 20 synas
295 1035 52 20 böra
363 1035 120 26 berättigas
498 1037 32 19 att
546 1037 64 25 vägra
630 1035 97 22 tillstånd
748 1036 33 21 till
805 1035 86 27 anlägg-

129 1069 51 27 ning
196 1069 22 21 af
232 1069 107 21 bränneri.

196 1109 10 21 I
228 1109 12 20 2
256 1115 63 15 mom.
336 1109 22 21 af
372 1109 11 27 $
400 1110 26 20 73
442 1109 39 21 har
496 1109 106 22 utskottet
617 1110 98 21 uteslutit
730 1110 157 27 berättigandet
910 1111 11 27 $
938 1111 35 21 73.

127 1143 34 21 för
186 1143 102 21 domaren
306 1145 32 19 att
360 1143 76 27 ålägga
455 1144 40 21 den
514 1144 103 21 sakfällde
640 1146 32 20 att
692 1145 45 20 lösa
761 1145 129 20 domstolens

124 1177 111 27 protokoll
243 1177 7 21 i
260 1177 71 26 målet,
342 1178 88 21 emedan
439 1179 31 20 ett
479 1178 75 21 sådant
563 1179 109 27 undantag
680 1178 48 22 från
737 1179 40 22 den
783 1179 107 21 allmänna

126 1211 79 27 regeln,
230 1213 32 20 att
280 1212 129 21 domstolens
425 1213 145 26 expeditioner
586 1213 96 22 utfärdas
698 1213 75 22 endast
788 1213 32 21 till
844 1219 46 15 sva-

127 1246 121 27 randepart,
274 1252 45 15 som
336 1247 73 20 derom
425 1247 103 26 anhåller,
552 1247 46 22 icke
613 1248 63 21 torde
692 1248 71 21 kunna
778 1248 49 21 med
837 1247 52 22 häll-

126 1280 53 22 bara
195 1280 46 22 skäl
258 1281 121 21 motiveras.

198 1520 187 18 Ekonomiulskottets
399 1521 116 17 betänkande
528 1522 37 17 N:o
578 1522 17 17 5.
