1086 1717
247 144 27 21 32
451 142 24 23 U.
491 142 22 23 B.
532 155 23 3 —
574 142 62 28 Prop.
654 141 36 23 N:o
706 141 37 23 35.

217 200 79 28 påtaga
311 200 31 27 sig
356 200 72 21 hvilka
443 201 74 20 räntor
532 205 45 15 som
592 199 63 25 helst,
671 198 122 22 tillochmed
809 198 5 21 i
826 199 32 20 ett
868 198 37 22 fall
916 199 56 21 emot

217 234 220 28 regeringsombudets
452 234 124 27 upprepade
590 233 120 27 varningar.

288 269 42 21 För
345 270 32 20 att
391 268 125 27 möjliggöra
531 268 109 26 betalning
663 268 23 21 af
699 268 31 20 ett
749 267 66 27 högre
829 268 44 26 pris
889 268 32 22 till
936 270 37 21 do-

218 304 98 22 natarien
338 305 51 19 utan
411 304 32 20 att
465 303 94 27 betunga
580 302 111 22 bönderna
709 302 48 21 med
772 302 66 26 högre
853 304 121 21 annuiteter

219 338 100 22 utbrötos
340 337 146 27 kronoparker
501 337 40 22 och
560 338 109 25 stommar,
686 336 39 22 och
739 336 34 21 för
789 338 32 20 att
835 336 71 22 kunna
920 344 54 21 upp-

218 373 53 27 fylla
285 372 61 21 löftet
361 373 32 20 att
407 372 133 21 omedelbart
555 371 111 22 förvandla
681 371 160 22 landbönderna
851 372 33 22 till
895 372 79 22 skatte-

218 409 57 24 män,
296 408 53 20 utan
370 408 32 20 att
422 406 54 22 dock
499 406 109 27 äfventyra
623 406 94 21 kronans
731 405 123 27 förskotter,
877 406 96 28 utgåfvos

218 443 32 20 ett
272 443 47 26 nytt
341 441 45 27 slag
406 441 22 21 af
449 441 119 21 skattebref
589 440 6 21 i
617 440 55 21 form
695 439 23 22 af
730 440 182 27 köpekontrakter
927 448 46 15 som

218 476 108 22 innehålla
348 482 26 15 en
395 475 105 27 väsentlig
522 481 34 15 om
579 475 40 21 ock
640 476 109 26 temporär
771 475 153 28 inskränkning
952 477 23 21 af

218 509 311 28 skattemannarättigheterna.
570 509 74 21 Denna
670 509 131 22 sistnämnda
825 509 86 28 åtgärd,
941 513 33 20 att

218 545 107 27 nämligen
335 545 201 26 hemmansegarena
550 543 54 22 intill
616 543 49 22 dess
675 544 149 21 annuiteterna
839 543 12 22 å
867 545 106 27 köpeskil-

217 580 73 26 lingen
310 579 34 21 för
366 579 62 21 deras
450 579 98 20 hemman
567 577 69 22 blifvit
652 578 32 21 till
699 578 52 21 fullo
766 578 79 27 guldna
859 579 46 22 icke
920 581 53 20 utan

218 613 102 22 särskildt
330 613 72 21 dertill
412 613 114 21 utverkadt
542 611 96 22 tillstånd
653 611 21 22 få
689 612 87 21 afverka
792 612 53 27 skog
854 613 33 22 till
897 614 75 26 afsalu,

218 655 63 20 synes
302 648 43 26 mig
366 647 47 22 icke
432 647 63 21 hafva
510 647 56 20 varit
581 647 84 26 lycklig.
695 647 124 21 Inrättande
835 647 23 22 af
871 649 102 26 skogsall-

218 683 126 26 männingar
367 681 40 28 (låt
428 688 51 15 vara
501 681 28 27 på
551 681 120 27 begränsad
686 681 31 21 tid
732 681 129 27 exempelvis
877 683 25 21 15
918 682 12 21 å
946 683 27 22 20

218 717 32 28 år)
267 717 67 21 under
349 722 120 21 gemensam
483 716 24 21 af
519 715 83 22 kronan
612 715 147 22 kontrollerad
768 716 135 28 förvaltning,
919 717 54 22 hade

218 753 60 20 utom
302 751 90 26 skogens
415 750 119 21 bevarande
552 750 93 21 medfört
660 757 27 14 en
702 750 143 27 regelbunden
860 752 114 27 penninge-

218 785 94 22 inkomst
326 785 48 21 från
396 785 122 20 densamma
533 785 33 21 för
582 784 109 21 bönderna
707 786 54 19 samt
777 785 83 21 utöfvat
875 792 26 14 en
915 793 59 14 mera

218 819 154 28 uppfostrande
387 819 80 21 verkan
481 819 28 27 på
525 819 47 20 dem
587 820 27 19 än
630 819 73 26 lagens
713 819 116 26 stränghet,
845 820 65 27 enligt
920 820 54 21 hvil-

217 854 43 21 ken
283 854 40 21 den
338 853 69 22 bonde
426 853 54 22 skall
496 853 84 21 straffas
596 852 70 22 såsom
682 853 109 26 åverkare,
807 859 46 16 som
868 853 106 22 måhända

216 889 8 21 i
239 889 81 20 nödens
340 887 64 22 stund
419 887 99 28 olofligen
533 887 100 21 afverkar
648 886 40 23 och
703 887 64 27 säljer
782 887 67 27 några
863 889 48 20 träd
926 888 48 21 från

218 923 32 21 sin
266 929 53 20 egen
334 922 59 27 skog.

287 957 43 20 Det
344 957 122 20 nnvarande
483 957 101 26 systemet
598 955 92 22 bereder
704 955 125 28 visserligen
845 957 26 20 de
886 956 87 27 bönder,

217 997 47 16 som
279 991 21 21 få
316 991 32 26 sig
363 992 97 25 gynsamt
474 990 91 27 belägna
576 990 130 27 skogslotter
714 990 134 27 tillskiftade,
864 991 110 27 möjlighet

216 1026 34 20 att
266 1031 77 21 genom
359 1025 90 26 skogens
464 1024 126 27 försäljning
612 1024 48 21 med
676 1031 37 14 ens
728 1024 72 21 tillösa
815 1025 32 27 sig
857 1025 48 21 hela
916 1025 58 22 hem-

217 1061 74 20 manet
306 1059 40 22 och
361 1059 59 21 detta
435 1059 50 21 sker
501 1059 66 21 redan
582 1059 7 20 i
604 1058 77 27 många
696 1059 37 20 fall
744 1059 33 20 till
788 1059 111 26 uppenbar
908 1059 66 22 skada

217 1094 34 22 för
266 1094 132 21 hemmanets
412 1093 101 21 framtida
528 1092 95 22 bestånd.
653 1092 132 22 Jordbruket
799 1095 83 20 ensamt
892 1093 83 22 betalar

218 1128 108 27 nämligen
349 1127 27 27 på
398 1127 77 27 många
497 1127 213 27 donationshemman
724 1127 47 21 icke
787 1129 57 19 ännu
859 1127 36 22 det
909 1128 67 27 derpå

218 1162 109 27 nedlagda
342 1161 89 26 arbetet,
455 1161 40 22 och
517 1163 24 19 är
563 1161 37 22 det
614 1161 8 21 i
637 1161 117 22 allmänhet
769 1161 89 22 sålunda
873 1161 46 22 icke
934 1162 42 21 den

218 1197 69 26 köpta
301 1196 140 27 egendomens
457 1195 121 28 afkastning
592 1202 45 15 som
648 1195 107 22 levererar
765 1196 149 21 annuiteterna
923 1197 53 20 utan

219 1231 42 21 den
282 1230 50 21 med
351 1230 84 27 ovanlig
449 1230 109 27 fyndighet
573 1230 40 21 och
628 1229 98 28 rådighet
741 1231 60 20 utom
816 1230 92 22 hemmet
923 1237 53 20 upp-

218 1265 64 21 sökta
296 1264 205 27 arbetsförtjeusten.

287 1299 134 21 Jordbruket
442 1299 118 21 förbättras
574 1299 69 21 under
658 1298 81 22 sådana
753 1299 181 27 omständigheter
949 1298 27 28 på

217 1334 27 21 de
259 1333 63 22 flesta
338 1333 153 21 donationerna
513 1334 75 21 endast
602 1334 86 26 mycket
702 1333 113 27 långsamt,
830 1340 49 14 men
894 1334 32 20 att
941 1333 36 21 det

216 1368 8 21 i
239 1369 56 20 trots
317 1367 24 21 af
358 1367 143 22 kostnaderna
515 1368 34 21 för
564 1368 74 21 skiftet
659 1368 41 21 och
721 1368 88 21 dermed
823 1368 101 21 förenade
939 1367 38 21 bo-

217 1402 188 27 stadsflyttningar
419 1403 77 20 nästan
511 1402 99 22 öfverallt
623 1402 55 22 dock
692 1402 40 28 går
746 1401 80 23 framåt
841 1404 25 19 är
877 1403 31 21 ett
918 1402 60 27 gläd-

218 1436 68 27 jande
309 1436 59 21 bevis
390 1436 59 21 såväl
470 1436 28 27 på
515 1436 129 27 riktigheten
657 1436 23 22 af
693 1436 118 22 reformens
826 1436 150 27 grundprincip

220 1476 48 16 som
284 1470 39 22 ock
337 1470 28 28 på
379 1470 120 22 lifskraften
514 1471 40 21 och
569 1472 86 26 energin
669 1471 40 21 hos
723 1470 157 27 befolkningen.

286 1510 153 18 Statsutskottets
452 1510 116 19 betänkande
580 1511 38 17 N:o
630 1512 18 16 9.
