1086 1717
209 387 40 21 1:0.

206 1260 121 22 beräknadt
353 1261 142 26 nyssnämnda
524 1261 118 26 1,800,000,

520 146 52 29 Prop.
589 147 30 22 N:o
628 147 31 22 34.

415 210 129 22 Beträffande
559 210 37 22 den
609 210 105 28 inflytande
726 210 238 28 bränvinstillverknings-

346 244 93 22 skattens
459 245 129 21 användande
608 245 37 21 och
664 244 112 28 fördelning
794 244 31 21 vill
843 244 54 22 Hans
920 244 44 28 Kej-

346 278 75 27 serliga
437 278 95 27 Majestät
546 278 78 22 föreslä
638 278 113 22 Ständerna
767 278 30 22 att
812 278 20 22 af
847 278 118 22 densamma

346 312 57 22 skola
422 312 48 28 utgä
487 313 88 27 följande
591 313 70 27 anslag
678 313 4 21 i
699 313 37 21 den
752 312 82 28 ordning
850 313 25 21 de
891 313 73 21 nedan-

346 346 45 22 före
406 347 107 27 upptagas,
529 347 109 27 nämligen:

280 386 125 27 Ersättning
420 387 33 21 till
468 387 128 21 statsverket
611 387 33 21 för
663 386 93 28 eftergif-

280 421 79 21 vandet
374 420 23 22 af
410 421 37 22 det
459 421 59 22 förra
529 417 228 55 bränvinsbrännings-

282 455 118 22 arrendet
399 451 12 36 «
423 470 5 6 «
455 471 2 5 .
485 451 41 36 "ss
539 451 39 36 kx
596 451 62 36 118
682 470 34 6 AW
740 471 5 6 0

280 489 73 28 Skjuts
373 489 40 22 och
431 467 201 55 dagtraktamenten
651 490 23 21 åt
688 490 69 21 öfver-

280 524 151 26 kontrollörer,
450 524 144 22 kontrollörer
612 525 40 20 och
667 525 90 25 vittnen,

281 558 86 28 uppköp
379 559 23 21 af
411 559 247 21 kontrollinstrumenter
669 559 40 21 och
720 565 37 15 an-

281 593 39 21 dra
341 593 33 21 för
392 593 122 21 kontrollen
533 593 23 21 af
572 593 186 21 bränvinsförfatt-

280 627 114 27 ningarnes
416 627 126 22 efterlefnad
563 627 77 27 nödiga
662 627 94 27 utgifter,

279 661 122 27 förslagsvis
424 677 5 4 .
453 677 6 4 .
484 677 3 5 .
513 677 31 5 ..
568 676 178 7 ss...
711 656 12 36 .
734 656 16 36 a

279 695 41 22 Till
343 697 62 20 ränta
427 696 41 21 och
486 696 130 27 amortering
635 696 12 21 å
666 696 91 21 statslån

280 729 33 22 för
330 730 146 27 jernvägarne,
496 732 32 19 att
546 730 49 27 ingå
613 731 31 20 uti
659 730 97 21 kommu-

811 456 92 25 660,000
916 455 49 29 Fryc

813 661 91 26 170,000

281 763 188 22 nikationsfonden
481 779 5 5 .
510 779 6 5 .
539 779 5 5 .
568 779 178 6 «oe
792 764 112 26 1,800,000

280 798 41 21 Till
331 797 120 28 fördelning
466 798 90 21 emellan
572 798 98 27 samtliga
684 799 72 20 lands-

281 832 40 21 och
327 832 192 26 stadskommuner,
527 832 66 27 enligt
601 838 81 15 samma
688 833 69 26 grund

280 873 46 15 som
341 867 106 20 härintills
468 881 19 6 ..
511 881 6 6 «
541 882 4 5 «
569 882 5 5 «
597 882 6 5 =
626 882 5 5 «
655 882 5 5 <
683 881 5 6 »
712 881 6 6 »
741 882 5 5 «

280 900 41 22 Till
346 901 121 26 fördelning
493 901 55 21 efter
574 900 151 27 folkmängden
751 901 7 20 i

279 935 63 21 länen
360 935 91 22 emellan
461 935 97 27 samtlige
573 935 99 27 länsting,
687 935 72 22 derest

280 975 26 16 en
326 969 66 22 sådan
411 970 128 25 institution,
558 969 88 22 hvarom
666 969 92 22 särskild

280 1004 64 27 nådig
359 1004 133 27 proposition
506 1004 70 21 blifvit
592 1003 120 22 Ständerna
726 1003 31 22 fö-

280 1038 80 27 relagd,
379 1038 98 21 kommer
494 1038 34 21 till
545 1037 63 22 stånd
626 1053 5 5 .
655 1053 5 5 .
684 1053 5 6 .
713 1053 5 6 .
741 1053 6 5 «

812 867 92 25 400,000

812 1038 92 25 200,000

607 1078 87 21 Summa
709 1078 49 28 Fay
791 1078 114 26 3,230,000

277 1124 63 21 Hvad
365 1124 122 21 derutöfver
513 1124 85 27 inflyter
622 1130 77 21 genom
722 1124 163 27 ifrågavarande
906 1124 60 21 skatt

205 1158 61 27 ingår
285 1159 32 20 uti
336 1158 41 21 den
395 1159 69 20 under
479 1159 95 26 punkten
589 1159 13 21 3
619 1159 37 20 här
672 1159 64 20 ofvan
751 1158 140 21 omförmälda
904 1158 61 21 kom-

205 1192 206 26 munikationsfond,
427 1193 33 21 till
475 1193 86 21 hvilken
576 1193 68 25 alltså,
661 1193 28 20 då
703 1192 122 21 inkomsten
840 1192 48 21 från
901 1192 63 22 brän-

205 1226 135 21 vinsskatten
359 1227 116 21 beräknats
493 1227 34 21 till
548 1227 116 26 5,630,000
681 1227 68 26 mark,
772 1226 85 22 komme
875 1228 38 25 att,
933 1227 31 21 in-

204 1296 117 25 4,200,000
336 1295 67 21 mark.

669 1261 118 22 öfverföras
809 1261 155 27 sammanlagdt

413 1335 60 23 Enligt
488 1336 58 17 Hans
560 1335 122 23 Kejserliga
698 1336 115 22 Majestäts
828 1335 67 22 nådiga
905 1336 58 22 bofall-

343 1364 48 22 ning,
402 1364 59 22 gifven
473 1364 7 17 i
492 1365 25 16 St.
531 1364 98 22 Petersburg
640 1364 32 17 den
685 1364 37 22 18/30
733 1364 80 16 Januari
827 1364 52 16 1885.

501 1410 34 21 T.
550 1410 119 22 Bruun.

759 1438 48 18 Emil
820 1438 73 22 Streng.

367 1483 119 23 Helsingfors,
500 1484 17 18 J.
531 1484 19 17 C.
562 1484 95 18 Frenckell
670 1486 12 15 &
696 1484 43 21 Son,
752 1484 49 18 1885.
