1086 1717
354 183 22 21 U.
393 183 22 21 B.
432 196 26 2 —
472 182 63 30 Prop.
550 182 37 22 N:o
603 182 33 22 32.
810 182 26 22 27

113 246 126 28 begränsad
262 246 70 27 skala,
350 252 46 15 som
411 246 42 21 den
470 246 24 21 af
507 246 45 27 mig
566 246 126 27 föreslagna
707 245 71 22 skulle
794 245 73 23 derför

115 282 20 27 ej
151 281 69 22 blifva
236 280 87 28 mycket
338 280 169 28 vinstgifvande,
523 282 53 19 utan
592 280 91 21 fastmer
698 280 77 22 endast
786 280 81 22 bereda

114 316 115 27 möjlighet
250 314 35 22 för
307 314 26 22 de
349 314 101 22 enskilda
464 315 114 21 bankerna
594 317 31 19 att
640 314 8 21 i
664 314 93 28 aflägset
771 314 96 28 belägna

116 349 206 27 afdelningskontor
337 352 52 18 utan
405 351 69 19 större
489 350 141 21 ränteförlust
643 350 77 21 kunna
729 349 61 21 hälla
799 349 68 21 kassa

115 384 41 22 och
179 383 94 22 sälunda
294 384 79 21 lättare
388 384 89 27 betjena
493 384 42 21 den
550 384 147 22 trafikerande
713 383 153 22 allmänheten.

115 419 34 21 En
165 419 54 22 hvar
234 426 46 15 som
296 424 50 21 eger
361 418 124 22 kännedom
500 425 35 14 om
549 418 97 23 rörelsen
654 418 38 22 vid
702 418 125 22 bankernas
835 418 32 21 af-

116 453 184 28 delningskontor
314 453 8 21 i
337 453 86 21 landets
437 453 85 21 mindre
537 453 74 21 städer
624 455 37 19 vet
676 453 55 21 huru
739 453 129 28 oregelbun-

117 488 36 21 det
168 495 60 14 mera
242 487 125 28 betydande
383 487 138 28 operationer
537 487 39 22 där
591 487 136 22 förekomma
741 487 40 22 och
798 490 32 19 att
841 494 27 15 en

117 523 34 20 för
167 522 42 21 den
224 522 91 27 dagliga
329 522 96 21 rörelsen
441 522 92 21 alldeles
548 521 34 22 för
597 524 45 19 stor
656 521 68 22 kassa
739 522 46 21 ofta
799 522 70 21 mäste

118 557 7 20 i
141 556 105 22 mänader
260 556 62 27 ligga
337 556 102 27 räntelös,
455 556 28 21 dä
498 563 51 14 man
564 556 54 28 skyr
633 558 32 19 att
674 556 49 21 med
732 556 70 28 dryga
809 556 60 21 kost-

120 591 68 21 nader
209 591 35 20 till
267 592 67 19 annat
356 590 79 21 kontor
454 590 93 22 afsända
563 591 133 24 densamma,
713 591 91 21 emedan
819 597 51 14 man

119 625 69 22 under
210 631 27 15 en
258 624 123 22 stundande
403 624 76 28 period
494 625 47 21 äter
555 625 45 20 kan
616 627 82 19 emotse
713 631 27 15 en
755 626 69 20 större
839 624 31 22 ef-

119 659 113 28 terfrägan
248 659 29 28 pä
292 659 128 28 penningar.

186 704 139 28 Helsingfors
341 705 19 21 d.
383 705 5 21 7
405 705 43 27 Maj
466 705 62 22 1885.

618 734 64 27 Georg
698 734 104 21 Rosenins.

188 791 40 22 Om
244 791 157 22 ofvanstäende
417 791 135 31 reservation
567 791 77 31 förena
658 791 44 28 sig:
717 808 2 3 .

147 849 34 22 Th.
197 855 36 16 von
250 849 108 22 Frenckell.
425 849 59 22 Ernst
499 849 119 22 Dahlström.
684 849 68 21 Rudolf
769 848 73 27 Elving.

149 889 75 22 Anders
240 889 107 28 Svedberg.

190 1482 128 18 Reservation.
