1086 1717
322 149 79 23 Ständ.
417 150 36 22 Sv.
469 162 29 3 —
513 150 71 28 Prop.
600 150 38 22 N:o
654 150 34 22 82.
743 152 4 4 '
841 152 12 19 5

124 211 44 22 vid
191 211 127 22 anfordran
341 212 55 21 eller
411 213 31 27 på
456 212 94 22 kortare
565 212 47 22 tids
627 213 158 28 uppsägning,
802 213 25 21 så
841 213 44 28 lig-

125 253 44 21 ger
184 246 40 21 det
239 246 9 21 i
264 253 29 14 en
309 246 72 22 sådan
401 246 77 22 banks
501 247 99 21 intresse
616 249 34 19 att
665 247 9 21 i
690 247 127 21 allmänhet
832 247 52 22 icke

126 280 77 21 inlåta
218 280 37 28 sig
269 280 9 21 i
292 280 181 28 transaktioner,
494 280 82 22 hvilka
592 288 85 21 genom
692 281 37 21 sin
744 288 61 22 egen
819 282 66 20 inne-

124 314 93 22 boende
233 316 70 19 natur
318 314 59 22 först
393 315 60 21 efter
468 315 118 29 förloppet
597 316 27 20 af
628 323 30 13 en
665 316 82 28 längre
758 315 37 22 tid
805 316 80 21 kunna

126 348 128 22 afvecklas.
284 348 137 29 Rätteligen
442 349 70 21 borde
526 350 40 21 väl
581 349 77 21 derför
674 349 67 22 dessa
757 350 63 21 olika
835 357 51 21 gre-

126 390 44 14 nar
186 383 26 21 af
224 382 149 22 bankrörelse
389 384 94 21 utöfvas
500 384 26 20 af
539 384 76 21 skilda
629 384 166 28 bankinstitut,
809 384 75 21 såsom

124 417 11 22 i
151 417 129 22 allmänhet
294 417 75 22 under
384 419 73 20 större
474 417 44 22 och
532 425 64 14 mera
606 418 140 21 utvecklade
757 418 126 22 förhållan-

124 451 49 22 den
196 455 25 18 är
242 451 74 22 fallet.
346 452 35 21 Då
405 452 40 21 det
468 453 131 21 emellertid
621 453 42 21 hos
682 460 43 20 oss,
742 453 141 21 åtminstone

125 485 76 22 under
222 488 117 19 närmaste
359 487 102 27 framtid,
477 494 55 14 vore
548 489 35 20 att
599 487 79 21 befara
694 487 40 21 det
748 487 135 28 fastighets-

124 519 60 22 eller
205 519 222 30 jordbruksbanker,
451 529 50 13 som
523 521 150 21 uteslutaude
689 521 91 28 grunda
795 521 37 21 sin
846 524 35 18 rö-

124 553 62 22 relse
210 555 30 28 på
262 555 139 28 utgifvande
425 555 26 21 af
471 555 161 28 obligationer,
656 555 53 22 icke
731 555 79 22 kunde
826 555 57 22 bära

126 588 132 21 kostnaden
274 589 36 21 för
327 596 29 14 en
371 589 44 28 dyr
431 589 195 28 administration,
643 589 71 22 hafva
729 590 71 21 äfven
815 589 68 22 Stän-

125 622 73 22 derna
214 625 77 19 ansett
306 630 29 14 en
350 623 147 22 kommersiel
512 623 100 29 bank
589 618 26 38 ej
628 623 56 22 böra
699 623 133 22 förhindras
848 626 35 19 att

124 657 78 21 under
212 664 132 21 gemensam
355 657 146 29 förvaltning
511 658 83 21 utöfva
599 657 89 29 jemväl
696 657 77 22 denna
779 658 104 21 branche

124 691 28 21 af
172 691 156 22 bankrörelse.
358 692 47 21 För
426 694 35 19 att
483 692 75 21 likväl
580 692 106 21 undvika
700 692 45 21 den
761 692 76 27 oreda,
853 699 30 14 en

124 725 238 29 sammanblandning
370 726 26 21 af
404 725 68 22 dessa
483 726 63 21 olika
555 727 51 28 slag
615 727 26 21 af
646 726 148 22 bankaffärer
803 726 79 22 kunde

124 759 132 28 framkalla,
280 759 70 22 hafva
366 759 131 22 Ständerna
520 761 73 20 infört
608 763 34 18 ett
657 761 130 28 stadgande
803 761 80 21 derom

127 795 35 19 att
177 794 36 21 för
229 793 246 32 obligationsrörelsen
491 794 45 21 och
548 795 95 21 dermed
654 794 227 29 sammanhängande

121 827 116 29 utlåning
253 823 75 39 skall,
338 828 73 21 bildas
426 836 29 14 en
478 829 216 29 separatafdelning
712 829 53 22 med
782 829 102 22 särskild

125 862 128 29 bokföring
268 862 44 22 och
326 863 159 28 redovisning.

197 897 43 21 Om
256 897 40 21 det
312 896 111 29 hypotek,
439 904 50 14 som
503 897 93 21 enskild
618 897 64 22 bank
692 905 54 21 eger
762 897 69 22 ställa
845 897 37 21 för

125 931 28 20 af
173 931 134 21 densamma
328 931 123 21 utfärdade
471 931 163 29 obligationer,
657 931 153 22 föreskrifver
827 933 54 20 1866

125 965 40 21 års
187 965 139 28 förordning
340 965 8 21 i
363 965 12 29 &
391 967 20 26 8,
426 965 73 28 bland
521 968 79 25 annat,
623 967 35 20 att
673 965 128 22 detsamma
815 965 44 22 bör
873 965 10 22 i

125 999 99 22 allmänt
246 1000 79 21 förvar
342 1000 119 21 nedsättas
485 1013 23 3 —
536 1002 34 19 ett
592 999 135 29 stadgande,
751 1007 50 14 som
822 999 61 22 före-

125 1033 103 22 nämnda
247 1033 87 22 komité
350 1035 141 20 utmönstrat
505 1034 27 21 af
537 1033 69 22 orsak
614 1036 35 19 att
664 1034 133 21 densamma
806 1033 77 22 skulle

125 1068 44 21 vid
191 1068 105 21 skötseln
318 1068 27 21 af
357 1075 29 14 en
406 1068 213 28 kreditinrättning
633 1068 104 21 medföra
759 1067 123 30 praktiska

127 1102 158 29 olägenheter,
308 1104 60 19 samt
390 1104 73 19 ersatt
481 1109 84 22 genom
581 1102 180 29 bestämningen
783 1104 35 19 att
841 1101 42 29 hy-

126 1137 97 29 poteket
243 1137 76 21 skulle
335 1139 142 26 gvarstanna
492 1137 9 20 i
515 1137 106 21 bankens
636 1137 73 28 värjo.
738 1137 13 28 &
768 1137 25 21 11
809 1136 8 21 i
832 1143 50 22 pro-

125 1171 135 29 positionen
271 1172 50 21 äter
330 1171 119 22 meddelar
457 1171 72 28 ingen
537 1171 106 22 bestämd
658 1171 121 21 föreskrift
789 1178 38 14 om
838 1172 45 19 sät-

125 1207 36 20 tet
176 1205 36 22 för
226 1205 179 29 ifrägavarande
422 1205 146 22 säkerheters
584 1205 145 22 förvarande.
759 1205 37 22 Dä
814 1205 69 21 emel-

125 1240 73 21 lertid
214 1240 45 21 den
274 1240 27 21 af
313 1240 104 21 komitön
432 1240 134 29 föreslagna
585 1240 168 29 anordningen,
770 1240 25 21 sä
809 1239 74 29 lämp-

126 1275 36 27 lig
177 1274 46 22 den
240 1277 29 19 än
284 1281 28 15 ur
326 1274 149 22 uteslutande
491 1274 109 28 praktisk
615 1274 121 29 synpunkt
753 1274 48 22 kan
823 1274 60 22 före-

125 1308 65 28 falla,
205 1308 52 22 icke
274 1308 75 22 skulle
364 1308 78 22 lemna
457 1308 139 29 tillförlitlig
612 1305 92 32 garanti
718 1311 49 19 mot
781 1310 101 27 pantens

126 1342 100 29 möjliga
236 1342 161 29 förskingring
408 1343 43 21 och
463 1342 118 22 dessutom
591 1343 113 21 innebure
712 1342 171 29 tillskapandet

126 1377 28 22 af
173 1379 35 19 ett
224 1377 96 21 alldeles
340 1379 54 26 nytt
412 1377 162 27 rättsinstitut,
591 1380 55 18 enär
660 1376 169 29 pantgifvaren
844 1384 39 14 en-

124 1412 48 28 ligt
187 1411 41 21 hos
245 1418 37 14 oss
298 1411 109 28 gällande
422 1412 40 28 lag
477 1411 52 21 icke
545 1411 57 28 sjelf
613 1411 37 21 fär
664 1410 71 22 hafva
747 1411 136 28 lösörepant

125 1453 40 14 om
186 1445 96 28 händer,
305 1445 71 22 hafva
400 1445 132 22 Ständerna
551 1444 125 23 bibehållit
696 1444 102 22 nämnda
820 1444 63 22 stad-
