1086 1717
255 136 27 21 10
427 136 80 22 Ständ.
525 136 37 22 Sv.
578 148 28 4 —
621 136 69 27 Prop.
708 136 39 21 N:o
762 135 33 22 33.

222 198 69 28 lertid,
308 199 64 28 enligt
388 199 130 22 Ständernas
534 200 70 25 tanke,
620 199 24 21 af
649 198 206 29 omständigheterna
863 198 112 28 påkalladt,

222 236 32 19 att
269 234 194 21 nämndemännens
479 233 219 29 undantagsställning
714 232 7 22 i
736 232 113 22 omordade
857 233 119 21 hänseende

223 267 70 21 tillika
316 268 119 28 upphörde;
459 269 38 20 och
520 268 63 28 något
604 268 76 21 hinder
700 267 33 21 för
751 267 83 28 ätgärds
850 266 124 29 vidtagande

224 302 79 20 derhän
327 310 49 14 anse
399 302 118 22 Ständerna
534 302 18 28 ej
576 310 37 14 ens
635 302 163 21 vidkommande
814 302 25 21 de
855 302 121 21 nuvarande

222 336 185 22 nämndemännen
422 336 47 22 från
479 336 83 28 rättslig
571 336 109 29 synpunkt
690 336 118 21 förefinnas.
839 336 12 21 I
861 335 113 28 anledning

222 370 63 21 häraf
299 370 63 22 hafva
377 370 119 22 Ständerna
513 373 51 19 trott
579 371 32 27 sig
626 371 50 21 böra

429 428 9 20 i
450 427 176 28 underdånighet
636 428 114 21 hemställa
763 427 34 21 det
807 427 79 21 täcktes
896 427 82 22 Eders

360 461 177 28 Kejserliga
554 462 144 27 Majestät
709 462 46 20 låta
766 461 99 21 utarbeta
874 462 35 21 och
920 457 59 37 före-

362 497 66 27 lägga
445 497 85 20 landets
546 496 92 21 härnäst
658 496 209 21 sammanträdande
884 495 94 22 Ständer

361 533 29 19 ett
413 531 126 27 lagförslag
563 537 32 14 om
619 530 155 27 upphäfvande
798 531 30 25 af
846 531 41 20 den
906 530 73 27 frihet

359 565 58 26 från
440 565 245 27 skjutsningsbesvärets
708 565 127 27 utgörande,
852 571 44 14 som
912 565 66 26 enligt

362 605 29 14 nu
407 599 106 26 gällande
529 599 141 27 öfverhetliga
686 599 92 27 stadgar
794 598 129 21 tillkommer
938 599 40 20 hä-

362 633 198 21 radsnämndemän
568 633 41 26 för
620 633 26 20 de
661 633 24 26 af
692 633 44 20 dem
747 633 94 21 bebodda
851 633 128 28 lägenheter.

295 691 102 22 Finlands
413 691 91 22 Ständer
520 690 119 22 framhärda
655 694 38 18 etc.

296 731 133 28 Helsingfors
446 731 40 22 den
503 732 26 21 18
544 731 43 28 Maj
605 731 64 22 1885.

355 1434 118 22 Helsingfors,
487 1434 16 16 J.
516 1424 65 26 Simelii
594 1434 97 21 arfvingars
704 1433 83 21 tryckeri,
804 1434 51 16 1885.
