1086 1717
438 153 42 22 N:o
493 148 38 38 36.

385 209 207 41 Förslag

471 266 32 18 till

212 308 114 33 Strafflag
344 308 39 26 för
399 308 235 26 Storfurstendömet
653 306 101 28 Finland.

431 370 20 19 1.
477 370 69 23 Kap.

159 411 41 21 Om
215 410 62 29 dem,
292 416 51 17 som
358 412 42 21 äro
414 410 180 23 underkastade
608 410 64 22 finsk
687 410 130 23 straffrätt.

179 458 10 20 1
206 457 20 26 8.
255 456 67 22 Efter
331 457 62 21 finsk
401 457 41 28 lag
452 456 62 22 skall
523 456 63 21 finsk
595 463 55 14 man
660 456 79 21 dömas
749 456 37 22 för
795 456 70 28 brott,

107 497 51 16 som
173 491 47 21 han
234 490 82 29 begätt
330 491 8 21 i
353 491 110 27 Finland,
474 491 58 21 eller
542 491 14 21 &
565 491 73 21 finskt
648 490 81 29 fartyg
738 491 57 21 eller
804 493 62 20 emot

108 525 104 22 Finland
234 525 57 21 eller
313 527 62 20 emot
395 525 64 22 finsk
473 533 56 14 man
543 527 66 20 utom
623 525 91 27 landet;
731 525 26 22 sä
772 525 44 22 ock
829 525 38 22 för

107 561 74 20 annat
200 561 65 20 utom
286 559 81 22 landet
388 559 122 22 föröfvadt
531 559 70 28 brott,
624 567 38 14 om
684 559 116 29 Kejsaren
822 559 45 22 och

110 593 145 22 Storfursten
270 594 126 27 förordnar,
407 595 36 20 att
453 593 42 22 det
505 593 64 22 brott
580 593 60 22 skall
654 593 4 22 i
668 593 104 22 Finland
783 594 81 22 ätalas.

178 629 12 21 2
206 629 19 26 8.
256 628 58 28 Den,
330 636 49 14 som
393 628 53 21 icke
463 632 26 17 är
503 628 63 21 finsk
580 628 159 29 medborgare,
754 635 54 14 men
822 628 43 21 fin-

108 670 42 14 nes
166 663 42 21 här
222 663 9 20 i
245 662 86 27 landet,
346 662 71 22 varde
433 663 60 21 efter
508 662 61 21 finsk
584 662 40 29 lag
638 662 44 21 och
698 663 26 21 af
731 662 62 22 finsk
803 663 63 21 dom-

109 697 47 21 stol
171 696 70 21 dömd
255 696 36 21 för
305 696 70 28 brott,
391 703 49 14 som
455 696 49 22 han
519 696 103 22 föröfvat
636 696 64 21 inom
714 696 109 28 Finland,
835 696 31 22 el-

109 731 35 21 ler
159 731 14 21 &
187 730 73 22 finskt
274 730 79 29 fartyg
367 732 65 20 utom
447 731 89 21 landet.

178 765 50 21 Har
250 765 73 21 sädan
344 772 54 15 man
420 766 67 20 utom
509 765 103 21 Finland
630 765 82 28 begätt
726 765 65 22 brott
805 767 62 20 emot

109 799 104 22 Finland
235 799 57 22 eller
309 799 61 22 finsk
384 806 63 20 man;
464 807 56 14 vare
535 799 39 28 lag
590 807 94 20 samma,
700 807 37 14 om
751 799 116 29 Kejsaren

109 833 46 22 och
173 833 145 22 Storfursten
332 833 129 28 förordnar,
476 835 37 20 att
527 833 89 22 brottet
631 833 61 22 skall
707 833 42 22 här
763 834 8 21 i
786 833 81 22 landet

109 868 85 22 åtalas.

179 902 75 21 Finsk
268 902 40 28 lag
322 902 42 21 bör
378 902 44 21 ock
437 902 119 29 tillämpas
568 903 12 20 å
590 901 52 28 den,
653 909 50 14 som
712 902 86 21 vunnit
807 901 62 22 finsk

110 936 200 29 medborgarerätt
324 936 45 21 och
383 937 60 21 efter
457 936 118 29 Kejsaren
590 936 44 22 och
650 936 157 22 Storfurstens
821 937 46 21 för-

109 970 121 23 ordnande
252 970 42 22 här
316 971 97 22 tilltalas
433 971 38 21 för
486 971 70 28 brott,
571 971 93 21 hvilket
678 971 47 22 han
739 973 65 20 utom
818 971 50 21 lan-

109 1006 43 21 det
166 1005 88 29 begått,
270 1005 73 22 innan
357 1005 47 22 han
418 1005 53 22 blef
483 1005 63 22 finsk
560 1005 160 28 medborgare.

180 1041 13 21 3
210 1041 19 26 $.
259 1039 50 22 Har
330 1040 74 21 sådan
418 1039 148 29 förbrytelse,
582 1047 50 14 som
647 1039 146 22 omförmäles
808 1039 9 22 i
831 1040 36 26 41,

109 1075 36 26 42,
164 1076 27 20 43
214 1074 57 21 eller
286 1075 28 21 44
328 1074 61 29 kap.,
404 1074 57 22 eller
477 1076 75 19 annat
566 1074 95 21 dermed
676 1073 113 22 likartadt
804 1073 64 22 brott

110 1109 114 21 föröfvats
238 1110 66 20 utom
318 1109 88 27 landet;
423 1108 81 22 dömes
519 1109 38 21 till
568 1108 66 22 straff
644 1108 84 21 endast
737 1115 38 14 om
784 1107 85 23 sådant

109 1150 87 21 genom
210 1143 40 28 lag
264 1143 57 22 eller
335 1143 95 28 fördrag
445 1147 26 18 är
486 1143 115 22 särskildt
616 1143 117 28 stadgadt.

180 1179 14 20 4
209 1179 17 26 8.
256 1178 50 21 Har
326 1177 52 28 den,
401 1185 49 14 som
473 1177 101 22 tilltalas
596 1177 36 22 för
646 1177 70 28 brott,
731 1177 39 21 till
785 1184 30 14 en
830 1176 39 22 del

110 1212 58 21 eller
182 1212 38 21 till
234 1212 58 21 fullo
308 1213 86 20 utstätt
407 1212 88 21 honom
510 1212 78 21 derför
602 1213 66 20 utom
682 1211 81 22 landet
773 1210 96 23 ädömdt

110 1246 76 27 straff;
203 1246 61 22 skall
278 1246 40 22 det
333 1246 172 29 undergängna
519 1246 97 27 straffet,
632 1247 60 20 efter
706 1245 117 30 pröfning,
835 1245 34 22 af-

109 1281 85 21 räknas
217 1281 62 21 ifrän
302 1281 39 21 det
356 1281 72 28 straff,
443 1281 100 22 hvartill
558 1280 47 22 han
619 1280 37 22 för
670 1280 89 22 brottet
773 1279 72 23 borde
861 1279 9 22 i

109 1315 105 21 Finland
236 1315 86 28 dömas,
338 1316 56 21 eller
409 1315 45 22 ock
469 1315 66 29 gälla
550 1316 76 21 säsom
641 1315 69 21 straff
721 1315 36 21 för
772 1314 96 22 brottet.

109 1350 68 21 Dock
199 1350 42 21 bör
263 1350 136 28 afsättning,
423 1349 142 29 ovärdighet
587 1351 36 20 att
644 1349 90 29 nyttjas
753 1349 9 21 i
776 1348 93 22 landets

109 1384 80 28 tjenst,
206 1384 116 29 skiljande
344 1384 53 22 frän
411 1384 115 28 utöfning
541 1384 26 21 af
579 1384 79 28 tjenst,
674 1384 57 21 eller
745 1383 86 22 förlust
845 1382 27 22 af

109 1418 185 29 medborgerligt
307 1418 140 28 förtroende,
463 1426 51 14 som
529 1418 75 29 enligt
618 1418 62 22 finsk
690 1418 39 28 lag
736 1418 42 22 bör
786 1418 13 21 &
807 1416 64 23 brot-

109 1454 36 20 tet
159 1452 63 29 följa,
238 1452 85 22 honom
339 1453 42 21 här
395 1452 102 22 ädömas.
