1086 1717
218 166 22 18 18
442 166 23 19 U.
478 166 23 19 B.
514 176 22 4 —
548 166 63 24 Prop.
624 166 36 20 N:o
672 166 32 19 33.

401 226 53 23 med
472 232 28 17 en
517 225 76 31 kappe
611 224 107 32 spanmål
733 224 59 30 från
809 224 82 30 hvarje
903 225 49 31 rök,

401 266 70 31 utgår
489 266 140 30 hädanefter
647 265 35 25 till
699 265 129 25 nämndens
845 264 109 32 aflöning,

403 306 35 24 till
465 306 44 24 den
532 306 38 24 del
593 306 41 24 och
652 306 36 31 på
709 308 54 28 sätt,
785 305 170 31 förordningen

402 354 36 17 om
455 346 187 24 Häradsnämnd
659 349 111 21 närmare
787 346 108 30 stadgar.

647 404 19 31 $
685 405 24 23 5.

435 449 112 22 Uteslutes
566 449 136 27 fullständigt
718 449 71 22 säsom
803 449 89 22 dämera
906 449 50 22 obe-

401 483 73 28 höfiig.

437 519 10 21 I
466 519 105 26 förslaget
588 518 34 21 till
642 518 125 27 förordning
785 518 111 27 angäende
911 517 44 22 Hä-

402 553 130 21 radsnämnd
555 552 93 22 föreslås
670 553 6 20 i
695 553 96 26 enlighet
810 553 48 21 med
879 552 12 28 $
910 553 19 20 1.
948 552 7 21 i

401 587 154 27 förordningen
575 593 34 16 om
628 587 195 29 Häradsrätternas
841 586 111 22 aflönande

402 621 95 28 följande
512 621 141 28 formulering
668 621 35 22 för
718 621 12 28 $
746 622 20 21 7:

647 680 20 31 $
685 680 24 23 7.

436 726 136 24 Nämndens
593 726 102 31 aflöning
716 725 128 31 fastställes
861 726 16 24 ä
893 726 61 24 kom-

402 766 176 25 munalstämma
600 766 36 24 till
653 766 48 24 lika
720 766 79 31 belopp
816 766 41 30 för
874 766 81 30 hvarje

401 807 155 24 nämndeman
574 807 42 24 och
632 807 71 30 utgär
719 807 58 30 frän
794 807 83 29 hvarje
893 807 61 24 kom-

403 854 56 17 mun
480 847 9 23 i
511 847 100 30 enlighet
630 847 54 24 med
704 847 29 24 de
751 847 138 30 kategorier,
907 854 49 17 som

401 887 40 30 för
467 887 302 31 häradshöfäingeaflöning
791 887 102 30 stadgas,
915 887 39 24 sä-

402 927 73 24 lunda
495 929 35 22 att
546 935 29 16 en
591 927 75 31 kappe
683 927 108 32 spanmä!
807 927 105 31 erlägges
929 926 31 31 af

404 967 47 24 alla
463 968 10 23 i
484 968 19 31 $
514 969 25 22 2.
552 969 121 23 momentet
684 968 27 30 a)
721 969 117 29 upptagne
848 967 106 30 lägenhe-

405 1010 36 22 ter
455 1007 41 25 och
506 1015 115 23 personer
630 1010 60 22 samt
700 1015 28 16 en
737 1007 55 30 half
796 1008 76 31 kappe
883 1015 70 23 span-

403 1048 46 24 mål
471 1047 30 30 af
514 1047 48 25 alla
579 1048 10 23 i
606 1055 88 17 samma
708 1047 132 32 paragrafs
857 1049 97 22 moment

403 1087 22 34 b)
447 1090 124 29 upptagne,
590 1088 128 30 hvarjemte
735 1095 88 17 samma
839 1087 114 30 befrielse,

401 1136 48 16 som
467 1129 19 30 $
505 1129 15 23 3
537 1128 99 31 stadgar
652 1128 40 29 för
708 1127 140 31 erläggande
860 1127 31 30 af
899 1127 55 30 aflö-

400 1169 57 30 ning
487 1169 36 23 till
551 1168 206 31 Häradshöfding,
785 1167 69 31 äfven
878 1167 76 31 gäller

400 1209 96 24 nämnd.

684 1247 26 22 H.
724 1253 42 16 von
781 1246 105 25 Qvanten.

485 1374 177 25 Reservation.

262 1426 35 27 Då
312 1432 38 27 jag
363 1431 48 23 icke
425 1432 84 22 kunnat
523 1438 53 15 vara
590 1438 50 15 ense
654 1432 49 21 med
718 1431 107 21 utskottet
840 1430 115 22 beträffan-

193 1466 27 22 de
234 1466 12 28 8
262 1467 14 21 2
290 1466 8 21 i
313 1466 145 22 betänkandet
474 1466 120 28 (angående
608 1466 203 28 häradsnämnden),
827 1465 24 22 sä
863 1465 91 27 djerfves

262 1506 46 22 Lag-
322 1507 30 16 och
363 1506 170 18 Ekonomiutskottets
544 1506 106 18 betänkande
662 1506 34 17 N:o
709 1506 16 16 4.
