1086 1717
275 146 81 23 Ständ.
372 147 39 23 Sv.
427 158 26 5 —
469 147 69 28 Prop.
555 148 39 21 N:o
610 146 36 22 34.
779 147 29 21 45

216 210 70 20 sädan
310 210 159 22 uraktlätenhet
493 211 71 20 andra
587 211 87 27 gängen
690 212 27 19 är
732 209 103 22 utskänk-

217 244 137 27 ningsrätten
368 244 125 26 förverkad,
509 251 46 14 men
572 244 100 28 afgiften
684 244 41 26 för
735 246 100 19 närmast

215 278 101 28 följande
332 279 86 27 gvartal
434 278 37 20 bör
487 278 65 21 likväl
568 281 95 24 uttagas.
685 278 152 28 Afgiften
802 274 39 36 för

216 312 70 20 sådan
302 312 103 27 tillfällig
421 312 211 28 utskänkningsrätt,
648 319 45 14 som
710 313 8 19 i
734 312 13 28 $
761 314 22 19 11
793 319 43 14 0m-

218 348 93 24 nämnes,
334 346 57 21 skall
415 347 100 27 erläggas
534 347 31 27 pä
582 346 40 26 tid,
638 353 45 14 som
699 346 30 27 af
741 347 94 27 länesty-

216 380 70 20 relsen
297 380 41 27 för
353 380 74 28 hvarje
442 380 105 21 särskildt
558 381 46 27 fall
621 380 131 22 bestämmes.

493 444 14 26 $
523 445 33 20 13.

285 483 33 20 På
334 483 73 21 landet
423 483 37 21 och
477 484 6 19 i
499 483 80 28 köping
591 486 27 19 är
628 484 153 21 minuthandel
789 484 47 21 med

217 517 89 20 bränvin
323 517 44 20 icke
383 517 93 27 tillåten,
492 518 38 20 och
541 517 43 28 får
600 519 19 26 ej
634 517 68 21 heller
718 525 75 14 annan
801 521 33 18 ut-

215 552 123 27 skänkning
355 551 28 28 af
395 551 90 21 bränvin
502 554 28 18 än
546 552 77 26 sådan,
639 552 88 21 hvarom
742 553 9 20 i
766 552 31 28 $$
805 553 31 20 10

216 586 37 21 och
270 587 28 19 11
314 588 93 24 nämnes,
423 586 112 21 derstädes
550 588 42 25 äga
608 593 56 14 rum.

493 643 14 26 $
523 644 34 20 14.

289 683 41 20 Vid
342 683 145 26 partihandel
504 683 33 20 må
554 683 50 20 kärl
620 683 29 26 af
661 683 85 20 mindre
754 685 29 18 än
793 684 42 26 tju-

215 716 71 27 gufem
304 717 94 20 kannors
415 717 62 26 rymd
493 717 43 20 icke
552 716 114 27 begagnas.
702 716 41 21 Vid
757 723 77 14 annan

211 751 140 27 försäljning
359 751 34 20 må
403 751 91 20 bränvin
503 751 46 20 icke
558 751 106 20 utlemnas
673 751 7 20 i
688 751 50 20 kärl
753 751 22 27 af
779 751 56 20 min-

216 785 38 20 dre
270 785 123 27 drägtighet
409 787 28 18 än
455 785 34 20 det
505 785 79 20 minsta
596 784 82 27 belopp,
691 791 33 14 som
740 784 37 27 får
788 785 45 26 för-

215 821 77 25 yttras.
323 818 29 27 Ej
374 818 66 21 heller
461 819 34 19 må
519 818 35 21 det
565 817 107 28 försålda
687 819 80 20 mellan
776 819 58 26 flere

216 853 80 26 köpare
306 852 109 27 fördelas,
432 852 56 26 eller,
509 852 38 20 der
563 852 117 21 detsamma
696 852 45 21 icke
757 853 77 20 utlem-

216 889 48 18 nats
287 887 35 20 vid
344 886 154 27 utskänkning,
523 887 12 19 å
553 885 216 28 försäljningsställe
784 886 51 27 för-

215 922 67 19 täras.

491 966 14 27 $
521 967 33 19 15.

283 1006 29 27 Ej
328 1006 33 20 mä
377 1007 79 26 någon,
472 1013 43 13 som
534 1006 43 20 icke
592 1006 93 21 innehar
693 1008 46 19 rätt
747 1009 32 18 att
786 1006 49 27 för-

212 1041 61 26 sälja
296 1040 97 25 bränvin,
411 1039 140 28 tillhandagä
568 1039 144 22 allmänheten
731 1040 48 21 med
793 1047 41 14 an-

212 1074 117 27 skaffande
344 1073 69 27 deraf,
430 1074 53 20 eller
498 1074 48 25 den,
562 1081 43 13 som
622 1076 26 19 är
665 1074 124 27 berättigad
797 1074 36 21 till

212 1108 70 20 sådan
302 1108 147 27 försäljning,
471 1115 74 20 genom
561 1107 77 21 ombud
654 1109 13 19 å
684 1111 68 18 annat
767 1108 67 21 ställe

212 1144 29 19 än
258 1143 40 24 det,
316 1143 38 19 der
369 1142 43 20 han
428 1143 35 19 sin
473 1141 200 28 försäljningsrätt
689 1142 96 27 utöfvar,
797 1142 36 21 till

212 1175 80 27 köpare
308 1175 94 22 utlemna
423 1175 123 27 spritvaror
562 1175 34 21 till
611 1175 84 20 mindre
712 1175 73 28 belopp
802 1177 30 19 än

212 1209 191 25 etthundrafemtio
420 1209 91 21 kannor.

489 1273 14 25 $
518 1274 36 19 16.

280 1312 105 26 Bränvin,
401 1319 44 13 som
462 1312 35 20 vid
507 1305 150 28 minuthandel
666 1312 52 20 eller
727 1311 105 21 utskänk-

210 1346 54 27 ning
287 1348 56 18 samt
364 1346 34 20 vid
409 1346 143 27 försäljning
568 1346 30 27 af
610 1346 83 20 mindre
710 1346 74 26 belopp
801 1348 29 18 än

212 1380 193 27 etthundrafemtio
429 1380 85 20 kannor
536 1380 54 25 från
607 1380 103 21 bränneri
725 1380 52 20 eller
793 1380 37 20 de-

210 1414 172 26 stillerinysverk
411 1414 34 20 till
467 1414 50 20 salu
542 1414 74 26 hålles,
640 1414 59 20 skall
722 1414 7 20 i
752 1413 77 28 styrka

209 1448 74 26 uppgå
306 1448 35 20 till
363 1448 65 20 minst
447 1447 88 27 fyratio
554 1448 48 26 (40)
614 1450 103 25 procents
733 1447 98 21 alkohol-
