1086 1717
247 140 41 22 120
550 140 38 23 N:o
603 140 37 22 36.

288 204 28 21 35
332 204 20 26 &.
382 204 93 28 Sjuknar
493 204 209 28 ransakningsfånge;
725 202 101 30 njute
797 198 27 39 pä
841 204 77 21 allmän
934 203 34 22 be-

217 237 90 23 kostnad
322 238 51 22 värd
387 238 38 22 och
441 238 123 22 läkemedel.
595 239 49 21 Kan
665 238 41 22 han
722 238 19 28 ej
756 238 75 22 värdas
846 238 56 22 inom
918 238 51 21 häk-

218 274 40 24 tet;
275 272 63 22 varde
353 272 96 22 förvarad
463 272 13 22 å
491 275 63 19 annat
569 273 67 26 ställe,
652 273 37 21 der
704 272 63 28 nödig
782 272 51 23 vård
847 273 38 21 och
894 272 75 22 bevak-

217 306 52 28 ning
284 306 41 22 kan
341 314 62 21 egnas
418 307 83 22 honom.
716 330 4 3 N

289 341 27 21 36
332 342 20 26 &.
381 341 26 29 Ej
423 341 35 22 mä
473 341 199 29 ransakningsfänge
688 342 81 28 tvingas
780 341 32 22 till
823 342 76 21 arbete.
923 341 46 23 Vill

217 375 42 21 han
275 375 77 26 arbeta,
367 383 48 14 men
431 376 42 21 kan
488 376 47 21 icke
551 375 50 29 sjelf
614 376 72 22 anvisa
702 375 83 29 tjenligt
795 376 80 26 arbete;
888 376 36 21 bör
934 375 35 21 ho-

218 416 49 14 nom
283 409 86 22 beredas
383 410 88 29 tillgång
485 410 76 22 dertill.

288 444 124 22 Inkomsten
427 444 24 22 af
464 444 210 29 ransakningsfänges
696 445 71 22 arbete
789 444 83 23 tillfalle
891 444 77 22 honom

218 477 54 29 sjelf.

290 513 26 22 37
334 514 19 26 8.
376 513 211 29 Ransakningsfånge
603 521 49 14 varo
668 513 18 29 ej
702 513 105 29 förbjudot
821 516 32 19 att
865 514 43 21 läsa
918 513 51 22 eller

218 547 89 27 skrifva;
323 547 52 22 dock
390 548 35 21 mä
439 548 41 21 han
496 548 46 22 icke
558 547 85 22 afsända
658 548 52 21 eller
722 550 91 26 mottaga
823 548 51 25 bref,
883 555 33 14 om
927 548 41 21 han

218 581 18 29 ej
253 581 41 23 fått
308 582 31 21 lof
352 582 69 22 dertill
435 582 24 22 af
472 583 83 22 häktets
577 582 147 22 föreståndare.
755 582 82 22 Sådant
853 582 32 21 lof
901 581 33 22 mä
950 581 18 29 ej

218 621 80 23 vägras,
319 624 35 14 om
376 617 35 22 det
433 617 73 26 finnes,
522 619 31 20 att
570 617 82 22 brefvet
667 616 18 29 ej
701 617 118 21 innehåller
840 616 68 29 något,
924 624 44 13 som

218 651 41 21 kan
275 651 75 22 hindra
373 651 138 28 utredningen
527 651 23 22 af
563 651 40 22 den
618 651 44 26 sak,
678 651 84 22 hvarför
780 651 41 21 han
837 651 66 21 hålles
917 651 51 20 häk-

218 685 42 27 tad,
276 685 51 22 eller
342 685 164 28 ransakningens
521 685 61 29 gång,
599 687 51 20 eller
660 688 56 20 störa
726 686 115 27 ordningen
853 685 56 22 inom
920 685 49 21 häk-

218 722 36 24 tet,
271 720 51 21 eller
338 720 109 29 äfventyra
462 721 124 21 säkerheten
602 720 7 22 i
624 721 45 21 den
681 720 102 22 häktades
795 720 56 22 vård.
877 715 29 26 Är
917 719 52 22 bref-

218 757 36 19 vet
269 755 63 22 stäldt
347 755 32 22 till
394 755 105 28 Kejsaren
519 755 37 21 och
573 755 140 22 Storfurstens
732 754 236 29 befallningshafvande,

219 783 51 21 eller
286 791 74 19 annan,
377 791 44 14 som
436 784 38 21 har
489 784 71 29 tillsyn
583 783 59 23 öfver
663 783 82 27 häktet;
769 784 37 21 bör
824 783 35 22 det
874 783 96 22 afsändas

217 817 59 22 oläst.

290 853 28 21 38
334 853 20 26 8.
383 852 211 29 Ransakningsfänge
610 860 48 14 vare
674 851 19 30 ej
710 851 117 23 förmenadt
843 853 30 20 att
883 851 86 28 rådgöra

219 887 48 21 med
282 887 36 21 sitt
333 886 206 29 rättegängsbiträde,
555 887 18 28 ej
590 887 66 21 heller
670 890 31 19 att
716 889 91 26 mottaga
822 889 64 19 annat
899 886 69 25 besök,

219 923 51 19 utan
285 921 57 28 gifve
357 921 84 22 häktets
456 921 141 22 föreståndare
613 921 31 22 lof
658 921 76 27 dertill,
749 929 34 14 om
793 921 48 22 icke
851 921 63 21 sådan
924 921 45 21 hin-

219 955 79 22 drande
320 956 155 28 omständighet
489 956 145 26 förekommer,
651 963 44 14 som
710 955 8 22 i
733 957 26 20 37
775 956 14 26 &
804 959 97 22 nämnes;
916 955 53 21 dock

218 997 38 21 ege
272 989 155 22 föreståndaren
444 990 7 21 i
466 991 102 21 hvardera
582 990 60 21 fallet
656 993 78 19 utsätta
749 989 42 22 viss
807 989 37 26 tid,
855 989 13 22 &
882 989 86 22 hvilken

217 1023 89 23 besöket
327 1024 53 22 skall
403 1025 43 25 ske,
465 1027 54 19 samt
541 1024 52 22 efter
615 1024 98 29 pröfning
727 1024 24 21 af
764 1023 206 28 omständigheterna

218 1057 42 23 låta
275 1058 67 29 någon
358 1058 73 22 dervid
446 1063 95 22 närvara,
556 1067 33 13 om
605 1059 41 21 han
662 1058 19 29 ej
698 1058 49 29 sjelf
760 1063 23 17 är
798 1057 108 23 tillstädes.

289 1093 27 21 39
333 1094 20 25 8.
382 1093 81 28 Förgår
485 1093 31 28 sig
537 1092 200 29 ransakningsfånge
760 1095 44 19 mot
825 1091 116 28 ordningen
962 1091 8 22 i

217 1127 75 22 häktet
306 1135 75 20 genom
396 1127 139 26 ohörsamhet,
551 1127 51 22 eller
617 1127 166 29 uppstudsighet,
801 1126 51 22 eller
866 1126 27 29 på
906 1129 63 19 annat

217 1163 48 24 sätt,
282 1161 50 22 eller
347 1161 61 22 söker
422 1161 42 22 han
480 1161 68 22 dertill
563 1161 79 22 förleda
657 1169 78 18 annan;
751 1161 54 22 skall
815 1161 71 25 saken,
897 1160 23 22 så
929 1160 41 22 fort

217 1195 39 22 ske
271 1195 48 26 kan,
334 1195 8 22 i
357 1200 87 17 närvaro
460 1195 23 22 af
495 1195 103 22 tillkallad
617 1195 40 29 god
672 1203 55 18 man,
744 1195 134 26 undersökas,
895 1194 8 21 i
916 1195 54 21 läns-

217 1229 65 22 häkte
298 1229 23 22 af
333 1229 162 26 föreståndaren,
515 1238 48 13 men
578 1229 8 22 i
601 1233 64 18 annat
686 1229 65 22 häkte
766 1229 23 22 af
802 1229 47 26 den,
865 1236 45 14 som
925 1229 45 21 der-

218 1264 60 22 öfver
292 1265 38 21 har
345 1264 105 22 inseende.
480 1264 125 23 Emellertid
620 1264 34 22 må
669 1264 83 29 fången,
768 1271 35 14 om
814 1263 36 22 det
859 1264 67 21 finnes
935 1268 34 17 nö-

218 1300 45 28 digt
278 1300 39 21 och
332 1300 41 21 han
389 1299 18 27 ej
423 1300 57 22 förut
495 1304 22 17 är
532 1299 64 23 insatt
610 1299 7 21 i
632 1307 81 18 enrum,
729 1298 24 22 af
766 1298 83 22 häktets
871 1298 99 22 förestån-

218 1334 50 21 dare
283 1334 104 28 inspärras
402 1334 7 21 i
425 1333 41 29 ljus
482 1334 47 26 cell;
546 1334 38 21 och
600 1342 48 14 vare
664 1334 46 25 den,
727 1341 45 14 som
782 1332 103 23 verkstält
894 1332 76 22 under-

217 1368 125 29 sökningen,
358 1368 53 22 efter
425 1368 82 22 samråd
523 1369 47 21 med
586 1369 39 22 den
641 1368 116 22 tillkallade
766 1368 53 28 gode
830 1375 90 13 mannen
931 1368 39 20 och

217 1402 99 29 pröfning
331 1402 23 22 af
366 1403 210 29 omständigheterna,
599 1403 116 28 berättigad
735 1404 30 20 att
780 1406 65 24 näpsa
860 1402 40 21 den
915 1401 55 28 skyl-

216 1437 57 28 dige:
