1086 1717
439 146 41 22 N:o
495 145 35 22 36.
803 147 25 21 31

105 208 140 29 vapenmakt
260 208 114 28 skingras.
391 208 26 28 Ej
436 208 31 21 må
479 208 8 21 i
495 208 135 28 någondera
638 208 129 22 händelsen
775 209 82 27 skarpa

105 250 77 21 vapen
196 242 108 28 tidigare,
320 242 56 21 eller
390 250 77 20 vapen
482 242 81 29 längre
578 242 92 28 brukas,
688 246 29 18 än
728 242 84 22 sådant
821 242 36 22 för

105 278 122 27 upprorets
250 276 56 22 eller
328 277 142 29 upploppets
493 277 110 21 stillande
626 280 26 18 är
666 277 191 29 oundgängligen

105 311 90 29 nödigt.
224 306 35 27 Är
281 311 57 21 civil
359 311 141 29 myndighet
515 311 20 29 ej
551 311 118 21 tillstädes
684 312 44 21 och
743 312 47 21 kan
805 312 52 21 dess

107 346 107 22 ankomst
233 346 52 21 icke
308 345 101 27 afbidas;
425 353 42 21 ege
483 345 46 22 den
544 346 82 28 högste
642 346 72 21 bland
729 346 128 28 krigsbefä-

105 380 34 21 let
159 381 31 28 på
212 380 80 22 stället
314 380 85 21 förfara
420 380 31 26 så,
472 387 50 15 som
540 380 36 21 för
591 380 56 21 civil
662 380 139 29 myndighet
816 380 41 22 här

105 418 26 19 är
145 414 115 29 stadgadt.

173 449 50 22 Har
240 451 142 26 vapenmagt
396 449 105 28 lagligen
517 449 115 22 användts
648 450 30 28 på
693 451 52 26 sätt,
762 457 49 14 som
825 457 32 14 nu

107 487 25 18 är
153 483 75 29 sagdt,
252 483 44 22 och
317 483 51 22 blef
388 483 83 22 dervid
490 484 78 28 någon
583 484 9 21 i
607 484 167 29 folkmängden
790 484 66 21 sårad

107 519 56 21 eller
178 518 86 27 dödad;
280 519 64 28 ligge
360 518 71 29 ogild.

174 555 12 20 8
202 554 20 26 &.
253 553 89 21 Samlar
360 553 78 28 någon
453 553 135 28 beväpnadt
602 553 120 28 manskap,
738 553 57 22 eller
809 553 48 21 häl-

106 588 34 21 ler
161 589 78 27 någon
261 587 114 28 krigsfolk
393 595 111 19 samman,
525 595 49 14 som
588 587 90 22 hemlof
690 587 51 28 fått,
759 590 34 19 att
808 587 49 22 der-

105 622 53 21 med
180 622 77 22 utföra
279 622 63 21 brott
362 624 62 19 emot
447 622 86 21 allmän
552 622 108 21 säkerhet
674 622 57 21 eller
746 622 110 28 ordning;

106 657 96 28 straffes,
226 664 37 15 om
285 657 87 21 brottet
394 656 21 29 ej
438 656 43 21 bör
503 657 75 28 enligt
602 658 24 20 11
647 657 53 28 kap.
716 664 73 19 anses,
805 656 52 21 med

105 691 98 22 tukthus
218 691 8 22 i
241 691 71 28 högst
325 691 52 28 fyra
393 691 25 21 år
433 691 56 21 eller
504 691 110 28 fängelse.

174 728 12 20 9
202 727 20 26 8.
252 726 59 27 Den,
334 733 49 14 som
403 725 138 28 offentligen
556 725 9 21 i
580 725 152 29 folksamling
747 725 57 22 eller
819 732 38 21 ge-

105 767 54 14 nom
181 761 70 20 skrift
272 760 57 21 eller
350 767 77 14 annan
449 760 181 28 framställning,
649 760 97 21 hvilken
761 759 46 22 han
822 762 36 18 ut-

106 795 82 28 spridt,
210 795 56 21 eller
289 794 137 28 offentligen
449 795 103 28 anslagit
567 795 57 20 eller
638 795 90 27 utstält,
745 794 53 21 sökt
813 794 44 21 för-

105 829 54 22 leda
173 829 38 21 till
225 829 70 26 brott,
312 829 84 26 dömes,
407 836 38 14 om
455 829 8 20 i
473 829 60 28 följd
544 829 66 21 deraf
618 829 89 21 brottet
717 829 56 21 eller
783 828 74 21 straff-

106 864 53 21 bart
172 863 79 22 försök
266 863 79 22 dertill
359 863 111 27 utfördes,
487 864 76 20 såsom
578 863 129 21 anstiftare.
737 863 56 21 Blef
800 869 57 22 upp-

105 899 126 28 maningen
253 900 58 19 utan
328 898 72 21 sådan
415 897 101 29 påföljd;
540 897 90 22 straffes
654 897 45 22 den
718 897 115 28 skyldige,
849 897 8 20 i

107 933 43 21 fall
171 933 46 21 han
240 933 54 21 sökt
314 932 90 21 förleda
418 932 38 21 till
472 932 161 29 högförräderi
648 932 57 21 eller
719 932 139 21 landsförrä-

107 967 56 28 deri,
185 967 54 22 med
260 967 98 21 tukthus
381 967 52 21 från
456 967 45 21 och
519 967 53 21 med
588 968 34 20 ett
636 967 38 21 till
690 967 43 21 och
744 966 54 21 med
813 966 45 21 fem

107 1002 25 21 år
154 1001 57 22 eller
232 1001 104 28 fängelse
352 1001 20 28 ej
389 1001 74 21 under
479 1003 35 19 ett
529 1002 31 27 år,
575 1009 60 19 men,
651 1009 37 14 om
703 1001 46 22 han
764 1008 95 21 uppma-

106 1037 41 20 nat
169 1035 38 22 till
228 1038 73 19 annat
322 1035 70 27 brott,
410 1037 54 20 med
479 1035 104 28 fängelse
599 1036 9 21 i
623 1035 70 29 högst
708 1036 39 21 två
762 1036 26 21 år
803 1035 56 21 eller

105 1070 72 21 böter.
207 1070 66 21 Dock
294 1071 38 20 må
354 1070 19 29 ej
391 1070 92 21 svårare
499 1070 69 21 straff
579 1070 86 22 honom
681 1069 100 28 ådömas,
798 1073 29 17 än
845 1069 13 21 å

105 1104 114 21 anstiftan
234 1105 26 21 af
272 1105 88 21 brottet
374 1104 53 21 bort
447 1104 64 29 följa.

174 1139 136 28 Uppmanar
330 1140 79 27 någon
430 1139 31 28 på
477 1142 54 25 sätt,
547 1146 49 15 som
610 1147 32 14 nu
658 1143 25 18 är
698 1139 103 25 nämndt,
821 1138 37 21 till

107 1173 103 28 olydnad
232 1176 62 19 emot
314 1174 39 28 lag
375 1174 57 21 eller
453 1173 55 29 laga
527 1173 92 29 stadga;
636 1173 90 22 straffes
741 1173 54 22 med
809 1173 50 22 fän-

105 1208 63 28 gelse
182 1208 10 21 i
205 1208 71 28 högst
291 1209 34 20 ett
340 1209 25 21 år
380 1208 57 21 eller
451 1208 69 21 böter
530 1208 20 29 ej
563 1209 65 20 öfver
638 1208 139 21 femhundra
786 1207 71 22 mark.

174 1244 26 20 10
216 1243 18 26 8.
265 1242 90 29 Vägras
377 1242 100 29 behörig
500 1243 57 21 civil
579 1242 140 29 myndighet
734 1242 57 21 eller
806 1241 51 22 dess

104 1276 104 29 betjente
230 1276 104 22 tillträde
356 1277 38 21 till
414 1277 87 21 allmän
515 1277 187 25 sammankomst,
719 1284 48 14 som
782 1277 31 28 på
827 1277 32 21 of-

105 1311 96 28 fentligt
224 1311 56 21 eller
303 1311 103 22 enskildt
428 1311 186 22 föranstaltande
636 1311 74 22 hålles
733 1312 37 20 för
785 1310 74 22 öfver-

104 1345 115 29 läggning
238 1346 8 20 i
265 1346 97 21 allmänt
377 1346 56 21 eller
449 1346 105 22 enskildt
569 1346 95 26 ärende;
680 1344 54 22 böte
749 1352 30 14 en
794 1344 64 26 hvar.

105 1387 50 14 som
172 1380 9 21 i
196 1380 73 21 sådan
284 1384 89 25 vägran
388 1380 57 22 eller
459 1380 79 21 beslut
554 1380 78 22 derom
647 1382 67 26 tager
728 1379 45 27 del,
789 1379 69 27 högst

105 1414 126 22 trehundra
246 1415 72 27 mark,
334 1415 44 21 och
392 1422 55 14 vare
462 1414 172 29 myndigheten
648 1415 9 21 i
672 1417 26 25 ty
709 1414 42 21 fall
762 1413 96 22 berätti-

104 1448 46 29 gad
165 1451 35 19 att
214 1450 99 28 upplösa
323 1449 219 22 sammankomsten.
572 1450 127 27 Företager
708 1448 149 28 menigheten
