1086 1717
237 148 30 22 58

408 148 81 22 Ständ.
505 140 36 30 Sv.
560 159 27 4 —
604 147 72 28 Prop.
692 147 41 22 N:o
749 146 34 22 34.

343 212 41 26 fas
409 211 47 21 med
479 210 59 22 böter
556 210 58 28 från
638 210 38 21 och
699 210 46 21 med
762 209 89 28 fyratio
873 210 35 21 till
928 208 43 22 och

348 246 46 20 med
410 246 54 20 åttio
480 245 68 21 mark.

622 296 14 28 $
652 297 37 20 42.

417 336 142 22 Försummar
570 337 71 27 någon
651 338 33 18 att
692 336 90 27 erlägga
790 335 77 27 afgift,
876 334 88 22 hvarom

348 371 29 27 $$
392 372 14 19 7
422 370 37 22 och
471 372 29 20 12
508 371 106 26 förmäla,
626 377 50 14 vare
686 370 97 28 afgiften
793 371 76 26 genast
880 371 87 19 utmätt.

352 404 41 22 Vid
409 405 71 21 sådan
496 404 166 22 underlåtenhet
678 404 71 20 andra
765 404 86 27 gången
867 410 50 14 vare
932 405 32 19 ut-

348 439 267 28 skänkningsrättigheten
630 438 121 28 förverkad
767 438 38 21 och
820 438 95 21 rörelsen
930 444 36 21 ge-

349 475 49 18 nast
413 473 91 21 instäld.

626 523 14 26 $
655 523 35 20 43.

417 563 18 20 1.
467 556 137 27 Åsidosättes
620 562 35 21 vid
660 562 101 27 forsling
772 561 29 28 af
807 561 90 21 bränvin
903 561 64 27 före-

347 596 95 27 skriften
459 597 7 20 i
480 597 15 26 $
510 598 30 20 29
554 597 73 20 derom
643 599 33 18 att
692 596 111 21 bränvinet
819 596 38 21 bör
873 596 92 28 åtföljas

348 630 27 27 af
395 630 187 28 ursprungsbevis,
609 630 106 27 certifikat
739 631 53 20 eller
809 630 155 28 förpassning,

348 665 53 20 eller
411 665 88 26 forslas
514 666 70 19 större
600 664 75 28 belopp
695 667 28 18 än
739 665 72 20 deruti
823 665 73 27 finnes
910 672 54 20 upp-

348 701 65 25 taget,
437 699 52 21 eller
507 699 137 26 försummas
668 701 32 18 att
725 699 112 27 angående
860 699 104 27 upplagdt

348 733 91 21 bränvin
456 733 88 20 anmäla
558 733 38 20 hos
607 733 127 26 kontrollör,
742 733 33 27 på
784 735 45 18 sätt
838 733 15 27 $
863 735 30 20 32
903 740 60 15 mom.

348 768 13 19 1
377 767 38 20 och
429 769 16 19 2
459 767 97 27 stadgar,
569 774 50 13 vare
631 767 91 21 bränvin
734 767 37 20 och
781 767 50 20 kärl
837 767 126 26 förbrutna.

348 801 54 25 Den,
417 808 45 13 som
479 801 114 20 bränvinet
610 801 92 20 innehar
718 801 52 20 eller
785 801 97 26 afsändt,
895 801 71 28 plikte

348 837 108 18 dessutom
473 835 89 20 likasom
574 835 42 27 för
632 835 149 28 lurendrejeri,
797 835 167 28 såframt
897 831 23 36 ej
929 831 39 36 vid

348 869 91 20 domstol
454 869 87 21 utredes
556 871 33 19 att
606 876 68 13 varan
690 871 28 18 är
733 869 26 27 af
774 870 69 27 laglig
853 869 62 28 finsk
923 870 43 20 till-

347 903 105 28 verkning
476 903 51 22 eller
550 903 37 21 ock
607 905 65 26 utgör
682 903 114 26 förbrutet
811 903 73 21 dömdt
899 903 37 22 och
952 905 13 20 &

348 937 89 20 auktion
445 937 101 27 försåldt
558 937 98 21 bränvin.
680 937 50 20 Har
740 937 71 21 under
819 937 145 28 omförmälda

343 971 100 27 Jorsling
455 971 70 26 foran
542 971 52 21 eller
610 971 69 21 lasten
696 971 35 21 till
746 971 121 28 väsendtlig
883 972 35 21 del
932 974 33 19 ut-

345 1006 70 25 gjorts
431 1005 30 27 af
473 1005 97 26 bränvin,
593 1005 74 22 dömas
686 1005 107 22 dessutom
807 1005 161 29 forslingsred-

346 1039 53 27 skap
415 1039 37 20 och
469 1039 95 28 dragare
580 1040 54 20 eller
644 1039 91 27 farkost
745 1039 128 28 förbrutna.
903 1040 61 27 Styr-

346 1073 36 21 kes
397 1073 95 21 deremot
507 1076 34 18 att
560 1080 70 14 varan
646 1075 26 19 är
687 1074 76 25 sädan,
780 1073 87 21 hvarom
882 1074 9 19 i
904 1073 16 28 $
934 1075 31 20 28

345 1114 60 15 mom.
421 1109 15 20 2
451 1107 38 22 och
504 1108 16 27 $
535 1109 29 21 29
580 1115 61 14 mom.
658 1109 14 19 1
686 1109 69 26 säges,
767 1107 70 28 plikte
847 1107 71 27 likväl,
928 1108 37 21 vid

340 1142 103 27 forsling
466 1142 29 24 af
514 1142 97 26 bränvin,
631 1149 63 20 egare
710 1142 52 20 eller
777 1142 120 27 afsändare
911 1141 54 26 från

346 1175 37 21 och
400 1177 47 20 med
457 1177 79 26 femtio
553 1177 35 20 till
604 1176 37 21 och
653 1176 48 21 med
712 1175 117 22 etthundra
844 1175 57 22 mark
912 1178 54 19 samt

339 1209 100 27 Jorkarl,
455 1210 97 27 såframt
568 1210 44 21 han
629 1210 45 21 icke
688 1210 49 20 står
752 1210 70 21 under
838 1210 40 21 den
889 1209 76 28 förres

347 1243 171 22 husbondevälde
534 1245 52 20 eller
600 1245 72 20 andra
683 1244 48 21 skäl
743 1244 34 21 till
786 1243 55 22 hans
852 1243 114 28 befriande

338 1278 56 28 från
413 1285 82 14 ansvar
506 1278 143 28 förekomma,
660 1278 58 28 från
735 1278 36 21 och
787 1278 48 20 med
851 1278 61 27 tjugu
929 1279 36 20 till

343 1312 37 21 och
403 1313 47 21 med
475 1313 74 24 femtio
573 1313 69 26 mark,
659 1313 116 27 äfvensom,
791 1312 36 20 vid
843 1312 81 27 upplag
940 1312 36 27 af

343 1346 100 26 bränvin,
467 1354 64 20 egare
554 1347 52 21 eller
630 1346 145 27 innehafrare
789 1346 76 27 första
879 1346 85 27 gången

336 1380 59 27 från
419 1381 37 20 och
473 1381 48 21 med
540 1381 123 27 sjuttiofem
680 1381 35 21 till
729 1380 37 21 och
783 1380 46 21 med
845 1380 123 21 etthundra:

337 1414 80 27 Jemtio
437 1415 62 21 mark
515 1415 36 21 och
569 1416 73 20 andra
658 1415 85 28 gången
753 1414 57 26 från
823 1414 36 21 och
871 1414 46 21 med
926 1416 41 18 ett-

340 1448 87 22 hundra
441 1449 79 27 femtio
537 1449 37 21 till
589 1449 37 21 och
643 1449 47 21 med
708 1448 120 22 trehundra
844 1448 68 20 mark.
