1086 1717
218 159 34 23 62

412 158 80 23 Ständ.
507 158 35 23 Sv.
558 170 27 3 —
602 158 69 27 Prop.
690 158 37 22 N:o
742 158 33 22 34.

612 222 15 26 $
643 222 35 20 52

403 260 151 28 Länestyrelse
565 260 57 21 hälle
633 261 78 25 sträng
723 260 75 27 tillsyn
809 260 58 26 öfver
879 260 78 21 iaktta-

331 296 71 27 gande
413 295 30 27 af
449 295 57 21 hvad
516 295 8 21 i
535 295 70 21 denna
612 294 136 28 förordning
755 294 74 27 finnes
841 294 115 27 stadgadt.

612 352 14 27 $
643 353 36 20 53.

408 392 162 22 Vederbörande
581 392 106 28 åklagare
698 392 85 27 åligger
795 394 32 18 att
843 391 56 21 åtala
912 392 42 26 jör-

333 426 104 28 brytelser
452 429 54 18 emot
522 426 71 21 denna
608 426 143 27 förordning.
782 425 35 22 En
833 426 54 21 hvar
903 432 49 21 eger

333 461 38 20 hos
393 461 47 21 dem
463 461 60 27 dylik
536 460 134 28 förbrytelse
686 460 97 28 angifva,
799 460 53 21 dock
867 460 22 27 ej
899 459 51 28 för-

333 495 77 21 äldrar
433 495 39 21 och
495 495 59 26 barn,
574 495 52 21 eller
642 495 78 20 makar
735 495 52 20 eller
802 494 79 28 syskon
897 490 60 25 emot

333 529 133 25 hvarandra,
483 529 20 27 ej
518 528 68 21 heller
601 535 75 14 annan
692 528 125 28 skyldeman
833 530 55 19 emot
904 528 47 25 den,
968 540 2 3 -

334 563 37 21 hos
394 563 85 20 hvilken
503 563 42 21 han
570 563 73 27 njuter
663 563 47 20 kost
730 562 36 21 och
787 562 124 26 underhåll,
932 563 20 26 ej

328 597 129 28 fosterbarn
483 600 54 18 emot
563 597 186 27 fosterföräldrar
778 597 37 20 och
842 597 21 27 ej
888 597 66 21 heller

334 633 83 26 tjenare
440 634 43 19 mot
506 631 110 21 husbonde
638 631 70 21 under
730 631 39 20 den
793 631 33 20 tid
845 631 25 21 de
889 633 39 18 äro
946 631 7 20 i

335 667 100 26 tjensten.

613 712 15 27 $
643 712 34 20 54.

404 753 19 18 1.
453 751 17 21 I
483 751 73 28 hvarje
571 752 57 25 stad,
650 752 38 20 der
703 751 80 21 handel
798 751 47 20 med
862 751 90 20 bränvin

334 785 70 27 idkas,
420 785 61 21 skola
497 793 25 13 en
538 785 66 22 heller
615 786 57 27 flere
688 785 149 26 kontrollörer,
853 785 55 27 efter
920 785 32 21 be-

334 819 45 28 hof,
395 820 112 25 tillsättas,
522 821 37 24 jör
574 819 157 26 öfvervakande
742 821 32 19 att
785 819 107 21 missbruk
900 819 52 21 eller

334 854 116 27 underslef
461 854 36 20 vid
513 854 85 21 tillåten
614 854 80 21 handel
704 854 46 20 med
761 853 92 21 bränvin
865 853 38 21 och
912 860 38 14 an-

334 888 42 20 dra
391 888 151 27 spritdrycker
556 889 20 26 ej
592 889 34 20 må
643 895 39 20 ega
697 895 54 14 rum.
779 887 67 21 Desse
857 887 95 21 kontrol-

334 922 64 25 lörer,
413 929 44 14 som
474 924 97 19 närmast
587 922 121 28 underlyda
723 923 42 20 den
779 921 37 26 för
832 922 75 27 tillsyn
919 921 32 28 öf-

334 962 35 14 ver
385 955 271 28 bränvinstillverkningen
672 957 8 19 i
696 959 60 18 orten
771 956 100 21 anstälde
880 956 72 26 öfver-

334 989 127 27 kontrollör,
485 990 155 26 tillförordnas
658 990 30 27 af
698 990 146 27 länestyrelse,
857 991 32 26 på
900 989 51 28 för-

333 1023 48 27 slag
397 1023 30 26 af
437 1023 181 27 öfverkontrollör
634 1023 38 21 och
688 1024 68 20 sedan
767 1024 141 27 magistraten
918 1026 32 18 ut-

334 1057 89 20 låtande
439 1057 100 27 deröfver
553 1057 98 28 afgifvit.

401 1093 22 20 2.
455 1091 32 21 De
509 1092 9 20 i
537 1098 61 14 mom.
618 1093 13 19 1
646 1092 96 20 nämnda
758 1092 145 21 kontrollörer
918 1093 33 19 åt-

333 1126 64 26 njuta
407 1125 43 27 för
465 1126 34 20 sin
515 1125 122 27 befattning
652 1126 103 27 aflöning,
773 1125 83 22 hvilken
873 1126 35 20 till
916 1126 35 21 det

334 1159 79 28 belopp,
437 1166 44 14 som
497 1160 30 27 af
540 1159 98 27 Senaten,
653 1161 31 26 på
700 1161 166 26 länestyrelsens
877 1159 73 28 fram-

333 1193 114 28 ställning,
469 1194 8 20 i
494 1194 74 27 hvarje
586 1194 107 21 särskildt
706 1194 47 27 fall
772 1194 129 26 bestämmes,
917 1197 34 18 ut-

333 1228 42 27 går
389 1234 28 14 ur
433 1228 40 21 den
489 1228 121 27 inflytande
625 1228 255 28 utskänkningsskatten.

611 1285 16 27 $
642 1285 35 21 55.

404 1324 132 28 Stadsfiskal
558 1325 37 21 och
618 1326 146 26 kronobetjent
780 1325 107 27 äfvensom
904 1325 25 20 de
944 1326 8 20 i

332 1358 16 27 $
363 1358 28 21 54
407 1359 95 21 nämnda
517 1359 144 21 kontrollörer
676 1360 60 21 skola
752 1366 39 21 ega
807 1359 143 21 obehindradt

334 1392 99 21 tillträde
449 1393 34 21 till
493 1393 46 21 alla
549 1394 58 20 inom
618 1394 64 20 deras
694 1394 258 27 öfvervakningsomräde

334 1426 112 28 befintliga
461 1428 81 26 upplag
557 1427 29 27 af
598 1428 169 27 spritvaror
728 1422 36 38 för
777 1430 33 20 att
821 1428 76 27 utöfva
908 1428 42 21 till-

332 1467 39 21 syn
388 1461 107 27 deröfver,
511 1464 33 18 att
560 1462 76 21 endast
652 1463 93 27 lagligen
762 1464 8 19 i
785 1462 74 21 landet
870 1463 80 21 tillver-
