1086 1717
247 146 26 22 12

409 148 80 22 Ständ.
505 148 36 23 Sv.
558 160 25 4 —
599 149 71 27 Prop.
688 149 37 22 N:o
741 148 34 22 32.

356 211 70 29 lägsta
446 212 67 26 valör,
534 212 127 22 hvarunder
676 212 172 28 obligationerna
863 212 20 28 ej
897 212 25 27 få
936 213 34 20 ut-

356 246 82 28 färdas.

424 281 87 22 Sådant
526 282 99 21 tillstånd
637 281 106 22 meddelas
757 282 77 21 endast
849 280 62 27 bank,
928 288 44 14 som

356 323 47 21 eger
417 318 31 19 ett
461 316 106 22 inbetaldt
586 316 160 28 grundkapital
761 316 28 27 af
800 316 69 21 minst
883 322 27 14 en
924 315 49 21 mil-

357 350 46 21 lion
417 350 75 26 mark;
508 350 36 21 och
560 350 42 26 bör,
620 349 34 22 till
668 349 99 22 säkerhet
777 350 36 27 för
823 349 149 29 obligationer-

355 391 43 15 nas
421 384 98 28 behöriga
543 384 91 26 inlösen,
657 384 35 22 uti
714 383 94 22 allmänt
829 384 75 27 förvar
922 383 51 22 eler

356 419 71 22 under
437 419 93 28 publika
546 419 106 22 ombudets
662 418 106 27 inseende,
782 419 69 21 såsom
855 420 59 26 pant
921 418 51 22 ned-

356 455 74 25 sättas,
453 454 70 27 enligt
542 455 64 20 arten
622 453 28 28 af
662 453 95 22 bankens
772 453 144 22 verksamhet:
931 460 41 15 an-

357 488 75 28 tingen
447 488 136 21 skuldsedlar
593 489 33 26 på
637 488 51 28 lång
698 488 155 28 betalningstid
861 488 51 21 eller
918 495 54 20 upp-

356 523 99 28 sägning,
479 522 128 22 intecknade
629 523 35 21 uti
684 522 125 28 fastigheter
823 522 52 22 eller
888 523 35 21 uti
937 523 35 20 in-

356 557 105 22 dustriela
477 557 50 21 verk
542 557 52 21 eller
609 557 47 21 med
670 557 95 28 behörigt
774 557 100 21 tillstånd
883 557 89 28 utgifna

356 591 27 28 af
394 591 134 27 kommuner,
544 591 52 22 eller
611 591 37 22 ock
662 591 161 22 räntebärande
831 593 140 26 statspapper.

355 625 70 22 Dessa
448 625 132 22 säkerheters
602 625 165 28 sammanlagda
789 625 71 28 belopp
876 625 36 22 bör
926 625 47 22 med

355 661 69 21 minst
439 661 29 21 tio
479 662 92 26 procent
585 660 116 28 öfverstiga
710 660 184 28 obligationernas
901 659 70 22 nomi-

356 695 51 22 nela
423 695 72 21 värde.

430 729 109 28 Utfärdar
562 729 62 26 bank,
648 736 44 14 som
713 729 66 27 äfven
793 729 84 27 drifver
891 735 80 15 annan

356 763 142 27 bankrörelse,
515 763 139 28 obligationer
662 764 32 27 på
703 763 75 28 längre
793 763 178 28 återbetalnings-

357 798 36 26 tid,
417 798 56 21 skall
494 798 36 21 vid
552 798 125 21 densamma
692 798 35 27 för
741 798 74 21 denna
829 804 55 21 gren
899 797 28 28 af
938 799 34 20 rö-

356 832 71 21 relsen
449 833 97 21 inrättas
568 839 28 14 en
617 831 186 29 underafdelning
817 832 48 21 med
879 831 93 22 särskild

356 866 114 29 bokföring
484 867 37 21 och
536 866 144 29 redovisning.

413 900 18 21 I
443 900 99 28 afseende
563 901 14 20 å
600 900 162 22 blanketternas
780 899 140 28 tillverkning
935 899 38 22 och

356 934 141 22 utlemnande
520 934 33 22 till
576 934 85 22 banken
675 935 57 21 samt
744 934 139 28 granskning
898 933 28 28 af
938 935 34 20 sä-

356 969 129 22 kerheterna
507 969 35 28 för
562 969 178 28 obligationerna,
756 968 105 28 iakttages
876 968 56 21 hvad
947 967 29 28 af

356 1003 96 22 Senaten
467 1004 8 21 i
491 1003 81 22 sådant
592 1003 100 28 afseende
710 1003 104 21 särskildt
827 1002 143 28 föreskrifves.

630 1063 18 24 $
663 1061 33 21 12.

413 1107 53 21 Den
481 1107 36 28 för
531 1106 157 28 skuldfordran
703 1106 9 21 i
727 1105 121 22 allmänhet
864 1105 108 22 bestämda

352 1141 193 28 preskriptionstid
568 1141 28 28 af
612 1141 30 21 tio
658 1141 28 21 är
700 1147 34 22 ege
749 1140 20 28 ej
783 1147 50 14 rum
849 1140 9 21 i
873 1139 100 28 afseende

356 1175 14 21 &
385 1176 82 21 sädane
487 1175 195 28 läneobligationer,
699 1182 45 14 som
759 1174 57 22 bank
826 1174 47 21 med
887 1174 45 21 stöd
948 1173 25 27 af

356 1213 17 23 $
387 1209 26 22 11
429 1209 72 28 blifvit
515 1209 119 28 berättigad
649 1211 34 20 att
700 1209 91 28 utgifva.

630 1269 17 24 $
663 1267 33 20 13.

424 1313 79 22 Derest
525 1313 63 27 bank,
611 1320 44 14 som
677 1312 60 22 varit
756 1312 119 28 berättigad
890 1313 34 20 att
937 1313 35 20 ut-

353 1347 62 28 gifva
439 1348 195 28 läneobligationer,
658 1347 69 21 råkar
747 1346 10 22 i
775 1346 198 22 konkurstillstänä

355 1382 52 21 eller
428 1382 60 28 eljest
509 1382 55 27 efter
582 1382 108 27 utfärdad
704 1380 149 28 ärsstämning
868 1380 103 27 upplöses,

355 1423 48 21 eger
418 1416 106 22 Senatens
539 1416 271 27 Ekonomiedepartement,
826 1415 59 27 uppä
895 1416 78 20 anmä-

356 1450 39 22 lan
417 1450 82 27 härom,
521 1457 77 21 genom
620 1450 86 22 allmän
721 1449 126 29 kungörelse
862 1448 111 28 förelägga
