1086 1717
360 148 24 22 U.
399 148 25 22 B.
442 160 23 3 —
483 148 65 29 Prop.
564 148 38 22 N:o
618 147 36 23 39.
829 150 26 20 63

124 212 53 22 flera
198 214 61 21 mord
280 213 74 23 blifvit
375 214 118 28 begångna
511 214 26 22 af
554 220 28 16 en
596 213 154 29 beskaffenhet,
766 221 45 15 som
825 214 58 22 varit
895 214 20 17 21
928 213 92 23 Kapitlet.

125 248 72 27 egnad
220 250 34 20 att
276 248 70 22 väcka
365 248 116 28 allvarliga
496 249 130 27 bekymmer.
656 248 102 23 Förbises
773 250 39 22 bör
827 249 56 21 dess-

124 283 57 21 utom
197 282 55 29 icke,
270 285 34 19 att
320 283 139 22 dödsstraffet
473 284 70 21 under
557 283 59 22 vissa
627 284 184 27 omständigheter
819 290 64 22 synes

123 323 55 16 vara
200 318 38 22 det
256 318 57 22 enda
332 318 93 22 rättvisa
440 318 65 22 straf
517 318 34 22 för
565 318 61 22 mord
640 318 111 28 begånget
766 319 25 22 af
803 318 80 23 lifstids

123 352 126 28 straffånge,
273 354 53 20 enär
348 352 41 22 den
408 353 121 27 skärpning
551 352 25 22 af
596 353 55 21 hans
673 352 59 22 förra
751 353 67 28 straff,
837 360 44 15 som

124 387 108 21 anordnas
253 386 8 22 i
284 388 26 20 13
334 388 12 25 &
369 389 12 19 2
401 387 58 27 kap.,
481 387 49 21 icke
550 387 62 21 alltid
632 394 64 20 synes
715 387 123 29 tillräcklig.
856 400 25 3 —

123 421 44 22 Det
188 422 45 21 kan
254 421 129 28 visserligen
405 422 49 21 icke
476 422 68 22 nekas
567 423 34 21 att
621 421 128 23 dödstraffet
763 422 19 28 ej
799 422 82 22 tillåter

123 456 116 27 gradation
255 457 57 21 efter
327 457 41 22 den
383 457 128 28 brottsliges
521 457 69 27 skuld,
602 459 34 20 att
646 457 37 22 det
694 459 24 20 är
727 457 154 22 inkommensu-

123 491 71 22 rabelt
209 491 48 22 med
268 491 69 22 andra
346 491 64 22 straff
418 492 40 21 och
468 492 153 27 irreparabelt;
632 498 49 15 men
692 492 24 21 af
724 492 63 22 dessa
797 492 84 27 olägen-

123 525 62 22 heter
199 526 89 22 vidlåda
304 527 26 21 de
340 527 39 22 två
389 526 150 22 förstnämnda
548 526 66 22 äfven
624 527 38 21 det
672 527 28 27 på
710 527 68 21 lifstid
789 527 91 22 ådömda

123 561 180 27 tukthusstraffet,
324 561 38 22 och
381 561 42 22 den
441 561 71 28 tredje
527 561 96 27 innebär,
639 567 33 16 om
688 561 39 22 ock
741 562 20 27 ej
777 561 6 22 i
799 567 81 16 samma

123 595 56 27 mån,
195 595 77 28 hvarje
288 595 144 22 frihetsstraff.
463 596 45 21 För
523 595 67 28 öfrigt
605 598 25 19 är
645 598 34 19 att
693 596 81 28 märka,
791 598 33 20 att
839 596 41 21 den

123 630 44 21 alla
188 629 108 23 instanser
318 631 84 27 igenom
425 630 155 28 försiggående
604 631 163 27 granskningen
782 631 25 21 af
819 631 62 21 döds-

123 664 101 23 domarne
243 666 69 21 måste
332 665 120 27 nedtrycka
471 665 141 28 möjligheten
630 665 26 21 af
668 671 17 16 s.
700 665 22 21 k.
735 665 145 27 justitiemord

121 699 35 21 till
171 705 26 16 en
212 700 24 21 så
251 699 63 28 ringa
329 699 55 28 grad
399 699 24 22 af
435 699 143 28 sannolikhet,
595 702 33 19 att
644 699 41 22 den
700 699 37 22 vid
752 699 128 28 afgörandet

123 733 24 22 af
160 733 142 23 förevarande
317 734 64 28 fråga
396 735 49 21 icke
459 735 45 21 kan
519 737 64 25 tagas
598 735 8 21 i
620 735 151 21 betraktande.

188 768 44 22 Vid
250 769 160 27 öfvervägande
426 769 25 21 af
463 769 41 22 allt
519 769 62 22 detta
596 769 39 21 och
650 769 29 21 då
694 769 137 22 dödsstraffet
846 768 34 23 för

121 803 60 21 mord
201 805 57 20 ännu
274 804 100 27 qvarstår
388 804 7 21 i
412 804 26 21 de
453 803 63 22 flesta
531 804 116 21 utländska
662 803 163 28 lagstiftningar
841 804 38 21 och

121 837 8 21 i
148 837 54 22 flera
221 838 80 26 länder,
322 839 39 21 der
381 839 36 21 det
433 845 26 15 en
475 839 34 21 tid
523 839 59 22 varit
597 838 124 27 afskaffadt,
737 839 56 26 ånyo
808 838 71 22 blifvit

120 871 88 29 infördt,
225 873 40 21 har
279 873 124 22 Utskottets
417 873 120 27 pluralitet,
552 873 46 22 lika
612 873 48 22 med
670 873 50 22 nåd.
731 879 66 21 prop.,
809 874 71 20 ansett

121 906 61 22 detta
202 907 64 22 straff
278 908 54 21 böra
347 909 79 26 utgöra
441 907 112 28 påföljden
568 907 34 22 för
616 908 90 21 svårare
720 907 39 22 fall
775 907 25 22 af
813 907 65 22 mord.

187 940 15 23 4
218 944 18 23 8.
266 942 97 21 Emedan
379 942 36 22 det
430 943 103 21 vållande
548 942 35 22 till
598 943 60 26 dråp,
670 948 44 16 som
725 942 8 21 i
750 945 5 18 2
767 948 60 15 mom.
839 948 40 15 om-

120 978 94 25 nämnes,
230 977 99 22 stundom
350 977 44 22 kan
413 977 106 22 innebära
534 984 26 15 en
575 978 25 21 så
616 977 63 28 ringa
695 977 63 22 skuld
773 978 34 20 att
821 977 58 21 tukt-

119 1010 126 23 husstraffet
268 1011 18 28 ej
310 1018 50 15 vore
384 1012 115 27 påkalladt
517 1024 27 3 —
564 1011 130 28 exempelvis
714 1018 32 15 om
767 1011 42 22 död
827 1011 52 22 eller

119 1045 52 22 svår
191 1045 139 28 kroppskada
352 1047 70 21 såsom
444 1047 100 21 sannolik
560 1047 82 22 verkan
658 1046 24 21 af
699 1045 144 22 misshandeln
858 1045 19 27 ej

119 1079 72 22 kunde
211 1083 78 19 väntas
304 1093 28 3 —
348 1087 63 16 anser
430 1081 126 22 Utskottets
575 1081 71 22 flertal
666 1080 64 23 äfven
745 1080 97 28 fängelse
858 1080 19 27 ej

119 1114 68 21 under
201 1121 38 15 sex
253 1115 104 22 månader
371 1116 53 21 böra
439 1116 71 21 såsom
525 1115 145 28 straffpåföljd
685 1117 100 20 utsättas.

186 1147 12 24 5
214 1151 18 24 $.
258 1149 47 22 Den
322 1149 24 22 af
359 1150 114 22 Utskottet
483 1150 110 22 nästförut
603 1150 67 27 nödig
680 1149 96 22 ansedda
786 1149 92 27 ändring

117 1181 124 24 föranleder
263 1184 68 27 enligt
352 1184 124 22 Utskottets
499 1185 67 21 tanke
588 1179 168 32 nödvändigtvis
772 1183 63 23 äfven
851 1190 26 15 en

117 1217 141 28 nedsättning
279 1218 25 22 af
322 1218 85 22 straffet
421 1219 12 21 i
445 1221 12 19 2
473 1225 62 15 mom.
551 1219 25 21 af
589 1219 71 22 denna
674 1219 12 28 8
702 1219 33 21 till
750 1218 97 27 fängelse
857 1218 19 27 ej

117 1251 69 22 under
200 1253 35 20 tre
249 1253 110 22 månader.

185 1285 13 23 6
213 1288 19 24 $.
261 1287 12 22 I
287 1288 74 21 stället
374 1287 35 22 för
424 1289 35 20 att
473 1287 246 29 Granskningskomitén
729 1287 8 22 i
747 1287 40 22 sitt
796 1287 82 27 förslag

117 1320 33 22 till
166 1320 99 29 straftlag
280 1322 34 22 för
328 1322 75 28 hvarje
418 1323 67 27 brott,
501 1323 33 21 uti
548 1322 84 23 hvilket
642 1322 51 22 våld
704 1323 14 21 å
727 1328 78 21 person
814 1321 64 28 ingår

116 1356 71 21 såsom
207 1356 264 28 begreppskännetecken,
487 1359 54 19 utan
561 1359 34 19 att
610 1356 144 28 förbrytelsen
769 1356 55 22 dock
839 1356 39 21 hör

117 1390 34 22 till
167 1390 41 22 den
223 1391 112 27 egentliga
350 1391 231 23 misshandelsbrotten
596 1404 26 3 —
638 1393 17 19 t.
671 1398 33 15 ex.
719 1390 108 28 väldtägt,
837 1390 40 21 rän

118 1437 25 3 —
160 1424 90 23 likasom
266 1426 39 21 ock
320 1426 34 21 för
370 1426 26 22 de
406 1426 65 22 flesta
481 1426 70 22 andra
560 1426 66 27 brott,
637 1432 45 16 som
692 1425 97 22 medföra
799 1430 78 22 uppen-

117 1458 40 22 bar
171 1459 49 22 fara
234 1460 34 21 för
284 1460 28 21 lif
325 1460 52 22 eller
391 1460 62 22 helsa
464 1474 29 2 —
503 1463 16 19 t.
536 1467 32 16 ex.
580 1460 129 22 mordbrand
722 1472 23 4 —
758 1462 82 25 upptog
850 1465 27 15 en
