1086 1717
433 148 41 22 N:o
489 148 36 21 36.
798 149 28 20 79

169 211 69 27 Stiger
254 212 36 20 det
305 210 167 22 undansnillade
487 210 52 21 eller
550 211 36 21 det
596 217 51 15 man
658 210 49 22 sökt
717 210 138 22 undansnilla

98 246 35 21 till
151 246 117 21 etthundra
285 245 62 21 mark
361 244 53 22 eller
430 244 129 26 derutöfver,
575 244 53 22 eller
642 246 38 20 äro
696 244 159 28 omständighe-

98 282 65 19 terna
178 280 62 27 eljest
254 279 147 26 försvårande,
417 278 53 22 eller
485 278 50 21 sker
545 278 96 26 återfall;
652 278 85 22 straffes
747 280 42 20 den
799 279 56 28 skyl-

99 314 50 27 dige
163 314 50 21 med
227 314 62 21 böter
304 314 18 26 ej
338 314 69 20 under
422 312 118 22 etthundra
554 312 62 22 mark
631 313 53 21 eller
698 312 96 28 fängelse
807 314 48 21 från

99 348 41 23 och
155 350 49 20 med
219 355 37 15 sex
271 349 103 20 månader
388 347 35 21 till
437 347 41 21 och
493 348 49 20 med
557 348 37 21 två
609 348 29 21 år.

168 382 136 28 Tullpligtigt
321 383 53 26 gods
393 382 53 21 eller
461 382 48 20 dess
524 382 66 21 värde
605 388 51 16 vare
671 382 37 22 vid
722 381 133 22 tullförsnill-

99 417 53 27 ning
167 417 40 22 och
222 416 73 22 försök
310 416 72 22 dertill
396 416 113 21 förbrutet.

169 452 28 20 12
212 453 18 25 $.
260 451 64 26 Hvar,
344 457 46 15 som
408 450 101 27 olofligen
524 450 33 21 till
572 449 74 22 landet
661 450 57 21 inför
733 450 53 21 eller
801 450 53 21 deri-

99 485 49 22 från
163 485 58 21 utför
235 491 59 17 vara,
310 491 45 15 som
371 485 24 20 är
410 484 33 21 till
458 485 31 20 in-
501 484 51 21 eller
562 483 90 22 utförsel
662 483 122 29 förbjuden,
793 484 62 21 straf-

99 520 33 21 fes
146 519 34 22 för
194 519 142 28 lurendrejeri
350 520 50 20 med
415 519 62 21 böter
491 519 19 27 ej
525 519 68 20 under
603 519 118 21 etthundra
731 519 61 21 mark
803 519 52 21 eller

99 554 97 27 fängelse
210 553 50 22 från
275 553 40 22 och
330 554 49 20 med
394 560 38 14 sex
447 554 103 20 månader
565 553 33 21 till
612 553 41 21 och
668 554 50 21 med
732 554 37 21 två
779 553 30 21 år.

168 587 83 22 Försök
266 589 25 20 är
306 587 119 22 straffbart.

168 623 72 21 Varan
256 622 52 21 eller
324 623 47 20 dess
387 622 66 21 värde
467 628 51 15 vare
533 621 7 21 i
555 622 63 21 dessa
633 621 38 21 fall
686 621 118 22 förbruten.

409 723 44 20 39.
477 724 69 23 Kap.

350 776 42 23 Om
408 776 193 22 bankruttbrott.

171 829 10 20 1
198 829 17 25 8.
244 827 46 22 Har
304 827 105 28 gäldenär
423 827 90 22 kommit
528 827 8 21 i
550 826 201 27 konkurstillstånd,
766 827 40 21 och
816 826 39 21 fin-

101 869 38 14 nes
153 862 44 21 han
212 861 71 27 hafva,
299 862 8 21 i
322 861 63 28 afsigt
400 864 33 19 att
448 861 81 22 bereda
544 861 32 28 sig
595 861 52 22 eller
670 868 73 15 annan
765 861 90 21 fördeli

100 897 115 27 egendom:

170 931 18 20 1.
210 931 70 20 under
301 930 76 21 länadt
398 937 73 18 namn,
491 936 77 21 genom
591 929 43 28 köp
653 929 53 22 eller
720 929 135 25 annorledes,

99 964 114 22 förskaffat
229 965 31 26 sig
276 965 104 26 egendom
396 965 41 20 och
452 964 19 27 ej
487 963 109 28 uppgifvit
612 965 41 20 den
670 963 67 22 bland
751 963 48 22 sina
813 963 42 21 till-

100 1000 89 26 gängar,
210 999 52 21 eller
284 999 68 21 under
374 999 67 21 falskt
463 999 54 20 sken
535 998 24 21 af
574 998 135 28 försäljning,
725 998 64 27 gäfva
803 997 53 22 eller

100 1035 69 20 annat
184 1033 52 21 aftal
258 1033 147 27 undandragit
428 1033 160 27 borgenärerna
610 1033 73 27 nägot,
699 1039 45 14 som
759 1032 49 21 bort
823 1031 33 22 till

101 1068 49 21 dem
164 1067 112 28 upplätas;

169 1103 19 19 2.
212 1101 128 22 annorledes
362 1101 128 25 undandolt,
513 1101 100 27 förtegat,
632 1100 155 22 undanskaffat
804 1099 52 22 eller

100 1135 134 28 förskingrat
249 1136 73 27 nägot,
338 1143 45 14 som
393 1136 36 21 vid
440 1135 135 22 konkursens
585 1135 77 28 början
672 1135 83 21 tillhört
766 1135 89 24 honom;

170 1171 19 20 3.
212 1169 108 28 uppgifvit
335 1169 52 22 eller
401 1170 84 26 vidgätt
500 1169 123 28 uppdiktad
638 1169 63 21 skuld
716 1169 51 21 eller
783 1175 73 15 annan

100 1204 140 25 förbindelse;
257 1204 53 21 eller
539 1222 14 14 6

169 1239 20 20 4.
212 1239 39 20 der
266 1238 43 21 han
324 1237 62 22 idkat
401 1238 80 21 handel
497 1238 51 21 eller
564 1245 73 14 annan
648 1237 84 27 näring,
743 1236 114 23 hvaröfver

100 1272 40 22 bör
155 1271 69 22 hällas
238 1271 50 26 bok,
304 1272 42 22 fört
362 1272 43 22 bok
423 1272 96 28 origtigt,
535 1272 52 21 eller
602 1273 42 20 den
660 1271 95 26 förstört,
771 1272 84 26 ändrat,

101 1306 122 22 undandolt
238 1306 52 22 eller
304 1307 58 27 gjort
378 1306 86 28 oläslig;

170 1340 84 22 straffes
270 1342 70 20 säsom
355 1340 112 28 bedräglig
483 1340 104 28 gäldenär
601 1341 49 21 med
665 1340 90 21 tukthus
771 1340 8 21 i
793 1340 64 26 högst

101 1382 38 15 sex
153 1376 25 20 är
192 1375 40 21 och
247 1374 77 22 förlust
339 1375 24 21 af
376 1375 167 27 medborgerligt
552 1374 131 27 förtroende,
694 1374 59 26 eller,
764 1375 39 20 der
813 1380 44 14 om-

101 1409 178 27 ständigheterna
294 1410 37 20 äro
347 1409 137 28 synnerligen
507 1409 126 26 mildrande,
654 1409 50 21 med
723 1408 98 28 fängelse
836 1407 19 28 ej

100 1450 14 14 n
131 1444 40 20 der
184 1444 37 21 två
236 1444 110 21 månader.
