1086 1717
424 151 39 23 N:o
477 151 37 23 36.
778 152 40 22 113

163 217 50 26 58.
243 216 43 22 Vid
310 215 56 22 äldre
386 215 44 28 lags
447 214 135 29 tillämpning
596 216 32 21 uti
644 215 26 21 de
685 215 7 21 i
708 216 12 20 3
736 216 38 20 och
789 216 14 20 4
819 216 28 26 88

95 251 103 22 omtalade
214 250 36 22 fall
266 250 54 21 skall
334 249 31 21 för
381 248 63 29 öfrigt
459 249 112 28 iakttagas:

166 287 17 20 1.
206 286 31 20 att
251 284 59 22 böter
325 284 38 21 och
378 284 59 21 viten
453 283 83 22 tillfalla
550 284 90 26 kronan;
657 283 23 22 så
695 284 38 21 ock
745 283 102 23 förbrutet

96 320 56 29 gods,
168 319 82 23 hvilket
265 318 19 29 ej
299 318 38 22 bör
351 318 105 22 tilldömas
472 318 141 28 målsegande;

165 356 19 20 2.
207 356 31 19 att
252 352 34 23 till
300 352 74 22 förlust
389 352 23 22 af
425 352 34 22 arf
471 352 51 22 eller
541 352 83 22 arfsrätt
639 352 33 22 för
686 352 55 22 brott
755 352 47 22 icke
817 352 32 22 får

97 389 72 21 dömas
185 388 8 21 i
208 387 64 22 andra
287 386 44 26 fall,
346 392 26 16 än
387 386 8 22 i
410 388 13 20 6
438 386 48 28 kap.
503 382 143 26 Ärfdabalken
662 386 141 28 omförmälas;

167 424 19 20 3.
209 424 31 20 att
254 422 13 21 å
281 422 62 25 brott,
359 429 44 14 som
423 420 101 24 föröfvats
544 420 44 23 före
604 421 40 22 den
660 421 46 28 dag,
722 421 26 22 då
762 422 89 21 straffla-

99 465 40 20 gen
155 457 55 22 trädt
225 456 7 21 i
247 456 96 29 gällande
365 455 62 27 kraft,
446 456 38 21 och
505 456 86 22 hvarom
608 455 26 22 då
648 461 57 16 ännu
720 455 47 22 icke
783 456 69 22 blifvit

101 491 72 22 dömdt
193 499 76 20 genom
292 491 54 25 dom,
365 498 44 14 som
432 490 76 22 vunnit
531 491 51 21 eller
599 489 32 22 får
649 490 65 22 vinna
728 491 46 27 laga
790 491 61 26 kraft,

100 526 123 27 strafflagen
239 526 43 25 bör,
298 533 34 14 om
348 525 39 21 den
403 529 22 17 är
440 525 13 21 å
467 525 77 22 brottet
559 525 118 28 tillämplig,
692 525 45 21 från
753 525 38 21 och
804 525 48 22 med

101 568 81 14 samma
197 560 39 28 dag
251 559 106 22 användas
371 559 8 21 i
393 559 56 22 hvad
465 559 40 22 den
521 564 22 17 är
558 559 94 26 mildare,
668 563 27 17 än
710 559 57 22 äldre
781 559 42 28 lag;

171 595 20 21 4,
214 596 31 19 att
264 593 56 22 hvad
338 593 8 21 i
364 593 122 28 strafflagen
509 598 24 17 är
554 593 102 28 stadgadt,
679 593 32 22 uti
725 594 13 21 3
754 593 47 29 kap.
820 601 34 14 om

103 629 97 28 grunder,
216 628 73 22 hvilka
311 628 91 21 utesluta
423 628 50 21 eller
493 627 83 22 minska
598 627 142 26 straffbarhet,
755 627 8 22 i
778 628 13 21 4
806 628 47 28 kap.

103 671 34 14 om
153 663 77 26 försök,
246 663 7 20 i
268 663 14 21 5
297 663 47 28 kap.
360 670 33 13 om
410 662 136 28 delaktighet,
561 662 7 21 i
584 663 13 20 6
612 662 48 29 kap.
676 670 35 13 om
726 662 87 25 återfall,
825 662 7 21 i
843 663 11 20 7

104 698 49 28 kap.
168 705 33 14 om
217 697 193 28 sammanläggning
425 696 23 22 af
461 697 64 25 straff,
541 697 7 20 i
570 697 6 21 8
592 697 48 28 kap.
656 704 34 14 om
705 699 42 19 rätt
761 699 31 19 att
802 696 54 22 åtala

105 733 56 21 brott
176 732 38 21 och
230 734 30 19 att
275 731 112 22 verkställa
402 731 86 22 ådömdt
503 731 60 22 straff
576 733 54 20 samt
640 731 8 21 i
658 732 13 21 9
682 731 47 28 kap.
741 738 34 14 om
785 731 72 21 skade-

105 766 68 26 stånd,
188 767 37 21 bör
240 765 60 22 alltid
322 765 111 29 tillämpas,
449 770 38 17 när
502 766 40 21 den
558 765 57 22 äldre
634 766 60 27 lagen
714 765 47 22 icke
776 769 23 17 är
813 765 44 22 mil-

107 801 58 26 dare;

174 835 20 21 5.
217 837 31 20 att
262 837 42 19 rätt
318 835 31 21 att
363 833 54 22 åtala
427 834 56 22 brott
493 835 38 20 och
542 836 30 20 att
583 834 113 22 verkställa
706 834 85 22 ådömdt
801 833 60 22 straff

107 869 61 26 skall,
183 874 38 17 när
236 869 60 21 straff
308 868 32 21 för
355 869 76 21 brottet
445 869 67 21 finnes
528 871 64 19 utsatt
603 869 7 20 i
620 869 122 27 strafflagen
753 869 38 21 och
803 868 56 21 äldre

108 904 33 27 lag
156 903 47 22 icke
219 908 23 17 är
256 903 94 25 mildare,
366 902 82 22 förfalla
462 903 58 21 inom
535 903 41 22 den
591 903 37 26 tid,
640 903 26 21 då
679 903 63 21 sådan
754 905 46 23 rätt,
812 902 47 21 med

109 938 84 28 hänsigt
208 938 32 21 till
255 937 36 22 det
305 937 7 21 i
328 937 121 28 strafflagen
464 937 32 22 för
517 938 75 21 brottet
615 939 78 20 utsatta
714 937 65 27 straff,
795 937 65 27 enligt

108 971 123 29 strafflagen
248 971 101 27 förfaller;
365 974 54 19 samt

178 1007 20 21 6.
221 1008 31 20 att
266 1006 56 21 hvad
337 1006 56 21 äldre
404 1006 33 28 lag
448 1006 118 22 innehåller
576 1014 33 13 om
621 1006 136 22 skadestånds
767 1005 95 22 förvand-

110 1041 43 28 ling
169 1041 33 21 till
217 1040 139 29 kroppsstraff
368 1040 51 21 eller
433 1040 33 22 till
481 1041 71 22 arbete
567 1040 7 21 i
590 1041 77 21 allmän
678 1039 185 28 arbetsinrättning

110 1075 47 21 icke
173 1074 32 22 får
219 1075 112 28 tillämpas.

179 1110 13 21 6
209 1110 20 26 8.
260 1109 47 22 Har
322 1109 67 28 någon
404 1109 66 28 enligt
485 1109 57 22 äldre
558 1109 33 28 lag
607 1109 73 22 utstått
695 1109 60 22 straff
768 1109 7 21 i
786 1109 77 21 allmän

111 1143 93 22 straffart
218 1143 32 22 för
265 1143 73 22 sådant
353 1143 61 27 brott,
429 1151 45 14 som
490 1144 65 28 enligt
570 1143 122 29 strafflagen
710 1145 35 20 bör
759 1143 36 22 vid
810 1143 54 22 åter-

112 1178 37 21 fall
164 1178 97 28 beläggas
276 1177 48 22 med
339 1178 64 28 högre
418 1178 68 26 straff;
507 1178 53 21 skall
580 1178 48 26 han,
644 1182 38 17 när
696 1178 41 21 han
753 1177 48 22 med
817 1185 48 14 ena-

113 1208 70 26 handa
200 1212 54 21 brott
268 1212 101 25 beträdes,
385 1212 81 22 straffas
481 1212 32 21 för
527 1212 82 22 återfall
625 1211 50 22 deri.

182 1247 11 21 7
211 1247 21 26 8.
262 1246 80 22 Finnes
364 1247 67 28 någon
454 1247 56 28 ligga
529 1247 45 26 död,
596 1250 51 19 utan
666 1249 30 20 att
711 1246 65 22 kändt
791 1250 28 21 är,
835 1248 31 19 att

114 1281 42 21 han
172 1280 23 22 af
208 1279 98 30 sjukdom
321 1281 74 26 aflidit;
416 1281 54 22 skall
485 1281 178 29 polismyndighet
678 1283 72 27 genast
765 1280 8 22 i
788 1283 79 19 trovär-

115 1315 47 28 diga
185 1319 59 18 mäns
267 1320 88 17 närvaro
377 1316 125 26 undersöka,
521 1324 33 14 om
573 1316 40 21 den
636 1316 53 21 döde
708 1315 124 22 omkommit
847 1314 23 22 af

115 1357 52 21 egen
190 1350 52 20 eller
264 1357 79 13 annans
365 1349 156 26 handaverkan,
542 1352 59 23 samt,
618 1349 26 22 då.
659 1349 76 22 minsta
755 1348 113 28 anledning

115 1383 71 22 dertill
204 1383 146 24 förekommer,
369 1382 124 29 skyndsamt
515 1383 103 22 inberätta
633 1391 33 13 om
682 1382 187 23 förhållandet
826 1378 45 38 till

117 1416 105 30 Kejsaren
237 1417 39 21 och
291 1417 140 22 Storfurstens
451 1417 237 28 befallningshafvande,
703 1417 94 25 hvilken,
815 1416 54 22 efter

115 1451 212 27 omständigheterna,
344 1459 48 21 eger
407 1451 103 26 förordna,
522 1451 105 22 huruvida
637 1451 118 29 besigtning
766 1451 23 21 af
797 1451 70 21 läkare

789 1490 12 16 8
