1086 1717
310 145 79 25 Ständ.
406 148 35 22 Sv.
459 160 29 3 —
504 148 68 27 Prop.
590 148 39 22 N:o
644 147 33 21 23.
822 144 13 24 3

105 209 106 29 höjande
235 210 26 20 af
281 209 136 22 bränvinets
440 210 49 28 pris
512 209 43 22 och
573 209 196 29 ändamålsenligt
784 209 81 22 anord-

108 244 78 21 nande
204 244 25 20 af
242 244 178 28 försäljningen.
443 244 12 21 I
463 244 66 21 detta
537 244 109 21 afseende
654 244 71 21 hafva
734 243 132 22 Ständerna

107 278 54 21 icke
184 278 98 21 allenast
297 280 59 19 trott
371 279 36 27 sig
425 278 57 21 böra
497 278 92 28 förhöja
604 278 261 28 tillverkningsskatten

107 312 16 21 3
143 312 101 21 bränvin
266 312 39 21 till
335 311 4 23 I
362 312 66 22 mark
451 313 26 21 60
500 312 72 28 penni
590 320 42 20 per
646 312 85 26 kanna,
747 314 58 19 utan
821 312 44 21 ock

106 346 108 28 vidtagit
229 346 74 21 sådan
318 346 99 28 ändring
433 346 8 22 i
457 346 28 21 de
501 346 131 22 Ständerna
642 346 121 29 förelagda
774 346 91 22 författ-

106 380 201 28 ningsförslagen,
331 382 34 19 att
388 380 40 22 det
447 380 92 22 komme
554 382 36 20 att
604 380 55 22 bero
674 382 32 27 pä
720 381 145 21 kommuner-

106 421 46 14 nas
169 421 104 21 organer,
289 414 96 21 rädhus-
400 414 57 22 eller
472 414 233 22 kommunalstämma
720 414 57 22 eller
791 414 74 22 stads-

109 449 159 28 fullmäktige,
284 449 116 21 huruvida
415 449 218 28 destilleringsverk
648 449 61 22 skall
720 450 23 20 fä
751 449 113 28 anläggas

107 485 64 19 samt
186 483 172 28 utminutering
373 483 56 21 eller
444 483 163 28 utskänkning
622 483 26 22 af
660 483 160 29 spritdrycker
827 483 38 21 mä

107 524 48 21 ega
177 525 51 13 rum
251 517 63 22 inom
336 517 177 22 kommunernas
539 518 116 21 omräden.
684 518 88 21 Likasä
794 517 71 22 hafva

107 551 100 29 skärpta
229 551 176 28 bestämningar
429 552 92 27 införts,
543 552 82 21 hvilka
640 552 73 21 bland
728 554 72 19 annat
815 551 48 22 afse

108 587 38 20 att
161 587 87 27 trygga
262 586 173 21 sabbatsfriden
451 589 59 18 samt
530 586 109 29 förbjuda
654 587 33 20 all
701 585 164 22 minuthandel

106 620 57 21 med
175 620 101 21 bränvin
286 621 30 28 pä
328 621 137 21 marknader
474 621 43 21 och
525 621 127 28 torgdagar
660 620 121 22 äfvensom
788 621 77 20 lemna

107 654 336 29 kommunalmyndigheterna
458 655 94 21 tillfälle
568 657 35 19 att
613 655 100 22 utverka
723 655 86 21 förbud
816 656 49 19 mot

106 688 51 21 slik
180 688 86 21 handel
280 689 42 21 vid
338 688 71 22 andra
427 689 112 21 tillfällen
554 689 30 21 då
598 691 74 19 större
687 689 178 27 folksamlingar

110 722 150 28 förekomma,
277 723 128 28 hvarjemte
423 723 130 22 Ständerna
568 725 58 20 trott
640 723 225 29 minimiprocentta-

108 757 36 20 let
166 757 37 21 för
218 757 40 21 det
276 757 38 21 till
330 757 49 21 salu
394 757 81 22 hållna
490 757 136 22 bränvinets
641 757 81 28 styrka
736 757 129 29 lämpligen

106 791 85 21 kunna
205 791 120 21 nedsättas
343 791 37 21 till
395 793 28 20 40
431 792 34 27 9/,.

180 825 36 22 Då
239 825 130 22 Ständerna
391 826 37 21 uti
450 826 178 28 ifrågavarande
646 827 42 20 två
702 825 163 29 författnings-

110 859 90 29 förslag
215 860 73 21 infört
304 860 223 21 ofvanomförmälda
538 861 169 28 förändringar,
717 861 71 21 hafva
797 860 68 21 Stän-

109 893 75 22 derna
198 896 108 26 nogsamt
321 894 78 27 insett,
417 896 35 20 att
468 902 29 13 en
512 895 80 21 vidare
608 895 138 28 utveckling
761 895 8 21 i
778 895 87 21 samma

108 928 110 29 riktning
234 929 47 21 kan
295 929 94 28 påkalla
403 936 49 21 nya
466 929 176 28 bestämningar
657 932 59 19 samt
731 929 134 22 erfarenhet

108 969 41 14 om
165 963 68 21 dessa
248 963 199 28 lagstadgandens
462 963 144 28 verkningar
620 964 104 21 erfordra
740 963 66 22 deras
818 971 46 14 om-

107 996 137 22 arbetande.
274 997 48 21 Till
336 997 60 28 följd
410 997 71 22 häraf
492 997 72 22 hafva
580 997 131 22 Ständerna
726 998 91 28 antagit
825 1001 38 18 än-

109 1031 104 21 nämnda
227 1031 129 29 lagförslag
371 1031 83 22 endast
469 1032 30 28 pä
515 1039 40 14 sex
568 1033 25 20 år
601 1032 56 21 eller
664 1032 39 21 till
712 1033 120 27 utgången
841 1031 24 22 af

107 1065 30 20 år
153 1066 61 21 1892.

180 1099 52 21 Den
242 1103 104 19 närmare
354 1100 173 28 motiveringen
536 1100 25 21 af
567 1100 29 21 de
604 1100 170 29 förändringar,
782 1100 82 21 hvilka

107 1133 30 22 af
159 1133 131 22 Ständerna
311 1134 127 21 verkstälts
460 1135 9 20 i
487 1134 172 22 ofvanberörda
674 1135 40 21 två
729 1134 133 29 lagförslag,

106 1168 103 29 utbedja
224 1168 36 28 sig
276 1169 131 21 Ständerna
421 1171 36 19 att
471 1169 24 21 få
510 1169 129 22 framställa
654 1168 42 22 här
711 1169 77 21 nedan
803 1169 8 21 i
823 1175 40 22 pa-

106 1203 119 28 ragrafisk
240 1203 106 28 ordning.

107 1282 131 28 Förslaget
261 1283 41 21 till
323 1283 146 27 förordning
489 1283 120 27 angående
630 1283 111 22 vilkoren
755 1283 41 22 för
811 1283 52 21 till-

232 1317 120 27 verkning
367 1317 44 22 oeh
426 1317 155 27 destillering
596 1318 27 21 af
636 1318 110 21 bränvin.

180 1368 12 21 I
206 1369 13 21 3
234 1375 68 15 mom.
320 1370 10 20 1
348 1370 12 25 8
376 1368 70 22 hafva
459 1368 132 22 Ständerna
602 1368 83 22 ändrat
696 1368 63 22 orden
773 1368 93 28 ,,lands-

107 1402 147 21 sekreterare
278 1402 44 22 och
343 1402 144 22 kamrerare*
507 1403 38 21 till
562 1402 213 28 ,,landssekreterare,
792 1402 74 22 lands-

107 1436 150 27 kamrerare",
273 1436 152 29 hvarigenom
441 1437 64 21 såväl
520 1437 150 28 tvetydighet
688 1436 114 29 aflägsnas
817 1444 51 14 som
