1086 1717
356 158 26 25 U.
396 158 25 22 B.
435 170 28 4 —
478 158 63 29 Prop.
556 158 38 22 N:o
606 156 38 25 32.
831 160 12 19 3

103 262 171 38 Bondeständet.
453 267 182 21 Bankutskottets
651 266 82 29 förslag
748 266 34 22 till
797 267 86 27 åtgärd.

31 330 45 7 =

33 364 136 28 Paragrafen
176 366 94 26 antagen
277 364 67 28 enligt)
356 364 59 22 Enär
437 366 33 20 tre
485 364 65 22 stånd
566 364 96 28 godkänt
677 364 124 22 Utskottets
817 362 136 23 betänkande
968 363 8 21 i

64 393 124 22 Utskottets
202 392 89 28 förslag.
385 393 72 22 denna
471 393 42 27 del,
529 393 99 21 förfaller
642 393 30 21 all
688 393 73 21 vidare
776 392 85 28 åtgärd.

37 827 124 22 Utskottets
208 827 136 22 betänkande!
357 827 98 22 Emedan
471 827 85 22 Preste-
572 827 41 22 och
620 827 169 22 Bondeständen
797 827 133 21 härutinnan
938 833 38 14 an-

65 851 133 37 godkändes.
386 856 56 27 tagit
456 856 124 21 Utskottets
595 856 136 21 betänkande
747 855 148 26 oförändradt,
903 855 73 28 inbju-

387 885 38 21 des
443 884 160 28 Ridderskapet
620 885 41 20 och
677 884 76 27 Adeln,
769 891 46 15 som
830 884 7 21 i
853 884 123 21 hufvudsak

386 913 98 28 godkänt
499 913 127 26 detsamma,
642 915 32 19 att
688 913 78 28 frångå
780 913 39 21 sitt
833 912 89 22 beslut
914 908 12 38 i
933 913 43 21 den

386 941 36 22 del
437 941 37 22 det
489 942 83 21 afviker
586 943 48 20 från
646 941 26 22 de
680 942 68 27 begge
758 941 150 22 förstnämnda
916 942 60 21 stån-

386 970 60 21 dens.

37 1004 124 22 Utskottets
187 1000 13 37 —
207 1004 137 22 betänkandej
358 1005 51 21 Som
425 1004 159 28 Ridderskapet
599 1005 40 20 och
654 1004 71 22 Adeln
739 1007 58 19 samt
811 1004 166 21 Bondeständet

65 1028 134 37 godkändes.
387 1034 101 21 omfattat
503 1033 251 26 utskottsbetänkandet,
770 1040 49 14 men
834 1033 85 21 Preste-
935 1033 41 21 och

386 1061 191 28 Borgareständen
600 1062 96 27 godkänt
718 1062 41 21 den
782 1061 81 28 nädiga
877 1062 100 27 proposi-

386 1090 74 21 tionen
475 1091 6 20 i
498 1090 72 21 denna
585 1090 41 26 del,
636 1090 34 21 fär
680 1091 112 21 Utskottet
799 1090 112 21 vördsamt
920 1091 57 20 före-

386 1119 34 21 slå
441 1120 33 20 att
493 1119 82 27 jemväl
596 1119 161 27 Ridderskapet
778 1119 41 21 och
835 1119 69 21 Adeln
920 1120 58 20 samt

386 1147 164 22 Bondeständet
565 1147 55 26 ville,
638 1148 7 20 i
660 1147 68 22 likhet
736 1147 49 22 med
796 1147 27 22 de
833 1147 71 28 öfriga
914 1147 63 22 Stän-

386 1176 49 25 den,
451 1178 82 25 antaga
538 1176 90 31 nådiga
642 1177 171 26 propositionen.

37 1209 125 22 Utskottets
184 1205 13 37 —
208 1210 136 21 betänkande|
358 1210 33 21 Då
406 1210 86 21 Preste-
508 1210 40 21 och
564 1210 168 22 Bondeständen
747 1213 53 18 utan
816 1210 92 27 ändring
924 1210 53 27 god-

64 1239 79 26 antogs
159 1237 148 23 oförändradt.
386 1239 53 21 känt
462 1239 122 21 Utskottets
608 1239 151 28 formulering;
780 1239 28 21 dä
829 1239 41 21 den
885 1239 25 21 af
922 1239 55 21 Bor-

338 1275 4 4 |
371 1263 13 37 —
387 1267 140 28 gareständet
550 1267 101 22 beslutna
674 1268 91 27 ändring
788 1268 65 21 beror
872 1268 29 27 pä
916 1267 61 22 detta

387 1296 76 21 ständs
482 1296 125 28 skiljaktiga
622 1296 72 22 beslut
708 1297 7 20 i
729 1298 62 25 fräga
806 1304 34 14 om
856 1296 13 29 &
885 1297 18 25 7,
920 1298 58 19 samt

387 1324 29 21 dä
438 1324 37 22 det
489 1327 22 19 at
527 1324 157 28 Ridderskapet
699 1325 40 21 och
755 1325 70 21 Adeln
841 1325 78 27 gjorda
934 1325 44 21 till-

387 1353 50 27 lägg
460 1353 48 21 icke
527 1354 117 20 innefattar
667 1354 70 27 nägon
760 1353 123 27 väsendtlig
905 1354 73 20 förän-

388 1381 63 27 dring
465 1382 8 20 i
489 1382 36 20 det
540 1382 24 21 af
577 1382 112 21 Utskottet
704 1382 125 27 föreslagna
839 1382 137 27 stadgandet,

387 1410 34 20 fär
436 1410 119 25 Utskottet,
571 1411 28 27 pä
614 1410 36 22 det
666 1410 201 28 ständerpluralitet
880 1410 98 21 härutin-

386 1445 43 14 nan
445 1439 68 21 mätte
528 1439 82 25 vinnas,
626 1439 115 21 hemställa
751 1439 108 21 huruvida
869 1439 47 21 icke
925 1438 53 22 Rid-

387 1466 118 28 derskapet
520 1468 40 20 och
576 1468 69 20 Adeln
662 1470 57 18 samt
733 1467 186 28 Borgareständet
927 1467 50 21 ville
