1086 1717
245 149 28 21 60
516 149 52 27 Prop.
584 149 32 21 N:o
630 148 31 22 34.

217 205 236 28 bränvinstillverkning
475 206 109 21 derstädes
606 206 36 21 må
664 212 38 21 ega
722 212 55 20 rum,
795 205 84 22 utöfvas
898 206 22 21 af
936 206 31 21 öf-

216 240 162 26 verkontrollör,
394 240 120 22 kontrollör
530 240 40 22 och
585 240 73 22 vittne.

561 298 11 28 g
589 298 33 22 12.

284 348 28 22 Så
336 351 60 19 snart
418 349 179 21 öfverkontrollör
622 349 69 21 blifvit
715 349 104 21 utnämnd
841 348 39 22 och
902 349 64 21 innan

214 382 42 22 han
279 383 96 27 vidtager
396 383 125 27 utöfningen
542 384 23 20 af
582 384 32 20 sin
633 383 126 27 befattning,
779 382 54 22 skall
852 383 42 21 han
911 383 55 21 inför

215 417 135 27 länestyrelse
368 417 67 22 förete
453 418 38 21 sitt
508 418 144 21 förordnande
670 419 61 25 samt,
752 417 45 22 ifall
816 417 43 22 han
874 417 18 27 ej
907 417 58 22 förut

214 451 64 27 aflagt
296 452 111 27 tjensteed,
427 452 66 21 sådan
512 452 27 21 ed
557 452 56 21 inför
629 452 138 27 länestyrelse
786 451 88 28 aflägga.
899 452 67 21 Läne-

214 486 88 27 styrelse
320 486 79 27 åligger
417 487 162 21 tillhandahålla
599 487 78 21 honom
697 487 18 27 ej
735 486 82 21 mindre
836 486 129 22 förtecknin-

213 526 39 21 gar
274 521 58 20 öfver
355 521 42 21 alla
418 521 58 21 inom
499 521 57 21 länet
578 521 84 22 tillåtna
682 521 226 21 bränvinsbrännerier
925 521 40 21 och

214 555 192 21 destillationsverk
429 555 108 22 äfvensom
560 555 92 22 rörande
674 556 26 21 de
719 561 101 22 personer
839 555 39 21 och
896 555 68 27 bolag,

213 589 71 21 hvilka
306 589 85 22 undfått
413 590 102 27 rättighet
537 592 32 19 att
591 590 51 21 idka
662 590 125 27 försäljning
809 589 23 22 af
851 589 88 22 bränvin
958 590 6 20 i

213 623 74 26 minut,
306 626 27 19 än
352 624 40 21 ock
411 624 82 27 uppgift
510 624 28 28 på
556 625 27 21 de
601 625 35 20 vid
652 624 152 21 brännerierna
819 624 39 21 och
873 624 91 21 destilla-

212 658 136 21 tionsverken
369 659 96 21 anstälde
487 659 143 21 kontrollörer
652 659 40 21 och
714 659 62 21 deras
795 659 96 21 adresser
908 660 56 20 samt

212 691 28 28 på
258 692 54 27 dem,
332 699 46 15 som
393 693 122 21 förordnats
529 695 32 19 att
576 693 253 27 bränvinsförsäljningen
845 693 118 21 öfvervaka.

212 727 45 20 Och
280 727 80 27 åligger
381 728 36 21 det
439 727 180 22 öfverkontrollör
636 729 33 20 att
687 728 93 21 derefter
799 728 32 21 till
849 728 115 21 Finansex-

211 761 117 26 piditionen
351 761 6 21 i
377 761 99 27 Senaten,
496 762 32 21 till
546 762 136 27 länestyrelse
701 764 57 19 samt
776 762 32 21 till
827 762 135 21 innehafvare

211 795 23 21 af
251 795 124 22 brännerier
393 796 39 21 och
451 796 194 27 destilleringsverk
664 797 59 20 inom
741 796 108 21 distriktet
868 797 38 20 och
926 797 37 21 der

212 830 96 21 anstälde
334 830 143 22 kontrollörer
502 831 100 21 befordra
624 831 157 21 underrättelse
803 837 34 15 om
859 831 41 21 den
922 832 39 25 ort,

212 864 32 21 dit
258 864 48 21 bref
318 865 33 20 till
365 865 79 21 honom
459 865 61 21 skola
535 865 127 21 adresseras.

556 923 11 27 8
584 923 33 20 13.

280 974 18 19 1.
335 973 42 21 Det
402 973 129 22 tillkommer
556 973 181 22 öfverkontrollör
762 976 33 19 att
820 973 143 27 omsorgsfullt

210 1007 62 26 tillse,
296 1009 32 19 att
350 1007 252 22 bränvinsbrännerierna
625 1008 39 21 och
686 1007 221 28 destilleringsverken
925 1009 37 20 äro

210 1041 203 28 författningsenligt
434 1042 107 22 inrättade
563 1044 56 19 samt
642 1044 32 19 att
696 1043 26 20 de
745 1042 35 21 vid
802 1042 47 21 dem
867 1042 95 21 anstälde

209 1075 144 22 kontrollörer
374 1076 92 27 fullgöra
488 1077 46 21 sina
556 1076 152 28 skyldigheter;
731 1077 8 20 i
761 1076 81 21 hvilket
864 1076 98 21 afseende

210 1109 178 22 öfverkontrollör
407 1110 54 22 skall
479 1117 26 15 en
523 1111 56 27 gång
597 1111 7 21 i
623 1111 106 22 månaden
748 1111 81 21 besöka
843 1111 71 27 hvarje
929 1110 32 21 till

210 1143 108 22 distriktet
336 1144 101 27 hörande,
456 1145 7 21 i
477 1145 56 27 gång
546 1145 94 22 varande
655 1145 201 21 bränvinsbränneri
872 1145 39 21 och
926 1145 36 21 de-

210 1178 166 27 stilleringsverk
395 1181 56 19 samt
466 1179 78 27 jemväl
563 1180 75 26 oftare,
656 1181 40 20 när
714 1179 105 22 särskilda
833 1179 128 26 omständig-

209 1212 60 21 heter
288 1212 76 22 sådant
382 1213 92 27 påkalla.
508 1213 45 22 Och
571 1214 40 21 bör
629 1213 180 22 öfverkontrollör
823 1213 35 22 vid
873 1213 66 22 besök
954 1213 6 21 i

209 1246 153 22 brännerierna
387 1247 61 22 alltid
474 1248 110 21 öfvervara
608 1249 117 26 mätnings-
749 1248 40 21 och
810 1247 152 28 profningsför-

208 1281 149 27 rättningarna
374 1283 55 20 samt
446 1282 122 22 undersöka
587 1283 131 27 riktigheten
736 1283 23 21 af
772 1282 123 28 begagnade
909 1281 51 23 mål-

208 1316 48 20 kärl
281 1316 40 21 och
343 1316 156 27 instrumenter,
523 1317 33 21 för
578 1318 80 21 hvilket
680 1317 100 22 ändamål
802 1317 159 22 normalinstru-

208 1352 84 19 menter
313 1356 76 21 genom
412 1351 119 27 Styrelsens
552 1352 84 27 försorg
654 1352 205 21 öfverkontrollören
878 1351 83 21 tillhan-

208 1384 102 22 dahållas.
333 1380 10 37 —
347 1385 42 21 Vid
411 1385 62 22 dessa
494 1386 66 21 besök
582 1386 56 22 skall
655 1386 42 22 han
714 1386 79 27 jemväl
811 1386 92 26 granska
920 1386 40 20 den

207 1418 36 21 vid
257 1418 122 23 bränneriet
393 1419 62 22 förda
470 1419 233 29 tillverkningsjournal
718 1420 40 22 och
773 1420 72 22 dervid
857 1422 104 25 noggrant

208 1452 82 22 öfverse
305 1453 26 21 de
346 1454 23 21 af
381 1454 171 22 kontrollörerne
566 1455 122 21 verkstälda
701 1455 141 27 uträkningar
853 1454 35 22 vid
899 1455 61 20 brän-
