1086 1717
231 154 13 19 8
433 152 24 24 U.
473 153 23 22 B.
511 166 28 2 —
555 154 65 28 Prop.
635 154 39 22 N:o
689 153 34 23 39.

63 218 11 16 1
87 216 91 23 Kapitlet.
202 217 60 28 ning.
292 217 35 23 Då
342 224 27 16 en
382 218 105 28 strafflag,
503 225 44 16 som
563 222 25 20 är
603 220 77 22 afsedd
695 219 78 22 endast
784 219 34 22 för
833 220 42 22 den
889 220 71 22 finska

202 253 80 26 staten,
297 252 48 22 icke
366 254 25 21 är
410 253 71 28 egnad
496 255 34 21 att
544 254 111 22 innehälla
668 254 147 28 förpligtande
830 254 130 22 bestämnin-

202 292 41 22 gar
258 286 34 22 för
314 293 71 16 annan
399 289 46 21 stat
460 288 38 22 och
513 288 49 22 dess
576 288 130 28 straffmakt,
723 289 40 21 har
778 288 37 22 det
829 288 48 23 icke
892 289 69 22 heller

202 323 62 25 synts
276 321 114 23 Utskottet
399 322 110 28 sakenligt
518 324 35 21 att
563 324 25 21 ät
602 324 94 21 nämnda
710 323 82 28 lagbud
807 323 62 28 gifva
883 325 33 20 ett
926 326 34 19 ut-

203 355 62 23 öfver
280 356 188 29 bestämningarne
483 364 32 15 om
531 358 139 28 strafflagens
685 358 178 28 verkningskrets
874 358 85 28 gående

202 390 102 22 innehäll.

271 425 138 23 Beträffande
431 426 104 28 kapitlets
557 426 93 29 detaljer
672 427 36 22 fär
726 427 115 22 Utskottet
855 426 104 29 föröfrigt

203 460 105 21 anmärka
323 460 100 28 följande.

272 494 14 23 2
301 497 19 24 8.
350 497 12 20 3
377 501 61 16 mom.
454 496 120 22 innehåller
588 496 113 22 föreskrift
716 497 71 21 derom
803 498 34 20 att
851 496 56 22 finsk
921 496 39 27 lag

202 529 40 21 ock
257 529 40 22 bör
311 529 107 28 tillämpas
433 531 14 21 &
463 531 47 28 den,
519 537 44 16 som
578 531 77 22 vunnit
669 531 56 22 finsk
735 531 174 28 medborgarrätt
919 531 39 21 och

202 563 57 22 efter
273 564 116 27 Kejsarens
404 566 39 21 och
459 565 143 23 Storfurstens
618 565 145 22 förordnande
774 566 40 21 här
823 565 91 22 tilltalas
924 565 36 22 för

201 598 67 28 brott,
284 599 83 22 hvilket
381 600 43 21 han
446 602 58 20 utom
519 601 74 21 landet
612 601 78 27 begått
704 601 67 20 innan
786 601 43 20 han
845 599 46 22 blef
903 599 55 22 finsk

202 633 148 28 medborgare.
379 634 68 22 Detta
468 635 122 27 stadgande
612 641 64 16 anser
690 635 115 22 Utskottet
826 634 67 22 hafva
910 636 49 20 när-

202 672 59 17 mare
276 669 130 27 gemenskap
421 669 49 22 med
486 671 11 20 1
513 671 28 20 än
556 670 47 21 med
620 672 12 19 2
648 669 18 29 &,
690 670 57 21 helst
761 669 115 22 Utskottet
890 669 68 22 häller

202 701 54 28 före,
268 704 34 20 att
313 703 72 27 nägon
398 703 81 22 olikhet
490 704 48 22 icke
546 705 39 21 bör
592 711 54 15 vara
657 704 104 27 betingad
772 703 68 28 deraf,
851 703 107 22 huruvida

202 735 56 22 finsk
281 737 139 28 medborgare
443 739 7 20 i
467 739 97 21 utlandet
587 739 77 27 begätt
679 739 60 21 brott
753 738 67 22 innan
835 738 52 22 eller
902 737 58 22 efter

202 770 38 22 det
254 771 44 22 kan
313 772 76 21 vunnit
401 773 174 27 medborgarrätt
590 773 40 22 här
644 773 8 21 i
667 773 80 27 landet,
764 775 52 20 enär
830 773 43 21 han
888 772 47 22 icke
951 772 7 21 i

202 805 126 27 nägondera
343 806 61 22 fallet
419 809 25 20 är
459 807 146 22 underkastad
620 807 152 28 utleverering.
800 807 112 22 Utskottet
922 813 37 15 an-

202 845 36 16 ser
252 839 133 23 fördenskull
401 841 61 22 detta
484 848 60 15 mom.
560 842 52 21 böra
627 843 54 26 utgå
700 842 39 22 och
754 842 34 21 till
804 844 11 19 1
832 841 12 29 &
860 842 52 21 böra
928 842 31 21 fo-

202 879 40 22 gas
258 876 32 20 ett
304 877 50 25 nytt
368 881 68 22 mom.,
459 876 68 27 enligt
542 877 83 22 hvilket
644 883 27 16 en
687 876 60 28 dylik
762 876 141 28 medborgare
918 876 41 21 lik-

201 908 76 23 ställes
291 909 48 22 med
354 916 72 15 annan
440 911 56 21 finsk
511 917 55 15 man.

273 943 12 23 3
301 945 18 24 $.
349 944 32 21 De
403 945 40 21 här
465 944 173 23 förekommande
661 945 66 22 orden
749 945 66 26 ,eller
831 947 66 20 annat
912 945 47 22 der-

200 977 50 22 med
272 978 106 22 likartadt
399 979 71 22 brott"
495 986 63 15 anser
576 980 139 27 pluraliteten
730 979 56 22 inom
802 979 156 28 Lagutskottet

201 1010 53 23 böra
277 1013 59 27 utgå,
352 1013 90 22 emedan
465 1015 84 20 41—44
571 1014 98 27 kapitlen
689 1013 92 23 omfatta
795 1014 26 21 sä
837 1013 120 22 olikartade

200 1046 66 27 brott,
276 1048 33 20 att
324 1047 36 22 det
374 1047 73 22 blefve
461 1048 111 28 vanskligt
587 1050 34 20 att
636 1048 77 28 afgöra
727 1048 76 22 hvilka
819 1048 58 27 slags
889 1048 69 21 andra

200 1081 60 22 brott
282 1081 48 22 med
352 1081 47 22 dem
414 1082 72 22 kunde
503 1083 114 22 likställas.
647 1083 33 22 De
696 1083 95 22 citerade
808 1082 67 22 orden
889 1082 69 22 blifva

200 1116 40 21 ock
256 1116 94 27 onödiga
364 1123 32 15 om
411 1117 8 21 i
434 1117 154 28 förordningen
607 1124 33 15 om
656 1117 114 22 införande
786 1117 25 22 af
823 1117 133 28 strafflagen,

200 1150 72 21 såsom
286 1150 113 23 Utskottet
414 1151 69 22 håller
497 1151 53 28 före,
566 1152 86 27 intages
668 1153 33 21 ett
716 1153 13 25 &
744 1153 25 20 18
781 1151 8 22 i
799 1151 160 28 Gransknings-

200 1184 106 23 komiténs
328 1185 83 28 förslag
433 1186 34 21 till
489 1193 81 15 samma
588 1186 129 27 förordning
732 1186 152 22 motsvarande
899 1185 59 22 stad-

200 1219 72 27 gande
290 1219 77 28 derom,
383 1222 34 19 att
433 1220 25 22 af
471 1221 64 27 brott,
550 1220 36 22 för
600 1221 75 22 hvilka
689 1220 65 23 straff
767 1223 25 19 är
806 1221 71 20 utsatt
891 1220 7 21 i
912 1222 45 20 sär-

199 1253 58 22 skild
280 1253 36 28 lag
331 1254 52 21 eller
398 1254 137 28 författning,
550 1255 84 22 sådana
648 1261 45 16 som
708 1255 19 27 ej
747 1257 37 19 äro
800 1254 94 27 belagda
908 1255 49 21 med

199 1287 126 29 ovilkorligt
336 1289 145 27 kroppsstraff
493 1289 53 23 eller
559 1290 49 22 med
623 1289 142 23 frihetsstraff
777 1289 87 23 utöfver
875 1296 27 15 en
912 1289 44 23 viss

199 1322 112 28 tidsgräns
334 1325 37 19 äro
393 1324 7 21 i
423 1324 101 22 afseende
546 1325 13 21 &
577 1324 140 28 strafflagens
741 1324 110 21 allmänna
865 1324 91 21 bestäm-

198 1356 80 22 melser
292 1359 34 20 att
340 1358 107 22 likställas
462 1359 48 21 med
523 1359 86 22 brotten
624 1359 8 21 i
646 1360 87 20 41—44
748 1358 105 28 kapitlen.

268 1390 16 23 4
305 1392 19 27 8.
354 1392 77 22 Andra
453 1395 121 25 momentet,
596 1394 94 26 lydande
712 1393 103 21 sålunda:
841 1410 5 9 ,
847 1392 108 27 utländsk

199 1426 48 21 dom
263 1426 8 21 i
286 1426 101 22 brottmål
402 1428 35 20 må
460 1428 18 26 ej
495 1427 7 21 i
517 1427 93 22 Finland
628 1427 152 27 verkställas",
796 1433 64 15 anser
875 1427 81 27 Lagut-

198 1461 90 27 skottet,
304 1460 48 22 med
367 1460 103 24 afseende
485 1462 52 22 derå
552 1463 34 20 att
600 1462 68 22 under
684 1461 61 22 ordet
760 1461 103 22 brottmål
873 1461 37 21 hos
921 1467 35 15 oss
