<?xml version="1.0" encoding="UTF-8"?>
<alto xmlns="http://www.loc.gov/standards/alto/ns-v3#" xmlns:xlink="http://www.w3.org/1999/xlink" xmlns:xsi="http://www.w3.org/2001/XMLSchema-instance" xsi:schemaLocation="http://www.loc.gov/standards/alto/ns-v3# http://www.loc.gov/alto/v3/alto-3-0.xsd">
	<Description>
		<MeasurementUnit>pixel</MeasurementUnit>
		<sourceImageInformation>
			<fileName>/tmp/tess_egx7r_46_input.PNG</fileName>
		</sourceImageInformation>
		<OCRProcessing ID="OCR_0">
			<ocrProcessingStep>
				<processingSoftware>
					<softwareName>tesseract 5.3.4</softwareName>
				</processingSoftware>
			</ocrProcessingStep>
		</OCRProcessing>
	</Description>
	<Layout>
		<Page WIDTH="1086" HEIGHT="1717" PHYSICAL_IMG_NR="0" ID="page_0">
			<PrintSpace HPOS="0" VPOS="0" WIDTH="1086" HEIGHT="1717">
				<ComposedBlock ID="cblock_0" HPOS="406" VPOS="151" WIDTH="424" HEIGHT="29">
					<TextBlock ID="block_0" HPOS="406" VPOS="151" WIDTH="424" HEIGHT="29">
						<TextLine ID="line_0" HPOS="406" VPOS="151" WIDTH="424" HEIGHT="29">
							<String ID="string_0" HPOS="406" VPOS="152" WIDTH="51" HEIGHT="28" WC="0.93" CONTENT="Prop."/><SP WIDTH="16" VPOS="152" HPOS="457"/>
							<String ID="string_1" HPOS="473" VPOS="151" WIDTH="31" HEIGHT="22" WC="0.94" CONTENT="N:o"/><SP WIDTH="15" VPOS="151" HPOS="504"/>
							<String ID="string_2" HPOS="519" VPOS="151" WIDTH="31" HEIGHT="22" WC="0.89" CONTENT="34:"/><SP WIDTH="246" VPOS="151" HPOS="550"/>
							<String ID="string_3" HPOS="796" VPOS="151" WIDTH="34" HEIGHT="21" WC="0.94" CONTENT="53."/>
						</TextLine>
					</TextBlock>
				</ComposedBlock>
				<ComposedBlock ID="cblock_1" HPOS="102" VPOS="214" WIDTH="752" HEIGHT="239">
					<TextBlock ID="block_1" HPOS="102" VPOS="214" WIDTH="752" HEIGHT="239">
						<TextLine ID="line_1" HPOS="447" VPOS="214" WIDTH="62" HEIGHT="28">
							<String ID="string_4" HPOS="447" VPOS="214" WIDTH="62" HEIGHT="28" WC="0.77" CONTENT="$.59."/>
						</TextLine>
						<TextLine ID="line_2" HPOS="173" VPOS="230" WIDTH="680" HEIGHT="53">
							<String ID="string_5" HPOS="173" VPOS="256" WIDTH="17" HEIGHT="20" WC="0.94" CONTENT="1."/><SP WIDTH="30" VPOS="256" HPOS="190"/>
							<String ID="string_6" HPOS="220" VPOS="255" WIDTH="62" HEIGHT="21" WC="0.95" CONTENT="Hvad"/><SP WIDTH="14" VPOS="255" HPOS="282"/>
							<String ID="string_7" HPOS="296" VPOS="255" WIDTH="39" HEIGHT="21" WC="0.92" CONTENT="här"/><SP WIDTH="11" VPOS="255" HPOS="335"/>
							<String ID="string_8" HPOS="346" VPOS="254" WIDTH="142" HEIGHT="22" WC="0.92" CONTENT="ofvanföre"/><SP WIDTH="-25" VPOS="254" HPOS="488"/>
							<String ID="string_9" HPOS="463" VPOS="250" WIDTH="28" HEIGHT="36" WC="0.96" CONTENT="är"/><SP WIDTH="12" VPOS="250" HPOS="491"/>
							<String ID="string_10" HPOS="503" VPOS="240" WIDTH="103" HEIGHT="42" WC="0.92" CONTENT="stadgadt"/><SP WIDTH="12" VPOS="240" HPOS="606"/>
							<String ID="string_11" HPOS="618" VPOS="261" WIDTH="39" HEIGHT="22" WC="0.79" CONTENT="om."/><SP WIDTH="5" VPOS="261" HPOS="657"/>
							<String ID="string_12" HPOS="662" VPOS="230" WIDTH="120" HEIGHT="53" WC="0.20" CONTENT="magiska,"/><SP WIDTH="15" VPOS="230" HPOS="782"/>
							<String ID="string_13" HPOS="797" VPOS="253" WIDTH="56" HEIGHT="30" WC="0.92" CONTENT="gälle"/>
						</TextLine>
						<TextLine ID="line_3" HPOS="102" VPOS="288" WIDTH="639" HEIGHT="28">
							<String ID="string_14" HPOS="102" VPOS="288" WIDTH="39" HEIGHT="21" WC="0.96" CONTENT="ock"/><SP WIDTH="15" VPOS="288" HPOS="141"/>
							<String ID="string_15" HPOS="156" VPOS="288" WIDTH="33" HEIGHT="22" WC="0.93" CONTENT="för"/><SP WIDTH="15" VPOS="288" HPOS="189"/>
							<String ID="string_16" HPOS="204" VPOS="289" WIDTH="163" HEIGHT="27" WC="0.92" CONTENT="ordningsrätt"/><SP WIDTH="-4" VPOS="289" HPOS="367"/>
							<String ID="string_17" HPOS="363" VPOS="284" WIDTH="12" HEIGHT="36" WC="0.96" CONTENT="i"/><SP WIDTH="9" VPOS="284" HPOS="375"/>
							<String ID="string_18" HPOS="384" VPOS="289" WIDTH="55" HEIGHT="26" WC="0.96" CONTENT="stad,"/><SP WIDTH="16" VPOS="289" HPOS="439"/>
							<String ID="string_19" HPOS="455" VPOS="289" WIDTH="37" HEIGHT="21" WC="0.96" CONTENT="der"/><SP WIDTH="15" VPOS="289" HPOS="492"/>
							<String ID="string_20" HPOS="507" VPOS="289" WIDTH="112" HEIGHT="27" WC="0.96" CONTENT="magistrat"/><SP WIDTH="15" VPOS="289" HPOS="619"/>
							<String ID="string_21" HPOS="634" VPOS="288" WIDTH="18" HEIGHT="28" WC="0.96" CONTENT="ej"/><SP WIDTH="16" VPOS="288" HPOS="652"/>
							<String ID="string_22" HPOS="668" VPOS="288" WIDTH="73" HEIGHT="22" WC="0.96" CONTENT="finnes."/>
						</TextLine>
						<TextLine ID="line_4" HPOS="171" VPOS="322" WIDTH="682" HEIGHT="28">
							<String ID="string_23" HPOS="171" VPOS="324" WIDTH="19" HEIGHT="21" WC="0.93" CONTENT="2."/><SP WIDTH="30" VPOS="324" HPOS="190"/>
							<String ID="string_24" HPOS="220" VPOS="323" WIDTH="10" HEIGHT="21" WC="0.95" CONTENT="I"/><SP WIDTH="14" VPOS="323" HPOS="230"/>
							<String ID="string_25" HPOS="244" VPOS="323" WIDTH="80" HEIGHT="27" WC="0.93" CONTENT="köping"/><SP WIDTH="14" VPOS="323" HPOS="324"/>
							<String ID="string_26" HPOS="338" VPOS="324" WIDTH="112" HEIGHT="21" WC="0.92" CONTENT="ankomme"/><SP WIDTH="15" VPOS="324" HPOS="450"/>
							<String ID="string_27" HPOS="465" VPOS="323" WIDTH="13" HEIGHT="21" WC="0.90" CONTENT="å"/><SP WIDTH="15" VPOS="323" HPOS="478"/>
							<String ID="string_28" HPOS="493" VPOS="323" WIDTH="37" HEIGHT="22" WC="0.96" CONTENT="der"/><SP WIDTH="14" VPOS="323" HPOS="530"/>
							<String ID="string_29" HPOS="544" VPOS="324" WIDTH="78" HEIGHT="20" WC="0.96" CONTENT="tillsatt"/><SP WIDTH="14" VPOS="324" HPOS="622"/>
							<String ID="string_30" HPOS="636" VPOS="323" WIDTH="89" HEIGHT="27" WC="0.96" CONTENT="styrelse"/><SP WIDTH="19" VPOS="323" HPOS="725"/>
							<String ID="string_31" HPOS="744" VPOS="322" WIDTH="109" HEIGHT="22" WC="0.96" CONTENT="äfvensom"/>
						</TextLine>
						<TextLine ID="line_5" HPOS="103" VPOS="356" WIDTH="751" HEIGHT="28">
							<String ID="string_32" HPOS="103" VPOS="357" WIDTH="12" HEIGHT="21" WC="0.91" CONTENT="å"/><SP WIDTH="22" VPOS="357" HPOS="115"/>
							<String ID="string_33" HPOS="137" VPOS="357" WIDTH="115" HEIGHT="27" WC="0.96" CONTENT="köpingens"/><SP WIDTH="22" VPOS="357" HPOS="252"/>
							<String ID="string_34" HPOS="274" VPOS="358" WIDTH="179" HEIGHT="26" WC="0.96" CONTENT="röstberättigade"/><SP WIDTH="22" VPOS="358" HPOS="453"/>
							<String ID="string_35" HPOS="475" VPOS="358" WIDTH="138" HEIGHT="21" WC="0.96" CONTENT="medlemmar"/><SP WIDTH="22" VPOS="358" HPOS="613"/>
							<String ID="string_36" HPOS="635" VPOS="357" WIDTH="56" HEIGHT="21" WC="0.95" CONTENT="hvad"/><SP WIDTH="15" VPOS="357" HPOS="691"/>
							<String ID="string_37" HPOS="706" VPOS="357" WIDTH="7" HEIGHT="21" WC="0.96" CONTENT="i"/><SP WIDTH="16" VPOS="357" HPOS="713"/>
							<String ID="string_38" HPOS="729" VPOS="357" WIDTH="68" HEIGHT="21" WC="0.93" CONTENT="denna"/><SP WIDTH="14" VPOS="357" HPOS="797"/>
							<String ID="string_39" HPOS="811" VPOS="356" WIDTH="43" HEIGHT="22" WC="0.93" CONTENT="för-"/>
						</TextLine>
						<TextLine ID="line_6" HPOS="103" VPOS="390" WIDTH="751" HEIGHT="29">
							<String ID="string_40" HPOS="103" VPOS="392" WIDTH="89" HEIGHT="26" WC="0.96" CONTENT="ordning"/><SP WIDTH="17" VPOS="392" HPOS="192"/>
							<String ID="string_41" HPOS="209" VPOS="394" WIDTH="23" HEIGHT="18" WC="0.96" CONTENT="är"/><SP WIDTH="20" VPOS="394" HPOS="232"/>
							<String ID="string_42" HPOS="252" VPOS="398" WIDTH="34" HEIGHT="15" WC="0.96" CONTENT="om"/><SP WIDTH="17" VPOS="398" HPOS="286"/>
							<String ID="string_43" HPOS="303" VPOS="392" WIDTH="118" HEIGHT="27" WC="0.96" CONTENT="magistrat,"/><SP WIDTH="19" VPOS="392" HPOS="421"/>
							<String ID="string_44" HPOS="440" VPOS="392" WIDTH="193" HEIGHT="26" WC="0.96" CONTENT="stadsfullmäktige"/><SP WIDTH="15" VPOS="392" HPOS="633"/>
							<String ID="string_45" HPOS="648" VPOS="392" WIDTH="51" HEIGHT="21" WC="0.96" CONTENT="eller"/><SP WIDTH="15" VPOS="392" HPOS="699"/>
							<String ID="string_46" HPOS="714" VPOS="391" WIDTH="77" HEIGHT="21" WC="0.93" CONTENT="allmän"/><SP WIDTH="15" VPOS="391" HPOS="791"/>
							<String ID="string_47" HPOS="806" VPOS="390" WIDTH="48" HEIGHT="22" WC="0.91" CONTENT="råd-"/>
						</TextLine>
						<TextLine ID="line_7" HPOS="102" VPOS="426" WIDTH="254" HEIGHT="27">
							<String ID="string_48" HPOS="102" VPOS="426" WIDTH="130" HEIGHT="22" WC="0.91" CONTENT="husstämma"/><SP WIDTH="15" VPOS="426" HPOS="232"/>
							<String ID="string_49" HPOS="247" VPOS="426" WIDTH="109" HEIGHT="27" WC="0.91" CONTENT="påbjudet."/>
						</TextLine>
					</TextBlock>
				</ComposedBlock>
				<ComposedBlock ID="cblock_2" HPOS="103" VPOS="489" WIDTH="752" HEIGHT="101">
					<TextBlock ID="block_2" HPOS="103" VPOS="489" WIDTH="752" HEIGHT="101">
						<TextLine ID="line_8" HPOS="449" VPOS="489" WIDTH="61" HEIGHT="28">
							<String ID="string_50" HPOS="449" VPOS="489" WIDTH="12" HEIGHT="28" WC="0.92" CONTENT="$"/><SP WIDTH="14" VPOS="489" HPOS="461"/>
							<String ID="string_51" HPOS="475" VPOS="489" WIDTH="35" HEIGHT="22" WC="0.94" CONTENT="60."/>
						</TextLine>
						<TextLine ID="line_9" HPOS="171" VPOS="527" WIDTH="684" HEIGHT="29">
							<String ID="string_52" HPOS="171" VPOS="529" WIDTH="134" HEIGHT="27" WC="0.92" CONTENT="Förbrytelse"/><SP WIDTH="28" VPOS="529" HPOS="305"/>
							<String ID="string_53" HPOS="333" VPOS="531" WIDTH="45" HEIGHT="19" WC="0.96" CONTENT="mot"/><SP WIDTH="25" VPOS="531" HPOS="378"/>
							<String ID="string_54" HPOS="403" VPOS="529" WIDTH="70" HEIGHT="21" WC="0.96" CONTENT="denna"/><SP WIDTH="21" VPOS="529" HPOS="473"/>
							<String ID="string_55" HPOS="494" VPOS="529" WIDTH="125" HEIGHT="26" WC="0.96" CONTENT="förordning"/><SP WIDTH="22" VPOS="529" HPOS="619"/>
							<String ID="string_56" HPOS="641" VPOS="529" WIDTH="68" HEIGHT="21" WC="0.93" CONTENT="åtalas"/><SP WIDTH="15" VPOS="529" HPOS="709"/>
							<String ID="string_57" HPOS="724" VPOS="528" WIDTH="45" HEIGHT="21" WC="0.85" CONTENT="vid-"/><SP WIDTH="12" VPOS="528" HPOS="769"/>
							<String ID="string_58" HPOS="781" VPOS="523" WIDTH="74" HEIGHT="38" WC="0.90" CONTENT="under-"/>
						</TextLine>
						<TextLine ID="line_10" HPOS="103" VPOS="563" WIDTH="294" HEIGHT="27">
							<String ID="string_59" HPOS="103" VPOS="563" WIDTH="91" HEIGHT="22" WC="0.96" CONTENT="domstol"/><SP WIDTH="15" VPOS="563" HPOS="194"/>
							<String ID="string_60" HPOS="209" VPOS="563" WIDTH="7" HEIGHT="21" WC="0.93" CONTENT="i"/><SP WIDTH="14" VPOS="563" HPOS="216"/>
							<String ID="string_61" HPOS="230" VPOS="564" WIDTH="167" HEIGHT="26" WC="0.91" CONTENT="gerningsorten."/>
						</TextLine>
					</TextBlock>
				</ComposedBlock>
				<ComposedBlock ID="cblock_3" HPOS="103" VPOS="626" WIDTH="754" HEIGHT="205">
					<TextBlock ID="block_3" HPOS="447" VPOS="626" WIDTH="62" HEIGHT="27">
						<TextLine ID="line_11" HPOS="447" VPOS="626" WIDTH="62" HEIGHT="27">
							<String ID="string_62" HPOS="447" VPOS="626" WIDTH="12" HEIGHT="27" WC="0.96" CONTENT="8"/><SP WIDTH="16" VPOS="626" HPOS="459"/>
							<String ID="string_63" HPOS="475" VPOS="627" WIDTH="34" HEIGHT="20" WC="0.96" CONTENT="61."/>
						</TextLine>
					</TextBlock>
					<TextBlock ID="block_4" HPOS="103" VPOS="665" WIDTH="754" HEIGHT="166">
						<TextLine ID="line_12" HPOS="172" VPOS="665" WIDTH="685" HEIGHT="27">
							<String ID="string_64" HPOS="172" VPOS="667" WIDTH="38" HEIGHT="25" WC="0.96" CONTENT="De,"/><SP WIDTH="16" VPOS="667" HPOS="210"/>
							<String ID="string_65" HPOS="226" VPOS="672" WIDTH="45" HEIGHT="16" WC="0.96" CONTENT="som"/><SP WIDTH="15" VPOS="672" HPOS="271"/>
							<String ID="string_66" HPOS="286" VPOS="672" WIDTH="61" HEIGHT="16" WC="0.93" CONTENT="anses"/><SP WIDTH="17" VPOS="672" HPOS="347"/>
							<String ID="string_67" HPOS="364" VPOS="667" WIDTH="100" HEIGHT="21" WC="0.91" CONTENT="förfallna"/><SP WIDTH="17" VPOS="667" HPOS="464"/>
							<String ID="string_68" HPOS="481" VPOS="667" WIDTH="34" HEIGHT="20" WC="0.93" CONTENT="till"/><SP WIDTH="14" VPOS="667" HPOS="515"/>
							<String ID="string_69" HPOS="529" VPOS="673" WIDTH="77" HEIGHT="15" WC="0.93" CONTENT="ansvar"/><SP WIDTH="15" VPOS="673" HPOS="606"/>
							<String ID="string_70" HPOS="621" VPOS="667" WIDTH="33" HEIGHT="21" WC="0.93" CONTENT="för"/><SP WIDTH="15" VPOS="667" HPOS="654"/>
							<String ID="string_71" HPOS="669" VPOS="666" WIDTH="150" HEIGHT="21" WC="0.91" CONTENT="öfverträdelse"/><SP WIDTH="15" VPOS="666" HPOS="819"/>
							<String ID="string_72" HPOS="834" VPOS="665" WIDTH="23" HEIGHT="22" WC="0.97" CONTENT="af"/>
						</TextLine>
						<TextLine ID="line_13" HPOS="103" VPOS="700" WIDTH="752" HEIGHT="28">
							<String ID="string_73" HPOS="103" VPOS="701" WIDTH="145" HEIGHT="26" WC="0.92" CONTENT="stadgandena"/><SP WIDTH="19" VPOS="701" HPOS="248"/>
							<String ID="string_74" HPOS="267" VPOS="701" WIDTH="7" HEIGHT="20" WC="0.96" CONTENT="i"/><SP WIDTH="18" VPOS="701" HPOS="274"/>
							<String ID="string_75" HPOS="292" VPOS="701" WIDTH="69" HEIGHT="21" WC="0.93" CONTENT="denna"/><SP WIDTH="14" VPOS="701" HPOS="361"/>
							<String ID="string_76" HPOS="375" VPOS="701" WIDTH="132" HEIGHT="26" WC="0.92" CONTENT="förordning,"/><SP WIDTH="16" VPOS="701" HPOS="507"/>
							<String ID="string_77" HPOS="523" VPOS="701" WIDTH="61" HEIGHT="21" WC="0.93" CONTENT="skola"/><SP WIDTH="15" VPOS="701" HPOS="584"/>
							<String ID="string_78" HPOS="599" VPOS="701" WIDTH="19" HEIGHT="27" WC="0.92" CONTENT="ej"/><SP WIDTH="16" VPOS="701" HPOS="618"/>
							<String ID="string_79" HPOS="634" VPOS="701" WIDTH="90" HEIGHT="21" WC="0.93" CONTENT="allenast"/><SP WIDTH="15" VPOS="701" HPOS="724"/>
							<String ID="string_80" HPOS="739" VPOS="701" WIDTH="53" HEIGHT="21" WC="0.93" CONTENT="efter"/><SP WIDTH="15" VPOS="701" HPOS="792"/>
							<String ID="string_81" HPOS="807" VPOS="700" WIDTH="48" HEIGHT="21" WC="0.92" CONTENT="skä-"/>
						</TextLine>
						<TextLine ID="line_14" HPOS="103" VPOS="734" WIDTH="753" HEIGHT="28">
							<String ID="string_82" HPOS="103" VPOS="735" WIDTH="40" HEIGHT="26" WC="0.88" CONTENT="ligt"/><SP WIDTH="21" VPOS="735" HPOS="143"/>
							<String ID="string_83" HPOS="164" VPOS="735" WIDTH="143" HEIGHT="27" WC="0.88" CONTENT="bepröfvande"/><SP WIDTH="22" VPOS="735" HPOS="307"/>
							<String ID="string_84" HPOS="329" VPOS="737" WIDTH="80" HEIGHT="20" WC="0.91" CONTENT="ersätta"/><SP WIDTH="15" VPOS="737" HPOS="409"/>
							<String ID="string_85" HPOS="424" VPOS="735" WIDTH="101" HEIGHT="27" WC="0.92" CONTENT="äklagare"/><SP WIDTH="15" VPOS="735" HPOS="525"/>
							<String ID="string_86" HPOS="540" VPOS="735" WIDTH="40" HEIGHT="22" WC="0.93" CONTENT="och"/><SP WIDTH="14" VPOS="735" HPOS="580"/>
							<String ID="string_87" HPOS="594" VPOS="735" WIDTH="82" HEIGHT="22" WC="0.92" CONTENT="vittnen"/><SP WIDTH="16" VPOS="735" HPOS="676"/>
							<String ID="string_88" HPOS="692" VPOS="735" WIDTH="61" HEIGHT="21" WC="0.96" CONTENT="deras"/><SP WIDTH="15" VPOS="735" HPOS="753"/>
							<String ID="string_89" HPOS="768" VPOS="735" WIDTH="6" HEIGHT="20" WC="0.96" CONTENT="i"/><SP WIDTH="15" VPOS="735" HPOS="774"/>
							<String ID="string_90" HPOS="789" VPOS="734" WIDTH="67" HEIGHT="21" WC="0.97" CONTENT="saken"/>
						</TextLine>
						<TextLine ID="line_15" HPOS="104" VPOS="769" WIDTH="752" HEIGHT="27">
							<String ID="string_91" HPOS="104" VPOS="769" WIDTH="88" HEIGHT="27" WC="0.67" CONTENT="äbragte"/><SP WIDTH="14" VPOS="769" HPOS="192"/>
							<String ID="string_92" HPOS="206" VPOS="769" WIDTH="122" HEIGHT="26" WC="0.96" CONTENT="kostnader,"/><SP WIDTH="15" VPOS="769" HPOS="328"/>
							<String ID="string_93" HPOS="343" VPOS="771" WIDTH="52" HEIGHT="20" WC="0.93" CONTENT="utan"/><SP WIDTH="20" VPOS="771" HPOS="395"/>
							<String ID="string_94" HPOS="415" VPOS="769" WIDTH="46" HEIGHT="26" WC="0.96" CONTENT="ock,"/><SP WIDTH="17" VPOS="769" HPOS="461"/>
							<String ID="string_95" HPOS="478" VPOS="771" WIDTH="39" HEIGHT="20" WC="0.92" CONTENT="när"/><SP WIDTH="15" VPOS="771" HPOS="517"/>
							<String ID="string_96" HPOS="532" VPOS="770" WIDTH="101" HEIGHT="21" WC="0.96" CONTENT="domaren"/><SP WIDTH="16" VPOS="770" HPOS="633"/>
							<String ID="string_97" HPOS="649" VPOS="769" WIDTH="37" HEIGHT="22" WC="0.93" CONTENT="det"/><SP WIDTH="14" VPOS="769" HPOS="686"/>
							<String ID="string_98" HPOS="700" VPOS="769" WIDTH="70" HEIGHT="26" WC="0.96" CONTENT="äskar,"/><SP WIDTH="16" VPOS="769" HPOS="770"/>
							<String ID="string_99" HPOS="786" VPOS="769" WIDTH="70" HEIGHT="20" WC="0.96" CONTENT="utlösa"/>
						</TextLine>
						<TextLine ID="line_16" HPOS="104" VPOS="803" WIDTH="548" HEIGHT="28">
							<String ID="string_100" HPOS="104" VPOS="803" WIDTH="42" HEIGHT="22" WC="0.96" CONTENT="alla"/><SP WIDTH="14" VPOS="803" HPOS="146"/>
							<String ID="string_101" HPOS="160" VPOS="803" WIDTH="32" HEIGHT="22" WC="0.93" CONTENT="till"/><SP WIDTH="15" VPOS="803" HPOS="192"/>
							<String ID="string_102" HPOS="207" VPOS="803" WIDTH="65" HEIGHT="22" WC="0.92" CONTENT="mälet"/><SP WIDTH="14" VPOS="803" HPOS="272"/>
							<String ID="string_103" HPOS="286" VPOS="803" WIDTH="95" HEIGHT="22" WC="0.92" CONTENT="hörande"/><SP WIDTH="15" VPOS="803" HPOS="381"/>
							<String ID="string_104" HPOS="396" VPOS="803" WIDTH="109" HEIGHT="28" WC="0.92" CONTENT="protokoll"/><SP WIDTH="16" VPOS="803" HPOS="505"/>
							<String ID="string_105" HPOS="521" VPOS="804" WIDTH="39" HEIGHT="21" WC="0.93" CONTENT="och"/><SP WIDTH="15" VPOS="804" HPOS="560"/>
							<String ID="string_106" HPOS="575" VPOS="804" WIDTH="77" HEIGHT="26" WC="0.91" CONTENT="utslag."/>
						</TextLine>
					</TextBlock>
				</ComposedBlock>
				<ComposedBlock ID="cblock_4" HPOS="104" VPOS="867" WIDTH="758" HEIGHT="519">
					<TextBlock ID="block_5" HPOS="449" VPOS="867" WIDTH="62" HEIGHT="26">
						<TextLine ID="line_17" HPOS="449" VPOS="867" WIDTH="62" HEIGHT="26">
							<String ID="string_107" HPOS="449" VPOS="867" WIDTH="12" HEIGHT="26" WC="0.94" CONTENT="8"/><SP WIDTH="15" VPOS="867" HPOS="461"/>
							<String ID="string_108" HPOS="476" VPOS="867" WIDTH="35" HEIGHT="21" WC="0.96" CONTENT="62."/>
						</TextLine>
					</TextBlock>
					<TextBlock ID="block_6" HPOS="104" VPOS="881" WIDTH="758" HEIGHT="150">
						<TextLine ID="line_18" HPOS="173" VPOS="881" WIDTH="689" HEIGHT="52">
							<String ID="string_109" HPOS="173" VPOS="906" WIDTH="103" HEIGHT="22" WC="0.88" CONTENT="Senatens"/><SP WIDTH="21" VPOS="906" HPOS="276"/>
							<String ID="string_110" HPOS="297" VPOS="906" WIDTH="267" HEIGHT="27" WC="0.88" CONTENT="Ekonomiedepartement"/><SP WIDTH="23" VPOS="906" HPOS="564"/>
							<String ID="string_111" HPOS="587" VPOS="908" WIDTH="24" HEIGHT="19" WC="0.93" CONTENT="är"/><SP WIDTH="17" VPOS="908" HPOS="611"/>
							<String ID="string_112" HPOS="628" VPOS="906" WIDTH="127" HEIGHT="22" WC="0.92" CONTENT="förbehället"/><SP WIDTH="15" VPOS="906" HPOS="755"/>
							<String ID="string_113" HPOS="770" VPOS="907" WIDTH="39" HEIGHT="25" WC="0.96" CONTENT="att,"/><SP WIDTH="15" VPOS="907" HPOS="809"/>
							<String ID="string_114" HPOS="824" VPOS="881" WIDTH="38" HEIGHT="46" WC="0.76" CONTENT="till"/>
						</TextLine>
						<TextLine ID="line_19" HPOS="104" VPOS="940" WIDTH="752" HEIGHT="28">
							<String ID="string_115" HPOS="104" VPOS="941" WIDTH="174" HEIGHT="21" WC="0.96" CONTENT="förekommande"/><SP WIDTH="22" VPOS="941" HPOS="278"/>
							<String ID="string_116" HPOS="300" VPOS="941" WIDTH="22" HEIGHT="21" WC="0.93" CONTENT="af"/><SP WIDTH="17" VPOS="941" HPOS="322"/>
							<String ID="string_117" HPOS="339" VPOS="940" WIDTH="72" HEIGHT="27" WC="0.93" CONTENT="oloflig"/><SP WIDTH="14" VPOS="940" HPOS="411"/>
							<String ID="string_118" HPOS="425" VPOS="941" WIDTH="126" HEIGHT="27" WC="0.96" CONTENT="försäljning"/><SP WIDTH="15" VPOS="941" HPOS="551"/>
							<String ID="string_119" HPOS="566" VPOS="941" WIDTH="40" HEIGHT="21" WC="0.93" CONTENT="och"/><SP WIDTH="15" VPOS="941" HPOS="606"/>
							<String ID="string_120" HPOS="621" VPOS="941" WIDTH="89" HEIGHT="26" WC="0.90" CONTENT="forsling"/><SP WIDTH="14" VPOS="941" HPOS="710"/>
							<String ID="string_121" HPOS="724" VPOS="941" WIDTH="23" HEIGHT="21" WC="0.96" CONTENT="af"/><SP WIDTH="13" VPOS="941" HPOS="747"/>
							<String ID="string_122" HPOS="760" VPOS="940" WIDTH="96" HEIGHT="26" WC="0.96" CONTENT="bränvin,"/>
						</TextLine>
						<TextLine ID="line_20" HPOS="104" VPOS="974" WIDTH="753" HEIGHT="28">
							<String ID="string_123" HPOS="104" VPOS="975" WIDTH="86" HEIGHT="26" WC="0.95" CONTENT="vidtaga"/><SP WIDTH="22" VPOS="975" HPOS="190"/>
							<String ID="string_124" HPOS="212" VPOS="975" WIDTH="26" HEIGHT="22" WC="0.96" CONTENT="de"/><SP WIDTH="22" VPOS="975" HPOS="238"/>
							<String ID="string_125" HPOS="260" VPOS="975" WIDTH="72" HEIGHT="22" WC="0.93" CONTENT="vidare"/><SP WIDTH="14" VPOS="975" HPOS="332"/>
							<String ID="string_126" HPOS="346" VPOS="975" WIDTH="147" HEIGHT="27" WC="0.91" CONTENT="förfoganden,"/><SP WIDTH="17" VPOS="975" HPOS="493"/>
							<String ID="string_127" HPOS="510" VPOS="975" WIDTH="210" HEIGHT="27" WC="0.96" CONTENT="omständigheterna"/><SP WIDTH="13" VPOS="975" HPOS="720"/>
							<String ID="string_128" HPOS="733" VPOS="975" WIDTH="72" HEIGHT="21" WC="0.93" CONTENT="kunna"/><SP WIDTH="15" VPOS="975" HPOS="805"/>
							<String ID="string_129" HPOS="820" VPOS="974" WIDTH="37" HEIGHT="27" WC="0.93" CONTENT="på-"/>
						</TextLine>
						<TextLine ID="line_21" HPOS="104" VPOS="1010" WIDTH="65" HEIGHT="21">
							<String ID="string_130" HPOS="104" VPOS="1010" WIDTH="65" HEIGHT="21" WC="0.96" CONTENT="kalla."/>
						</TextLine>
					</TextBlock>
					<TextBlock ID="block_7" HPOS="445" VPOS="1044" WIDTH="67" HEIGHT="28">
						<TextLine ID="line_22" HPOS="445" VPOS="1044" WIDTH="67" HEIGHT="28">
							<String ID="string_131" HPOS="445" VPOS="1044" WIDTH="16" HEIGHT="28" WC="0.57" CONTENT="8"/><SP WIDTH="16" VPOS="1044" HPOS="461"/>
							<String ID="string_132" HPOS="477" VPOS="1045" WIDTH="35" HEIGHT="20" WC="0.92" CONTENT="63."/>
						</TextLine>
					</TextBlock>
					<TextBlock ID="block_8" HPOS="105" VPOS="1083" WIDTH="753" HEIGHT="97">
						<TextLine ID="line_23" HPOS="176" VPOS="1083" WIDTH="681" HEIGHT="28">
							<String ID="string_133" HPOS="176" VPOS="1086" WIDTH="17" HEIGHT="19" WC="0.93" CONTENT="1."/><SP WIDTH="30" VPOS="1086" HPOS="193"/>
							<String ID="string_134" HPOS="223" VPOS="1085" WIDTH="75" HEIGHT="20" WC="0.96" CONTENT="Denna"/><SP WIDTH="22" VPOS="1085" HPOS="298"/>
							<String ID="string_135" HPOS="320" VPOS="1084" WIDTH="123" HEIGHT="27" WC="0.96" CONTENT="förordning"/><SP WIDTH="18" VPOS="1084" HPOS="443"/>
							<String ID="string_136" HPOS="461" VPOS="1084" WIDTH="76" HEIGHT="21" WC="0.96" CONTENT="länder"/><SP WIDTH="14" VPOS="1084" HPOS="537"/>
							<String ID="string_137" HPOS="551" VPOS="1084" WIDTH="33" HEIGHT="21" WC="0.93" CONTENT="till"/><SP WIDTH="16" VPOS="1084" HPOS="584"/>
							<String ID="string_138" HPOS="600" VPOS="1083" WIDTH="141" HEIGHT="22" WC="0.90" CONTENT="efterrättelse"/><SP WIDTH="14" VPOS="1083" HPOS="741"/>
							<String ID="string_139" HPOS="755" VPOS="1083" WIDTH="47" HEIGHT="22" WC="0.96" CONTENT="från"/><SP WIDTH="16" VPOS="1083" HPOS="802"/>
							<String ID="string_140" HPOS="818" VPOS="1083" WIDTH="39" HEIGHT="21" WC="0.96" CONTENT="och"/>
						</TextLine>
						<TextLine ID="line_24" HPOS="105" VPOS="1118" WIDTH="753" HEIGHT="26">
							<String ID="string_141" HPOS="105" VPOS="1119" WIDTH="49" HEIGHT="20" WC="0.96" CONTENT="med"/><SP WIDTH="22" VPOS="1119" HPOS="154"/>
							<String ID="string_142" HPOS="176" VPOS="1118" WIDTH="40" HEIGHT="21" WC="0.96" CONTENT="den"/><SP WIDTH="24" VPOS="1118" HPOS="216"/>
							<String ID="string_143" HPOS="240" VPOS="1119" WIDTH="10" HEIGHT="20" WC="0.96" CONTENT="1"/><SP WIDTH="24" VPOS="1119" HPOS="250"/>
							<String ID="string_144" HPOS="274" VPOS="1119" WIDTH="89" HEIGHT="21" WC="0.96" CONTENT="Januari"/><SP WIDTH="23" VPOS="1119" HPOS="363"/>
							<String ID="string_145" HPOS="386" VPOS="1119" WIDTH="61" HEIGHT="25" WC="0.96" CONTENT="1887,"/><SP WIDTH="17" VPOS="1119" HPOS="447"/>
							<String ID="string_146" HPOS="464" VPOS="1118" WIDTH="28" HEIGHT="21" WC="0.97" CONTENT="då"/><SP WIDTH="15" VPOS="1118" HPOS="492"/>
							<String ID="string_147" HPOS="507" VPOS="1119" WIDTH="42" HEIGHT="20" WC="0.93" CONTENT="alla"/><SP WIDTH="14" VPOS="1119" HPOS="549"/>
							<String ID="string_148" HPOS="563" VPOS="1118" WIDTH="138" HEIGHT="22" WC="0.91" CONTENT="härförinnan"/><SP WIDTH="15" VPOS="1118" HPOS="701"/>
							<String ID="string_149" HPOS="716" VPOS="1119" WIDTH="7" HEIGHT="20" WC="0.96" CONTENT="i"/><SP WIDTH="15" VPOS="1119" HPOS="723"/>
							<String ID="string_150" HPOS="738" VPOS="1119" WIDTH="72" HEIGHT="20" WC="0.93" CONTENT="ämnet"/><SP WIDTH="14" VPOS="1119" HPOS="810"/>
							<String ID="string_151" HPOS="824" VPOS="1119" WIDTH="34" HEIGHT="19" WC="0.92" CONTENT="ut-"/>
						</TextLine>
						<TextLine ID="line_25" HPOS="105" VPOS="1153" WIDTH="588" HEIGHT="27">
							<String ID="string_152" HPOS="105" VPOS="1153" WIDTH="79" HEIGHT="21" WC="0.96" CONTENT="komna"/><SP WIDTH="13" VPOS="1153" HPOS="184"/>
							<String ID="string_153" HPOS="197" VPOS="1153" WIDTH="150" HEIGHT="26" WC="0.96" CONTENT="författningar"/><SP WIDTH="13" VPOS="1153" HPOS="347"/>
							<String ID="string_154" HPOS="360" VPOS="1153" WIDTH="98" HEIGHT="27" WC="0.96" CONTENT="upphöra"/><SP WIDTH="15" VPOS="1153" HPOS="458"/>
							<String ID="string_155" HPOS="473" VPOS="1154" WIDTH="33" HEIGHT="20" WC="0.96" CONTENT="att"/><SP WIDTH="15" VPOS="1154" HPOS="506"/>
							<String ID="string_156" HPOS="521" VPOS="1159" WIDTH="52" HEIGHT="15" WC="0.96" CONTENT="vara"/><SP WIDTH="15" VPOS="1159" HPOS="573"/>
							<String ID="string_157" HPOS="588" VPOS="1153" WIDTH="105" HEIGHT="26" WC="0.96" CONTENT="gällande."/>
						</TextLine>
					</TextBlock>
					<TextBlock ID="block_9" HPOS="105" VPOS="1186" WIDTH="754" HEIGHT="200">
						<TextLine ID="line_26" HPOS="174" VPOS="1186" WIDTH="684" HEIGHT="27">
							<String ID="string_158" HPOS="174" VPOS="1188" WIDTH="20" HEIGHT="20" WC="0.96" CONTENT="2."/><SP WIDTH="22" VPOS="1188" HPOS="194"/>
							<String ID="string_159" HPOS="216" VPOS="1187" WIDTH="67" HEIGHT="21" WC="0.96" CONTENT="Innan"/><SP WIDTH="23" VPOS="1187" HPOS="283"/>
							<String ID="string_160" HPOS="306" VPOS="1187" WIDTH="41" HEIGHT="22" WC="0.96" CONTENT="den"/><SP WIDTH="24" VPOS="1187" HPOS="347"/>
							<String ID="string_161" HPOS="371" VPOS="1188" WIDTH="10" HEIGHT="20" WC="0.95" CONTENT="1"/><SP WIDTH="16" VPOS="1188" HPOS="381"/>
							<String ID="string_162" HPOS="397" VPOS="1187" WIDTH="91" HEIGHT="21" WC="0.95" CONTENT="Januari"/><SP WIDTH="17" VPOS="1187" HPOS="488"/>
							<String ID="string_163" HPOS="505" VPOS="1187" WIDTH="54" HEIGHT="22" WC="0.93" CONTENT="1887"/><SP WIDTH="16" VPOS="1187" HPOS="559"/>
							<String ID="string_164" HPOS="575" VPOS="1193" WIDTH="38" HEIGHT="20" WC="0.92" CONTENT="ege"/><SP WIDTH="15" VPOS="1193" HPOS="613"/>
							<String ID="string_165" HPOS="628" VPOS="1187" WIDTH="56" HEIGHT="21" WC="0.96" CONTENT="dock"/><SP WIDTH="14" VPOS="1187" HPOS="684"/>
							<String ID="string_166" HPOS="698" VPOS="1186" WIDTH="160" HEIGHT="22" WC="0.95" CONTENT="vederbörande"/>
						</TextLine>
						<TextLine ID="line_27" HPOS="106" VPOS="1220" WIDTH="753" HEIGHT="28">
							<String ID="string_167" HPOS="106" VPOS="1221" WIDTH="152" HEIGHT="27" WC="0.96" CONTENT="myndigheter,"/><SP WIDTH="15" VPOS="1221" HPOS="258"/>
							<String ID="string_168" HPOS="273" VPOS="1221" WIDTH="50" HEIGHT="22" WC="0.96" CONTENT="med"/><SP WIDTH="14" VPOS="1221" HPOS="323"/>
							<String ID="string_169" HPOS="337" VPOS="1221" WIDTH="136" HEIGHT="27" WC="0.96" CONTENT="tillämpning"/><SP WIDTH="14" VPOS="1221" HPOS="473"/>
							<String ID="string_170" HPOS="487" VPOS="1221" WIDTH="24" HEIGHT="21" WC="0.96" CONTENT="af"/><SP WIDTH="14" VPOS="1221" HPOS="511"/>
							<String ID="string_171" HPOS="525" VPOS="1221" WIDTH="105" HEIGHT="21" WC="0.95" CONTENT="allmänna"/><SP WIDTH="15" VPOS="1221" HPOS="630"/>
							<String ID="string_172" HPOS="645" VPOS="1220" WIDTH="214" HEIGHT="27" WC="0.88" CONTENT="grunderna"/><SP WIDTH="-89" VPOS="1220" HPOS="859"/>
							<String ID="string_173" HPOS="770" VPOS="1216" WIDTH="12" HEIGHT="37" WC="0.88" CONTENT="i"/><SP WIDTH="11" VPOS="1216" HPOS="782"/>
							<String ID="string_174" HPOS="793" VPOS="1220" WIDTH="66" HEIGHT="27" WC="0.95" CONTENT="denna"/>
						</TextLine>
						<TextLine ID="line_28" HPOS="105" VPOS="1255" WIDTH="754" HEIGHT="27">
							<String ID="string_175" HPOS="105" VPOS="1255" WIDTH="131" HEIGHT="27" WC="0.96" CONTENT="författning,"/><SP WIDTH="15" VPOS="1255" HPOS="236"/>
							<String ID="string_176" HPOS="251" VPOS="1256" WIDTH="7" HEIGHT="20" WC="0.96" CONTENT="i"/><SP WIDTH="15" VPOS="1256" HPOS="258"/>
							<String ID="string_177" HPOS="273" VPOS="1255" WIDTH="88" HEIGHT="27" WC="0.96" CONTENT="behörig"/><SP WIDTH="14" VPOS="1255" HPOS="361"/>
							<String ID="string_178" HPOS="375" VPOS="1255" WIDTH="31" HEIGHT="22" WC="0.96" CONTENT="tid"/><SP WIDTH="16" VPOS="1255" HPOS="406"/>
							<String ID="string_179" HPOS="422" VPOS="1255" WIDTH="87" HEIGHT="27" WC="0.96" CONTENT="vidtaga"/><SP WIDTH="15" VPOS="1255" HPOS="509"/>
							<String ID="string_180" HPOS="524" VPOS="1255" WIDTH="42" HEIGHT="22" WC="0.96" CONTENT="alla"/><SP WIDTH="14" VPOS="1255" HPOS="566"/>
							<String ID="string_181" HPOS="580" VPOS="1255" WIDTH="27" HEIGHT="22" WC="0.96" CONTENT="de"/><SP WIDTH="15" VPOS="1255" HPOS="607"/>
							<String ID="string_182" HPOS="622" VPOS="1255" WIDTH="100" HEIGHT="26" WC="0.96" CONTENT="åtgärder"/><SP WIDTH="10" VPOS="1255" HPOS="722"/>
							<String ID="string_183" HPOS="732" VPOS="1255" WIDTH="39" HEIGHT="21" WC="0.96" CONTENT="och"/><SP WIDTH="10" VPOS="1255" HPOS="771"/>
							<String ID="string_184" HPOS="781" VPOS="1255" WIDTH="78" HEIGHT="25" WC="0.95" CONTENT="beslut,"/>
						</TextLine>
						<TextLine ID="line_29" HPOS="105" VPOS="1289" WIDTH="754" HEIGHT="27">
							<String ID="string_185" HPOS="105" VPOS="1296" WIDTH="47" HEIGHT="15" WC="0.96" CONTENT="som"/><SP WIDTH="15" VPOS="1296" HPOS="152"/>
							<String ID="string_186" HPOS="167" VPOS="1289" WIDTH="112" HEIGHT="27" WC="0.96" CONTENT="erfordras,"/><SP WIDTH="15" VPOS="1289" HPOS="279"/>
							<String ID="string_187" HPOS="294" VPOS="1290" WIDTH="34" HEIGHT="22" WC="0.96" CONTENT="för"/><SP WIDTH="14" VPOS="1290" HPOS="328"/>
							<String ID="string_188" HPOS="342" VPOS="1292" WIDTH="33" HEIGHT="20" WC="0.96" CONTENT="att"/><SP WIDTH="14" VPOS="1292" HPOS="375"/>
							<String ID="string_189" HPOS="389" VPOS="1289" WIDTH="47" HEIGHT="22" WC="0.96" CONTENT="från"/><SP WIDTH="15" VPOS="1289" HPOS="436"/>
							<String ID="string_190" HPOS="451" VPOS="1289" WIDTH="147" HEIGHT="22" WC="0.96" CONTENT="förstnämnda"/><SP WIDTH="16" VPOS="1289" HPOS="598"/>
							<String ID="string_191" HPOS="614" VPOS="1289" WIDTH="41" HEIGHT="27" WC="0.96" CONTENT="dag"/><SP WIDTH="15" VPOS="1289" HPOS="655"/>
							<String ID="string_192" HPOS="670" VPOS="1289" WIDTH="74" HEIGHT="27" WC="0.93" CONTENT="bringa"/><SP WIDTH="15" VPOS="1289" HPOS="744"/>
							<String ID="string_193" HPOS="759" VPOS="1289" WIDTH="100" HEIGHT="27" WC="0.92" CONTENT="stadgan-"/>
						</TextLine>
						<TextLine ID="line_30" HPOS="106" VPOS="1323" WIDTH="753" HEIGHT="29">
							<String ID="string_194" HPOS="106" VPOS="1325" WIDTH="55" HEIGHT="21" WC="0.96" CONTENT="dena"/><SP WIDTH="21" VPOS="1325" HPOS="161"/>
							<String ID="string_195" HPOS="182" VPOS="1324" WIDTH="47" HEIGHT="23" WC="0.95" CONTENT="häri"/><SP WIDTH="18" VPOS="1324" HPOS="229"/>
							<String ID="string_196" HPOS="247" VPOS="1331" WIDTH="34" HEIGHT="15" WC="0.96" CONTENT="om"/><SP WIDTH="14" VPOS="1331" HPOS="281"/>
							<String ID="string_197" HPOS="295" VPOS="1324" WIDTH="126" HEIGHT="28" WC="0.96" CONTENT="försäljning"/><SP WIDTH="15" VPOS="1324" HPOS="421"/>
							<String ID="string_198" HPOS="436" VPOS="1324" WIDTH="22" HEIGHT="22" WC="0.96" CONTENT="af"/><SP WIDTH="14" VPOS="1324" HPOS="458"/>
							<String ID="string_199" HPOS="472" VPOS="1324" WIDTH="89" HEIGHT="21" WC="0.96" CONTENT="bränvin"/><SP WIDTH="16" VPOS="1324" HPOS="561"/>
							<String ID="string_200" HPOS="577" VPOS="1324" WIDTH="40" HEIGHT="22" WC="0.96" CONTENT="och"/><SP WIDTH="16" VPOS="1324" HPOS="617"/>
							<String ID="string_201" HPOS="633" VPOS="1324" WIDTH="67" HEIGHT="21" WC="0.96" CONTENT="andra"/><SP WIDTH="14" VPOS="1324" HPOS="700"/>
							<String ID="string_202" HPOS="714" VPOS="1323" WIDTH="145" HEIGHT="28" WC="0.96" CONTENT="spritdrycker"/>
						</TextLine>
						<TextLine ID="line_31" HPOS="106" VPOS="1358" WIDTH="214" HEIGHT="28">
							<String ID="string_203" HPOS="106" VPOS="1359" WIDTH="33" HEIGHT="21" WC="0.96" CONTENT="till"/><SP WIDTH="14" VPOS="1359" HPOS="139"/>
							<String ID="string_204" HPOS="153" VPOS="1358" WIDTH="167" HEIGHT="28" WC="0.96" CONTENT="verkställighet."/>
						</TextLine>
					</TextBlock>
				</ComposedBlock>
			</PrintSpace>
		</Page>
	</Layout>
</alto>
