1086 1717
327 151 23 21 U.
366 151 23 21 B.
407 163 25 3 —
449 151 64 28 Prop.
529 151 38 22 N:o
582 150 37 22 40.
815 152 12 19 3

99 217 79 27 tillägg
192 216 34 22 till
240 222 69 16 mom.:
326 217 20 26 a)
362 216 7 22 i
387 218 11 19 7
414 217 21 26 8,
451 218 54 20 enär
515 218 26 20 31
555 217 11 25 8
579 216 5 22 i
594 215 206 28 Värnepligtslagen
809 215 48 21 icke

99 252 120 21 innehåller
233 252 73 26 någon
317 250 113 22 föreskrift
441 251 72 21 derom
524 252 39 26 att,
574 250 38 22 vid
622 250 100 22 anmälan
732 256 32 16 om
775 250 83 21 önskan

100 288 34 20 att
153 286 94 27 fullgöra
265 285 152 27 värnepligten
435 286 70 21 såsom
521 284 97 28 frivillig,
636 284 135 28 rättigheten
786 284 73 22 dertill

100 321 68 22 redan
184 320 28 22 då
227 320 65 22 borde
309 320 48 22 med
371 320 61 22 bevis
447 320 94 27 styrkas.

169 356 11 21 I
200 358 12 18 9
231 354 31 30 &:s
277 356 92 20 moment
386 357 32 19 1:0
433 354 40 22 har
488 355 107 21 utskottet
609 354 59 28 gjort
683 360 27 16 en
725 342 82 33 mindre
822 355 36 19 än-

101 390 64 28 dring
180 389 25 22 af
217 389 153 27 stiliseringen.

170 424 46 22 Mot
232 424 36 22 det
283 424 8 21 i
307 424 41 21 den
364 423 83 28 nådiga
461 423 161 28 propositionen
636 422 107 28 ingående
753 422 105 27 förslaget

101 459 35 22 till
157 459 147 28 ,kungörelse,
319 458 153 22 innehållande
487 458 107 22 särskilda
608 457 136 22 föreskrifter
759 457 34 22 för
808 463 51 21 upp-

102 493 194 28 bådsnämnderna,
312 493 200 27 pastorsembetena
523 493 39 21 och
570 491 215 23 häradsskrifvarene
796 491 8 22 i
813 491 46 22 lan-

103 529 38 22 det
160 530 56 20 samt
236 528 70 22 finska
329 527 202 28 passexpeditionen
549 527 7 22 i
572 527 32 22 St.
619 527 132 27 Petersburg
765 525 49 23 med
829 525 30 22 af-

102 563 80 22 seende
196 563 13 21 å
225 563 69 21 finske
309 562 161 27 värnepligtige
485 568 45 16 som
544 561 116 28 uppehålla
674 561 35 28 sig
723 561 57 22 inom
795 560 65 28 Ryss-

104 598 64 21 land"
185 598 40 22 har
240 597 107 22 utskottet
362 597 48 22 icke
425 597 48 21 haft
489 597 68 27 något
572 598 34 20 att
620 595 108 28 påminna.

172 632 35 21 En
223 632 69 27 enligt
306 631 111 28 uppgifter
431 631 50 22 från
497 631 203 28 passexpeditionen
714 630 8 22 i
735 630 31 22 St.
777 630 84 21 Peters-

103 667 57 27 burg
180 667 107 27 uppgjord
301 666 61 22 tablå
380 665 62 23 öfver
459 666 33 21 till
510 665 109 28 Ryssland
635 665 132 28 förpassade,
786 667 75 20 värne-

104 701 156 28 pligtsuppbåd
274 701 161 22 underkastade
449 700 69 22 finske
533 700 141 28 medborgare
688 699 68 22 under
771 699 27 22 de
813 698 48 28 fyra

105 737 86 21 senaste
206 736 53 21 åren
273 735 85 28 bifogas
372 735 155 22 betänkandet.

174 771 33 21 På
229 770 71 27 grund
322 769 24 22 af
365 770 59 21 hvad
439 770 106 21 utskottet
560 769 48 22 haft
622 771 54 20 äran
690 769 76 22 anföra
780 768 35 22 får
830 770 32 20 ut-

105 805 83 22 skottet
204 805 110 21 vördsamt
328 804 89 22 föreslå:

279 869 31 20 att
330 867 82 22 landets
429 867 121 27 Höglofliga
570 866 93 22 Ständer
676 867 47 21 ville
737 867 9 20 i
760 866 39 21 sitt
813 872 50 15 svar

207 903 33 27 pä
256 903 38 21 den
309 902 80 27 nädiga
399 902 163 27 propositionen
572 902 9 21 i
590 901 167 27 underdänighet
770 900 91 26 anmäla,

210 939 31 19 att
260 936 122 22 Ständerna
397 937 34 26 för
445 937 35 20 sin
495 936 33 21 del
542 936 48 21 med
604 935 127 23 omnämnda
745 935 118 27 ändringar

209 971 95 28 godkänt
324 971 39 21 den
385 970 122 28 föreslagna
522 970 156 27 förordningen,
694 969 79 22 hvilken
789 970 9 21 i
811 969 54 28 följd

211 1006 64 27 deraf
285 1005 79 22 komme
379 1007 32 20 att
425 1005 82 22 erhälla
521 1005 92 27 följande
628 1004 86 28 lydelse:
835 1001 3 3 |

383 1130 156 33 Förordning,
563 1130 122 33 angående
711 1129 121 27 låttnader
855 1129 11 26 i

316 1170 185 33 värnepligtens
510 1170 152 33 fullgörande
670 1169 37 28 för
715 1169 77 28 finske
801 1169 64 27 med-

314 1211 107 33 borgare,
439 1217 51 20 som
507 1210 79 27 vistas
604 1209 10 27 i
630 1210 130 34 Ryssland.

464 1281 13 25 8
497 1281 19 19 1.

417 1313 145 23 Oförändrad.

465 1377 13 25 8
494 1378 19 19 2.

179 1417 95 27 Enhvar,
297 1422 44 16 som
364 1416 38 22 vill
417 1416 102 27 begagna
533 1416 35 27 sig
583 1416 25 22 af
621 1416 41 22 den
677 1416 8 21 i
707 1416 6 26 $
729 1418 11 19 1
757 1414 110 29 medgifna

110 1450 113 28 rättighet,
246 1451 40 21 bör
308 1450 46 22 före
377 1450 42 22 den
443 1452 26 19 15
492 1450 92 22 Januari
599 1450 37 22 det
650 1450 31 27 är,
698 1450 28 22 dä
741 1450 43 22 han
799 1449 69 28 enligt

180 1490 138 23 Lagutskottets
330 1490 117 18 betänkande
459 1490 37 18 N:o
509 1490 26 17 17.
