1086 1717
821 152 26 21 27

259 220 141 21 ekonomiska
418 220 109 26 ställning,
548 220 28 21 då
592 220 169 21 kommissionen
777 222 55 20 trott
847 220 34 26 sig

261 254 73 21 kunna
349 254 132 26 konstatera,
497 256 32 19 att
545 254 125 22 densamma
685 261 29 15 nu
729 261 51 15 vore
791 255 88 21 svårare

260 290 26 18 än
304 288 47 20 före
365 288 94 26 godsens
474 288 91 22 inlösen.
586 283 137 27 Åtminstone
739 289 39 21 har
787 289 36 27 jag
834 289 47 21 icke

258 323 59 26 gjort
326 329 24 14 en
360 323 23 20 så
399 323 82 26 sorglig
497 323 123 21 erfarenhet
629 323 133 21 beträffande
771 324 36 20 det
815 324 66 21 dona-

263 357 113 26 tionsgods
393 357 168 27 (Kronoborgs),
578 358 64 20 hvars
658 358 132 26 förvaltning
798 358 83 21 härför-

258 392 66 20 innan
341 392 68 20 under
425 398 26 14 en
467 392 32 20 tid
515 392 24 20 af
552 392 100 26 omkring
668 392 48 27 fyra
731 392 24 21 år
771 392 56 21 varit
838 392 44 26 mig

261 426 134 21 anförtrodd.
416 426 51 21 Icke
482 426 68 21 heller
565 426 40 21 har
618 427 44 26 jag,
680 426 70 21 såsom
767 426 13 21 f.
792 427 19 20 d.
822 426 55 22 före-

262 461 109 26 dragande
395 461 23 20 af
436 461 236 24 donationsärenderna
690 462 36 20 vid
744 461 135 27 Länestyrel-

262 501 45 20 sen,
324 495 22 21 af
361 495 162 21 vederbörande
534 495 233 22 donationsförvaltare
779 496 51 21 eller
841 501 36 15 an-

259 530 38 21 dre
321 530 46 20 med
391 529 77 27 frågan
491 529 112 28 förtrogne
627 536 104 21 personer
746 530 132 26 förnummit,

260 566 33 19 att
308 564 81 21 inlösen
407 564 40 21 och
463 564 26 21 de
506 564 109 27 åtgärder,
632 571 44 14 som
694 565 62 20 deraf
765 565 115 26 betingats,

260 599 70 20 skulle
346 598 85 21 utöfvat
447 600 31 19 ett
494 599 90 26 menligt
599 599 118 27 inflytande
733 599 27 27 på
775 599 103 21 landbön-

259 633 77 20 dernes
352 633 141 20 ekonomiska
504 633 130 27 belägenhet
644 645 27 3 —
683 633 100 22 hvarföre
791 634 38 26 jag
840 634 41 21 ock

261 667 67 26 vågar
355 669 85 24 antaga,
469 669 33 19 att
529 668 37 20 det
586 668 159 26 jemförelsevis
769 668 113 27 betryckta

260 702 54 26 läge,
339 701 59 21 hvari
423 701 94 22 åboarhe
533 702 13 21 å
562 709 25 14 en
604 702 34 21 del
655 703 176 26 donationsgods,
849 702 33 21 så-

260 742 46 15 som
323 736 26 20 de
364 736 6 20 i
386 736 110 21 Ruskeala
519 736 39 21 och
581 737 66 20 Ilmes
665 743 29 14 nu
710 737 73 20 kunna
798 736 85 21 befinna

262 771 40 26 sig,
326 771 83 20 mindre
425 772 24 19 är
465 777 25 14 en
507 770 52 27 följd
576 771 23 20 af
614 771 36 20 det
665 771 130 26 förfarande,
812 777 45 15 som
873 771 7 20 i

263 805 101 20 afseende
380 805 13 20 å
408 805 106 20 åboarnes
537 805 125 27 frigörande
685 805 47 21 från
755 805 124 21 donations-

262 839 119 26 förtrycket
404 839 39 21 och
466 839 111 27 skapande
600 840 33 20 till
651 840 132 26 sjelfegande
799 840 81 21 skatte-

260 874 83 21 bönder
358 873 121 27 iakttagits,
497 876 26 19 än
540 874 22 21 af
577 875 68 20 andra
660 874 167 27 missgynnande
839 880 42 15 om-

262 909 155 26 ständigheter,
441 909 48 20 dem
514 909 105 26 styrelsen
636 909 47 21 icke
699 909 82 20 kunnat
796 909 84 21 förutse

261 943 53 20 eller
332 949 39 14 ens
387 943 125 26 förebygga,
529 943 71 20 såsom
616 943 118 25 utsökning
749 943 28 27 på
788 949 25 15 en
825 943 56 26 gång

260 976 24 21 af
306 977 26 20 de
356 977 57 21 förre
430 977 164 21 donatariernes
612 977 125 27 mångåriga
753 977 129 27 fordringar,

261 1011 98 22 minskad
385 1011 176 27 arbetsförtjenst
584 1017 77 22 genom
687 1012 144 26 nedläggning
858 1011 23 21 af

260 1046 109 21 Ruskeala
392 1047 162 27 marmorbrott,
579 1047 104 26 stegrade
698 1047 137 20 kommunala
850 1047 34 20 ut-

262 1081 95 26 skylder,
374 1081 59 26 dålig
449 1081 122 26 afsättning
588 1081 23 20 af
625 1081 260 26 landtmannaprodukter

261 1121 19 15 0.
298 1121 16 15 s.
331 1122 18 13 v.
379 1115 42 26 Jag
444 1115 67 26 vågar
534 1118 33 18 tro
592 1116 62 20 detta
670 1115 61 21 desto
747 1115 74 26 hellre,
838 1121 45 15 som

264 1150 90 26 ungefär
380 1150 102 21 liknande
506 1150 102 26 åtgärder
623 1150 67 20 redan
706 1149 33 21 för
754 1156 40 20 par
809 1150 76 20 decen-

261 1185 47 20 nier
331 1184 92 21 tillbaka
445 1184 105 26 vidtagits
575 1185 93 20 rörande
683 1184 125 27 Niinisyrjä,
825 1183 60 22 Savi-

264 1219 64 25 mäki,
352 1218 81 21 Tervus
459 1219 40 20 och
520 1219 99 20 Rokkala
636 1219 133 25 donationer,
785 1220 52 19 utan
853 1219 33 20 att

264 1253 109 21 desamma
399 1253 125 21 framkallat
543 1253 70 26 någon
630 1253 126 20 ekonomisk
772 1253 45 20 kris
833 1253 52 20 eller

263 1287 64 27 eljest
344 1287 56 21 visat
417 1288 32 26 sig
465 1287 212 27 förderfbringande,
693 1287 7 21 i
716 1287 37 21 det
768 1287 94 21 åboarne
873 1287 13 21 å

265 1322 145 27 nyssnämnde
426 1322 62 26 gods,
505 1322 47 20 med
569 1322 111 26 undantag
696 1322 23 20 af
728 1324 31 18 ett
768 1322 59 26 fåtal,
839 1327 47 15 som

263 1357 68 20 under
357 1356 36 21 det
424 1356 63 21 svåra
510 1356 154 21 missväxtåret
688 1357 61 25 1867,
773 1356 27 20 då
823 1356 63 20 äfven

264 1390 91 26 mången
387 1390 78 21 krono-
499 1391 38 21 och
564 1390 323 21 skattehemmansinnehafvare

269 1432 52 19 grep
346 1425 31 20 till
395 1425 165 26 tiggarstafven,
576 1425 110 25 nödgades
703 1425 70 20 lemna
788 1424 100 26 lägenhe-

264 1462 68 24 terna,
356 1459 89 21 förmått
470 1461 110 19 amortera
603 1459 169 27 löseskillingen,
796 1458 91 22 oaktadt
