1086 1717
268 495 214 42 Högvördiga
513 496 232 34 Prestastånd!

202 608 37 21 En
262 607 82 33 liberal
366 607 182 28 landtdagsman
562 607 94 29 yttrade
672 609 103 28 engång:
791 609 55 29 ,Om
862 613 31 18 än

133 643 41 22 det
196 643 76 21 finska
294 642 75 22 folket
384 642 75 21 skulle
475 649 85 22 genom
576 642 163 30 dryckenskap
756 644 25 21 så
796 644 97 21 fördert-

133 684 31 15 va
179 677 43 28 sig,
238 679 36 20 att
289 677 39 21 det
339 677 94 28 utdoge,
445 677 63 21 hvad
519 677 74 21 skulle
604 677 40 22 det
655 676 93 30 betyda,
759 685 48 21 nog
818 678 75 22 skulle

133 711 27 30 ju
182 711 73 22 andra
280 711 111 28 nyktrare
407 711 56 28 folk,
487 711 81 22 hvilka
591 711 77 22 bättre
691 712 80 29 insåge
795 713 42 21 sitt
860 713 35 21 in-

136 749 78 25 tresse,
238 746 95 28 inflytta
355 746 8 21 i
385 745 98 23 landet.”
513 746 52 21 Den
587 746 43 22 här
649 747 105 22 uttalade
769 747 126 28 meningen

135 781 65 22 torde
224 781 37 22 väl
276 781 72 28 ingen
368 781 106 28 hederlig
489 781 62 21 finne
567 781 148 23 understöda.
745 782 55 21 Men
815 782 40 25 det
871 785 25 18 är

137 816 51 22 icke
211 823 48 22 nog
274 818 36 19 att
324 823 54 14 man
393 815 9 22 i
417 815 129 22 allmänhet
561 816 115 22 erkänner
691 817 79 21 starka
785 817 111 28 dryckers

135 850 167 29 förderflighet.
333 851 47 21 Dat
403 854 25 17 är
451 850 52 21 icke
527 857 47 22 nog
596 850 95 22 dermed
706 853 36 19 att
757 859 54 14 man
826 852 69 27 inser,

136 885 60 22 huru
211 885 80 22 starka
302 885 100 28 drycker
413 884 119 23 förderfva
542 885 151 22 menniskans
704 885 74 29 kropp
790 885 43 22 och
845 885 50 29 själ,

136 919 60 22 huru
212 919 28 22 de
255 920 99 21 förstöra
371 919 171 30 familjelifvets
553 920 83 29 behag,
648 920 60 22 huru
719 920 28 22 de
758 921 139 28 frampressa

138 955 62 21 tårar
222 961 27 15 ur
264 954 110 21 hustruns
390 953 45 22 och
450 954 100 22 barnens
565 958 61 25 ögon
642 954 44 22 och
700 955 61 21 huru
777 955 28 21 de
821 954 77 23 åstad-

137 989 93 22 homma
252 989 116 22 materielt
391 989 115 22 obestånd
529 989 59 22 både
610 990 37 21 för
669 989 45 22 den
729 989 106 22 enskilde
853 989 44 22 och

137 1024 53 22 hela
205 1024 129 22 samhället.
364 1025 47 20 Det
426 1028 25 18 är
466 1024 53 22 icke
534 1031 47 22 nog
596 1024 100 29 dermed,
712 1027 58 19 utan
785 1032 54 13 man
850 1025 47 20 må-

138 1062 35 19 ste
196 1059 97 28 vidtaga
315 1059 146 22 verksamma
476 1059 109 28 åtgärder
600 1062 49 19 mot
664 1059 45 22 den
723 1059 105 28 mäktige
843 1059 56 21 fien-

139 1093 51 25 den.
220 1095 52 20 Den
294 1094 129 22 storartade
443 1094 231 28 nykterhetsrörelse,
692 1102 48 14 som
757 1094 66 22 dessa
838 1093 61 22 tider

139 1129 107 28 uppstått
269 1129 8 20 i
299 1129 52 21 vårt
369 1128 62 28 land,
448 1129 157 28 ådagalägger
620 1129 94 28 tydligt,
731 1131 36 19 att
782 1129 52 20 vårt
849 1127 51 22 folk

139 1167 69 18 ärnar
230 1163 75 22 befria
328 1163 35 29 sig
387 1164 52 21 från
454 1163 53 22 dess
523 1166 77 19 värsta
615 1163 82 28 fiende,
714 1164 52 21 från
781 1162 120 22 slatveriet

140 1198 74 21 under
236 1197 175 29 rusdryckerna.
443 1199 44 20 Om
509 1198 67 21 detta
598 1198 76 21 skulle
692 1198 87 28 lyckas,
796 1205 37 14 om
848 1197 53 21 vårt

140 1232 50 23 lilla
213 1233 50 22 folk
286 1240 54 15 vore
363 1233 104 28 nyktert,
491 1233 75 22 skulle
590 1233 40 21 det
646 1233 52 21 med
714 1233 71 21 heder
801 1231 100 22 uthärda

141 1267 121 23 tillvarons
286 1267 72 22 hårda
381 1268 69 29 kamp
473 1267 42 22 vid
538 1267 67 22 sidan
628 1268 26 21 af
674 1267 76 29 öfriga
766 1270 62 18 stora
844 1265 57 22 folk.

143 1302 43 22 Om
201 1304 52 20 vårt
268 1303 50 21 folk
333 1310 54 14 vore
403 1303 102 28 nyktert,
523 1302 80 29 sluppe
619 1302 25 22 vi
659 1303 51 21 från
726 1304 36 20 att
777 1301 58 21 offra
851 1300 51 22 mil-

139 1338 68 29 joner
223 1338 35 22 till
274 1338 117 28 fängelser
406 1337 45 22 och
466 1337 93 22 därhus.
592 1339 42 19 Om
650 1338 52 21 vårt
717 1336 50 22 folk
777 1343 54 15 vore
843 1335 59 28 nyk-

142 1375 52 25 tert,
210 1372 74 22 skulle
300 1372 40 21 det
355 1372 8 21 i
379 1372 44 21 allt
437 1372 122 28 förkotras,
576 1371 136 29 kristlighet
727 1371 44 21 och
786 1370 117 28 redlighet

142 1407 75 21 skulle
240 1407 42 21 här
304 1406 110 29 begynna
430 1406 132 22 tramalstra
578 1406 51 21 sina
644 1406 122 21 vackraste
782 1405 120 21 blommor.

212 1442 50 21 Min
285 1442 61 21 fasta
369 1441 157 28 öfvertygelse
542 1444 30 24 är,
594 1443 36 19 att
644 1440 115 22 Finlands
774 1438 130 23 nationella

143 1476 147 30 presterskap
314 1476 103 21 kommer
432 1478 37 19 att
483 1476 109 28 uppfatta
608 1475 36 21 sin
660 1474 113 28 ställning
789 1473 44 23 och
849 1480 55 14 anse

143 1513 75 21 såsom
241 1511 36 22 sin
300 1510 71 22 heder
389 1510 45 22 och
449 1510 57 22 kära
521 1510 62 29 pligt
598 1512 36 20 att
648 1509 108 23 befordra
775 1508 76 22 denna
866 1507 39 21 be-

144 1546 122 23 römvärda
282 1545 229 29 nykterhetsrörelse,
529 1545 38 21 väl
583 1545 8 21 i
605 1544 46 30 håg
663 1543 144 27 kommande,
819 1546 36 18 att
865 1541 40 22 fri-
