1086 1717
256 152 28 20 22
460 152 23 24 U.
500 153 23 23 B.
539 164 29 6 —
584 153 62 29 Prop.
663 154 36 22 N:o
713 153 39 23 35.

223 208 41 22 allt
279 215 59 15 mera
352 210 95 21 växande
462 210 57 21 vinst
534 210 56 22 bäde
604 210 35 21 för
654 210 166 22 intressenterne
835 210 40 22 och
893 211 6 21 i
914 211 68 21 natio-

224 243 172 22 nalekonomiskt
411 244 110 26 afseende;
546 244 40 22 och
602 244 41 22 den
658 244 112 22 enahanda
786 244 127 28 erfarenhet,
937 252 45 15 som

224 278 28 26 pä
267 278 41 22 den
324 284 74 16 senare
413 279 58 21 tiden
494 279 75 21 härom
591 280 86 20 vunnits
700 280 6 20 i
722 280 93 26 Sverige,
841 279 108 27 förtjenar,
975 280 7 20 i

224 312 142 22 betraktande
382 313 23 21 af
419 314 25 21 de
459 314 7 20 i
482 314 61 21 detta
556 314 51 21 land
624 314 39 21 och
675 314 91 21 Finland
782 314 106 21 likartade
903 314 79 21 förhäl-

224 346 97 27 landena,
338 348 32 20 att
385 348 102 21 särskildt
501 348 205 27 uppmärksammas.
717 361 25 3 —
755 349 11 21 I
781 348 68 21 likhet
864 348 48 21 med
927 348 55 22 hvad

223 380 60 22 såväl
298 381 24 21 af
335 381 155 23 ofvannämnda
505 383 144 21 Kommission
668 390 45 14 som
731 383 46 26 ock,
801 382 27 28 på
851 384 43 20 sätt
915 382 67 21 hand-

223 415 98 28 lingarne
343 416 7 21 i
365 417 88 21 ärendet
467 416 58 28 gifva
540 417 36 22 vid
591 417 91 27 handen,
707 417 62 28 eljest
790 416 48 22 från
853 417 130 27 sakkunnigt

223 450 44 21 håll
284 451 39 20 och
338 450 24 21 af
374 457 107 21 personer,
500 452 35 21 väl
549 452 111 27 förtrogne
675 452 49 21 med
739 451 162 22 förhållandena
915 452 7 20 i
938 451 44 22 Wi-

223 485 65 26 borgs
303 485 41 26 län,
360 485 95 26 uttalats,
471 486 40 21 har
525 486 113 22 Utskottet
653 486 83 22 således
751 488 52 19 utan
819 486 78 21 tvekan
912 485 70 22 funnit

223 519 33 26 sig
278 519 53 21 böra
354 519 69 22 såsom
445 520 7 21 i
472 520 78 27 högsta
565 521 68 21 måtto
650 521 93 26 önskligt
759 520 110 24 beteckna,
893 521 31 20 att
946 527 36 20 ge-

223 559 132 16 mensamma
370 554 77 27 skogar
462 555 24 21 af
499 555 164 27 ifrågavarande
679 555 46 27 slag
744 555 71 21 kunde
832 554 12 21 å
860 555 122 21 donations-

221 587 81 27 godsen
318 588 110 22 derstädes
444 589 85 27 bringas
544 589 32 21 till
592 589 70 22 stånd.

293 622 42 21 För
364 629 26 15 en
415 623 59 27 dylik
499 623 87 27 åtgärds
611 623 167 28 genomförande
808 623 39 21 har
872 623 110 22 Utskottet

222 656 120 21 emellertid
362 657 70 22 funnit
447 658 99 27 rättsliga
561 658 77 21 hinder
652 660 66 19 möta.
747 657 46 22 Der
807 658 105 26 nemligen
928 659 54 20 stor-

222 690 76 22 skiftet
306 691 66 21 redan
380 691 129 22 fullbordats
517 694 24 19 är
549 693 37 21 det
593 693 127 27 uppenbart,
737 693 32 20 att
780 693 70 20 staten
861 692 52 26 icke,
930 693 52 20 utan

222 725 121 27 kränkning
364 725 23 22 af
407 727 142 26 grundsatsen
572 728 32 20 att
626 727 49 26 laga
697 726 111 22 storskifte
827 726 18 27 ej
861 726 34 21 får
908 726 72 21 vidare

222 759 86 26 rubbas,
335 759 41 22 kan
399 760 100 22 förbinda
521 767 63 21 egare
607 761 24 21 af
652 761 139 21 storskiftade
811 760 123 27 lägenheter
949 762 33 19 att

223 793 45 21 låta
290 794 60 21 delar
372 794 23 21 af
414 795 63 21 dessa
499 795 95 27 afskiljas
617 795 34 21 för
672 795 103 21 bildande
795 795 23 20 af
832 794 80 22 sådana
927 801 54 14 sam-

222 828 70 21 fäldta
315 829 108 26 områden,
446 830 89 21 hvarom
550 836 28 15 nu
594 831 24 20 är
633 829 67 28 fråga.
731 829 49 21 Men
796 829 62 21 äfven
874 829 13 21 å
901 829 26 22 de
943 829 39 21 do-

222 863 104 25 nationer,
351 863 85 22 hvarest
458 863 256 28 storskiftesplaceringar
736 865 57 20 ännu
815 863 46 22 icke
884 865 35 25 egt
934 869 46 15 rum

222 897 40 22 och
285 898 37 21 der
344 897 213 28 knmmunalskogars
579 899 121 20 inrättande
716 897 23 22 af
753 897 170 22 Kommissionen
938 897 43 22 för-

222 933 84 20 menats
328 932 47 21 icke
396 939 52 14 vara
465 932 99 21 förenadt
579 933 49 21 med
643 932 70 27 någon
728 931 108 28 svårighet
853 944 21 3 —
893 931 39 22 och
947 931 33 22 till

222 966 73 21 hvilka
310 966 131 26 donationer,
459 967 67 26 enligt
540 967 56 20 hvad
612 967 6 20 i
634 966 257 27 Finans-Expeditionens
908 965 73 22 ofvan-

222 1000 93 21 berörda
338 1000 115 22 berättelse
475 1001 106 27 upplyses,
605 1007 88 15 numera
717 1000 69 21 skulle
809 1000 102 27 (förutom
929 1000 52 21 Suo-

220 1035 57 26 järvi
292 1035 172 30 donationsgods,
489 1035 38 21 der
544 1035 66 21 likväl
626 1035 102 21 särskildt
743 1034 107 22 förbehåll
865 1034 35 21 vid
915 1034 66 27 köpet

221 1069 69 27 gjorts
312 1075 34 15 om
371 1069 28 21 all
418 1069 72 21 marks
505 1069 108 22 skiftande
628 1069 91 22 emellan
735 1069 169 26 landbönderne)
927 1069 54 20 höra

221 1104 77 21 endast
320 1104 113 25 Kivinebb,
455 1104 121 27 Pyhäjärvi,
596 1104 124 27 Walkjärvi,
745 1103 84 25 Salmis,
853 1103 128 26 Korpiselkä

221 1137 41 22 och
278 1137 104 22 Soanlaks
398 1138 166 27 donationsgods
580 1150 28 5 —
623 1138 42 21 kan
682 1138 83 25 sådant,
781 1138 68 26 enligt
859 1137 121 22 Utskottets

221 1172 72 26 tanke,
316 1172 47 21 icke
381 1173 82 21 utföras
479 1173 89 21 såframt
583 1173 18 27 ej
617 1171 277 29 lägenhetsinnehafvarene
909 1171 72 22 dertill

221 1206 117 27 samtycka,
354 1207 81 22 hvilket
450 1207 61 22 desse
529 1207 118 22 emellertid
663 1207 109 21 bestämdt
787 1207 82 26 vägrat.
898 1205 82 22 Genom

221 1241 27 20 de
272 1241 232 26 öfverenskommelser,
528 1248 45 15 som
596 1241 130 22 statsverket
741 1241 7 21 i
765 1239 152 27 sammanhang
932 1239 49 22 med

221 1274 93 28 inköpen
337 1275 23 21 af
381 1276 193 27 donationsgodsen
593 1276 73 21 träffat
681 1275 49 22 med
746 1274 160 22 vederbörande
921 1273 60 22 land-

220 1309 62 27 boar,
305 1309 63 21 hafva
387 1310 60 22 desse
463 1310 105 27 nemligen
584 1310 111 27 förpligtat
710 1310 32 26 sig
758 1311 33 19 att
805 1308 24 22 af
842 1308 81 21 kronan
938 1308 39 21 till-

220 1344 48 20 lösa
284 1344 31 26 sig
338 1344 47 20 sina
399 1344 155 22 innehafvande
570 1344 124 27 lägenheter
708 1344 29 27 på
753 1343 76 26 tillika,
853 1343 7 20 i
876 1342 106 22 öfverens-

220 1378 122 22 stämmelse
359 1379 48 21 med
419 1379 54 21 1867
490 1378 35 22 års
540 1378 102 22 Ständers
653 1378 72 22 beslut
740 1378 7 21 i
757 1379 79 24 ämnet,
852 1376 129 22 föreskrifna

220 1412 77 26 vilkor,
323 1412 111 22 deribland
458 1414 43 25 det,
527 1414 32 20 att
583 1413 153 27 lägenheterna
759 1412 68 20 skulle
853 1410 127 22 storskiftas.

220 1447 89 21 Kronan
331 1447 13 21 å
367 1448 32 20 sin
422 1448 47 20 sida
491 1447 39 21 har
544 1447 63 21 alltså
622 1447 125 27 härigenom
763 1446 41 21 ock
819 1445 68 21 utfäst
901 1445 33 27 sig
948 1446 33 20 att

220 1480 24 22 åt
259 1481 132 22 landboarne
405 1482 69 21 under
489 1482 126 26 eganderätt
631 1481 111 26 öfverlåta,
766 1480 23 22 åt
809 1480 80 21 enhvar
904 1480 40 21 den
960 1479 23 21 af

290 1522 150 17 Statsutskottets
453 1522 115 17 betänkande
581 1523 37 16 N:o
633 1522 17 16 9.
793 1518 2 2 |
