1086 1717
118 1187 11 23 8
142 1187 27 18 18.

239 159 27 22 16
437 159 24 22 U.
477 159 24 23 B.
517 172 27 3 —
559 159 64 29 Prop.
634 158 42 22 N:o
690 158 35 24 32,

206 222 100 22 varande
321 221 108 29 landtdag:
440 222 121 22 medhinna
569 221 233 29 strafflagsförslagets
810 220 143 28 behandling,

210 256 41 22 har
265 256 112 22 Utskottet
391 258 76 20 ansett
479 256 136 28 stadgandet
629 256 55 22 böra
698 256 131 22 bibehällas.

279 290 81 27 Tredje
385 290 41 22 och
451 290 72 28 fjerde
544 293 125 19 momenten.
693 290 86 22 handla
801 296 36 15 om
859 288 95 29 speciela

210 324 203 26 bankförbrytelser
431 325 41 21 och
488 324 120 22 återfinnas
622 324 73 22 derför
710 324 51 21 icke
775 324 8 21 i
799 322 155 28 strafflagsför-

212 358 78 28 slaget.
319 358 175 22 Vidkommande
517 359 27 21 de
567 359 35 21 för
624 359 78 28 dylika
717 358 168 22 öfverträdelser
900 356 54 22 före-

211 393 81 27 slagna
304 392 128 22 kriminella
446 393 110 28 påföljder
571 393 41 22 har
627 393 112 21 Utskottet
754 392 50 22 icke
816 392 85 24 kunnat
912 390 42 22 för-

208 435 46 14 ena
276 427 35 28 sig
333 434 34 15 om
391 427 43 22 den
457 428 141 27 bestämning
613 429 33 20 att
660 427 93 22 böterna
768 427 64 21 skola
846 426 110 22 beräknas

211 461 57 22 efter
290 462 102 27 beloppet
415 462 25 21 af
461 462 26 21 de
511 462 135 27 obehörigen
667 462 87 27 utgifna
773 460 184 23 skuldförbindel-

212 503 72 14 serna.
314 497 34 27 Ty
370 496 87 22 oafsedt
472 496 37 22 det
524 496 126 28 principielt
665 496 98 27 oriktiga
777 495 79 26 häruti,
872 495 85 21 komme

214 530 170 28 ifrågavarande
406 531 63 21 böter
491 531 37 21 väl
550 531 124 21 merändels
690 533 32 19 att
737 531 60 26 stiga
811 530 34 21 till
861 530 24 21 så
899 529 59 28 höga

211 571 103 21 summor,
330 567 32 19 att
378 565 42 22 den
435 565 104 22 sakfälde
554 565 50 22 icke
615 565 105 22 mäktade
731 565 92 27 erlägga
831 564 56 27 dem,
895 564 62 21 hvar-

212 599 90 28 igenom
324 599 103 22 höternas
450 599 143 28 förvandling
615 600 34 21 till
672 599 144 22 frihetsstraff
828 599 8 20 i
851 599 27 20 de
895 598 63 21 flesta

212 633 42 22 fall
280 633 73 22 blefve
375 633 146 28 oundvikligt.
551 634 112 21 Utskottet
685 633 41 22 har
749 633 72 22 derför
846 633 113 20 reducerat

213 668 180 27 bötesbeloppen,
408 675 50 14 men
473 668 7 21 i
497 669 74 20 stället
589 669 32 21 uti
636 668 111 21 hvardera
761 669 117 20 momentet
891 667 67 27 jemte

211 702 65 21 böter
291 702 68 21 infört
374 709 26 14 en
417 709 74 16 annan
507 703 104 27 straffart,
626 703 112 26 nämligen
753 701 169 28 fängelsestraff.

283 736 98 21 Emedan
405 737 27 21 de
451 736 147 28 stadganden,
614 737 26 21 61
656 737 52 27 kap.
724 736 47 21 MB.
787 735 123 22 innehåller
924 741 35 15 om

213 771 140 27 delaktighet
367 771 8 20 i
390 771 59 21 brott
467 773 62 25 synts
547 771 111 21 Utskottet
673 777 53 15 vara
742 770 91 21 alldeles
849 769 109 28 tillfylles-

211 805 101 28 görande
327 805 34 21 för
376 805 26 21 de
419 805 168 22 öfverträdelser
603 812 45 15 som
664 805 93 22 omtalas
773 805 7 20 i
796 804 105 21 nästsista
915 810 44 15 mo-

213 841 83 20 mentet
310 839 8 21 i
333 846 29 14 nu
385 839 144 22 förevarande
552 841 19 26 $,
596 839 40 22 har
658 839 95 22 nämnde
768 841 95 19 moment
878 839 82 20 ansetts

214 874 78 21 kunna
308 873 117 22 undvaras.

284 908 34 21 De
341 908 8 21 i
370 908 126 27 punkterna
514 909 13 20 2
546 908 40 21 och
602 908 14 21 3
631 907 145 24 omförmälda
789 906 171 23 öfverträdelser

214 944 39 19 äro
277 942 69 27 enligt
369 942 123 21 Utskottets
516 942 59 27 åsigt
598 942 50 22 icke
664 942 26 21 af
703 942 43 21 den
761 941 153 22 beskaffenhet
929 942 31 20 att

216 976 43 21 den
275 976 108 27 sakfälde,
399 983 34 14 om
449 976 44 21 han
509 977 20 27 ej
545 977 46 20 kan
606 976 68 27 gälda
688 977 100 26 böterna,
796 975 67 22 borde
871 975 89 22 försona

216 1011 112 20 desamma
351 1010 49 21 med
415 1010 100 28 fängelse
530 1010 38 22 vid
582 1012 76 20 vatten
674 1010 41 21 och
731 1010 64 27 bröd;
811 1009 85 22 hvilket
911 1009 49 22 med

215 1044 43 21 den
282 1045 7 20 i
312 1044 165 27 propositionen
492 1045 129 27 föreslagna
636 1044 85 28 lydelse
737 1045 25 20 af
775 1044 54 21 sista
844 1045 117 20 momentet

215 1079 88 20 komme
318 1080 32 19 att
365 1079 95 27 inträffa,
477 1079 72 21 derest
565 1079 63 27 dylik
644 1079 158 22 öfverträdelse
812 1078 106 27 beginges
928 1078 32 21 in-

216 1119 45 15 nan
285 1113 27 20 de
327 1113 7 20 i
350 1113 164 27 propositionen
537 1119 35 15 om
591 1120 30 20 ny
643 1113 103 27 strafflag
761 1113 130 27 föreslagna
903 1112 58 21 stad-

216 1147 89 27 ganden
321 1153 35 14 om
371 1147 195 27 strafförvandling
580 1147 76 21 kunde
671 1147 89 21 komma
775 1149 32 19 att
822 1147 117 27 tillämpas.
958 1156 2 2 :

286 1181 11 21 I
320 1181 37 21 det
379 1181 218 27 petitionsmemorial
620 1188 46 14 som
688 1181 38 22 vid
745 1181 144 22 sistförflutna
903 1182 59 20 stän-

217 1215 96 22 dermöte
335 1215 91 21 väcktes
449 1215 116 28 angående
583 1215 97 22 revision
696 1215 25 22 af
735 1215 56 22 1866
807 1215 35 21 års
857 1215 105 27 bauklag,

216 1249 130 28 ifrågasatte
362 1249 202 28 förslagsställaren
580 1249 129 28 lämplighet
722 1249 25 22 af
755 1249 34 22 det
800 1249 5 22 i
814 1249 149 28 nyssnämnda

217 1283 143 28 författnings
383 1284 76 21 22:dra
483 1285 12 26 &
513 1284 110 28 ingående
638 1284 131 27 stadgande,
784 1283 85 22 hvilket
881 1283 83 28 jemväl

217 1318 111 21 uteslutits
352 1317 25 21 af
396 1318 105 27 komitén,
517 1325 49 14 men
589 1320 79 19 nästan
691 1318 120 27 ordagrant
826 1318 90 27 intagits.
932 1318 32 22 uti

218 1353 13 25 8
248 1352 26 22 18
290 1352 7 21 i
312 1352 172 28 propositionen.
512 1346 72 28 Äfven
607 1352 111 22 Utskottet
740 1352 71 22 finner
831 1352 60 21 detta
906 1352 58 22 stad-

218 1386 74 28 gande
308 1386 104 28 temligen
423 1386 148 28 öfverflödigt;
583 1393 50 17 men
644 1382 26 37 då
677 1386 114 28 Styrelsen
797 1393 68 21 synes
873 1386 37 22 vid
919 1386 45 22 det-

218 1426 84 15 samma
317 1420 58 22 fästa
389 1420 98 22 särskild
502 1420 52 28 vigt,
570 1420 41 22 har
628 1420 111 23 Utskottet
755 1420 20 28 ej
791 1420 59 22 velat
865 1420 102 28 afstyrka

217 1454 52 22 dess
285 1454 131 28 antagande.

290 1493 153 18 Bankutskottets
457 1493 114 18 betänkaude
582 1494 38 18 N:o
631 1495 17 17 4.
