1086 1717
243 156 29 20 24
452 155 24 23 U.
492 154 23 24 B:
532 166 29 6 —
577 154 64 30 Prop.
657 154 38 22 N:o
711 154 39 23 35.

213 212 33 22 till
262 213 120 21 inrättande
397 212 23 22 af
433 213 115 21 framdeles
563 212 103 22 odelbara
679 210 208 28 kommunalskogar,
904 208 66 23 likväl

213 247 85 21 förenat
320 247 32 27 sig
373 254 35 15 om
430 248 32 20 att
484 247 129 22 ätminstone
630 246 34 22 för
679 246 58 22 tiden
753 245 34 22 för
801 244 169 28 löseskillingens

214 282 129 26 amortering
358 282 63 21 ställa
436 282 46 21 sina
497 282 78 26 skogar
589 281 69 21 under
672 286 129 22 gemensam,
824 279 82 21 ordnad
927 278 43 22 för-

213 315 102 27 valtning.
345 311 67 27 Äfven
434 316 63 22 häraf
516 322 51 15 vore
590 315 106 27 nemligen
713 315 57 27 goda
783 314 84 21 frukter
881 314 32 21 att
927 313 43 21 för-

213 351 73 25 vänta,
308 350 39 21 och
370 350 110 22 deribland
498 350 108 22 mähända
620 350 63 21 äfven
698 350 48 25 den,
769 350 32 20 att
823 348 125 27 delegarene
962 346 8 22 i

214 384 42 22 den
272 384 90 22 sålunda
375 384 117 22 förvaltade
508 384 80 28 skogen
603 384 65 21 funne
688 384 31 26 sig
734 383 7 21 i
756 383 53 27 följd
824 382 23 22 af
860 382 31 21 sin
907 381 63 21 emel-

213 418 66 22 lertid
300 425 71 16 vunna
393 418 70 23 bättre
481 419 66 27 insigt
561 419 8 20 i
584 418 145 28 skogsskötsel
744 417 91 22 manade
851 417 32 21 att
898 417 26 20 än
939 414 31 22 vi-

214 453 52 22 dare
280 453 110 22 utsträcka
404 454 59 21 tiden
477 454 34 21 för
525 454 41 21 den
581 459 159 22 gemensamma
754 451 162 26 förvaltningen.

286 487 49 22 Med
358 488 112 27 anledning
492 488 101 26 slutligen
615 487 23 22 af
652 486 182 23 Kommissionens
855 485 79 26 förslag
950 484 19 33 ej

215 519 83 24 mindre
314 523 79 25 derom,
409 524 32 19 att
455 523 88 20 Kronan
559 522 68 21 skulle
643 522 33 21 till
691 520 102 23 bildande
809 520 22 21 af
839 513 132 28 kommunal-

216 556 79 27 skogar
319 556 7 21 i
352 556 123 27 erforderlig
499 563 50 14 mon
573 556 89 27 bidraga
686 555 91 22 medelst
801 553 125 23 afträdande
950 552 23 22 af

214 591 169 26 öfverloppsjord
398 591 51 21 eller
463 591 134 26 Kronopark,
618 592 28 19 än
661 591 40 20 ock
716 589 132 22 beträffande
863 589 65 20 sättet
937 587 34 21 för

215 625 63 21 dessa
292 624 88 28 skogars
395 625 134 27 förvaltning,
544 625 34 21 får
593 625 112 21 Utskottet
719 624 96 27 upplysa,
832 623 36 21 det
882 621 89 22 Utskot-

213 660 33 21 tet
268 659 69 21 funnit
352 659 32 27 sig
397 659 116 22 föranlåtet
528 661 32 19 att
574 659 8 21 i
598 659 38 21 sitt
650 658 135 22 betänkande
800 658 7 20 i
821 656 113 27 anledning
950 655 23 22 af

214 693 79 27 nådiga
307 694 158 26 propositionen
481 701 34 14 om
531 694 120 27 antagande
674 693 23 22 af
710 693 100 27 skogslag
831 692 34 21 för
880 690 91 22 Finland

214 727 86 26 föreslå,
322 729 67 20 under
411 729 161 21 nedannämnde
588 728 24 27 $$
627 728 7 21 i
650 728 64 27 sagde
729 727 42 27 lag,
794 726 99 27 följande,
915 725 55 21 före-

214 762 93 21 varande
330 764 61 20 ämne
409 763 91 21 rörande
516 763 40 21 och
570 762 47 22 frän
633 762 26 21 de
674 761 151 22 motsvarande
840 759 130 22 bestämnin-

213 802 67 21 garna
295 797 7 20 i
316 797 159 26 propositionen
489 797 113 21 afvikande
618 796 132 27 stadganden
768 801 34 15 om
816 795 88 21 Kronan
914 798 56 16 ome-

214 831 85 21 delbart
320 831 95 27 tillhörig
437 831 125 27 skogsmark
584 831 108 21 äfvensom
716 836 35 15 om
771 828 143 27 samfällighet
928 827 43 21 till-

214 865 62 27 hörig
292 865 39 21 och
346 871 34 15 om
395 867 130 25 gemensamt
539 865 107 22 förvaltad
661 863 134 28 skogsmark:

569 927 12 27 8
597 927 19 21 3.

285 967 99 27 »Kronan
395 967 95 27 tillhörig
505 967 131 27 skogsmark,
653 973 45 15 som
712 965 97 22 hvarken
823 963 101 23 särskildt
938 963 34 22 för

215 1001 32 27 sig
270 1001 52 22 eller
342 1001 8 22 i
372 1001 97 27 förening
490 1001 49 22 med
562 1007 77 20 annan,
661 1007 78 20 genom
761 999 43 27 köp
821 999 60 21 elller
895 997 76 28 utbyte

214 1042 85 15 vunnen
312 1035 50 28 jord
376 1035 42 22 kan
433 1035 114 28 lämpligen
562 1035 108 22 användas
681 1035 33 21 till
724 1033 135 27 Kronopark,
875 1032 95 27 nybygge

215 1070 53 21 eller
285 1070 130 26 Kronotorp,
437 1069 36 22 må
495 1069 70 22 såsom
580 1069 91 22 samfäld
693 1068 105 28 egendom
819 1067 93 21 tilldelas
934 1072 38 15 an-

214 1104 120 27 gränsande
356 1103 124 28 lägenheter
501 1105 58 20 emot
584 1103 155 27 uppskattning
764 1102 23 21 af
809 1101 162 27 lägenheternas

214 1138 83 21 mantal
319 1138 52 21 eller
393 1137 69 28 skälig
484 1138 134 27 skogsränta.
648 1137 57 27 Vilja
727 1136 20 27 ej
766 1133 206 30 lägenhetsinnehaf-

214 1178 52 15 vare
281 1172 88 21 marken
385 1171 69 22 såsom
470 1172 90 21 samfäld
582 1171 104 28 egendom
709 1171 117 26 öfvertaga,
849 1169 123 22 ankommer

215 1206 37 21 det
274 1205 13 22 å
301 1206 92 22 Senaten
415 1208 33 19 att
471 1206 125 26 bestämma,
619 1205 106 22 huruvida
747 1203 153 28 skogsmarken
917 1202 55 23 skall

214 1240 34 22 för
264 1241 99 21 Kronans
378 1240 89 27 räkning
481 1241 103 21 förvaltas
600 1240 52 21 eller
674 1239 40 22 ock
737 1238 98 23 enskilda
849 1237 123 28 lägenheter

214 1276 60 20 emot
288 1274 154 28 uppskattning
457 1275 22 21 af
492 1275 80 21 mantal
588 1274 53 22 eller
656 1273 127 28 skogsränta
802 1272 107 27 tilläggas;
932 1270 40 22 och

214 1309 36 22 må
264 1309 75 21 härvid
354 1309 108 21 företräde
477 1309 67 27 gifvas
560 1308 22 22 åt
597 1306 256 30 lägenhetsinnehafvare,
869 1312 45 15 som
929 1305 43 21 för-

214 1343 67 22 binda
296 1344 31 26 sig
343 1345 33 19 att
390 1343 13 21 å
418 1344 46 20 sina
479 1343 125 27 lägenheter
618 1342 70 22 införa
702 1341 95 23 ordnadt
812 1340 136 27 skogsbruk."

526 1406 12 27 $
554 1406 12 20 7
583 1406 37 27 (ny
635 1405 28 27 S)

285 1446 56 26 ,Har
356 1446 93 26 Kronan,
469 1445 66 27 enligt
550 1445 12 27 $
578 1446 12 20 3
606 1445 52 21 eller
673 1444 68 27 eljest,
758 1443 34 23 till
807 1442 88 22 samfäld
910 1448 63 21 egen-

214 1480 50 22 dom
280 1479 22 22 åt
312 1480 97 21 enskilda
418 1480 130 26 lägenheter,
564 1479 143 27 samfällighet
718 1478 53 22 eller
781 1477 107 21 Kommun
899 1476 75 22 afstått

284 1519 149 18 Statsutskottets
445 1519 116 18 betänkande
574 1519 38 17 N:o
628 1519 17 17 9.
