1086 1717
259 150 26 20 26

461 150 23 22 U.
501 149 22 24 B.
539 162 30 5 —
584 150 62 28 Prop.
662 152 36 21 N:o
714 150 37 23 34.

364 207 55 27 ping
437 207 43 27 får
502 208 94 21 deremot
618 208 70 21 sådan
704 208 143 28 partihandel
863 208 21 27 ej
899 207 85 28 utöfvas

367 242 69 20 såsom
452 242 97 21 särskild
564 244 87 26 näring.

435 278 21 20 2.
488 276 108 28 Rättighet
618 278 36 20 till
670 277 142 28 partihandel
831 276 47 21 med
894 275 90 21 bränvin

367 310 60 20 sökes
442 310 38 21 hos
495 312 120 26 magistrat,
632 318 43 14 som
685 312 144 27 öfverlemnar
837 310 147 27 ansökningen

367 344 35 20 till
418 345 212 29 stadsfullmäktiges
638 347 57 25 eller,
704 346 39 20 der
753 346 84 20 sådana
850 345 45 21 icke
901 345 83 27 finnas,

367 378 187 23 rädhusstämmas
559 380 115 28 pröfning.
691 376 33 25 Är
736 381 115 27 magistrat
858 379 48 21 med
914 378 71 22 stads-

362 413 143 29 fullmäktige
528 415 51 21 eller
601 415 175 22 rädhusstämma
801 422 48 14 ense
872 421 31 14 om
921 413 64 28 bifall

367 449 52 20 eller
435 449 73 28 afslag
524 450 13 20 å
553 449 155 28 ansökningen,
720 450 51 20 eller
782 449 71 28 afslås
860 449 124 20 densamma

367 483 31 27 af
416 483 199 28 stadsfullmäktige
638 485 52 20 eller
715 483 181 26 rådhusstämma,
920 482 65 27 blifve

367 517 76 21 dervid
451 518 108 21 beroende.
575 518 95 28 Bifalles
681 518 147 27 ansökningen
839 518 24 27 af
870 517 115 28 stadsfull-

367 552 93 28 mäktige
477 552 50 21 eller
550 553 181 26 vädhusstämma,
750 559 47 14 men
813 553 70 27 afslås
899 551 29 28 af
938 558 47 13 ma-

366 587 112 27 gistraten,
502 587 144 27 öfrverlemnas
668 587 89 20 ärendet
771 587 35 20 till
821 586 164 27 länestyrelsens

367 621 127 28 afgörande.

652 685 12 27 $
681 686 20 20 4.

439 724 75 22 Såsom
530 725 6 21 i
552 732 19 14 n.
588 731 59 21 prop.

652 808 16 23 $
684 807 20 20 5.

437 846 41 25 De,
493 853 46 14 som
554 847 67 26 enligt
636 847 15 26 $
673 847 6 20 1
695 853 61 13 mom.
772 847 14 19 3
802 846 7 20 i
820 845 164 28 förordningen

368 880 30 27 af
409 880 72 21 denna
497 880 48 27 dag,
562 881 111 27 angående
688 880 94 21 vilkoren
795 880 44 27 för
846 879 138 27 tillverkning

367 915 31 26 af
409 914 97 27 bränvin,
523 915 46 20 icke
580 915 28 27 jä
624 915 49 20 med
688 914 60 28 dylik
763 914 130 27 handteriny
906 915 34 26 sig
951 914 35 20 be-

366 948 65 27 fatta,
448 949 35 20 må
499 949 21 26 ej
535 949 83 21 erhålla
634 949 102 28 rättighet
751 949 35 21 till
798 949 74 28 parti-
882 949 52 20 eller
945 949 40 20 mi-

367 977 126 27 nuthandel
509 984 47 20 med
572 983 92 21 bränvin
680 984 51 21 eller
748 983 147 27 utskänkniny
911 983 74 27 deraf;

367 1017 54 21 dock
444 1025 50 13 vare
517 1019 45 20 dem
588 1018 44 21 icke
649 1018 134 28 förmenadt
800 1021 32 18 att
848 1019 50 26 ingå
914 1018 70 20 såsom

367 1051 99 28 delegare
482 1053 6 19 i
504 1053 80 20 sådant
605 1053 33 20 uti
653 1053 142 27 sedlighetens
817 1053 87 20 intresse
921 1059 63 20 orga-

367 1087 98 20 niseradt
481 1087 67 26 bolag,
565 1094 43 13 som
626 1088 8 19 i
649 1091 16 22 $
681 1089 13 19 9
711 1087 146 28 omförmäles.

649 1168 15 27 $
680 1169 20 20 6.

435 1208 19 19 1.
466 1207 16 20 I
493 1207 49 20 stad
558 1215 34 20 ege
604 1208 115 27 magistrat
735 1208 56 20 inom
799 1207 97 21 Januari
904 1206 81 21 månad

366 1241 132 21 hvartannat
521 1243 25 19 år
576 1242 134 27 öfrerlemna
739 1243 22 19 åt
787 1241 197 28 stadsfullmäktige

366 1275 58 27 eller,
448 1276 38 20 der
516 1276 82 21 sädane
625 1276 45 21 icke
695 1276 84 28 finnas,
809 1275 175 21 rådhusstämma

367 1312 30 18 att
429 1310 87 26 besluta,
553 1311 109 21 huruvida
696 1310 39 21 och
765 1311 34 20 till
836 1310 78 28 hvilket
945 1317 40 13 an-

366 1345 32 20 tal
413 1345 127 27 rättigheter
555 1346 26 20 till
613 1346 155 26 utminutering
785 1345 36 20 och
837 1344 148 28 utskänkning

367 1379 29 27 af
407 1378 215 28 spritdrycker"
573 1374 52 37 böra
628 1380 46 26 för
684 1379 197 21 nästinstundande
893 1380 34 20 två
933 1379 53 27 för-

366 1413 138 27 säljningsår
518 1414 110 26 upplåtas,
644 1414 110 27 äfvensom
770 1414 9 20 i
793 1414 84 20 hvilken
892 1414 57 20 trakt
961 1413 30 27 af

366 1448 76 20 staden
466 1448 75 26 hvarje
562 1449 179 27 utminuterings-
763 1448 37 21 och
817 1448 170 27 utskänknings-

366 1482 63 20 ställe
440 1482 77 27 finnas
533 1484 41 20 må.

297 1521 190 18 Ekonomiutskottets
501 1522 114 18 betänkande
628 1523 37 17 N:o
678 1522 17 17 5.
