1086 1717
239 141 14 21 4
397 140 80 23 Ständ.
493 140 36 23 Sv.
544 153 28 4 —
588 141 71 28 Prop.
675 141 39 22 N:o
729 140 34 23 32.

210 202 35 22 tal
267 203 98 28 nedgått
387 203 39 21 till
448 203 71 22 nittio
537 206 97 26 procent
650 204 26 21 af
688 204 172 28 grundfonden,
876 204 93 21 komme

210 237 62 21 dock
288 239 35 19 att
338 238 153 28 synnerligen
507 238 88 29 ojemnt
610 238 69 22 träffa
694 238 63 22 olika
767 238 95 22 banker.
887 238 38 22 En
936 238 34 22 äl-

211 271 41 21 dre
274 271 65 22 bank
360 272 53 21 med
433 274 34 19 ett
481 272 172 29 jemförelsevis
668 272 69 29 ringa
753 272 155 29 aktiekapital
924 272 45 22 och

209 305 71 22 hvars
305 306 156 22 förbindelser
484 306 172 29 mångdubbelt
681 306 128 29 öfverstiga
832 306 136 29 detsamma,

210 339 80 22 kunde
306 340 98 22 sålunda
419 340 87 22 förlora
521 340 54 22 hela
590 340 37 22 sin
640 341 145 27 reservfond,
797 343 58 19 utan
866 343 35 19 att
910 340 59 22 ban-

209 374 60 21 kens
292 374 97 28 styrelse
409 374 102 22 behöfde
526 374 98 29 vidtaga
638 375 85 28 åtgärd
739 382 36 14 om
789 375 181 28 grundfondens

210 408 180 29 uppbringande
406 408 37 22 till
459 408 52 22 dess
521 409 168 29 ursprungliga
699 409 92 29 belopp,
803 409 97 21 oaktadt
910 409 58 21 ban-

210 442 59 21 kens
285 443 146 21 återstående
447 443 91 28 kapital
553 443 52 22 icke
620 443 109 29 utgjorde
745 451 48 14 mer
809 447 29 18 än
854 451 29 14 en
898 443 70 29 ringa

210 477 38 21 del
272 476 26 22 af
317 476 53 22 dess
392 477 110 28 samtliga
523 477 162 24 förbindelser.
714 478 111 21 Deremot
847 477 75 22 skulle
938 485 29 14 en

208 511 140 28 nyinrättad
362 511 70 28 bank,
448 511 70 22 hvars
540 512 129 28 tillgångar
688 512 42 21 och
746 512 155 21 förbindelser
915 512 53 21 icke

212 545 66 22 stode
300 545 9 22 i
328 546 25 21 så
367 545 89 29 ojemnt
478 545 147 22 förhållande
641 546 38 21 till
694 546 137 28 hvarandra,
849 546 43 21 och
906 546 63 22 hvil-

209 579 47 21 ken
280 582 64 19 ännu
365 579 52 22 icke
433 579 87 22 hunnit
535 580 73 21 samla
622 581 79 28 någon
716 581 147 28 betydligare
879 588 89 14 reserv-

210 613 64 29 fond,
290 613 73 21 redan
378 621 84 20 genom
477 621 30 14 en
521 614 90 21 mindre
626 615 85 21 förlust
726 615 74 21 blifva
813 616 106 27 tvungen
929 615 39 21 till

209 647 150 29 liqvidation,
382 647 74 22 ehuru
474 648 52 21 dess
542 649 146 21 återstående
704 649 91 28 kapital
809 649 74 21 måste
899 656 69 14 anses

210 689 57 14 vara
289 681 56 22 fullt
366 682 141 29 tillräckligt
530 684 35 20 att
583 683 138 21 säkerställa
736 683 232 28 fordringsegarenes

209 718 54 19 rätt.
295 715 132 22 Ständerna
449 717 71 21 hafva
542 717 78 21 derför
636 717 175 22 omformulerat
827 717 141 28 stadgandet

210 749 90 22 derhän
324 751 35 20 att
381 751 109 21 anmälan
512 751 42 21 hos
576 751 100 29 publika
691 751 111 22 ombudet
816 751 43 22 bör
875 751 39 22 ske
932 752 36 20 så-

209 785 71 21 framt
302 785 177 28 grundfondens
502 785 155 28 aktiekapital
678 786 99 27 nedgätt
799 785 74 22 under
895 785 70 22 nittio

208 820 100 27 procent
330 819 44 21 och
396 819 97 22 bankens
509 819 142 28 förbindelser
668 820 99 27 derjemte
782 819 116 29 öfverstiga
912 819 55 28 fem-

208 853 79 23 dubbla
302 853 93 28 beloppet
409 853 28 28 af
448 853 25 22 de
489 853 100 23 behållna
605 854 155 29 tillgångarna.

280 888 34 21 På
330 887 39 22 det
384 889 35 20 att
433 887 181 29 publikationen
632 889 26 21 af
670 888 220 28 årsredovisningen
900 888 68 21 verk-

208 922 66 29 ligen
288 922 73 21 måtte
376 923 119 20 motsvara
511 923 41 20 sitt
567 922 108 22 ändamål
686 924 35 20 att
731 922 66 29 gifva
808 922 159 21 allmänheten

209 964 29 13 en
254 955 141 29 fullständig
410 955 51 22 bild
471 956 26 21 af
504 956 106 22 bankens
621 957 119 28 ställning,
751 957 72 21 hafva
833 956 134 23 Ständerna

210 990 174 22 omformulerat
399 991 13 20 2
427 997 68 15 mom.
513 991 27 22 10
555 991 29 27 $i
594 991 170 28 hufvudsaklig
779 991 138 28 anslutning
928 991 38 20 till

208 1024 118 22 komitöns
341 1024 94 29 förslag.

277 1059 53 21 Den
351 1058 88 29 nådiga
461 1059 188 28 propositionens
672 1060 58 21 11:te
752 1059 112 28 paragraf
881 1059 87 21 hänför

208 1093 37 28 sig
260 1093 39 21 till
314 1093 46 21 den
376 1094 36 20 art
427 1093 26 21 af
465 1093 218 27 bankverksamhet,
700 1100 49 14 som
763 1093 42 21 har
819 1093 40 21 till
868 1093 99 21 föremäl

207 1127 153 28 utgifvandet
375 1127 26 21 af
414 1127 195 28 amorteringslän
626 1128 30 28 pä
671 1127 82 28 längre
769 1127 197 28 äterbetalnings-

206 1161 37 28 tid
266 1161 45 22 och
334 1160 140 22 utfärdande
491 1161 25 21 af
529 1161 59 22 efter
602 1161 64 22 vissa
682 1162 25 21 är
722 1161 122 22 betalbara
859 1161 107 22 räntebä-

206 1195 73 22 rande
302 1195 163 28 obligationer,
488 1195 100 22 hvarvid
608 1195 141 29 stadgandet
763 1195 104 22 affattats
883 1196 25 21 sä
924 1196 42 21 all-

206 1232 72 25 mänt,
296 1231 34 20 att
346 1229 69 21 äfven
430 1229 97 28 vanliga
541 1229 196 28 handelsbanker,
754 1229 77 22 sävidt
847 1229 66 22 deras
924 1230 41 21 ak-

206 1263 126 29 tiekapital
351 1264 91 28 uppgär
462 1263 39 22 till
516 1271 29 14 en
559 1263 92 22 million
666 1263 72 27 mark,
755 1267 38 17 äro
809 1263 154 29 berättigade,

207 1301 34 19 att
256 1298 42 22 vid
314 1298 67 22 sidan
397 1298 26 21 af
437 1298 37 21 sin
489 1298 76 28 öfriga
586 1298 87 22 rörelse
688 1298 108 22 bedrifva
812 1298 69 21 äfven
896 1298 70 21 först-

206 1332 106 30 antydda
327 1332 51 28 slag
393 1332 26 21 af
432 1332 234 29 kreditoperationer.
696 1332 37 21 Då
748 1332 216 28 depositionsrörel-

206 1374 42 14 sen
270 1367 93 28 intager
384 1374 30 14 en
431 1366 134 29 betydande
581 1367 61 28 plats
657 1366 9 22 i
681 1374 30 14 en
725 1366 148 21 kommersiel
887 1366 78 21 banks

206 1401 84 21 affärer
312 1400 44 22 och
378 1400 95 22 banken
495 1400 67 22 alltid
577 1401 73 21 mäste
666 1408 57 14 vara
738 1400 87 22 beredd
840 1400 31 28 pä
885 1402 79 26 uttag-

204 1435 60 29 ning
272 1435 27 21 af
306 1435 165 28 depositioner,
488 1435 61 21 helst
564 1435 87 21 sädana
667 1438 39 18 äro
718 1434 120 22 betalbara
849 1434 114 28 antingen
