1086 1717
552 153 40 23 N:o
606 153 36 23 36.

499 420 204 41 Förslag

583 489 32 18 till

240 540 144 34 Förordning
403 547 36 20 om
458 541 122 27 införande
598 541 24 27 af
641 548 30 27 ny
689 542 86 27 allmän
793 541 110 32 strafflag
920 541 38 26 för

278 581 232 27 Storfurstendömet
529 581 91 28 Finland
640 582 43 27 och
702 581 59 27 hvad
780 581 6 26 i
805 581 114 27 afseende

456 621 59 27 derå
533 622 61 27 skall
614 619 127 36 iakttagas.

292 729 48 26 18.
372 729 49 22 Den
442 730 106 22 allmänna
563 730 95 29 strafflag
674 730 39 22 och
727 729 122 29 förordning
864 737 34 14 om
913 729 61 21 verk-

215 762 111 28 ställighet
340 763 23 21 af
375 763 64 26 straff,
451 764 74 22 hvilka
539 773 29 13 nu
583 764 71 22 blifvit
664 764 76 28 gillade
751 764 39 21 och
801 765 96 27 antagna,
908 763 65 26 skola,

218 795 71 23 tillika
304 797 49 21 med
368 797 55 22 hvad
438 798 8 21 i
461 798 70 22 denna
544 798 122 29 förordning
681 798 88 29 stadgas,
782 798 59 22 träda
856 797 8 22 i
878 797 96 29 gällande

217 830 59 23 kraft
290 831 40 21 den
343 832 11 21 1
365 831 91 22 Januari
468 833 25 21 18
525 849 4 4 .
560 826 17 28 Å
594 841 80 14 samma
689 833 40 28 dag
743 832 58 22 skola
814 831 159 29 Missgernings-

217 864 40 22 och
281 864 169 24 Straffbalkarne
465 866 8 22 i
490 867 55 21 1734
567 867 33 22 års
620 867 34 28 lag
672 869 55 20 samt
741 867 42 21 alla
797 866 26 22 de
838 866 135 28 stadganden,

218 898 75 22 hvilka
308 899 92 22 förklara
415 901 52 21 eller
482 901 64 22 ändra
560 901 64 28 något
638 901 8 22 i
661 902 63 27 sagda
739 901 74 22 balkar
827 900 52 22 eller
889 900 84 28 tillägga

218 932 64 29 något
296 933 33 22 till
345 933 53 27 dem,
415 935 95 28 upphöra
525 937 31 20 att
570 936 61 27 gälla.
662 935 47 28 Lag
723 942 80 15 samma
818 942 50 14 vare
883 942 33 14 om
932 934 41 22 för-

215 967 120 28 ordningen
358 968 108 29 angående
488 969 160 29 verkställighet
665 969 24 22 af
706 969 136 22 frihetsstraff
854 968 23 22 af
890 968 39 22 den
945 969 28 21 26

217 1000 125 23 November
365 1003 60 26 1866,
445 1005 58 20 utom
519 1003 8 22 i
542 1003 25 22 de
585 1003 43 26 fall,
644 1003 27 22 då
688 1003 93 28 fängelse
797 1003 36 21 vid
848 1004 71 20 vatten
934 1003 39 21 och

216 1035 53 21 bröd
284 1035 38 22 bör
337 1036 102 28 undergås
461 1037 31 22 för
511 1037 61 25 brott,
588 1037 66 29 enligt
676 1037 56 22 hvad
747 1037 7 22 i
770 1037 69 22 denna
853 1036 121 29 förordning

216 1069 134 22 bestämmes.

290 1103 86 22 Samma
391 1104 40 29 dag
445 1105 60 22 skola
519 1106 39 21 ock
573 1106 41 21 alla
630 1106 26 21 de
672 1106 31 22 uti
718 1105 67 29 öfriga
799 1105 74 22 balkar
885 1104 22 22 af
918 1105 55 22 1734

213 1136 37 22 års
266 1137 39 28 lag,
322 1138 51 22 eller
388 1139 7 21 i
410 1139 102 22 särskilda
531 1140 64 28 lagar,
613 1139 148 29 författningar
777 1139 51 22 eller
843 1138 129 23 vitesförbud

212 1170 63 29 gifna
289 1171 218 31 straffbestämningar
522 1173 32 22 för
568 1175 61 25 brott,
645 1174 13 22 &
672 1174 74 22 hvilka
761 1174 8 21 i
781 1173 122 28 strafflagen
914 1173 60 22 straff

213 1209 39 17 äro
267 1207 60 24 satta,
344 1207 95 28 upphöra
454 1210 31 19 att
498 1208 60 28 gälla,
575 1208 53 22 dock
644 1208 48 22 med
708 1208 25 21 de
749 1207 113 29 undantag,
879 1207 72 22 hvilka
965 1207 7 21 i

215 1239 14 21 2
245 1239 14 26 8
275 1243 94 19 nämnas.

289 1273 65 23 Hvad
369 1275 7 21 i
391 1275 70 22 denna
480 1275 121 30 förordning
619 1277 39 21 här
676 1276 68 22 nedan
761 1275 88 29 stadgas,
865 1275 53 23 skall
933 1275 39 23 ock

215 1306 47 23 från
278 1308 40 21 den
334 1308 45 29 dag,
396 1317 45 14 som
456 1314 46 24 sägs
517 1310 8 22 i
547 1312 5 20 1
569 1318 69 19 mom.,
655 1311 92 22 utesluta
763 1310 134 28 tillämpning
911 1310 23 21 af
942 1310 28 22 &l-

212 1341 41 22 dre
268 1341 113 28 föreskrift,
398 1344 87 22 hvilken
501 1344 93 23 deremot
608 1344 82 23 strider.

287 1377 13 21 2
316 1378 21 26 8.
363 1378 42 21 Till
421 1378 137 23 efterrättelse
574 1379 54 22 skall
643 1379 104 28 framgent
757 1378 69 26 lända,
838 1378 56 22 hvad
904 1378 67 21 landt-

212 1409 176 31 dagsordningen,
410 1412 130 29 kyrkolagen
554 1413 39 21 och
608 1413 94 29 sjölagen
725 1412 126 22 föreskrifva
866 1420 33 14 om
916 1412 54 22 vissa

211 1443 10 21 i
237 1443 49 23 dem
300 1446 92 22 nämnda
407 1446 60 27 brott,
484 1449 54 20 samt
552 1447 123 29 strafflagen
691 1447 32 21 för
735 1446 68 22 finska
814 1446 105 22 militären
930 1446 39 22 och
