1086 1717
336 148 25 22 U.
376 148 24 22 B.
417 160 25 3 —
459 148 66 28 Prop.
541 148 38 22 N:o
596 146 34 24 39.
809 149 27 20 43

175 214 112 22 Ehuruväl
301 214 102 21 störande
421 213 25 22 af
461 213 86 22 enskild
557 213 171 28 andaktsötning
738 214 46 22 ofta
793 213 72 22 kunde
878 213 23 17 10
912 212 92 22 Kapitlet.

106 248 86 23 straffas
207 250 71 20 såsom
292 248 169 27 hemfridsbrott,
477 250 38 20 äro
526 248 55 22 dock
591 248 39 22 fall
640 248 114 27 tänkbara,
766 249 29 22 då
805 248 62 22 detta

107 284 49 22 icke
171 286 24 20 är
209 284 91 27 möjligt,
314 285 16 19 t.
348 290 31 14 ex.
391 285 40 19 när
441 282 200 28 andaktsöfningen
652 283 70 21 hålles
732 282 7 22 i
750 290 26 15 en
787 283 80 21 allmän

107 318 59 22 lokal
188 319 52 21 eller
261 320 58 19 utom
340 318 39 21 hus
401 318 40 21 och
461 318 62 27 gård.
553 318 36 21 Då
608 318 115 21 Utskottet
740 324 65 16 anser
819 317 48 22 skäl

107 353 116 23 förefinnas
234 354 33 20 att
276 353 66 21 ställa
352 352 65 22 äfven
429 352 74 27 dylika
514 352 38 22 fall
563 352 68 22 under
642 352 139 28 strafflagens
789 352 76 28 skydd,

108 388 40 22 och
163 388 28 21 då
204 387 81 27 jemväl
300 387 108 22 våldsamt
423 387 121 21 hindrande
560 386 25 22 af
598 386 84 22 enskild
697 386 170 28 andaktsöfning

107 429 64 22 synes
186 422 53 22 böra
253 422 8 21 i
276 422 86 27 analogi
376 422 49 21 med
439 422 60 22 hvad
515 424 11 19 1
542 428 61 15 mom.
619 422 93 27 stadgar
726 428 33 15 om
769 421 98 28 offentlig

107 457 126 31 gudstjenst
250 457 105 27 beläggas
369 457 49 21 med
433 456 69 27 straff,
518 457 40 21 har
572 457 115 22 Utskottet
702 456 33 22 till
751 459 11 19 3
778 456 13 29 &
806 456 62 27 fogat

107 494 34 20 ett
155 494 49 25 nytt
218 493 99 25 moment,
333 491 152 22 innefattande
500 491 64 22 straff
576 491 35 22 för
626 491 121 28 uppsåtligt
757 491 49 22 med
815 491 52 22 våld

108 527 53 22 eller
180 527 38 21 hot
232 533 33 15 om
280 526 52 22 våld
346 526 102 22 förenadt
463 526 120 21 hindrande
599 526 25 21 af
636 525 179 28 religionsöfning
829 525 38 22 vid

108 561 84 22 enskild
208 561 165 22 sammankomst
388 561 111 22 äfvensom
516 561 121 27 uppsåtligt
652 561 102 21 störande
769 560 26 22 af
808 560 60 27 dylik

109 595 184 28 religionsöfning.

177 629 15 23 4
207 632 19 23 8.
248 631 48 20 Den
310 630 40 21 här
360 629 177 22 förekommande
548 630 237 27 äldersbestämningen
795 629 72 28 tjugu-

107 666 35 21 ett
157 665 25 21 år
196 665 40 21 har
250 665 124 22 Utskostets
387 665 72 21 flertal
471 667 73 19 ansett
554 665 52 21 böra
616 665 8 21 i
634 665 70 21 likhet
714 665 48 21 med
772 664 95 22 Gransk-

109 699 169 28 ningskomiténs
297 699 82 28 förslag
398 700 115 21 nedsättas
533 699 34 22 till
582 699 91 22 aderton
688 700 32 26 år,
736 699 89 22 emedan
840 705 27 15 en

109 740 77 21 person
202 734 24 21 af
234 734 71 21 denna
315 734 60 21 ålder
386 735 69 20 måste
467 740 64 16 anses
541 734 51 27 sjelf
600 735 74 20 kunna
684 733 90 22 bedöma
785 733 83 22 hvilket

110 769 145 22 trossamfund
270 769 43 21 han
327 769 39 22 vill
381 769 96 21 tillhöra.

371 885 36 20 11
423 884 183 27 Kapitlet.

179 940 12 23 2
210 943 18 24 $.
258 941 96 22 Emedan
369 943 13 20 2
398 941 99 27 punkten
512 943 50 25 synt
577 941 114 22 Utskottet
706 939 140 28 ofullständig
861 939 7 22 i

110 977 26 21 så
150 977 68 20 måtto
234 978 33 19 att
283 976 122 21 densamma
420 975 122 22 innehåller
557 975 63 22 straff
634 975 34 22 för
679 976 47 26 den,
737 981 44 16 som
792 975 77 27 lägger

110 1010 53 22 eller
181 1010 97 22 försöker
298 1011 65 27 lägga
383 1011 63 26 ryskt
465 1011 53 20 eller
537 1010 66 21 finskt
621 1010 88 21 område
723 1010 69 21 under
806 1009 63 21 frem-

109 1045 77 21 mande
201 1046 67 26 magt,
284 1051 48 16 men
347 1045 18 27 ej
382 1045 34 21 för
431 1045 49 26 den,
489 1051 45 15 som
544 1045 64 22 söker
618 1045 85 21 minska
713 1045 52 21 slikt
775 1043 93 26 område,

110 1081 54 20 utan
179 1081 33 20 att
227 1080 79 21 sådant
320 1080 50 21 sker
384 1079 34 22 till
434 1079 134 22 fremmande
583 1081 71 26 magts
669 1079 92 26 förmån,
777 1079 40 21 har
830 1078 39 21 Ut-

109 1114 83 21 skottet
213 1114 66 27 gifvit
301 1115 23 21 åt
347 1115 69 21 denna
439 1115 72 26 punkt
530 1121 27 15 en
575 1114 8 21 i
598 1115 73 27 någon
687 1115 48 20 mån
750 1113 119 22 förändrad

110 1148 146 28 formulering.

178 1182 15 23 4
208 1185 18 23 8.
249 1184 33 21 De
294 1183 63 22 flesta
367 1183 130 28 strafflagar
507 1184 72 26 hafva,
590 1184 68 27 jemte
668 1183 37 22 det
716 1183 26 22 de
752 1183 8 21 i
768 1181 101 23 afseende

110 1218 14 21 å
143 1217 141 22 straffbarhet
302 1218 85 22 likstält
405 1218 86 21 försökt
512 1219 39 21 och
565 1218 133 21 fullbordadt
713 1217 156 28 högförräderi,

110 1253 72 20 ansett
200 1252 78 27 nödigt
293 1254 33 20 att
341 1253 48 21 med
405 1252 65 22 straff
483 1253 95 27 belägga
593 1252 65 22 äfven
673 1252 136 27 handlingar,
825 1257 44 16 som

109 1285 108 23 innefatta
239 1286 143 23 förberedelse
403 1287 34 21 till
457 1287 63 22 detta
539 1287 64 22 brott.
633 1281 72 28 Äfven
720 1285 150 29 föreliggande

109 1321 121 27 lagförslag
251 1322 41 21 har
313 1322 52 21 stält
387 1322 34 27 sig
441 1322 31 27 pä
492 1322 71 22 denna
582 1322 141 26 ständpunkt,
738 1327 49 15 men
802 1320 68 22 under

111 1356 37 21 det
163 1356 90 27 somliga
267 1356 63 28 lagar
344 1356 98 22 förklara
457 1357 78 27 hvarje
550 1356 8 22 i
572 1356 153 27 högförrädisk
736 1355 69 27 afsigt
815 1353 55 23 före-

110 1391 67 27 tagen
196 1390 251 28 förberedelsehandling
462 1390 111 28 straffbar,
589 1390 67 22 hafva
670 1390 8 22 i
693 1390 51 22 nåd.
760 1396 60 21 prop.
836 1395 36 15 en-

111 1424 51 22 dast
180 1424 59 22 vissa
257 1426 112 21 bestämda
388 1425 134 27 handlingar
536 1425 8 21 i
558 1425 90 22 berördt
662 1424 102 22 afseende
779 1424 92 27 uppräk-

110 1461 55 19 nats.
195 1459 68 22 Detta
278 1461 64 26 utgör
357 1459 130 27 visserligen
503 1460 24 21 sä
542 1460 34 20 till
591 1460 52 21 vida
658 1466 27 15 en
704 1458 107 28 förtjenst,
827 1464 44 16 som
