1086 1717
344 152 24 22 U.
383 152 24 22 B.
423 164 26 3 —
465 152 64 28 Prop.
544 152 38 22 N:o
598 150 32 23 39.
825 152 13 20 3

113 218 125 26 förordning
252 224 35 15 om
302 217 140 27 rättegången
456 218 7 20 i
479 218 72 26 dylika
565 217 42 21 mål
623 217 23 21 af
660 218 40 20 den
716 217 26 21 28
755 216 43 28 Maj
812 216 53 22 1839

114 252 39 22 och
171 252 80 28 jemväl
272 252 86 26 intagen
379 252 68 21 under
469 252 28 21 42
516 252 11 27 8
542 252 23 21 af
578 252 103 26 förslaget
695 252 32 21 till
742 251 124 27 förordning

113 293 34 15 om
162 287 134 27 strafflagens
310 286 117 22 införande.

182 322 41 21 Vid
245 321 156 28 granskningen
423 320 23 22 af
466 320 162 28 ifrågavarande
648 320 217 28 författningsförslag

113 357 39 21 har
175 356 150 28 Lagutskottet
346 356 76 21 endast
444 356 71 21 funnit
537 356 46 21 skäl
604 356 33 21 till
658 356 94 27 följande
768 355 97 23 anmärk-

113 392 82 26 ningar.

181 426 47 22 Den
242 425 33 22 till
290 432 36 15 sex
336 425 101 22 månader
447 425 111 22 bestämda
568 426 70 27 lägsta
648 426 59 21 tiden
717 425 34 22 för
761 425 104 27 fängelse-

113 461 83 21 straffet
215 461 66 27 enligt
306 461 6 21 2
330 467 62 15 mom.
407 461 7 20 i
429 460 12 27 $
457 461 10 20 1
485 461 39 20 och
541 461 9 21 1
566 467 64 15 mom.
645 461 7 20 i
668 460 10 27 8
693 461 13 20 2
721 461 39 20 har
775 459 88 22 Utskot-

113 497 32 20 tet
167 497 70 20 ansett
258 496 52 21 böra
332 495 108 22 nedsättas
462 495 34 21 till
518 495 36 22 två
575 495 107 26 månader,
704 495 87 21 emedan
807 495 57 21 det
854 491 15 35 i

113 531 62 21 dessa
190 532 94 20 moment
298 532 81 19 utsatta
388 530 77 27 högsta
479 530 162 27 bötesbeloppet
654 532 84 19 ettusen
753 529 60 22 mark
829 536 35 15 en-

112 565 40 27 ligt
167 565 11 27 $
193 566 12 20 7
228 567 118 19 motsvarar
367 567 32 19 tre
417 564 112 22 månaders
544 565 94 27 fängelse
652 565 40 21 och
707 564 158 22 straffarternas

113 600 101 22 latituder
236 601 33 21 till
287 600 133 21 undvikande
437 600 22 21 af
473 600 73 21 luckor
561 601 7 20 i
584 599 136 22 straffskalan
735 606 62 21 synas
812 600 53 21 böra

113 634 77 22 beröra
205 635 39 21 och
258 635 66 27 något
338 635 71 27 skjuta
423 635 22 21 in
460 635 28 27 på
503 635 126 21 hvarandra.

180 669 42 21 Till
244 670 13 21 3
272 676 62 15 mom.
350 670 7 21 i
371 669 59 22 såväl
445 669 11 27 $
473 670 10 21 1
500 675 44 16 som
560 669 11 27 $
586 670 13 21 2
613 669 39 22 har
668 669 111 22 Utskottet
794 670 70 21 ansett

113 703 74 28 nödigt
199 704 50 27 foga
264 705 30 20 ett
308 705 74 26 tillägg
398 705 79 26 derom,
493 706 32 20 att
539 704 35 22 vid
589 703 174 28 tullförsnillning
778 703 39 21 och
831 703 32 21 lu-

112 739 116 27 rendrejeri
244 739 61 22 äfven
320 739 35 22 det
369 739 46 21 kärl
431 739 52 22 eller
498 740 86 27 omslag,
607 739 61 21 hvari
684 739 36 22 det
734 738 129 28 tullpligtiga

112 773 51 22 eller
184 774 148 29 lurendrejade
346 774 75 27 godset
442 774 103 27 förvaras,
561 774 39 21 bör
621 774 7 21 i
643 773 68 22 likhet
725 774 48 21 med
789 772 74 28 sjelfva

111 809 75 26 godset
200 815 52 15 vara
266 808 111 21 förbrutet.

180 844 43 21 Det
244 845 8 20 i
274 843 11 28 $
300 844 12 21 6
327 843 33 22 för
377 843 105 28 brytande
497 844 23 21 af
533 843 177 28 tulltjenstemans
725 843 52 22 eller
792 849 70 15 annan

111 879 134 26 myndighets
259 878 32 22 lås
306 879 50 21 eller
370 879 81 27 insegel
465 885 28 15 m.
508 885 28 15 m.
551 880 82 20 utsatta
644 879 70 26 lägsta
723 877 139 27 bötesbelopp

110 912 120 23 tvåhundra
255 913 61 22 mark
339 913 38 21 har
400 913 112 22 Utskottet
531 913 69 22 funnit
621 913 54 22 böra
696 913 110 21 nedsättas
829 911 33 22 till

109 947 73 22 femtio
205 948 67 27 mark,
295 950 50 19 enär
360 948 36 21 det
410 949 7 20 i
433 947 34 28 $:n
482 948 102 27 stadgade
599 949 70 26 lägsta
684 946 178 29 fängelsestraffet

110 982 65 27 enligt
190 982 11 28 $
217 983 12 21 7
245 984 117 20 motsvarar
377 983 72 27 sjuttio
465 983 73 21 marks
552 983 62 21 böter
629 983 40 21 och
684 983 26 21 de
724 983 7 20 i
741 982 48 22 nåd.
801 987 60 22 prop.

109 1016 122 28 föreslagna
253 1017 251 22 straffbestämmelserna
527 1016 88 23 sålunda
637 1017 68 22 skulle
727 1017 48 21 leda
791 1017 70 21 dertill

110 1053 32 20 att
157 1052 66 27 sagda
237 1052 59 21 brott
310 1053 7 20 i
330 1053 56 20 vissa
400 1052 37 21 fall
452 1052 71 21 kunde
539 1052 83 21 straffas
632 1052 48 21 med
690 1052 115 27 lindrigare
815 1051 46 21 fän-

109 1086 58 27 gelse
182 1088 26 19 än
224 1087 56 21 hvad
302 1093 44 15 som
361 1088 119 20 motsvarar
496 1087 36 22 det
546 1088 81 20 utsatta
641 1087 71 26 lägsta
725 1086 136 27 bötesbelop-

109 1122 42 25 pet.
181 1121 174 28 Upplysningsvis
376 1121 35 22 må
433 1122 107 27 tilläggas,
563 1123 33 20 att
610 1121 83 22 straffet
708 1121 33 22 för
755 1121 105 27 brytande

108 1155 23 21 af
151 1157 134 26 myndighets
306 1157 80 26 insegel
407 1157 8 20 i
437 1157 116 21 allmänhet
575 1157 66 27 enligt
664 1157 26 20 18
705 1156 11 27 $
733 1157 26 20 16
774 1156 49 27 kap.
839 1155 23 22 af

108 1190 209 27 strafflagsförslaget
330 1191 43 21 kan
387 1191 70 27 nedgä
472 1191 56 21 ända
542 1191 33 22 till
588 1193 32 20 tre
636 1191 72 22 marks
722 1191 68 21 böter.

176 1225 33 21 En
224 1225 81 22 mindre
320 1226 90 27 ändring
425 1227 7 20 i
447 1225 250 28 författningsförslagets
712 1226 74 21 rubrik
801 1227 24 19 är
839 1225 23 21 af

107 1259 112 22 Utskottet
238 1260 78 27 jemväl
338 1261 106 26 vidtagen,
467 1261 113 21 hvarutom
603 1261 111 26 förslagets
730 1260 69 22 finska
814 1261 46 20 text

105 1294 116 28 undergätt
236 1294 66 28 nägra
316 1295 99 21 rättelser
430 1296 7 20 i
453 1295 104 27 spräkligt
572 1296 107 21 afseende.

175 1330 104 26 Slutligen
293 1330 39 21 har
347 1330 111 21 Utskottet
473 1332 70 20 ansett
558 1330 31 27 sig
604 1330 46 21 icke
666 1330 54 21 böra
729 1330 70 21 lemna
809 1336 50 15 oan-

105 1364 77 27 märkt,
198 1366 32 19 att
246 1364 66 22 ehuru
327 1365 7 21 i
348 1364 136 27 inledningen
499 1365 33 21 till
548 1365 40 21 den
602 1364 48 22 näd.
662 1371 59 21 prop.
731 1365 66 21 bland
807 1371 52 20 upp-

104 1399 96 21 räknade
215 1400 130 26 stadganden
363 1399 7 21 i
386 1399 108 21 allmänna
509 1399 215 27 strafflagsförslaget,
740 1400 73 21 hvilka
829 1399 30 21 äf-

104 1439 40 15 ven
155 1429 53 37 angä
229 1434 184 26 tullförbrytelser,
429 1436 88 19 nämnes
532 1434 26 21 36
574 1434 48 27 kap.
640 1435 26 21 10
680 1434 18 27 8,
709 1434 150 22 innehållande

104 1467 63 21 straff
180 1468 33 21 för
229 1468 138 27 förfalskning
383 1468 22 21 af
418 1469 137 27 tullstämpel,
567 1468 65 28 nägot
641 1469 149 22 motsvarande
801 1469 57 21 stad-

172 1508 139 22 Lagutskottets
324 1508 116 18 betänkande
452 1510 37 16 N:o
502 1510 27 17 18.
