1086 1717
223 204 89 28 hvilka,
323 200 82 39 'såsom
420 214 29 14 en
469 206 58 22 hvar
542 206 66 22 torde
624 207 75 21 måsta
714 206 125 28 medgifva,
856 206 77 29 åsyfta
947 207 35 21 ett

223 240 103 28 verkligt
356 241 214 22 missförhållandes
600 241 155 28 aflägsnande,
789 240 96 23 alldeles
910 241 73 23 sakna

222 274 65 30 hjelp
313 275 27 22 af
352 277 83 26 staten,
457 276 47 21 kan
520 276 130 28 ingalunda
665 276 70 21 lända
751 275 46 22 den
811 275 38 21 till
860 278 64 26 tröst,
934 283 48 15 som

222 310 87 21 önskar
323 310 211 28 nykterhetssaken
551 312 85 20 största
652 310 97 29 möjliga
765 310 131 28 framgång.

292 345 100 27 Mången
409 346 62 27 gång
487 345 42 21 har
544 346 72 21 redan
637 345 85 21 folkets
739 344 108 22 skriande
863 344 53 28 nöd,
933 352 49 14 som

222 382 26 18 är
272 386 28 14 en
315 379 60 29 följd
391 380 26 20 af
429 380 80 22 starka
524 380 112 28 dryckers
652 379 123 29 omåttliga
799 379 67 27 bruk,
883 379 100 22 offentli-

221 421 47 21 gen
292 414 201 28 tillkännagifvits
516 414 44 22 och
576 414 109 29 tydligen
701 414 142 22 framhållits
858 414 36 21 för
909 414 74 29 begge

222 449 187 28 statsmakterna,
426 449 59 22 både
502 449 36 22 för
553 449 115 29 styrelsen
684 449 43 22 och
743 449 132 28 ständerna,
891 456 37 15 om
940 448 43 22 ock

222 483 88 22 hittills
325 485 57 20 utan
397 484 228 28 anmärkningsvärd
645 483 96 30 påföljd.
772 484 12 21 I
799 483 28 22 de
844 483 85 22 talrika
944 490 39 22 pe-

222 517 103 29 titioner,
350 526 48 13 som
419 519 8 20 i
443 519 65 21 detta
523 519 109 21 afseende
647 519 71 21 redan
735 518 74 22 under
824 518 75 22 åratal
913 517 69 22 fram-

221 553 75 28 stälts,
312 553 43 22 har
369 561 54 14 man
440 553 128 28 ingalunda
586 553 128 22 underlåtit
729 555 36 20 att
780 553 63 22 fästa
857 553 125 29 uppmärk-

223 587 92 22 samhet
329 587 41 22 vid
386 587 45 22 den
446 588 68 28 pligt,
531 595 49 14 som
596 588 91 21 fordrar
702 588 26 21 af
741 589 82 26 staten,
841 589 35 20 att
891 587 44 22 den
949 587 33 22 af-

221 621 95 29 lägsnar
338 622 51 22 från
413 622 122 22 samhället
558 623 28 21 de
602 623 100 27 orsaker,
724 629 49 14 som
789 625 40 18 äro
844 622 36 21 för
895 622 86 21 folkets

221 657 139 28 utveckling
374 657 44 21 och
433 657 31 21 lif
477 657 220 28 förderfbringande
714 657 43 21 och
768 657 52 21 icke
829 658 101 20 tvärtom
940 659 42 26 gör

221 691 194 28 medborgarenes
440 691 95 22 lidelser
560 691 38 22 till
624 699 28 14 en
675 691 174 22 inkomstkälla.
879 691 101 28 Mången

220 726 65 27 gång
307 725 43 22 har
371 733 54 14 man
447 726 109 28 utförligt
574 726 126 21 framställt
716 725 39 22 det
771 725 89 28 elände,
883 733 49 14 som
948 726 33 21 åt-

220 759 70 29 följer
312 760 28 21 de
363 760 138 28 penningar,
524 761 82 21 hvilka
629 761 26 21 af
675 760 208 22 bränvinsskatten
897 759 82 29 flyta
968 755 16 38 i

221 795 89 21 statens
332 795 87 21 kassor.
449 795 47 21 Det
518 802 54 14 vore
596 795 106 28 onödigt,
725 797 36 19 att
783 795 37 21 för
837 794 143 22 hedervärda

221 829 179 30 prestaståndet,
424 836 55 20 som,
505 829 55 28 sjelf
573 829 96 22 stående
685 829 75 21 folket
774 833 58 17 nära
847 829 44 21 och
906 829 74 28 dagli-

220 861 48 30 gen
284 863 83 22 seende
382 863 52 22 dess
449 863 95 22 lidande
561 863 44 22 och
620 871 86 20 sorger,
725 863 119 22 frestelser
859 863 44 22 och
918 863 63 22 faror

220 897 110 22 lefvande
356 898 61 21 inför
442 899 51 20 sina
520 901 68 25 ögon,
615 898 80 22 alltför
710 898 38 21 väl
764 898 95 27 känner,
884 897 96 22 hvilken

221 932 72 29 farlig
314 932 75 22 fiende
413 932 209 29 bränvinsbegäret
644 937 26 17 är
692 933 36 20 för
746 933 53 21 vårt
813 932 56 27 folk,
895 931 85 22 teckna

221 966 41 22 det
276 965 82 23 elände
374 967 43 21 och
434 967 45 22 den
495 967 142 28 förnedring,
659 975 49 14 som
724 967 65 21 detta
805 967 72 27 begär
891 965 88 22 medför

220 1001 48 27 der,
292 1001 93 21 hvarest
401 1001 40 22 det
456 1005 43 24 gör
513 1001 37 28 sig
565 1001 115 28 gällande.
711 1001 34 22 På
760 1008 87 15 samma
862 1001 62 28 gång
938 1000 42 29 jag

220 1035 9 23 i
253 1035 65 22 detta
340 1035 109 22 afseende
465 1036 83 21 endast
566 1036 111 22 hänvisar
692 1036 38 21 till
746 1035 72 22 orden
833 1035 8 22 i
857 1035 44 22 den
916 1037 64 20 stora

220 1069 109 30 petition,
352 1069 97 22 hvilken
471 1070 41 29 jag
535 1078 31 14 nu
582 1075 24 17 är
621 1071 9 21 i
645 1070 94 22 tillfälle
755 1072 36 19 att
806 1069 129 28 framlägga
950 1069 30 28 på

220 1104 66 27 8,647
311 1104 169 29 medborgares,
506 1105 82 22 hvilka
613 1105 75 22 under
710 1105 45 21 den
779 1111 87 14 samma
884 1104 96 22 tecknat

220 1138 53 22 sina
288 1146 76 20 namn,
381 1141 60 19 samt
457 1139 27 22 17
500 1139 114 22 särskilda
630 1139 147 22 kommuners
793 1138 52 22 från
861 1138 39 22 det
910 1138 68 21 nord-

219 1172 50 29 liga
285 1173 80 21 landet
380 1177 95 24 vägnar,
491 1181 28 14 en
535 1174 107 28 petition,
658 1173 70 22 hvars
743 1173 48 21 like
807 1173 53 21 med
870 1172 108 22 afseende

220 1207 14 22 &
249 1207 91 22 antalet
354 1207 170 22 underskrifter
539 1208 118 28 knappast
672 1207 43 22 har
730 1207 95 22 skådats
836 1207 9 22 i
855 1208 52 21 vårt
917 1206 55 23 land

219 1241 45 21 vill
277 1241 41 28 jag
333 1242 83 21 endast
431 1242 61 21 fästa
507 1242 208 29 uppmärksamhet
729 1241 47 28 vid,
793 1243 36 20 att
844 1241 75 22 denna
930 1241 49 28 mig

220 1275 153 23 ombetrodda
397 1277 102 28 petition
521 1289 29 4 —
571 1284 55 14 man
648 1277 38 21 må
709 1276 66 28 hylla
797 1276 97 22 hvilken
916 1276 62 28 åsigt

220 1318 50 14 som
295 1310 61 22 helst
382 1318 37 14 om
435 1311 52 21 dess
503 1311 135 21 radikalism
654 1324 29 2 —
698 1310 75 22 likväl
788 1311 8 21 i
811 1310 40 22 det
867 1310 111 22 hänseen-

220 1344 42 22 det
284 1348 25 18 är
324 1345 117 28 tydligare
457 1350 30 17 än
503 1346 72 21 andra
591 1346 9 21 i
614 1346 77 21 denna
708 1346 41 20 sak
765 1345 137 21 framstälda
919 1345 59 28 peti-

219 1379 85 27 tioner,
320 1381 36 19 att
371 1380 45 21 den
432 1380 51 21 icke
499 1380 89 22 lemnar
604 1380 101 27 onämdt,
722 1380 30 28 på
767 1379 93 21 hvilket
874 1381 47 20 sätt
939 1386 39 14 en-

218 1413 46 28 ligt
280 1413 51 21 dess
350 1414 134 22 författares
500 1415 96 27 mening
610 1414 185 22 bränvinssaken
813 1414 112 28 slutligen
936 1414 42 21 bör

218 1448 93 27 afgöras
336 1448 44 21 och
405 1448 28 21 de
457 1449 218 22 missförhållanden
699 1448 122 28 aflägsnas,
842 1448 80 21 hvilka
938 1447 40 22 det

218 1482 136 21 nuvarande
369 1483 133 21 tillståndet
517 1483 172 21 åstadkommit.

291 1517 43 21 Att
359 1517 183 28 lagstiftningen
568 1518 7 20 i
598 1519 53 20 vårt
674 1517 56 22 land
753 1516 62 29 gjort
833 1517 25 21 så
872 1516 54 22 litet
941 1516 37 22 för

217 1550 151 24 hämmandet
383 1552 27 22 af
423 1552 79 22 starka
517 1552 110 28 dryckers
642 1552 160 30 konsumtion,
818 1550 66 24 torde
899 1551 31 23 ha
940 1550 38 23 sin
