1086 1717
241 146 27 21 18
451 146 23 25 U.
489 146 23 23 B.
528 158 29 5 —
573 148 60 28 Prop.
649 146 37 23 N:o
702 146 38 22 34.

210 204 54 26 sälja
286 204 47 21 frän
355 204 97 21 utlandet
475 204 69 22 säsom
564 204 133 27 buteljerade
712 204 85 21 införda
812 204 76 27 dyrare
904 204 63 26 sprit-

209 238 96 27 drycker.

131 272 12 27 8
159 273 33 21 55.
277 273 11 21 I
312 272 12 28 $
346 273 27 20 55
395 272 91 22 föreslås
509 274 31 20 ett
556 273 74 27 tillägg
644 272 34 22 för
693 274 32 20 att
741 272 130 22 tillförsäkra
887 272 78 22 allmän

207 306 101 28 åklagare
324 307 109 27 möjlighet
449 309 32 19 att
496 307 74 21 utöfva
585 307 93 21 kontroll
694 306 59 22 öfver
768 308 79 26 upplag
862 307 23 21 af
903 307 62 27 sprit-

205 348 71 15 varor.

131 374 11 28 8
158 376 33 21 57.
276 376 57 21 Från
349 376 11 28 $
375 376 27 21 57
417 376 39 21 har
476 376 106 21 utskottet
597 376 97 22 uteslutit
710 376 72 26 orden,
803 376 53 26 ,,och
872 376 91 21 särskild

206 410 110 27 angifvare
331 410 112 27 uppträdt*
459 410 7 21 i
481 411 106 21 anseende
602 411 33 21 till
646 411 26 21 de
683 410 132 27 svärigheter
824 410 138 27 bevisningen

205 445 7 21 i
227 445 145 21 bränvinsmä]
387 446 98 26 vanligen
500 445 86 22 företer.

77 477 25 28 88
118 479 33 26 59,
163 479 25 21 61
276 479 24 28 $$
319 480 34 26 59,
376 480 25 21 61
427 480 39 21 och
482 480 27 21 63
532 481 36 20 äro
589 480 177 21 omformulerade
783 479 22 22 af
819 486 82 15 samma
915 479 45 21 skäl

99 511 17 22 &
131 513 33 20 63.
204 519 46 16 som
266 515 149 20 motsvarande
431 515 24 27 $$
470 515 216 26 tillverkningslagen.

274 548 30 21 På
326 549 68 26 grund
417 549 22 20 af
460 549 56 20 hvad
534 549 106 21 utskottet
655 549 46 21 haft
716 551 51 18 äran
781 548 76 22 anföra
871 547 90 22 föreslår

203 582 107 22 utskottet
325 583 154 21 vördsammast

409 654 32 18 att
464 652 83 21 landets
571 652 125 27 Höglofliga
721 651 93 21 Ständer
834 652 7 20 i
856 652 37 20 sitt
908 658 51 14 svar

340 687 13 19 å
375 686 41 21 den
431 687 83 26 nådiga
527 687 165 26 propositionen
707 687 64 20 måtte
789 686 6 20 i
809 686 149 27 underdånig-

339 720 33 21 het
388 721 95 25 anmäla,
507 721 34 20 det
556 721 26 20 de
598 720 45 21 icke
659 720 83 21 kunnat
757 719 109 28 samtycka
883 720 33 21 till
932 719 26 20 de

338 754 47 21 dem
391 753 120 30 förelagda
527 754 147 29 lagförslagen
685 755 154 26 oförändrade,
853 757 54 18 utan
916 753 41 28 för

338 790 34 20 sin
388 789 34 21 del
438 790 85 27 antagit
539 790 108 20 desamma
663 789 128 28 sålydande:

337 898 139 35 Förordning
495 898 119 35 angående
635 898 100 28 vilkoren
755 898 36 28 för
809 898 145 34 tillverkning

461 939 43 28 och
523 939 143 34 destillering
686 939 25 27 at
729 939 104 27 bränvin.

593 1015 62 19 Art.
676 1015 17 19 1.

441 1065 31 20 Om
488 1065 90 27 rättighet
594 1065 28 20 till
640 1064 215 27 bränviostillyerkuing.

614 1128 16 27 $
645 1130 20 19 1.

399 1169 10 19 1
427 1167 41 22 och
483 1169 12 20 2
507 1175 63 14 mom.
586 1168 70 22 säsom
670 1169 8 20 i
693 1175 20 14 n.
729 1174 60 21 prop.

397 1202 21 21 3.
441 1201 107 22 Ledamot
571 1203 7 20 i
600 1202 85 21 landets
708 1203 94 27 styrelse,
814 1201 134 28 prokurator

329 1235 38 20 och
386 1235 239 28 prokuratorsadjoint,
641 1236 71 27 öfrer-
727 1236 38 21 och
784 1236 162 26 underdomare,

326 1271 113 26 guvernör,
456 1270 202 27 landssekreterare,
682 1271 197 25 landskamrerare,
895 1278 17 15 0.
928 1279 18 14 s.

329 1311 17 14 v.
363 1304 70 22 såsom
449 1305 6 21 i
471 1312 19 14 n.
507 1312 60 20 prop.

610 1369 16 27 $
639 1371 21 19 2.

395 1410 10 20 1
422 1415 64 15 mom.
502 1408 69 22 säsom
587 1409 7 21 i
610 1416 19 14 n.
644 1415 62 21 prop.

390 1444 21 20 2.
442 1442 254 28 Bränvinstillverkning
714 1442 43 28 får
779 1443 22 27 ej
821 1444 85 27 utöfvas
930 1444 14 20 &

321 1476 132 28 kungsgård,
471 1476 153 26 ecklesiastik-,
641 1478 88 20 militie-
745 1478 38 21 och
799 1478 144 21 civil-statens

252 1515 193 19 Ekonomiutskottets
458 1516 116 18 betänkande
586 1516 38 18 N:o
638 1517 17 16 5.
