1086 1717
349 144 23 22 U.
387 144 23 23 B.
425 154 30 6 —
470 143 62 29 Prop.
548 143 38 23 N:o
602 143 37 23 35.
817 143 25 21 31

118 201 90 21 sälunda
229 201 47 21 icke
297 201 76 21 endast
385 201 132 27 jordskatter
532 202 52 20 utan
599 200 40 22 ock
654 200 121 27 personella
789 199 84 27 afgifter

117 242 46 14 som
178 234 99 28 päfördes
291 234 73 28 hvarje
379 235 140 27 landboskap.

187 274 73 22 Under
282 274 72 27 dylika
375 274 150 22 förhällanden
542 274 40 22 och
598 274 27 22 dä
640 274 159 22 Donatarierna
813 274 8 21 i
836 274 40 21 all-

119 309 86 21 mänhet
219 310 47 21 icke
281 309 93 21 vistades
389 308 28 28 pä
432 309 63 21 dessa
509 309 53 27 gods
576 310 53 20 utan
646 309 186 27 representerades
854 307 23 22 af

119 344 114 21 utländska
252 343 115 22 förvaltare
382 343 69 21 skulle
467 343 36 21 det
517 343 69 21 väcka
600 342 112 28 förväning
727 349 35 15 om
775 343 100 27 jordbru-

119 378 43 26 ket,
179 384 44 15 som
238 378 92 26 troligen
344 378 70 26 aldrig
429 377 54 22 stått
499 378 70 26 högt
560 373 12 36 i
580 377 62 21 dessa
652 377 155 27 gränstrakter,
822 378 56 20 kun-

120 414 38 20 nat
172 412 98 22 utveckla
286 412 41 27 sig;
344 412 38 21 och
397 412 7 21 i
421 412 75 27 sjelfva
509 412 76 21 verket
600 412 40 21 har
654 411 64 21 äfven
728 411 149 28 befolkningen

120 447 69 21 blifvit
210 453 41 14 van
273 447 35 21 vid
331 448 32 20 att
385 447 76 20 endast
483 446 154 27 nödtorftligen
659 446 92 21 beställa
773 447 32 20 sin
820 446 56 27 jord,

121 481 75 22 främst
211 481 110 27 byggande
336 481 31 21 sin
382 481 96 22 utkomst
493 481 28 27 pä
537 487 70 15 annan
622 481 179 26 arbetsförtjenst.

190 521 160 28 Ovedersägligt
374 527 62 22 synes
461 523 32 20 att
518 523 76 24 staten,
619 527 76 21 genom
721 522 32 20 att
772 520 105 27 förhjelpa

121 556 161 21 landbönderna
296 556 33 21 till
344 555 39 22 full
399 556 126 27 eganderätt
539 556 33 21 till
588 556 62 21 deras
665 555 106 27 hemman,
782 555 45 22 valt
842 555 36 21 det

122 591 56 21 enda
192 591 63 20 säkra
270 591 40 20 och
325 591 70 20 tillika
410 591 36 20 det
463 591 128 26 kraftigaste
613 591 80 20 medlet
716 589 34 22 för
772 591 32 20 att
825 596 54 20 upp-

122 625 71 27 hjelpa
214 625 176 26 modernäringen
404 625 6 21 i
427 625 64 21 dessa
505 625 133 21 vidsträckta
653 625 123 21 landsdelar
791 624 39 21 och
845 624 34 21 för

123 661 33 19 att
177 659 109 27 samtidigt
307 659 49 27 höja
378 659 162 27 befolkningens
561 659 98 21 välständ
675 659 40 21 och
730 659 79 21 kultur.
839 658 40 21 Om

124 693 83 22 derföre
222 693 106 28 klagomäl
343 693 47 22 frän
404 693 123 22 böndernas
550 694 46 21 sida
618 694 117 26 förspörjas
758 693 39 22 och
819 693 61 21 miss-

123 727 148 22 förhällanden
286 727 95 28 päpekas
395 727 24 22 af
433 728 41 21 den
490 728 22 21 af
526 729 60 20 Hans
601 728 57 27 Kejs.
675 728 100 27 Majestät
789 727 92 21 tillsatta

124 762 100 27 komitön,
248 761 23 22 sä
286 764 24 19 är
325 763 60 20 roten
400 762 33 21 till
449 762 37 21 det
501 762 150 27 öfverklagade
667 764 32 19 att
716 762 69 26 sökas,
805 761 32 21 till
854 767 27 15 en

125 797 34 20 del
181 797 7 20 i
204 797 74 20 svikna
292 797 169 26 förhoppningar
475 797 40 21 hos
530 797 151 27 befolkningen
697 803 45 15 som
757 797 74 20 väntat
849 796 31 20 in-

125 837 34 15 om
175 831 49 21 kort
238 831 21 21 fä
275 831 78 21 skörda
367 831 118 21 reformens
499 831 88 26 frukter,
612 831 45 22 dels
680 831 46 21 äter
741 831 7 21 i
763 830 118 21 reformens

125 867 59 19 stora
198 865 147 27 utsträckning
360 865 40 22 och
415 865 194 28 otillräekligheten
624 865 24 22 af
668 866 26 21 de
709 865 88 26 krafter,
821 870 60 21 rege-

126 900 74 26 ringen
222 906 61 21 synes
305 900 81 21 kunnat
408 900 98 21 använda
521 900 35 21 vid
572 900 48 21 dess
635 899 173 28 genomförande.
838 898 43 21 Det

125 934 43 21 kan
182 934 34 21 väl
231 933 72 27 pästäs
318 935 32 20 att
365 934 167 21 statsmakterna
546 934 8 20 i
568 934 71 27 nägon
654 940 51 15 mon
720 933 99 22 förbisett
829 932 52 21 nöd-

125 968 142 27 vändigheten
282 968 22 21 af
317 969 56 20 vissa
386 968 157 21 förberedande
558 968 101 27 åtgärder
675 969 55 20 samt
752 967 69 22 tillika
844 973 39 14 un-

127 1003 119 21 derskattat
261 1002 158 27 svärigheterna
435 1009 45 14 som
497 1003 68 21 skulle
581 1003 141 21 öfvervinnas.

195 1048 41 21 Vid
258 1048 102 26 inköpens
383 1048 159 21 verkställande
564 1048 82 27 föreläg
661 1049 63 26 ingen
739 1047 145 27 tillfyllestgö-

126 1083 66 20 rande
206 1083 114 26 utredning
335 1082 23 21 af
370 1083 244 26 landbolägenheternas
629 1082 140 21 ekonomiska
786 1080 97 22 tillstänä

127 1117 40 21 och
189 1117 71 26 värde,
283 1117 39 21 och
338 1117 18 26 ej
378 1117 67 20 heller
468 1123 38 14 var
524 1117 76 27 frägan
623 1123 34 15 om
673 1117 41 21 den
729 1116 156 22 donationerna

127 1151 159 27 uuderlydande
302 1151 89 27 skogens
406 1151 140 22 användande
562 1151 40 22 och
620 1151 120 27 fördelning
762 1150 121 21 förberedd.

129 1185 104 27 Slutligen
254 1185 55 22 hade
332 1185 40 22 den
390 1185 106 27 olyckliga
511 1186 81 21 verkan
607 1186 23 21 af
643 1193 26 14 en
684 1186 74 27 längre
773 1184 111 22 mellantid

128 1220 90 21 emellan
233 1221 55 20 stor-
303 1219 39 22 och
357 1219 194 22 intresseutskiften
565 1220 48 21 icke
628 1220 118 21 förutsetts.

197 1265 185 27 Uppskattningen
404 1265 23 21 af
447 1265 219 22 landbohemmanens
685 1265 65 22 värde
765 1264 120 28 grundades

129 1301 75 20 nästan
219 1300 134 21 uteslutande
367 1300 28 26 pä
410 1306 27 15 en
459 1300 162 27 kapitalisering
636 1300 23 21 af
678 1300 26 21 de
725 1301 74 20 räntor
821 1299 66 21 dona-

129 1334 69 21 tarien
213 1334 55 22 hade
283 1334 102 27 rättighet
401 1336 32 20 att
447 1335 99 27 uppbära
561 1335 17 27 (i
594 1334 158 28 undantagsfall
762 1334 28 27 pä
801 1333 25 21 de
837 1334 49 19 rän-

129 1370 35 20 tor
186 1368 42 22 han
249 1369 109 27 verkligen
379 1369 113 27 uppburit)
515 1370 7 20 i
544 1369 78 27 mänga
636 1368 38 22 fall
689 1370 52 20 utan
756 1368 81 26 hänsyn
851 1366 36 22 till

129 1403 171 27 landboskapens
315 1402 96 28 förmäga
425 1404 34 20 att
473 1403 73 21 kunna
560 1403 92 27 fullgöra
671 1404 45 20 sina
738 1401 147 23 förbindelser.

130 1438 120 25 Bönderna,
273 1444 45 15 som
340 1437 69 21 kände
425 1437 41 21 den
486 1437 100 27 lifligaste
600 1438 88 26 längtan
704 1437 53 21 efter
773 1437 32 20 att
820 1435 67 21 blifva

131 1471 135 27 sjelfegande,
288 1472 72 21 visade
375 1472 32 26 sig
429 1472 131 21 mestendels
582 1471 64 27 ifriga
667 1472 33 20 att
722 1470 165 26 besinningslöst

200 1511 149 18 Statsutskottets
361 1510 118 18 betänkande
491 1510 39 18 N:o
543 1511 17 17 9.
