1086 1717
257 154 13 20 2
471 154 20 23 U.
506 154 20 23 B.
542 166 26 5 —
584 154 55 29 Prop.
655 154 32 24 N:o
702 154 34 24 38.

297 209 110 23 Utskottet
430 216 62 16 anser
516 210 32 28 sig
569 210 94 23 hvarken
684 211 71 22 kunna
776 211 51 22 eller
841 211 53 23 böra
907 212 69 28 ingä
965 205 14 39 i

228 244 131 22 bedömande
383 244 24 22 af
427 245 68 22 denna
517 245 99 28 samlings
635 246 133 22 konstvärde.
798 245 33 23 Då
854 246 44 22 deri
912 246 64 22 likväl

228 279 60 27 ingär
303 286 26 15 en
345 280 76 27 mängd
435 280 24 22 af
470 286 66 22 yngre
550 279 68 23 finska
631 280 136 22 konstnärers
775 280 200 28 förstlingsarbeten,

228 314 68 22 mäste
310 314 120 22 densamma
452 320 61 17 anses
527 321 51 16 vara
592 315 24 22 af
628 315 107 27 betydelse
749 315 128 22 ätminstone
890 316 8 21 i
911 315 64 22 histo-

228 348 54 22 riskt
298 348 103 28 afseende,
424 349 69 22 såsom
517 349 113 28 belysande
644 349 147 28 utvecklingen
805 350 23 22 af
841 350 41 22 den
897 349 79 23 inhem-

228 382 38 22 ska
291 382 96 28 konsten,
405 383 84 22 hvilken
514 383 119 23 Statsrädet
648 384 109 28 Cygnaeus
771 384 48 22 med
834 384 67 28 aldrig
915 385 61 21 trött-

228 418 70 22 nande
312 418 90 22 intresse
426 417 39 22 och
480 418 200 23 fosterlandskärlek
694 418 109 23 omhuldat
817 418 40 23 och
871 418 84 23 hvilken
968 418 8 23 i

227 452 48 22 icke
298 452 61 28 ringa
379 458 49 16 mon
449 453 40 22 har
510 453 78 22 honom
602 454 33 21 att
649 453 63 22 tacka
725 453 34 22 för
774 453 26 22 de
814 453 107 28 framsteg,
936 453 40 22 den

228 487 62 28 gjort.
320 487 111 22 Utskottet
453 493 61 16 anser
537 487 70 23 derför
622 489 32 20 att
668 487 125 28 Ständerna,
807 487 24 24 af
843 488 87 27 aktning
944 488 32 21 för

228 523 41 20 den
284 521 163 28 hädangängnes
469 522 76 27 minne,
560 522 47 22 icke
622 522 52 22 böra
687 522 64 22 tveka
765 523 33 22 att
813 523 106 27 emottaga
932 522 44 27 gäf-

227 562 52 21 van;
304 555 40 22 och
366 558 45 19 tror
433 556 110 22 Utskottet
566 557 70 27 nägon
651 558 78 26 vägran
743 557 8 21 i
767 557 59 22 detta
841 557 97 22 afseende
952 557 24 22 sä

228 590 84 28 mycket
327 590 82 22 mindre
432 590 72 22 kunna
518 590 157 28 ifrägakomma,
691 597 46 16 som
752 591 97 22 anmälan
864 597 35 16 om
912 592 64 21 testa-

228 626 80 21 mentet
323 625 40 21 och
377 625 48 22 dess
448 625 118 28 bevakning
580 625 84 28 gjordes
678 626 66 21 redan
758 625 34 22 till
807 627 70 21 senast
891 625 85 22 försam-

227 659 49 22 lade
290 659 97 28 Ständer,
409 660 52 21 utan
483 661 34 20 att
530 659 69 28 nägon
614 660 139 28 anmärkning
768 660 72 22 derom
854 660 47 22 frän
915 660 61 23 Stän-

226 694 76 22 dernas
316 693 47 22 sida
377 693 109 28 försports.

297 739 63 22 Hvad
383 739 135 22 underhället
542 739 38 23 och
604 740 79 22 värden
705 740 24 22 af
747 740 41 22 den
802 741 175 22 testamenterade

228 774 130 27 egendomen
381 774 138 27 vidkommer,
543 780 63 16 anser
619 773 110 24 Utskottet
745 775 36 22 det
796 781 50 15 vara
861 775 116 22 ändamäls-

228 809 95 27 enligast,
339 815 34 15 om
388 809 132 27 Regeringen
535 809 107 27 öfvertoge
657 815 111 22 omsorgen
783 809 79 22 derom.

294 854 32 22 De
341 853 120 28 kostnader,
482 860 46 15 som
552 854 86 22 dermed
651 854 69 22 blefve
733 854 107 27 förenade,
856 854 7 21 i
879 854 99 22 händelse

227 888 132 27 Regeringen
383 888 68 22 skulle
475 894 51 16 anse
541 888 46 22 skäl
600 887 113 24 förefinnas
728 890 33 21 att
775 888 106 23 bibehälla
896 888 82 22 samlin-

226 929 66 21 garna
307 922 40 22 och
370 922 65 22 villan
459 922 28 27 pä
501 928 80 16 samma
595 924 43 21 sätt
652 929 46 16 som
712 923 84 27 hittills,
812 923 55 27 stiga
881 923 33 21 till
927 923 51 27 jem-

226 957 109 22 förelsevis
360 957 121 27 obetydliga
505 957 82 27 belopp.
618 957 73 22 Såsom
711 957 23 22 af
755 957 40 22 den
810 957 77 27 nådiga
901 963 77 21 propo-

227 991 90 22 sitionen
342 997 67 22 synes,
434 993 37 20 äro
497 991 26 22 de
539 991 33 22 för
586 991 51 22 åren
653 992 140 21 1885—1887
808 991 121 27 förslagsvis
943 991 36 22 be-

227 1025 94 22 räknade
345 1025 34 22 till
403 1019 153 33 sammanlagdt
579 1026 64 26 2,470
666 1025 72 28 mark;
764 1025 40 22 och
819 1025 38 22 har
871 1025 109 22 Utskottet

228 1061 58 20 emot
299 1059 144 28 beräkningen
457 1059 24 22 af
494 1060 106 21 desamma
615 1059 46 22 icke
675 1060 65 26 nägot
755 1061 34 20 att
798 1059 104 28 päminna.
920 1059 60 22 Dock

228 1100 45 15 som
288 1094 106 21 allmänna
408 1094 142 22 statsfondens
574 1094 112 27 tillgängar
701 1094 62 22 torde
777 1093 66 22 förslä
857 1094 34 21 till
904 1094 74 21 bestri-

229 1128 78 22 dandet
321 1128 23 22 af
358 1129 60 21 dessa
440 1128 93 28 utgifter,
548 1128 72 22 hvilka
635 1129 114 27 dessutom,
765 1128 128 22 ätminstone
907 1128 71 26 delvis,

228 1163 85 21 komma
338 1163 31 21 att
393 1163 101 21 betäckas
518 1169 74 21 genom
618 1162 114 28 inflytande
747 1162 179 27 inträdesafgifter
940 1162 40 22 och

228 1197 132 27 hyresmede]
381 1197 34 21 för
439 1197 75 22 villans
536 1197 156 27 bottenvåning,
715 1203 46 16 som
783 1197 72 22 består
869 1196 24 22 af
904 1198 76 20 tvenne

228 1231 145 27 boningsrum,
388 1231 43 21 kök
446 1231 39 22 och
500 1231 146 28 bagarestuga,
666 1237 61 16 anser
742 1230 111 23 Utskottet
867 1231 65 27 något
945 1237 35 16 an-

230 1265 46 28 slag
290 1265 23 22 af
326 1265 194 28 bevillningsmedel
535 1265 32 22 för
581 1265 162 29 ifrågavarande
757 1265 99 22 ändamål
869 1265 47 22 icke
929 1268 51 21 vara

230 1300 24 22 af
266 1300 74 22 nöden.

298 1346 32 22 Pä
344 1346 69 27 grund
437 1346 23 22 af
483 1347 36 21 det
533 1346 87 23 anförda
635 1346 32 22 fär
681 1346 112 22 Utskottet
807 1346 107 22 vördsamt
928 1346 53 22 före-

229 1381 33 22 slå
276 1382 33 20 att
323 1380 83 22 landets
420 1380 113 29 höglofiiga
555 1381 96 25 Ständer,
666 1381 48 22 med
729 1380 99 23 anmälan
843 1382 33 20 att
890 1380 26 22 de
930 1380 50 28 god-

230 1415 53 22 känt
298 1415 158 27 emottagandet
480 1416 23 21 af
517 1416 39 21 den
570 1415 48 22 utaf
630 1415 112 22 framlidne
757 1414 120 24 Statsrädet
891 1414 89 23 Fredrik

230 1449 109 28 Cygnaeus
355 1449 33 21 till
402 1449 101 23 Finlands
526 1449 44 23 folk
584 1450 178 22 testamenterade
777 1449 64 22 villan
856 1448 39 23 och
909 1449 73 22 konst-

231 1484 123 27 samlingen,
368 1483 51 22 ville

300 1528 149 19 Statsuiskotteis
461 1528 115 19 betänkande
588 1530 34 17 N:o
635 1529 27 17 14.
