1086 1717
427 143 58 23 N:o
501 143 51 23 41.

389 424 66 23 Hans
472 425 149 28 Kejserliga
642 424 138 29 Majestäts
800 424 75 28 nädiga

322 459 125 28 proposition
463 459 29 22 till
509 459 95 22 Finlands
614 459 96 27 Ständer,
720 459 107 28 angäende
839 460 34 21 be-

322 494 127 22 stämmande
469 495 22 20 af
509 494 57 22 vissa
582 494 157 27 äldersgränser
754 494 32 21 för
802 494 71 22 office-

322 534 58 16 rares
402 529 31 21 vid
456 529 66 22 finska
545 529 100 21 militären
668 528 75 28 afgäng
763 534 23 16 ur
808 529 65 27 krigs-

320 563 97 27 tjensten.

184 626 42 21 För
246 627 33 20 att
297 626 34 21 väl
348 626 71 21 kunna
435 625 94 27 fullgöra
544 625 165 28 fronttjenstens
725 626 124 26 fordringar
865 626 7 21 i

116 661 41 20 den
177 661 103 21 moderna
294 660 223 27 härorganisationen,
534 661 59 20 säväl
609 661 7 20 i
632 660 93 21 fredstid
741 667 45 15 som
803 661 69 20 under

115 695 56 27 krig,
194 695 86 20 kräfves
302 694 22 21 af
338 694 145 26 officerarene,
500 695 93 21 förutom
610 695 212 27 specialkunskaper,
839 696 32 19 ett

115 729 47 21 icke
182 729 61 26 ringa
258 729 55 21 mätt
328 729 22 21 af
365 729 73 26 energi
454 729 39 21 och
509 729 69 27 fysisk
593 729 65 25 kraft,
674 729 134 27 egenskaper
825 735 46 15 som

115 763 6 21 i
138 764 72 25 regeln
227 763 18 27 ej
262 770 58 15 mera
335 763 116 22 förefinnas
467 763 6 21 i
491 763 128 27 erforderlig
635 764 53 26 grad
704 763 39 22 hos
759 769 112 22 personer,

115 797 72 22 hvilka
203 798 65 21 redan
285 797 92 28 uppnätt
391 804 26 15 en
434 797 61 22 älder
511 798 22 21 af
547 799 27 20 50
590 798 24 21 är
630 798 39 21 och
686 798 65 21 likväl
763 797 108 22 förblifvit

114 832 89 21 stäende
225 833 8 20 i
256 833 59 26 lägre
334 833 95 20 militära
444 833 85 26 grader,
545 832 31 21 uti
592 832 80 26 hvilka,
689 833 38 20 och
743 832 106 21 särskildt
864 833 7 20 i

113 866 344 27 kompanichefsbefattningarna,
481 867 172 26 tjenstgöringen
676 869 24 18 är
723 867 7 20 i
754 867 42 26 hög
817 866 53 27 grad

113 901 167 26 ansträngande.
310 901 65 20 Detta
392 900 175 22 sakförhällande
584 901 39 21 och
639 901 137 26 svärigheten
788 902 39 24 att,
839 900 30 21 äf-

113 941 40 15 ven
170 935 37 21 der
223 935 77 21 sädant
316 941 77 15 annars
405 935 72 21 kunde
488 935 94 27 lagligen
594 935 44 26 ske,
650 935 125 21 förafskeda
785 935 7 20 i
803 935 68 26 öfrigt

113 969 122 27 ordentlige
257 968 117 27 officerare,
399 975 46 15 som
461 969 7 21 i
483 969 54 27 följd
553 969 23 21 af
590 969 32 21 sin
639 969 67 27 högre
721 969 60 22 älder
797 969 74 21 blifvit

113 1003 7 22 i
143 1003 79 28 fysiskt
245 1004 120 21 hänseende
385 1009 91 21 svagare
495 1003 39 22 och
550 1004 83 21 mindre
649 1004 101 27 lämplige
765 1004 34 21 för
815 1003 54 27 tjen-

113 1040 54 24 sten,
177 1038 63 21 hafva
251 1039 7 20 i
270 1039 26 20 de
304 1037 63 22 flesta
377 1038 130 27 europeiska
519 1039 74 20 länder
604 1038 125 21 framkallat
739 1039 131 26 lagbestäm-

112 1073 79 20 melser
213 1079 33 14 om
271 1073 57 20 vissa
343 1073 171 27 åldersgränser,
531 1073 35 20 vid
582 1073 84 20 hvilkas
683 1072 128 27 uppnäende
823 1071 46 22 offi-

112 1113 101 15 cerarene
236 1109 37 19 äro
296 1107 130 27 förpligtade
449 1109 34 19 att
505 1107 50 26 afgä
575 1113 25 15 ur
616 1107 156 27 krigstjensten
788 1107 33 20 för
838 1108 33 19 att

112 1141 70 21 lemna
197 1147 47 15 rum
260 1141 34 21 för
309 1147 66 21 yngre
391 1141 40 21 och
446 1141 95 22 friskare
556 1141 88 22 krafter.
670 1141 82 22 Genom
765 1147 25 15 en
803 1141 67 21 sädan

111 1176 121 26 anordning
247 1176 75 21 vinnas
338 1175 61 22 äfven
415 1175 124 22 fördelarne
555 1175 23 22 af
592 1182 25 15 en
634 1175 90 28 lifligare
737 1175 133 27 omsättning

113 1209 57 22 inom
194 1209 198 28 officersgraderna,
415 1210 84 21 hvilket
518 1211 48 20 äter
580 1210 84 21 lemnar
680 1211 88 20 säkrare
784 1209 86 28 garanti

111 1243 34 22 för
168 1244 90 27 tillgäng
281 1245 28 26 pä
332 1243 111 22 officerare
463 1245 49 21 med
531 1245 52 25 vilja
599 1245 38 20 och
654 1245 97 26 förmäga
767 1246 33 19 att
815 1245 55 20 mot-

111 1284 64 16 svara
198 1279 196 21 militärväsendets
417 1279 41 21 allt
477 1281 113 25 strängare
606 1279 129 28 fordringar,
749 1279 68 27 jemte
833 1279 38 21 det

112 1312 92 22 sälunda
227 1315 128 25 truppernas
375 1313 67 22 behof
456 1313 24 21 af
495 1315 31 20 ett
542 1313 97 27 ständigt
654 1313 50 21 fullt
718 1313 153 27 tjenstdugligt

111 1346 57 22 befäl
184 1348 72 21 bättre
271 1348 134 26 tillgodoses.

180 1382 74 26 Enligt
273 1382 56 21 hvad
344 1382 64 21 ofvan
424 1384 25 18 är
464 1382 91 21 nämndt
570 1381 68 22 finnas
655 1364 166 44 åldersgränser
836 1381 35 21 för

110 1415 124 23 officerares
257 1416 79 27 afgång
358 1422 26 15 ur
407 1416 156 27 krigstjensten
586 1416 86 22 införda
692 1416 6 21 i
715 1416 52 22 flere
782 1416 87 21 länders

109 1449 93 22 arméer.
240 1451 42 21 Vid
301 1450 65 28 ryska
389 1450 74 21 armén
487 1451 97 21 infördes
604 1450 70 22 denna
694 1451 91 26 ordning
803 1450 69 21 under
