1086 1717
246 149 28 21 78
551 148 42 22 N:o
608 147 36 22 36.

290 211 41 21 Om
353 210 62 22 straff
434 210 34 22 för
490 210 144 26 förstörande,
648 209 113 21 skadande
775 208 54 22 eller
843 206 133 24 undanskaf-

218 245 67 21 fande
300 245 24 21 af
337 244 104 28 handling
455 244 8 21 i
479 244 91 22 allmänt
584 244 73 21 förvar
672 244 25 20 är
711 244 8 20 i
735 244 26 20 16
777 242 51 28 kap.
844 242 108 27 stadgadt.

288 280 14 21 5
318 280 20 26 8.
367 278 54 28 Den,
440 286 46 14 som
505 278 100 27 olofligen
628 278 111 26 borttager
753 276 53 22 eller
821 275 156 22 undanskaffar

219 314 69 21 sådan
312 313 79 21 honom
409 312 95 28 tillhörig
519 312 32 22 lös
566 312 113 27 egendom,
694 311 89 22 hvilken
797 317 74 15 annan
885 310 92 21 innehar

219 348 72 21 såsom
306 350 54 24 pant
375 347 52 21 eller
441 346 121 23 vedermäle
581 346 53 21 eller
648 352 51 21 eger
713 347 44 20 rätt
772 347 33 20 att
820 344 112 28 gvarhälla
947 344 29 21 el-

218 382 33 21 ler
266 382 78 27 nyttja,
362 381 83 22 straffes
468 382 48 20 med
539 380 62 22 böter
619 380 52 22 eller
686 380 98 28 fängelse
798 379 8 22 i
821 379 64 27 högst
899 380 31 20 ett
945 378 31 26 år,

219 417 39 20 der
274 416 18 28 ej
310 416 117 27 gerningen
442 415 40 22 bör
497 415 54 22 efter
565 417 69 20 annat
648 415 85 28 lagrum
748 415 87 22 svårare
850 412 92 23 straffas.

288 451 14 21 6
318 452 17 25 8.
365 451 66 26 Hvar,
445 457 47 14 som
507 449 99 28 olofligen
626 449 80 22 brukar
721 449 52 22 eller
788 449 56 21 låter
859 448 71 22 bruka
943 447 33 22 lös

220 486 114 26 egendom,
357 485 85 21 hvilken
458 485 19 27 ej
493 484 74 21 tillhör
589 484 86 27 honom,
696 484 50 21 böte
768 484 64 27 högst
854 483 123 22 tvåhundra

218 520 70 21 mark.

288 554 48 27 Lag
351 560 81 15 samma
446 560 57 19 vare,
519 560 34 15 om
568 554 72 27 någon
655 554 78 27 vägrar
742 555 33 19 att
786 552 119 22 återlemna
915 553 61 26 pant,

218 589 38 21 lån
280 588 52 21 eller
354 587 83 28 inlagdt
459 589 60 26 gods,
537 589 67 20 sedan
623 588 55 21 hans
693 589 44 20 rätt
751 590 34 19 att
800 587 86 22 behålla
900 587 76 26 godset

220 622 104 28 upphört.

289 657 13 20 7
318 658 18 25 8.
366 656 64 25 Hvar,
447 663 52 19 som,
519 659 58 18 emot
595 656 72 22 bättre
690 657 99 24 vetande,
805 655 68 22 nekar
888 655 33 21 sin
936 662 39 14 un-

220 691 103 22 derskrift
339 691 52 21 eller
405 690 146 28 förskrifning,
567 691 53 22 eller
634 691 86 22 fordrar
731 691 112 26 betalning
853 690 34 21 för
896 689 80 28 gulden

219 726 59 27 gäld,
294 725 53 22 eller
361 725 131 21 återfordrar
507 727 105 24 pantsatt,
628 726 91 27 utlegdt,
734 726 77 21 lånadt
821 725 53 21 eller
883 725 93 20 förtrodt

219 761 61 26 gods,
296 759 82 22 hvilket
393 759 42 21 han
451 760 66 21 redan
534 760 95 27 återfått,
640 760 85 22 straffes
735 761 49 21 med
795 760 61 21 böter
867 759 51 22 eller
928 758 48 22 fän-

220 794 59 28 gelse
295 794 18 27 ej
331 793 59 22 öfver
405 800 37 15 sex
457 794 109 21 månader.

290 829 12 20 8
318 829 18 26 &.
365 827 53 27 Den,
435 835 45 14 som
495 829 14 20 å
523 828 160 28 försträckning
706 831 61 24 tager
782 829 53 21 eller
849 829 55 21 låter
919 828 57 21 utfä-

220 865 35 19 sta
270 863 22 21 åt
308 863 32 26 sig
354 862 66 27 högre
442 863 71 25 ränta,
530 864 27 19 än
572 863 37 27 lag
624 864 124 27 medgifver,
764 863 85 22 straffes
864 863 33 21 för
912 863 65 21 ocker

220 898 50 20 med
286 897 62 20 böter
362 896 33 21 till
409 896 41 21 och
465 897 49 21 med
529 898 100 21 tvåtusen
644 898 62 21 mark
721 897 53 22 eller
788 897 99 28 fängelse
896 897 8 21 i
913 897 63 28 högst

221 933 32 20 ett
270 932 30 21 år.

291 965 63 21 Hvad
369 964 84 22 utöfver
468 965 50 27 laga
533 966 63 21 ränta
611 965 73 28 tagits,
698 972 51 15 vare
765 965 114 22 förbrutet.

291 1000 13 19 9
320 1001 18 25 8.
369 999 64 25 Hvar,
449 1005 45 15 som
510 995 146 36 uppsåtligen,
667 1001 58 23 utan
740 999 37 25 lof,
793 1001 85 26 öppnar
893 1006 84 15 annans

221 1033 109 22 tillslutna
352 1033 49 21 bref
421 1033 52 21 eller
495 1033 69 27 skrift,
584 1033 53 22 eller
655 1033 85 27 förstör,
756 1033 156 22 undanskaffar
926 1033 52 22 eller

221 1067 146 21 undanhåller
381 1067 50 21 bref
443 1067 52 21 eller
510 1067 69 26 skrift,
595 1074 45 15 som
656 1067 79 22 honom
751 1067 117 28 veterligen
885 1069 24 20 är
922 1068 57 21 stäld

221 1101 35 21 till
272 1108 72 14 annan
365 1101 70 21 såsom
455 1103 126 25 mottagare,
601 1101 84 22 straffes
703 1102 50 21 med
768 1101 61 22 böter
845 1101 62 28 högst
922 1102 56 27 fyra-

220 1134 88 23 hundra
323 1135 61 22 mark
399 1135 52 22 eller
465 1135 96 28 fängelse
577 1135 18 28 ej
612 1135 60 22 öfver
686 1135 47 28 fyra
748 1136 111 21 månader.

292 1171 28 20 10
335 1171 17 25 8.
382 1169 25 28 Ej
424 1170 35 21 mä
474 1169 64 25 brott,
553 1177 47 14 som
610 1170 8 21 i
629 1170 60 21 detta
699 1169 84 28 kapitel
793 1169 40 22 här
843 1169 64 22 ofvan
918 1171 59 20 näm-

221 1209 46 20 nes,
284 1203 70 22 åtalas
369 1203 24 22 af
406 1203 81 22 allmän
502 1204 108 27 åklagare,
622 1205 38 20 der
670 1203 48 22 icke
731 1203 154 28 målseganden
897 1204 81 21 anmält

221 1238 37 20 det
274 1237 34 21 till
323 1238 51 25 åtal,
389 1238 52 21 eller
459 1238 82 21 brottet
558 1238 106 21 föröfvats
679 1238 25 21 af
715 1237 138 28 förmyndare
869 1238 52 21 eller
936 1238 42 21 för-

220 1271 85 22 valtare
324 1271 25 22 af
366 1272 79 22 allmän
469 1272 97 27 stiftelse,
590 1272 52 22 eller
656 1272 8 21 i
678 1272 45 26 fall,
743 1279 46 14 som
805 1272 7 21 i
827 1273 14 19 2
857 1273 10 26 $
883 1273 55 27 sägs,
956 1273 23 21 af

220 1306 120 21 sakförare.

292 1341 25 19 11
334 1342 17 25 8.
381 1340 54 26 Den,
451 1348 52 18 som,
514 1341 32 26 sig
562 1340 52 22 eller
624 1347 74 14 annan
709 1340 34 20 till
753 1342 68 26 nytta,
833 1346 77 21 genom
922 1341 54 27 orig-

220 1373 32 27 tig
268 1374 87 27 uppgift
369 1374 53 21 eller
437 1374 128 21 annorledes
584 1373 105 28 svikligen
708 1374 155 26 undandrager
879 1374 51 21 eller
945 1375 34 21 sö-

220 1407 40 21 ker
276 1408 142 27 undandraga
432 1408 84 21 kronan
532 1408 52 21 eller
598 1408 104 21 kommun
718 1407 104 27 tullafgift
837 1408 53 21 eller
904 1415 74 15 annan

220 1441 61 22 skatt
296 1442 54 21 eller
364 1442 80 21 allmän
459 1442 93 28 utskyld,
568 1442 50 22 böte
633 1442 64 27 högst
712 1441 121 22 trehundra
847 1442 67 22 mark.
