1086 1717
278 132 80 23 Ständ.
373 132 36 22 Sv.
425 144 30 3 —
469 132 71 27 Prop.
556 131 40 21 N:o
611 130 36 22 34.
786 130 27 22 47

227 203 37 13 vas
287 196 75 20 dertill
385 195 90 27 lämplig
498 194 36 21 och
554 194 98 28 behörig;
667 201 47 13 men
733 194 38 21 vill
785 194 60 21 inne-

228 230 92 26 hafvare
336 229 29 27 af
376 230 60 26 dylik
446 229 257 27 försäljningsrättighet
718 229 23 20 åt
749 229 97 20 särskild

224 264 157 28 föreståndare
397 263 101 27 anförtro
514 264 128 26 utöfningen
659 263 70 27 deraf,
740 263 63 27 hafve
815 262 36 28 lof

229 298 81 26 dertiil,
327 298 46 20 med
388 298 71 20 vilkor
474 300 33 18 att
521 298 183 26 föreståndarens
720 297 127 27 lämplighet

229 332 28 28 af
269 334 142 25 magistraten
429 332 129 27 godkännes.

298 374 20 19 2.
349 372 86 26 Aflider
457 372 47 26 den,
524 379 44 13 som
584 372 93 20 innehar
692 373 103 27 rättighet
812 372 35 21 till

231 406 79 20 handel
326 407 46 20 med
389 406 91 20 bränvin
496 407 52 19 eller
564 406 147 28 utskänkning
726 407 69 26 deraf,
812 407 36 20 må

230 441 97 21 rörelsen
344 441 29 26 af
385 441 199 28 sterbhusdelegare
604 442 19 25 ej
634 441 121 26 fortsättas
771 442 77 27 längre

230 477 30 18 än
283 475 36 20 till
341 476 64 19 slutet
424 475 29 26 af
465 475 91 27 löpande
566 475 178 27 försäljningsår
760 475 38 20 och
813 482 34 13 en-

231 509 50 20 dast
304 510 47 19 med
373 509 70 20 vilkor
465 512 32 17 att
519 509 81 20 sådant
623 509 112 27 behörigen
752 509 96 21 anmäles

232 545 56 18 samt
310 545 33 18 att
361 543 42 26 för
425 543 105 20 rörelsens
550 542 117 27 utöfvande
682 543 75 20 ställes
773 549 75 14 annan

228 583 88 20 person,
334 583 42 14 som
393 577 29 26 af
433 578 142 25 magistraten
594 577 94 26 pröfvas
704 577 91 26 lämplig
811 575 37 22 och

234 611 6 19 i
256 611 70 27 öfrigt
342 611 92 26 behörig.

302 652 20 20 3.
352 650 117 28 Flyttning
487 651 27 26 af
521 651 226 27 minutförsäljnings-
757 651 52 20 eller
817 652 32 18 ut-

232 685 200 27 skänkningsställe
455 685 34 20 må
512 685 44 20 icke
579 685 35 20 ske
630 688 52 17 utan
698 685 91 20 erhållet
805 684 44 21 till-

233 719 66 20 stånd
314 719 29 26 af
354 720 121 25 magistrat.

514 781 15 26 $
539 783 36 20 21.

303 821 19 20 1.
354 820 152 21 Minuthandel
527 821 46 20 med
589 821 91 20 bränvin
696 821 35 20 må
747 827 38 21 ega
801 827 49 14 rum

235 855 77 20 endast
328 855 13 20 å
357 855 81 26 helgfri
453 855 43 26 dag
515 856 56 25 från
588 855 91 20 klockan
694 855 36 20 nio
746 861 33 14 om
795 861 55 14 mor-

236 895 70 20 gonen
322 889 34 20 till
371 889 90 20 klockan
477 896 36 13 sex
530 896 32 13 om
578 889 95 27 aftonen.

304 924 20 19 2.
354 923 65 20 Intill
435 923 47 20 dess
498 923 70 20 derom
584 924 43 19 kan
643 930 53 14 vara
711 923 141 21 annorlunda

234 956 141 27 förordnadt,
399 957 124 20 ankommer
545 958 13 19 &
582 958 138 27 länestyrelse
739 960 40 23 att,
795 957 57 27 efter

235 991 35 20 det
285 991 157 21 vederbörande
459 992 71 20 lokala
539 992 150 27 myndigheter
698 991 72 27 blifvit
778 991 73 26 hörde,

236 1025 112 26 angående
370 1025 59 20 tiden
452 1026 29 20 då
504 1026 147 27 utskänkning
669 1027 35 19 må
720 1033 38 20 ega
774 1033 48 13 rum
838 1026 15 19 å

236 1059 95 26 hoteller,
354 1059 136 21 konditorier
512 1060 38 20 och
569 1061 71 19 andra
656 1060 171 27 näringsställen
844 1061 9 18 i

235 1093 52 20 stad
310 1096 55 17 samt
376 1093 32 27 på
425 1094 80 25 landet,
525 1094 38 21 der
578 1093 189 21 värdshusrörelse
782 1094 69 25 idkas,

235 1127 98 20 meddela
349 1127 24 20 de
390 1129 101 18 närmare
508 1127 144 27 föreskrifter,
668 1135 45 13 som
723 1128 42 26 för
779 1127 74 28 hvarje

236 1163 34 18 ort
286 1161 74 20 kunna
372 1161 78 27 finnas
466 1162 111 27 lämpliga.

305 1197 20 18 3.
360 1195 72 20 Under
447 1196 134 20 marknader
597 1196 36 21 och
650 1197 119 27 torgdagar
777 1198 27 19 är
812 1197 41 20 mi-

236 1229 121 22 nuthandel
377 1230 47 20 med
443 1229 92 21 bränvin
551 1230 121 27 förbjuden,
690 1231 36 20 och
741 1231 112 20 ankomme

236 1263 14 19 å
266 1263 137 27 länestyrelse
419 1266 39 23 att,
472 1264 31 26 på
515 1264 171 27 framställning
699 1264 25 28 af
729 1264 123 28 magistrat,

235 1296 202 28 stadsfullmäktige
465 1298 52 20 eller
542 1298 181 26 rådhusstämma,
742 1298 111 28 förbjuda

236 1331 44 20 slik
295 1331 78 21 handel
381 1332 83 26 jemväl
479 1332 38 20 vid
533 1332 70 20 andra
620 1332 111 26 tillfällen,
745 1333 30 20 då
783 1334 70 19 större

232 1365 147 27 folksamling
395 1373 48 19 eger
459 1372 56 14 rum.

306 1401 20 19 4.
360 1399 72 21 Under
455 1402 45 18 sön-
525 1400 50 21 eller
590 1400 92 27 helgdag
698 1401 35 19 må
747 1400 26 28 af
788 1400 65 21 brän-

237 1433 178 25 vinstillverkare,
443 1433 143 27 innehafvare
608 1433 29 27 af
655 1434 199 27 destilleringsverk
