1086 1717
241 143 28 21 10

405 142 82 22 Ständ.
503 141 39 23 Sv.
557 154 28 4 —
600 142 73 28 Prop.
688 142 39 22 N:o
741 141 36 24 32.

631 208 17 23 $
663 205 20 21 8.

408 250 115 28 Tillsynen
545 250 98 28 deröfver
662 251 35 21 att
713 250 58 21 bank
785 250 113 28 behörigen
912 249 53 28 full-

348 288 39 25 gör
407 286 102 28 gällande
529 285 170 29 lagstadganden
714 284 38 22 och
773 284 191 28 föreskrifterna
952 280 15 38 i

350 320 45 21 dess
417 327 52 21 egen
491 320 165 28 bolagsordning
678 320 125 22 ankommer
825 320 14 22 å
858 319 107 23 Senatens

349 354 271 28 Ekonomiedepartement,
643 355 9 21 i
675 355 80 21 hvilket
777 356 99 26 afseende
897 349 31 28 eti
942 356 28 27 af

349 388 96 23 Senaten
468 390 79 21 tillsatt
565 390 87 27 publikt
668 389 82 27 ombud,
766 397 45 14 som
825 390 20 28 ej
859 390 38 27 får
910 396 56 16 vara

349 424 95 28 delegare
459 424 9 21 i
483 424 91 27 banken,
590 424 56 22 skall
661 431 55 15 vara
731 424 130 29 berättigadt
875 424 19 28 ej
908 424 57 22 min-

349 458 37 21 dre
401 460 34 19 att
449 458 77 32 bivista
541 459 173 27 bankstyrelsens
729 459 192 21 sammankomster
931 459 33 28 äf-

349 499 85 15 vensom
449 493 95 22 revision
559 493 37 22 och
611 493 163 28 bolagsstämma
781 495 57 20 samt
847 494 74 21 dervid
931 493 35 22 till

345 527 129 26 protokollet
485 530 55 25 göra
554 528 26 21 de
591 528 156 27 påminnelser,
763 528 90 21 hvartill
862 528 47 21 skäl
919 528 46 21 kan

349 561 136 28 förekomma,
510 564 31 19 än
563 564 39 25 att,
625 563 25 20 så
672 563 47 27 ofta
741 562 47 22 han
803 569 66 15 anser
883 563 80 27 nödigt,

347 602 98 21 genomse
467 596 96 22 bankens
586 597 77 26 böcker,
686 597 75 21 kassor
783 598 58 20 samt
855 596 58 22 låne-
929 597 37 20 och

350 629 70 29 öfriga
435 631 141 28 handlingar,
592 631 60 22 såväl
667 631 37 21 vid
718 631 96 22 bankens
828 631 138 28 hufvudkon-

351 665 32 20 tor
397 672 45 14 som
457 665 36 22 vid
515 666 45 21 dess
582 665 208 28 afdelningskontor.
821 665 96 22 Senaten
931 667 35 20 ut-

349 699 80 27 färdar
443 700 136 21 instruktion
594 700 36 27 för
640 700 92 27 publika
743 700 102 26 ombudet,
858 699 33 22 till
901 699 65 22 hvars

350 733 117 27 aflönande
482 733 62 27 bank,
554 733 54 28 efter
616 733 107 22 Senatens
733 733 165 27 bestämmande,
909 733 55 22 skall

350 767 97 28 bidraga.

634 827 16 23 $
669 824 19 21 9.

417 870 79 21 Derest
503 870 68 21 banks
579 870 119 28 tillgångar
705 877 77 21 genom
789 869 121 28 inträffade
917 869 47 28 för-

350 903 67 22 luster
431 904 9 21 i
454 905 25 20 sä
501 904 89 28 betydlig
611 905 54 20 män
685 905 94 27 mnedgätt,
800 906 33 19 att
850 904 114 27 desamma,

349 938 54 27 efter
418 938 79 28 afdrag
512 939 29 27 af
551 938 129 22 skuldernas
690 939 77 27 belopp,
778 939 45 21 icke
833 940 77 26 utgöra
920 939 44 21 nit-

350 973 28 20 tio
389 975 92 24 procent
496 973 27 27 af
535 973 45 21 dess
595 973 117 27 faststälda
725 973 166 27 grundkapital,
901 973 61 26 skall,

348 1007 95 27 såframt
464 1007 172 28 förbindelserna
658 1008 28 21 dä
709 1007 116 28 öfverstiga
844 1007 120 28 femdubbla

350 1041 92 27 beloppet
456 1041 28 28 af
497 1041 94 22 bankens
612 1041 135 22 återstående
761 1041 90 27 kapital,
868 1041 96 22 bankens

349 1076 88 27 styrelse
458 1076 72 21 derom
551 1076 91 21 anmäla
660 1076 39 21 hos
710 1075 92 27 publika
817 1075 97 22 ombudet
928 1076 38 21 och

346 1111 80 26 genast
439 1110 159 21 sammankalla
613 1111 63 21 extra
690 1110 168 27 bolagsstämma.
889 1110 75 22 Beslu-

350 1145 31 20 ter
396 1144 180 28 bolagsstämman
594 1146 33 20 att
641 1145 57 20 hvad
713 1151 44 14 som
767 1144 112 27 erfordras
890 1144 34 22 till
934 1145 30 21 be-

350 1178 104 22 täckande
470 1178 27 28 af
509 1179 41 21 den
565 1179 9 21 i
586 1179 182 28 grundkapitalet
783 1178 125 27 uppkomna
923 1179 42 22 bri-

348 1214 48 19 sten
411 1213 60 21 inom
485 1213 60 28 högst
560 1215 31 19 tre
606 1213 106 22 månader
728 1213 119 27 tillskjutas
857 1213 62 27 skall,
930 1214 36 21 må

349 1247 96 22 bankens
467 1247 77 22 rörelse
559 1248 127 27 fortsättas;
708 1247 37 21 och
757 1247 71 28 gäller
841 1247 10 22 i
865 1247 100 28 afseende

348 1281 14 21 å
377 1281 106 22 beslutadt
498 1281 94 27 tillskott,
609 1283 34 20 att
657 1281 130 28 bolagsman,
804 1289 45 14 som
858 1281 21 29 ej
885 1283 38 21 vill
930 1283 34 21 så-

348 1315 57 21 dant
418 1315 102 28 fullgöra,
537 1316 42 21 icke
597 1316 73 21 dertill
687 1316 80 28 pligtig
781 1318 32 24 är,
831 1323 50 15 men
895 1318 33 20 att
941 1318 25 21 de

348 1349 131 28 bolagsmän,
502 1357 44 14 som
569 1350 110 21 tillskottet
699 1350 110 26 verkstält,
825 1352 39 20 äro
879 1350 86 22 berätti-

347 1384 91 28 gadeatt
448 1384 25 27 af
485 1384 96 22 bankens
589 1384 110 28 blifvamde
714 1384 101 22 behållna
829 1385 131 27 vinstmedel,

348 1418 75 22 innan
438 1424 80 16 annan
533 1418 115 28 utdelning
668 1418 54 27 sker,
739 1418 156 23 återbekomma
908 1420 56 21 hvad

348 1452 28 27 af
387 1452 47 22 dem
450 1452 113 28 tillskjutet
577 1452 77 28 blifvit,
666 1453 66 28 jemte
746 1460 37 14 sex
793 1455 104 25 procents
908 1454 57 28 årlig
