1086 1717
240 154 11 17 6
467 152 22 20 U.
501 153 23 19 B.
537 163 21 3 —
571 152 63 24 Prop.
647 153 37 19 N:o
699 152 31 20 33.

216 211 112 27 landskap,
347 211 100 21 hänföras
466 211 7 21 i
492 211 49 21 mån
557 211 23 21 af
594 211 41 21 den
650 212 68 20 större
734 211 51 21 eller
800 210 81 22 mindre
896 210 81 22 skatte”

216 245 103 27 förmåga,
339 252 46 15 som
403 246 66 26 enligt
487 246 73 26 regeln
578 245 68 21 måste
664 245 40 21 hos
723 245 48 21 dem
793 245 131 26 förutsättas,
943 244 34 22 till

217 282 77 19 tvenne
310 280 70 21 skilda
394 280 127 26 kategorier,
538 279 48 22 utaf
598 279 73 21 hvilka
686 279 26 21 de
727 279 33 21 till
776 280 41 21 den
833 285 40 15 ena
883 279 94 21 hörande

216 325 29 5 —
253 314 106 26 nemligen
373 314 117 27 löntagare,
507 320 62 20 egare
582 314 40 21 och
629 313 139 22 innehafvare
776 314 23 21 af
805 314 124 26 lägenheter
936 313 40 21 och

217 348 127 22 industriela
357 348 53 22 verk
425 350 56 20 samt
495 348 99 22 biträden
608 348 36 22 vid
660 348 72 27 dylika
741 348 59 26 verk,
809 348 168 27 godsförvaltare

216 382 41 22 och
274 382 140 28 inspektorer,
431 383 109 21 äfvensom
555 382 121 22 handlande
692 382 39 22 och
747 382 68 21 andra
829 382 147 26 näringsidka-

216 423 30 20 re,
266 423 45 16 som
328 417 8 21 i
355 417 32 21 sin
405 417 80 22 rörelse
504 417 98 22 använda
619 417 63 27 legda
697 416 99 22 biträden
811 417 53 21 eller
879 416 97 21 arbetare

216 463 28 3 —
260 451 8 21 i
286 451 135 22 omförmäldt
440 452 99 21 afseende
558 452 85 26 erlägga
661 454 33 19 tre
712 451 83 28 kappar
810 451 101 27 spanmål,
927 457 49 15 men

218 485 26 22 de
260 485 74 28 öfriga,
351 486 50 21 eller
414 486 142 27 jordtorpare,
573 486 221 27 kronoskogstorpare
809 492 28 15 m.
852 485 21 21 fi.
884 485 56 22 blott
950 491 26 16 en

216 520 42 21 och
276 526 27 15 en
321 520 46 21 half
383 520 76 27 kappe.
490 521 46 20 Den
554 521 7 20 i
580 520 219 22 öfverensstämmelse
813 519 88 22 härmed
915 519 61 27 utgä-

216 554 55 21 ende
301 555 184 26 tingsgästningen
514 555 96 21 tillfaller
635 554 167 27 häradshöfding
828 554 75 26 allena,
928 559 49 15 men

217 589 119 20 nämndens
355 588 92 27 aflöning
465 589 104 21 bestrides
584 589 23 21 af
621 589 153 21 kommunerna
789 588 48 21 med
851 588 126 21 uttaxerade

217 623 70 21 medel
309 625 55 19 samt
386 623 116 22 fastställes
531 624 6 20 ä
560 623 215 22 kommunalstämma
793 623 33 21 till
840 623 45 21 lika
900 623 76 26 belopp

217 657 35 21 för
266 657 74 28 hvarje
354 658 149 21 nämndeman.
532 658 102 21 Deremot
649 657 118 27 berättigas
781 657 153 21 kommunerna
944 658 33 19 att

218 691 86 27 deltaga
322 692 8 21 i
348 692 115 21 nämndens
482 692 138 26 tillsättande,
640 692 90 21 sålunda
745 693 38 25 att,
799 691 36 21 vid
849 691 127 22 inträffande

218 725 95 27 ledighet
328 727 7 20 i
350 727 129 25 densamma,
494 728 33 19 tre
541 728 50 20 män
606 726 28 27 pä
648 726 70 27 grund
732 725 23 22 af
769 726 12 21 ä
789 725 188 22 kommunalstäm-

218 766 36 15 ma
272 760 115 22 förrättadt
405 761 41 26 val,
463 763 66 19 sättas
544 761 13 20 &
572 761 79 26 förslag
666 761 33 21 till
714 761 88 26 sysslan,
817 760 107 21 hvarefter
939 760 38 21 hä-

219 794 122 22 radsrätten
356 795 47 21 utaf
417 795 48 21 dem
480 795 72 21 dertill
566 797 58 19 utser
639 801 33 15 en.

288 829 32 20 De
336 835 29 15 nu
379 829 90 22 anförda
483 829 123 27 principiela
621 829 188 26 bestämningarna
823 829 8 21 i
846 829 40 21 den
900 828 77 27 nädiga

218 863 161 27 propositionen
400 864 40 21 har
462 863 105 22 utskottet
590 863 70 22 funnit
682 864 32 26 sig
737 863 53 21 böra
808 863 33 21 till
859 863 42 21 alla
920 863 59 21 delar

217 897 123 26 godkänna.
369 898 34 21 De
423 898 117 27 eftergifter
558 898 40 21 och
616 898 114 25 lättnader,
751 903 45 15 som
811 897 121 27 föreslagits
947 898 33 20 att

216 937 42 21 ega
273 938 48 15 rum
336 932 8 21 i
358 932 99 21 afseende
473 932 12 21 &
504 932 194 27 tingsgästningens
717 931 119 27 utgörande
853 931 39 22 och
907 931 73 21 hvilka

219 965 62 22 bestä
296 978 28 3 —
338 966 93 22 förutom
447 967 45 21 deri
508 968 31 19 att
554 967 70 20 denna
636 966 80 27 jemväl
731 965 34 22 för
780 966 42 21 alla
838 966 67 26 öfriga
919 966 59 21 beta-

218 999 46 22 lare
283 1001 97 20 nedsatts
398 1001 49 21 med
466 1007 26 15 en
510 1001 70 26 kappe
597 1012 27 3 —
639 1000 89 21 framför
745 1000 38 21 allt
799 1000 76 26 deruti,
891 1001 32 20 att
938 1000 41 21 den

218 1034 112 27 fattigaste
351 1035 130 21 folkklassen
504 1035 44 21 helt
570 1035 40 21 och
632 1035 66 21 hället
717 1034 88 21 befriats
824 1034 47 21 frän
887 1034 93 21 nämnda

218 1068 66 27 skatt,
300 1071 56 19 samt
371 1071 32 19 att
418 1069 70 22 denna
506 1069 62 22 äfven
585 1069 34 21 för
638 1069 26 21 de
680 1069 62 26 eljest
757 1069 83 20 mindre
854 1068 126 22 bemedlade

218 1103 106 21 minskats
339 1103 47 22 frän
401 1103 47 27 fyra
466 1104 82 27 kappar
570 1104 56 20 ända
648 1103 34 22 till
700 1109 27 16 en
748 1103 39 21 och
802 1109 27 16 en
843 1103 47 21 half
902 1103 76 26 kappe,

218 1139 40 19 äro
277 1137 24 21 sä
319 1137 114 27 betydliga,
458 1140 32 19 att
512 1138 26 21 de
560 1138 92 27 tidigare
674 1137 75 22 skälen
770 1137 33 21 till
825 1137 78 26 klagan
920 1137 60 22 öfver

218 1171 99 22 skattens
339 1172 108 27 ojemnhet
470 1172 51 21 eller
545 1172 117 27 tryckande
689 1171 146 22 beskaffenhet
858 1171 122 27 derigenom

218 1205 143 22 öfverhufvud
383 1206 66 22 borde
467 1212 51 16 vara
536 1206 140 27 undanröjda.
691 1217 29 4 —
736 1206 64 21 Emot
818 1205 161 27 ifrägavarande

219 1239 160 28 bestämningar
394 1240 40 21 har
452 1241 34 20 väl
508 1240 48 21 utaf
577 1240 66 27 nägra
660 1241 60 20 inom
737 1240 106 21 utskottet
859 1239 119 22 anmärkts:

219 1273 47 22 dels
281 1275 32 20 att
327 1274 154 22 kommunerna
496 1275 66 21 borde
576 1275 118 26 berättigas
709 1275 32 21 att
757 1274 131 22 omedelbart
903 1280 77 21 genom

219 1308 87 22 direkta
320 1309 35 21 val
368 1311 48 19 utse
431 1309 151 26 nämndemän;
599 1310 45 20 dels
659 1309 41 21 ock
716 1310 33 20 att
763 1309 71 21 desses
849 1308 93 28 aflöning
960 1309 18 26 ej

220 1342 67 22 borde
302 1343 109 21 ähvälfvas
430 1344 26 20 de
473 1344 64 26 förra,
560 1346 51 18 enär
633 1344 78 20 sädant
729 1343 116 21 förmenats
862 1343 47 21 icke
924 1344 56 21 blott

218 1376 52 22 leda
284 1378 34 20 till
333 1378 108 26 orättvisa,
458 1378 28 20 dä
500 1378 124 26 taxeringen
639 1378 59 22 inom
713 1377 70 22 skilda
797 1378 126 20 kommuner
934 1378 46 20 ofta

218 1410 129 22 verkställes
361 1412 67 26 enligt
443 1412 57 21 olika
518 1412 100 26 grunder,
636 1414 52 19 utan
708 1411 41 22 ock
763 1412 8 21 i
785 1412 115 26 synnerhet
913 1411 67 21 blifva

218 1444 139 28 betungande
371 1445 35 22 för
421 1446 26 21 de
462 1446 104 22 härintills
584 1446 28 27 pä
630 1446 70 27 grund
716 1446 23 21 af
751 1446 120 26 privilegier
886 1446 47 21 från
948 1446 32 20 bi-

290 1485 47 21 Lag-
350 1486 29 16 och
392 1486 170 18 Ekonomiutskottets
574 1486 104 18 betänkande
690 1486 36 16 N:o
739 1486 16 16 4.
