1086 1717
250 137 28 21 64
556 137 39 22 N:o
610 136 36 22 36.

290 194 149 27 Öfverskrider
457 206 51 14 man
525 200 107 20 betesrätt
646 199 14 21 å
674 198 92 22 samfäld
779 198 62 28 jord;
852 198 52 22 böte
914 198 64 27 högst

220 233 76 22 femtio
311 234 68 21 mark.

291 274 14 20 9
320 275 18 25 8.
367 274 65 25 Hvar,
457 280 46 15 som
525 280 78 20 genom
622 272 149 22 försummelse
786 272 7 21 i
808 273 42 21 den
865 273 59 24 vård,
940 272 39 22 ho-

224 314 52 16 nom
294 308 81 27 åligger
390 314 34 14 om
440 309 49 26 eget
505 307 52 22 eller
572 314 85 14 annans
672 306 95 26 kreatur,
783 306 52 22 eller
849 306 131 22 annorledes

222 342 74 25 vållar,
312 344 33 19 att
360 342 88 21 kreatur
463 341 100 28 olofligen
578 341 122 22 inkommer
714 341 29 27 på
755 348 84 14 annans
846 347 57 21 egor,
914 340 65 22 straf-

222 376 33 22 fes
270 376 49 21 med
333 376 62 21 böter
409 376 64 27 högst
487 376 75 21 femtio
577 376 68 21 mark.

293 416 27 21 10
334 417 17 26 8
382 416 69 27 Tager
466 416 72 27 någon
554 415 72 28 oloflig
641 416 41 27 väg
697 415 52 22 eller
758 416 101 27 gängstig
869 415 59 22 öfver
942 422 37 15 an-

224 457 56 15 nans
306 453 56 19 tomt
384 450 51 22 eller
458 450 59 22 öfver
539 457 85 14 annans
646 450 58 26 åker,
721 451 43 26 äng
779 450 53 21 eller
847 450 133 27 plantering,

222 492 47 15 som
285 485 63 21 deraf
360 484 43 22 kan
418 485 89 26 skadas;
524 484 50 22 böte
589 484 64 27 högst
668 485 74 21 femtio
758 485 68 21 mark.

293 526 25 19 11
335 526 17 26 8.
382 525 67 27 Jagar
471 525 71 26 någon
562 524 100 28 olofligen
678 525 14 21 &
706 525 68 24 mark,
791 525 38 21 der
843 525 44 21 han
903 524 19 28 ej
939 524 42 21 har

224 560 102 27 jagträtt;
342 559 49 21 böte
407 559 63 27 högst
485 559 119 21 etthundra
619 559 68 21 mark.

292 599 46 21 Har
359 599 43 21 han
425 599 74 21 dervid
523 599 68 20 dödat
606 598 52 22 eller
673 599 76 27 fångat
763 599 115 25 villebråd;
894 598 86 22 tillfalle

226 634 37 21 det
283 633 53 22 eller
358 634 47 20 dess
427 634 66 20 värde
512 633 48 26 den,
576 640 46 14 som
636 633 95 28 lagligen
745 633 92 21 innehar
849 633 131 28 jagträtten.

224 668 45 21 Var
288 667 48 28 jagt
359 668 13 20 å
393 668 78 21 sådant
493 667 106 22 villebråd
621 667 114 28 förbjuden
754 667 50 22 hela
819 668 58 25 året;
893 667 87 21 tillfalle

224 701 128 23 villebrådet
367 701 51 22 eller
433 703 49 20 dess
497 703 66 20 värde
578 701 91 22 kronan.

293 743 40 20 Om
356 742 62 21 straff
438 742 34 21 för
494 743 48 24 den,
562 749 46 14 som
621 742 64 27 jagar
700 743 13 20 å
728 741 85 28 fridlyst
827 742 38 26 tid,
882 741 52 22 eller
950 742 32 27 på

224 776 82 28 olofligt
322 779 47 23 sätt,
385 778 25 19 är
425 776 103 22 särskildt
544 777 108 26 stadgadt.

294 817 26 21 12
336 818 16 25 8.
383 816 64 27 Hvar,
467 823 45 14 som
536 816 100 27 olofligen
654 816 66 21 fiskar
735 816 53 21 eller
803 816 78 27 fångar
895 817 85 21 kräftor

222 851 8 22 i
245 853 81 25 vatten,
343 851 45 21 deri
403 851 43 21 han
463 851 18 27 ej
498 857 50 21 eger
563 851 35 21 del
614 851 52 21 eller
676 852 44 20 rätt
730 851 33 21 till
774 851 37 21 det
820 851 79 22 idkade
909 851 73 27 fisket,

224 885 52 22 böte
294 885 63 27 högst
378 885 123 21 tvåhundra
523 885 68 26 mark,
607 885 41 21 och
667 885 100 28 fångsten
783 885 52 22 eller
850 886 49 21 dess
913 886 67 21 värde

224 919 85 22 tillfalle
325 920 48 25 den,
389 926 45 14 som
449 919 92 22 innehar
556 919 132 28 rättigheten
703 920 34 21 till
751 919 71 22 fisket.

293 949 148 26 Öfverskrider
459 953 99 28 delegare
573 953 8 21 i
596 953 104 22 samfäldt
714 953 129 22 fiskevatten
859 953 53 22 eller
926 953 54 22 fiske

225 987 33 22 sin
275 989 43 19 rätt
334 987 53 27 deri;
403 987 51 22 böte
469 988 64 27 högst
547 988 118 21 etthundra
680 988 68 27 mark,
759 988 41 21 och
811 988 106 27 fångsten,
929 987 54 22 eller

225 1023 49 21 dess
289 1023 73 25 värde,
377 1021 85 22 tillfalle
477 1022 67 27 öfrige
559 1023 101 27 delegare
674 1023 8 21 i
697 1023 70 21 fisket.

294 1057 39 21 Om
350 1056 61 21 straff
423 1056 34 21 för
473 1057 48 25 den,
537 1063 47 15 som
598 1057 67 21 fiskar
680 1057 53 21 eller
747 1056 64 22 idkar
825 1056 132 27 kräftfångst
969 1057 15 20 å

224 1091 86 28 fridlyst
324 1091 38 26 tid,
378 1091 52 21 eller
445 1091 30 27 på
489 1091 83 27 olofligt
587 1092 49 25 sätt,
653 1092 25 20 är
692 1091 103 21 särskildt
810 1091 110 27 stadgadt.

294 1126 26 21 13
336 1127 19 25 8.
384 1125 109 27 Tillegnar
516 1125 32 28 sig
570 1126 73 27 någon
665 1125 105 22 villebråd
785 1132 26 14 ur
825 1131 85 15 annans
923 1125 58 27 jagt-

224 1159 94 28 redskap
339 1159 52 22 eller
413 1160 111 27 djurgård,
548 1159 52 22 eller
623 1159 72 28 fångst
712 1166 27 14 ur
757 1166 85 14 annans
865 1159 119 27 fiskbragd,

224 1201 63 21 sump
302 1194 53 22 eller
370 1195 58 25 dam;
445 1195 86 21 straffes
546 1195 34 20 för
595 1194 57 21 stöld
668 1194 52 21 eller
735 1194 96 21 snatteri.

293 1230 29 19 14
336 1231 19 25 8.
384 1229 54 26 Den,
454 1236 45 15 som
515 1236 79 20 genom
609 1228 101 28 gräfning
725 1228 52 21 eller
792 1228 128 21 annorledes
933 1229 50 20 dra-

223 1270 39 21 ger
278 1263 52 22 eller
344 1263 63 22 söker
422 1265 69 26 draga
505 1263 34 22 till
551 1264 32 27 sig
594 1270 84 15 annans
687 1263 61 25 fiske,
759 1262 52 21 eller
820 1269 78 20 genom
909 1264 74 25 stäng-

222 1298 32 22 sel
270 1298 52 21 eller
344 1300 68 20 annat
434 1298 71 22 medel
523 1298 95 22 afhåller
633 1298 52 21 eller
700 1297 64 21 söker
779 1296 84 22 afhålla
877 1296 41 22 fisk
933 1297 49 21 från

222 1332 137 27 fiskevatten,
375 1339 46 15 som
439 1332 44 22 han
499 1332 18 28 ej
535 1332 39 21 har
589 1333 44 20 rätt
648 1334 33 19 att
699 1338 74 15 ensam
797 1331 78 27 nyttja,
899 1330 86 22 straffes

222 1368 51 20 med
287 1366 62 22 böter
364 1367 18 27 ej
399 1366 61 22 öfver
475 1366 119 22 trehundra
609 1366 69 22 mark.

292 1401 28 21 15
336 1402 18 25 8.
383 1396 30 26 Är
428 1401 93 21 allenast
537 1400 85 22 enskild
637 1402 43 20 rätt
692 1400 125 21 förnärmad
827 1406 79 21 genom
916 1399 67 26 brott,

223 1441 47 15 som
286 1434 63 22 ofvan
364 1435 7 20 i
387 1436 61 20 detta
463 1435 83 27 kapitel
561 1436 100 24 nämnes;
677 1435 35 20 må
727 1434 86 26 brottet,
830 1440 34 15 om
881 1434 36 20 det
932 1433 53 21 icke
