1086 1717
262 140 28 21 60
567 140 39 22 N:o
621 140 35 22 36.

304 204 47 30 Lag
373 211 83 15 samma
477 210 58 20 vare,
559 211 34 14 om
617 204 39 21 rån
678 203 65 27 begås
765 202 25 22 af
810 204 37 20 två
862 203 52 22 eller
929 203 57 26 flere,

233 237 75 22 hvilka
323 238 63 22 sällat
401 238 32 28 sig
447 245 98 15 samman
561 240 33 20 att
610 239 53 20 råna
678 238 52 21 eller
745 237 70 28 stjäla.

306 273 13 20 3
334 274 18 26 $.
382 273 45 21 Har
449 274 48 24 den,
519 280 46 14 som
586 273 36 21 vid
645 272 96 27 snatteri,
760 272 57 21 stöld
833 271 52 22 eller
900 271 88 25 inbrott,

234 306 54 22 eller
309 306 74 22 försök
398 307 71 21 dertill
484 307 114 21 anträffats
614 308 13 20 å
642 306 39 22 bar
696 306 96 28 gerning,
808 305 34 22 för
857 308 32 19 att
904 305 86 22 behålla

234 342 78 26 godset
334 341 52 21 eller
405 341 108 21 fullborda
527 341 81 21 brottet
623 342 58 27 gjort
696 340 49 22 våld
761 342 13 20 å
788 348 81 18 annan,
885 340 51 21 eller
952 347 38 14 an-

234 376 68 20 vändt
325 378 56 18 emot
403 376 72 26 någon
490 376 44 25 hot,
550 382 46 14 som
612 376 91 21 innebär
718 376 122 26 trängande
855 374 47 22 fara
916 374 35 21 för
965 374 27 21 lif

235 408 53 22 eller
310 409 69 26 helsa;
396 409 55 21 skall
466 410 50 27 han,
532 410 55 21 efter
602 410 78 21 sakens
696 409 154 26 beskaffenhet,
867 415 63 15 anses
945 408 45 22 lika

234 450 47 15 som
303 443 57 22 hade
381 444 43 21 han
448 444 93 21 föröfvat
563 445 38 20 rån
625 444 52 22 eller
696 444 56 28 gjort
767 443 74 22 försök
857 443 77 26 dertill,
950 443 40 22 och

234 478 87 22 straffas
337 479 66 26 enligt
418 479 12 20 1
447 479 52 21 eller
513 479 14 20 2
542 480 17 26 8.

309 514 14 20 4
338 514 17 26 $.
386 513 64 25 Hvar,
474 521 45 14 som
542 513 25 22 af
587 521 74 14 annan
678 520 78 21 genom
771 513 38 21 hot
825 513 119 27 tilltvingar
959 513 32 26 sig

234 548 54 27 gods
304 547 52 22 eller
370 548 126 27 penningar,
513 548 52 21 eller
580 555 73 14 annan
669 548 69 21 fördel
753 548 7 21 i
775 549 113 26 egendom,
903 547 88 22 hvartill

234 583 45 21 han
301 583 19 26 ej
344 582 39 21 har
405 582 50 27 laga
470 584 50 25 rätt,
537 583 84 21 straffes
636 583 33 21 för
684 583 137 27 utpressning
837 583 49 21 med
900 581 90 22 tukthus

234 617 8 22 i
257 617 64 28 högst
336 617 47 28 fyra
397 617 30 27 är,
443 617 52 22 eller
509 617 97 28 fängelse
622 617 18 28 ej
657 618 69 21 under
741 618 36 21 två
793 618 109 21 månader.

307 651 83 22 Försök
405 651 33 22 till
453 652 137 27 utpressning
606 653 24 20 är
646 651 116 22 straffbart.

307 686 93 21 Innebär
421 686 61 21 hotet
503 687 121 26 trängande
640 686 48 21 fara
702 686 33 21 för
749 685 28 22 lif
789 685 52 22 eller
856 685 65 26 helsa,
938 685 53 22 eller

234 721 64 28 göres
313 720 49 22 våld
377 721 14 20 &
405 727 88 21 person;
509 720 55 21 skall
580 720 81 22 brottet
672 727 63 15 anses
745 721 71 21 såsom
827 721 38 20 rän
877 720 39 21 och
926 719 64 22 straf-

236 755 34 22 fas
285 755 55 21 efter
356 756 10 20 1
383 754 51 22 eller
449 756 14 19 2
478 756 17 25 8.

309 791 12 19 5
338 791 17 25 &.
385 789 104 22 Föröfvar
511 791 70 26 någon
598 791 45 26 rän,
659 791 67 20 sedan
742 789 43 22 han
800 789 59 22 förut
874 790 116 27 undergätt

236 824 63 21 straff
317 823 33 22 för
365 824 38 20 rän
419 823 52 22 eller
486 825 148 26 utpressning;
650 825 73 20 dömes
738 824 33 21 för
787 823 85 22 äterfall
886 824 8 21 i
908 825 39 20 rän
958 823 33 22 till

236 852 92 22 tukthus
343 853 47 20 frän
406 852 40 21 och
456 853 49 21 med
520 855 34 19 tre
569 853 33 21 till
618 853 40 21 och
673 854 49 20 med
733 853 42 21 tolf
781 853 24 20 är
816 852 53 21 eller
878 853 28 27 pä
916 852 74 21 lifstid.

308 886 41 21 Till
373 893 82 14 samma
477 887 63 21 straff
552 887 56 21 skall
623 887 34 22 för
672 887 85 22 återfall
773 887 7 20 i
795 887 138 27 utpressning
948 887 43 21 den

237 923 82 25 dömas,
336 928 44 14 som
397 922 77 21 utstätt
490 921 62 22 straff
564 921 34 22 för
613 923 39 20 rän
668 922 52 21 eller
735 921 138 28 utpressning
888 921 40 21 och
944 922 47 20 der-

236 957 56 20 efter
306 956 97 21 beträdts
418 957 49 20 med
483 956 135 21 sistnämnda
633 956 65 22 brott.

309 991 13 20 6
338 991 18 26 &.
385 990 45 21 Har
445 991 48 26 den,
509 997 45 14 som
569 991 57 27 gjort
642 991 31 28 sig
688 991 85 28 skyldig
787 991 34 21 till
836 991 39 21 rän
890 990 52 22 eller
959 992 33 19 ut-

236 1025 122 28 pressning,
381 1025 139 21 derförinnan
543 1026 117 27 undergätt
675 1026 62 21 straff
750 1025 34 22 för
798 1025 51 28 grof
861 1025 62 26 stöld,
940 1025 52 21 eller

237 1060 36 22 för
288 1061 69 20 andra
371 1066 62 15 resan
449 1060 56 21 stöld
521 1060 51 21 eller
587 1061 69 20 andra
666 1061 84 26 gängen
762 1059 91 26 inbrott;
864 1061 36 20 mä
909 1059 83 22 straffet

236 1095 35 21 för
294 1095 62 20 ränet
373 1094 52 21 eller
443 1095 166 27 utpressningen
626 1095 18 27 ej
662 1096 68 20 sättas
745 1095 66 27 lägre,
827 1095 28 20 än
871 1095 42 25 det,
929 1094 63 21 hvar-

237 1129 34 22 till
293 1129 44 21 han
359 1135 50 15 vore
423 1129 108 26 förfallen,
547 1136 34 15 om
596 1129 44 22 han
656 1129 124 28 derigenom
796 1129 56 21 hade
867 1128 103 22 äterfallit
985 1128 7 21 i

236 1164 59 21 stöld
311 1163 52 22 eller
376 1163 88 22 inbrott.

308 1199 14 20 7
338 1199 18 26 8.
384 1198 55 26 Den,
455 1205 45 14 som
515 1199 74 20 dömes
604 1198 32 21 till
652 1198 62 21 straff
728 1197 34 22 för
777 1197 39 21 rän
832 1197 52 21 eller
898 1199 95 26 utpress-

236 1233 60 26 ning,
316 1232 54 21 skall
387 1232 40 21 ock
445 1232 105 22 förklaras
565 1232 99 27 förlustig
680 1231 167 28 medborgerligt
861 1231 131 22 förtroende.

546 1306 44 20 32.
614 1306 69 24 Kap.

329 1353 41 22 Om
386 1352 112 28 döljande
514 1353 28 22 af
553 1353 45 22 och
614 1352 89 23 handel
718 1352 54 22 med
787 1351 116 28 tjufgods.

307 1405 13 20 1
336 1406 18 25 8.
384 1404 45 22 Har
449 1405 78 27 någon,
543 1407 53 19 utan
612 1406 32 20 att
660 1404 52 28 sjelf
723 1410 53 15 vara
792 1402 97 28 delaktig
904 1403 7 21 i
926 1402 66 26 brott,

237 1439 140 27 hvarigenom
393 1446 73 14 annan
483 1440 113 20 ätkommit
612 1438 134 22 främmande
761 1438 60 27 gods,
843 1438 69 20 säsom
927 1436 63 26 stöld,
