1086 1717
247 134 29 21 50
446 152 5 4 N
554 134 40 21 N:o
608 133 36 23 36.

217 196 79 28 gifver
317 195 57 21 eller
395 195 89 22 lemnar
501 195 46 22 den
561 195 48 22 han
625 199 25 18 är
666 194 95 29 skyldig
775 194 58 22 eller
847 196 75 28 ätagit
938 195 36 29 sig

216 231 37 20 att
276 229 127 28 fortskaffa,
418 229 97 29 ledsaga
529 229 58 22 eller
601 229 83 26 värda;
700 228 91 22 straffes
806 229 53 21 med
874 230 98 21 tukthus

216 264 9 22 i
239 264 72 28 högst
324 264 53 28 fyra
395 264 26 21 är
435 264 58 21 eller
507 264 105 28 fängelse
628 264 20 28 ej
665 263 75 22 under
755 270 40 14 sex
810 264 116 28 mänader,
942 264 30 22 el-

216 298 41 28 ler,
281 298 9 21 i
304 298 43 21 fall
365 297 232 29 omständigheterna
612 302 40 18 äro
667 297 152 29 synnerligen
833 297 138 29 mildrande,

215 332 55 22 med
284 332 106 28 fängelse
405 332 57 22 eller
476 332 67 22 böter
558 332 21 29 ej
595 332 76 22 under
685 332 81 21 femtio
781 332 71 21 mark.

288 367 44 21 Om
341 366 135 22 utsättande
487 368 26 20 af
521 366 109 29 nyssfödt
637 366 58 22 barn
708 366 39 22 äri
756 367 27 21 22
792 366 54 28 kap.
854 366 116 28 stadgadt.

288 403 49 25 48.
366 401 59 27 Den,
449 408 49 15 som
521 401 95 29 tvingar
638 401 87 28 gvinna
740 400 39 22 till
793 400 124 29 lägersmäl
931 408 39 21 ge-

215 443 56 14 nom
285 436 62 27 väld,
361 435 93 22 hvilket
468 435 49 22 hon
531 435 21 30 ej
568 436 48 21 kan
631 436 105 27 emotstä,
753 435 56 22 eller
824 442 84 21 genom
921 435 47 26 hot,

214 470 59 22 eller
286 470 42 21 har
342 470 124 29 lägersmä]
480 470 54 21 med
549 470 95 28 gvinna,
660 470 97 22 hvilken
772 469 47 22 han
834 470 37 21 för
881 469 40 22 det
930 473 40 18 än-

214 504 79 22 damål
314 505 84 21 försatt
419 505 9 21 i
447 504 84 22 sådant
545 504 109 22 tillstånd
668 506 36 20 att
718 504 48 21 hon
781 504 21 29 ej
818 506 40 19 vet
873 504 38 21 till
926 504 42 29 sig,

214 539 59 21 eller
294 539 21 28 ej
339 539 46 21 kan
407 539 36 28 sig
464 539 71 28 värja,
558 539 90 21 straffes
664 539 36 21 för
715 538 108 29 väldtägt
837 538 54 21 med
905 538 64 21 tukt-

214 573 45 21 hus
275 573 8 21 i
298 573 69 28 högst
383 573 48 22 ätta
447 574 31 27 är,
495 573 61 26 eller,
574 573 41 22 der
625 572 231 29 omständigheterna
867 576 38 18 äro
916 580 53 20 syn-

214 607 107 28 nerligen
336 607 136 27 mildrande,
488 607 54 22 med
556 607 106 28 fängelse
677 607 21 29 ej
714 607 75 21 under
804 614 41 14 sex
851 606 116 22 mänader.

272 641 90 22 Försök
377 645 25 18 är
417 641 126 22 straffbart.

286 675 48 21 Till
349 675 69 22 straff
429 676 37 21 för
480 675 108 29 väldtägt
603 675 57 22 eller
674 675 80 22 försök
769 675 80 22 dertill
864 676 37 21 mä
915 675 52 22 icke

213 709 87 28 dömas,
324 717 37 14 om
383 710 21 28 ej
428 710 49 21 ätal
495 709 63 22 skett
572 710 65 21 inom
652 717 40 14 sex
706 709 112 22 mänader
833 709 58 22 efter
906 709 62 22 brot-

212 744 47 20 tets
275 743 144 28 föröfvande,
434 744 63 27 eller,
520 751 37 14 om
572 743 54 29 laga
645 743 79 22 förfall
739 743 76 22 under
829 743 66 22 tiden
910 751 57 21 upp-

213 777 66 28 stätt,
294 777 64 22 inom
372 785 41 14 sex
428 778 111 21 mänader
553 778 59 21 efter
628 777 40 22 det
683 777 104 22 förfallet
802 777 108 29 upphört.

285 813 19 21 5.
320 813 21 26 8.
370 813 49 21 Har
433 813 80 28 någon
527 812 124 29 lägersmäl
666 812 53 21 med
734 812 95 28 gvinna,
841 820 48 14 som
900 813 67 28 eljest

211 846 107 22 befinner
340 847 37 29 sig
397 847 9 21 i
431 847 84 22 sädant
536 847 115 27 tillständ,
667 849 35 19 att
716 846 48 21 hon
779 846 20 29 ej
815 849 41 19 vet
871 847 37 21 till
923 847 43 28 sig,

212 881 58 21 eller
285 881 20 29 ej
321 881 48 22 kan
386 881 37 28 sig
438 881 75 29 värja;
530 881 78 22 dömes
624 881 38 21 till
677 881 99 22 tukthus
791 881 56 21 eller
862 881 104 28 fängelse

210 915 9 21 i
234 915 71 28 högst
319 917 35 20 tre
369 916 31 21 är.

284 952 12 20 6
312 951 20 26 &.
362 950 59 26 Den,
443 957 49 14 som
514 950 53 21 med
589 949 56 22 våld
660 950 58 21 eller
731 949 43 22 hot
788 957 37 14 om
840 949 61 28 våld,
917 957 49 14 som

210 983 100 22 innebär
332 984 129 29 trängande
483 984 57 28 fara,
563 984 95 29 tvingar
672 984 89 29 gvinna
776 985 35 20 att
826 984 48 21 täla
889 991 77 14 annan

210 1018 97 28 otuktig
328 1018 121 29 handling,
473 1022 30 18 än
526 1019 131 28 lägersmäl,
680 1018 57 21 eller
759 1018 118 28 företager
899 1018 67 28 dylik

209 1051 117 30 handling
340 1052 53 22 med
408 1053 94 27 gvinna,
517 1053 97 21 hvilken
629 1052 48 22 han
691 1053 37 21 för
742 1052 41 21 det
798 1052 107 21 ändamål
920 1052 45 21 för-

210 1088 48 19 satt
273 1087 9 20 i
297 1087 84 21 sädant
395 1087 114 27 tillständ,
526 1089 34 20 att
575 1087 48 22 hon
633 1087 21 28 ej
666 1089 40 19 vet
716 1087 37 21 till
765 1087 43 28 sig,
819 1087 57 21 eller
886 1087 20 28 ej
918 1087 46 21 kan

209 1120 38 29 sig
263 1121 71 28 värja,
354 1121 91 22 straffes
460 1121 54 22 med
523 1121 105 29 fängelse
639 1121 9 22 i
658 1121 71 28 högst
738 1122 41 20 tvä
789 1122 26 20 är
825 1121 57 22 eller
891 1121 73 22 böter.

284 1157 10 20 7
311 1157 20 25 &.
361 1155 58 28 Den,
443 1163 48 14 som
513 1155 54 22 med
590 1155 56 22 våld
661 1155 57 22 eller
731 1155 43 22 hot
789 1155 56 22 eller
859 1155 105 22 annorle-

208 1189 42 21 des
265 1189 146 29 bemägtigar
434 1190 37 28 sig
486 1190 95 28 gvinna,
596 1189 98 22 hvilken
709 1189 47 28 fylt
771 1189 88 22 femton
874 1190 30 25 är,
920 1189 44 22 och

208 1225 64 20 emot
293 1223 88 22 hennes
403 1224 59 28 vilja
483 1224 90 21 bortför
595 1224 57 21 eller
674 1224 8 21 i
705 1224 42 21 sitt
761 1223 57 22 väld
833 1223 132 29 gvarhäller

208 1257 78 22 henne
300 1258 37 21 för
352 1258 100 22 öfvande
467 1259 26 21 af
507 1259 68 21 otukt
590 1259 57 21 eller
657 1258 116 29 ingäende
790 1258 27 21 af
828 1258 135 29 äktenskap,

208 1292 99 28 straffes,
324 1300 36 14 om
376 1292 40 22 det
431 1293 53 21 sker
499 1293 36 21 för
550 1293 100 21 öfvande
666 1293 27 21 af
706 1293 75 26 otukt,
796 1292 54 22 med
865 1292 97 22 tukthus

206 1326 10 21 i
238 1326 72 29 högst
332 1328 49 20 ätta
403 1328 31 26 är,
457 1327 51 28 och,
529 1334 36 14 om
580 1327 40 22 det
635 1327 53 21 sker
703 1327 36 21 för
753 1327 117 28 ingäende
885 1327 26 21 af
924 1327 38 21 äk-

206 1361 108 28 tenskap,
329 1361 54 21 med
397 1362 106 28 fängelse
518 1362 21 28 ej
554 1361 75 22 under
643 1369 41 14 sex
698 1361 118 22 mänader.

280 1395 91 21 Försök
385 1399 26 17 är
425 1396 127 21 straffbart.

280 1431 13 20 8
308 1431 20 25 &.
358 1429 72 28 Hvar,
447 1437 55 20 som,
517 1432 58 19 utan
590 1430 128 28 giftomans
733 1429 58 22 eller
806 1437 77 14 annan
893 1429 68 22 mäls-
