1086 1717
457 143 41 23 N:o
513 143 35 22 36.
838 144 11 20 7

194 207 15 20 4
224 207 20 26 8.
274 205 46 22 Till
335 205 67 22 böter
416 206 79 21 dömes
511 206 8 21 i
533 205 55 22 hela
602 205 70 22 mark.
697 205 88 22 Minsta
799 205 42 21 bot
855 208 26 18 är

126 242 35 19 tre
176 240 72 28 mark,
263 240 85 28 högsta
361 240 42 22 bot
418 242 94 20 ettusen
526 240 72 28 mark,
614 240 41 22 der
670 240 21 28 ej
707 239 73 29 högre
794 239 85 29 belopp

127 277 25 18 är
177 274 111 22 särskildt
310 274 156 28 föreskrifvet,
490 274 57 22 eller
568 274 68 22 böter
658 274 192 29 sammanläggas.

194 310 13 21 5
223 310 20 26 &.
273 309 59 27 Den,
348 316 48 14 som
411 308 67 22 fälles
494 309 39 21 till
547 308 67 22 böter
629 308 45 22 och
684 308 85 22 saknar
778 308 102 29 tillgång

126 344 37 20 att
177 343 52 22 dem
244 343 38 21 till
297 343 58 21 fullo
370 343 77 28 gälda,
464 343 67 28 skall,
547 343 9 21 i
572 343 85 27 stället,
668 343 76 21 hållas
755 343 8 21 i
775 343 105 29 fängelse

125 378 37 21 för
175 378 54 21 hela
243 377 188 29 bötesbeloppet;
448 377 45 22 och
508 378 91 28 åligger
614 378 137 25 domstolen,
763 381 42 18 när
814 378 67 21 böter

127 412 101 27 ådömas,
244 412 79 21 tillika
337 413 89 20 utsätta
441 412 67 21 tiden
523 412 36 22 för
573 411 204 29 fängelsestraffet.

194 452 48 22 Vid
257 452 78 21 böters
350 452 153 29 förvandling
518 453 38 21 till
571 453 107 28 fängelse
693 459 66 15 svare
774 452 52 29 fyra
841 451 40 22 da-

126 494 53 21 gars
202 487 105 28 fängelse
329 489 48 19 mot
396 487 67 21 böter
477 487 40 21 till
532 487 44 22 och
590 487 54 22 med
658 487 70 28 tjugu
742 487 72 21 mark.
845 486 36 21 Gå

125 521 98 22 böterna
238 521 106 22 deröfver
359 521 38 21 till
414 521 44 22 och
475 521 54 22 med
544 521 128 22 etthundra
681 521 76 28 mark;
769 521 54 22 ökes
831 521 50 21 fän-

125 555 157 28 gelsestraffet
302 555 52 22 med
369 563 30 14 en
414 555 46 29 dag
475 556 37 21 för
526 555 81 29 hvarje
621 555 57 22 fullt
692 555 85 29 belopp
793 555 26 22 af
834 555 47 22 fem

125 589 72 22 mark.
228 589 68 29 Stiga
312 589 98 22 böterna
433 590 67 22 öfver
522 590 127 21 etthundra
668 590 76 27 mark;
761 590 55 21 ökes
831 589 50 22 fän-

126 624 156 28 gelsestraffet
305 624 53 21 med
379 631 29 14 en
431 624 46 29 dag
491 625 37 21 för
542 624 82 29 hvarje
638 624 56 21 fullt
711 624 82 29 belopp
809 624 26 21 af
847 623 34 22 tio

125 658 73 27 mark,
222 665 49 14 som
294 658 155 29 öfverskjuter
471 659 128 21 etthundra
616 659 73 27 mark,
706 658 60 22 dock
781 660 35 19 att
831 658 50 21 fän-

126 692 131 28 gelsetiden
278 692 52 21 icke
352 693 8 20 i
375 693 73 28 något
462 693 43 21 fall
520 693 38 22 må
572 695 73 20 sättas
661 693 88 28 längre,
766 696 30 18 än
810 692 71 21 nittio

127 726 78 29 dagar.

196 768 12 20 6
224 767 19 26 8.
273 766 74 21 Beror
366 766 66 21 straff
450 767 27 21 af
488 767 84 22 värdet
586 767 14 22 å
615 767 49 21 viss
680 767 123 28 egendom;
819 766 62 29 gälle

127 800 40 21 det
180 801 80 26 värde,
270 801 144 28 egendomen
428 801 61 22 hade
505 802 14 21 å
529 802 46 21 den
585 801 43 27 tid,
640 801 30 22 då
679 801 88 22 brottet
777 801 103 28 begicks.

195 836 11 21 7
224 836 19 26 8.
274 835 138 28 Afsättning
434 835 106 28 innebär,
563 836 59 21 efter
636 836 101 21 brottets
751 835 131 22 beskaffen-

125 869 47 27 het,
195 869 85 22 förlust
302 869 26 22 af
348 869 45 22 den
417 869 81 30 tjenst,
517 870 68 22 hvari
601 871 89 21 brottet
705 871 104 28 begicks,
825 869 57 22 eller

125 903 97 22 hvilken
238 903 45 22 den
298 904 108 28 skyldige
420 904 9 21 i
445 905 53 21 dess
514 905 68 22 ställe
597 905 100 26 erhållit,
712 905 57 21 eller
784 904 43 22 ock
837 904 46 21 för-

125 937 48 22 lust
188 938 26 21 af
228 938 45 21 den
288 938 56 21 eller
359 938 28 22 de
403 939 106 28 tjenster,
524 940 46 21 han
584 939 106 22 innehar.

194 978 43 21 Om
260 980 47 19 rätt
328 979 38 20 till
387 979 100 28 pension
511 979 44 22 och
570 987 78 14 annan
664 979 72 22 sådan
751 980 90 21 förmån
857 983 25 17 är

127 1011 112 22 särskildt
254 1013 115 28 stadgadt.

194 1053 12 21 8
223 1054 19 25 &.
273 1053 47 21 Till
343 1053 116 29 skiljande
479 1054 54 21 från
548 1055 111 28 utöfning
674 1055 28 21 af
713 1055 74 28 tjenst
802 1054 79 21 dömes

124 1087 31 28 pä
169 1086 49 22 viss
234 1087 42 27 tid,
292 1087 20 28 ej
328 1087 66 22 öfver
408 1089 41 20 tvä
464 1089 33 20 är.

194 1127 96 21 Straffet
311 1127 89 22 medför
422 1128 86 21 förlust
527 1129 75 21 under
618 1129 132 21 strafftiden
765 1129 27 21 af
805 1129 28 21 de
848 1128 33 21 lö-

124 1160 153 29 neförmäner,
298 1161 81 22 hvilka
401 1162 84 29 ätfölja
508 1163 45 21 den
573 1163 79 28 tjenst,
668 1163 53 22 frän
735 1163 70 22 hvars
820 1162 61 22 utöf-

124 1195 59 28 ning
199 1195 46 22 den
260 1195 108 29 skyldige
383 1196 82 22 blifvit
483 1197 69 22 skild.

193 1237 48 25 98.
271 1231 34 26 Är
327 1236 51 28 den,
399 1244 50 14 som
464 1237 37 22 för
515 1237 65 22 brott
594 1238 8 21 i
618 1238 73 28 tjenst
706 1238 63 29 gjort
783 1238 37 28 sig
835 1237 46 22 för-

123 1269 73 22 fallen
217 1269 39 22 till
278 1270 130 30 afsättning
431 1271 58 22 eller
511 1272 117 28 skiljande
650 1273 53 21 från
724 1272 112 28 utöfning
859 1271 25 22 af

123 1303 79 29 tjenst,
226 1304 119 29 afskedad,
368 1305 57 21 eller
449 1306 54 21 icke
518 1306 9 21 i
542 1306 78 28 stadig
635 1302 132 33 besittning
783 1307 23 21 at
821 1306 61 28 tjen-

123 1339 62 26 sten;
201 1338 93 22 ädömes
310 1339 45 21 den
370 1340 118 28 skyldige,
512 1341 9 21 i
543 1341 79 21 stället
637 1341 36 21 för
689 1342 137 27 afsättning,
842 1340 40 21 bö-

123 1374 36 20 ter
177 1372 70 29 högst
262 1374 121 28 fyratusen
397 1374 66 22 mark
487 1375 57 21 eller
558 1375 106 29 fängelse
680 1376 21 28 ej
718 1376 66 22 öfver
799 1376 35 20 ett
849 1375 32 26 är,

123 1406 50 27 och,
190 1407 8 21 i
214 1408 80 21 stället
308 1408 36 21 för
358 1408 117 28 skiljande
491 1409 53 21 från
559 1410 111 28 utöfning
690 1410 26 21 af
723 1410 80 28 tjenst,
815 1409 68 21 böter

123 1440 71 29 högst
208 1442 110 22 tvätusen
332 1442 72 22 mark.
