1086 1717
338 153 24 22 U.
377 153 24 21 B.
419 164 22 4 —
460 152 64 29 Prop.
540 152 38 23 N:o
594 152 33 22 39.
804 154 23 20 11

102 218 167 22 Ofverhufvudet
291 218 136 27 (alternativt
449 218 49 22 med
519 218 89 22 tukthus
630 218 30 27 pä
678 218 69 22 lifstid
763 219 52 21 eller
829 219 30 27 pä
881 219 12 17 2
905 218 91 22 Kapitlet.

101 253 46 21 viss
162 252 51 27 tid);
236 252 35 22 för
293 253 60 21 mord
375 253 52 21 eller
443 252 109 28 viljadräp
566 253 14 21 å
595 252 151 28 Kejsarinnan,
763 252 97 23 Tronföl-

101 288 64 27 jaren
179 288 53 21 eller
254 294 72 14 annan
345 287 89 21 medlem
450 286 25 22 af
488 286 124 28 Kejserliga
626 287 73 26 huset;
721 286 34 22 för
771 287 60 23 mord
846 288 13 21 ä

103 322 131 28 vänskaplig
250 323 55 20 stats
324 321 149 27 öfverhufvud,
489 323 56 20 samt
565 322 137 26 (alternativt
716 322 49 21 med
779 322 80 22 lifstids
914 322 9 8 *

103 356 101 27 tukthus)
223 356 34 22 för
274 356 85 27 vanligt
373 356 67 21 mord.
457 357 43 25 (11:
517 358 22 24 1;
556 358 33 19 18:
607 358 21 24 1;
650 358 22 24 3;
692 358 33 19 14:
744 358 21 25 1;
785 356 74 27 21:1).

172 391 35 21 Dä
229 391 156 27 Lagutskottet
409 396 62 16 anser
494 390 149 22 dödsstraffets
659 390 152 22 bibehällande
825 390 36 22 för

104 425 27 22 de
147 425 142 28 uppräknade
311 425 225 27 statsförbrytelserna
558 424 115 23 motiveras
689 425 67 22 redan
771 424 26 23 af
810 425 51 27 poli-

103 460 45 22 tisk
170 460 169 27 nödvändighet,
355 459 69 22 finner
445 460 115 21 Utskottet
574 459 34 22 sin
623 459 87 28 uppgift
725 460 8 21 i
747 460 65 27 fräga
827 466 33 15 om

105 494 138 22 dödsstraffet
265 495 117 21 inskränka
404 494 35 27 sig
458 495 78 21 endast
551 494 34 21 till
600 494 102 27 pröfning
717 494 25 22 af
754 494 107 22 huruvida

105 529 119 22 detsamma
253 529 35 22 för
317 529 84 28 vanligt
430 529 60 22 mord
519 531 24 20 är
566 529 113 27 päkalladt
704 529 52 22 eller
781 529 26 28 ej,
834 535 27 16 en

104 563 109 28 pröfning,
230 563 88 23 hvilken
340 563 123 28 lämpligast
485 564 44 21 kan
552 570 42 21 ega
616 570 46 15 rum
684 563 8 22 i
707 564 154 27 sammanhang

104 598 49 22 med
168 598 163 27 granskningen
347 598 24 21 af
383 598 118 27 förslagets
516 600 26 19 21
558 598 90 27 kapitel.

175 627 77 34 Öfriga
268 633 107 22 allmänna
390 633 122 22 straffarter
527 633 69 27 enligt
610 632 12 29 &
641 636 9 17 1
662 635 37 19 äro
710 633 92 26 tukthus,
812 633 50 28 fän-

104 667 56 28 gelse
175 668 39 21 och
230 667 62 22 böter.
322 668 81 21 Genom
426 669 34 20 att
476 667 8 21 i
500 667 96 27 enlighet
610 667 49 22 med
674 667 188 28 Granskningsko-

105 701 77 22 mitöns
205 701 83 28 förslag
311 703 106 21 utelemna
442 702 188 27 ,arreststraffet*,
654 702 83 22 hvilket
753 702 68 27 enligt
835 702 27 21 de

106 736 38 22 vid
161 739 142 20 1863—1864
325 737 35 22 års
376 737 106 27 landtdag
504 739 96 26 antagna
615 737 109 21 allmänna
739 737 124 27 grunderna

106 771 35 21 för
162 777 30 21 ny
214 772 150 27 brottmälslag
386 772 68 21 skulle
477 774 79 25 utgöra
579 772 37 21 det
633 771 129 28 lindrigaste
777 771 86 22 frihets-

106 805 85 22 straffet
214 807 40 21 har
268 807 82 27 nädiga
365 807 160 27 propositionen
539 807 92 21 sälunda
646 806 115 22 inskränkt
776 806 87 21 frihets-

106 840 90 21 straffen
218 841 35 21 till
275 842 38 21 tvä
328 842 39 21 och
385 841 71 22 deruti
471 841 70 28 enligt
555 841 125 22 Utskottets
695 841 66 21 tanke
776 839 87 23 förfarit

107 874 85 28 riktigt,
216 878 52 19 enär
283 876 151 27 utvecklingen
453 875 143 23 öfverhufvud
611 876 41 27 går
666 875 8 22 i
689 875 126 28 riktningen
830 876 34 20 att

107 908 119 23 förminska
241 910 156 22 straffmedlens
418 911 66 26 antal,
501 911 40 21 och
555 910 141 28 svårigheten
712 911 33 20 att
759 909 105 22 fasthålla

107 943 165 23 åtskilnaderna
295 945 90 22 emellan
407 944 155 23 frihetstraffen
584 945 68 22 varda
675 945 60 21 desto
753 945 70 21 större
839 943 25 28 ju

107 977 54 23 flera
176 979 26 21 de
218 981 43 20 äro.
278 992 27 3 —
321 979 74 22 Såsom
410 979 25 22 af
447 979 107 28 förslaget
568 979 34 22 till
617 979 127 27 förordning
759 985 34 15 om
803 979 62 21 verk-

107 1013 115 27 ställighet
237 1013 25 22 af
274 1014 64 21 straff
350 1014 97 27 framgår
461 1017 25 18 är
500 1014 184 27 fängelsestraffet
698 1013 168 22 likabeskaffadt

108 1047 48 22 med
179 1049 114 21 enahanda
315 1049 63 21 straff
401 1049 69 28 enligt
485 1055 29 15 nu
529 1049 101 27 gällande
645 1048 126 27 förordning
786 1047 25 22 af
824 1047 42 22 den

107 1083 28 20 26
151 1082 122 23 November
296 1086 54 19 1866
367 1083 77 27 deruti,
461 1085 33 20 att
509 1083 134 28 straffången
658 1085 25 20 är
698 1083 107 22 förunnad
821 1082 44 22 viss

108 1116 104 23 valfrihet
227 1118 7 21 i
250 1117 102 23 afseende
367 1119 14 21 å
396 1119 96 21 arbetets
508 1118 154 27 beskaffenhet,
671 1118 67 27 jemte
749 1118 37 21 det
796 1117 70 28 sagda

107 1151 66 21 straff
185 1151 65 23 äfven
265 1153 8 21 i
288 1153 68 28 öfrigt
370 1155 25 20 är
409 1153 102 22 förenadt
525 1153 49 21 med
586 1153 83 21 mindre
682 1153 104 22 intensivt
797 1151 69 23 straff-

109 1186 69 27 tvång
200 1189 29 19 än
251 1188 181 21 tukthusstraffet.
450 1201 23 2 —
491 1188 44 21 För
558 1187 68 28 öfrigt
644 1190 24 19 är
682 1186 185 29 fängelsestraffet

107 1220 72 27 enligt
194 1223 12 18 5
222 1221 12 28 $
250 1222 7 21 i
272 1222 217 28 strafflagsförslaget
511 1223 65 22 äfven
598 1221 215 28 förvandlingsstraff
833 1221 34 22 för

108 1254 69 28 böter,
192 1262 46 15 som
253 1257 38 22 hos
307 1257 41 22 den
363 1257 100 22 sakfälde
477 1258 20 27 ej
514 1257 66 22 utfås.

179 1289 13 23 2
208 1293 18 23 $.
256 1292 82 22 Minsta
353 1292 60 22 tiden
427 1292 34 22 för
475 1292 181 27 tukthusstraffet,
672 1298 44 15 som
732 1291 69 28 enligt
817 1290 51 28 ,all-

108 1326 80 20 männa
210 1326 136 26 grunderna"
366 1327 66 21 borde
447 1328 78 26 utgöra
541 1327 37 21 två
594 1326 110 27 månader,
724 1328 24 20 är
763 1326 40 21 här
818 1324 49 22 med

108 1360 62 20 rätta
179 1360 52 27 höjd
243 1360 34 22 till
289 1367 38 16 sex
338 1361 108 27 månader,
456 1364 53 18 enär
517 1368 26 15 en
553 1361 87 21 kortare
650 1360 33 22 tid
693 1360 48 22 icke
751 1360 116 28 möjliggör

108 1394 144 22 användande
274 1395 26 22 af
320 1396 41 21 den
375 1396 121 21 metodiska
516 1396 138 27 behandling,
675 1402 45 15 som
735 1398 25 18 är
775 1394 92 22 förenad

108 1428 50 22 med
173 1429 180 23 tukthusstraffet.
383 1430 100 22 Straffets
503 1430 120 28 maximum,
640 1430 28 22 då
684 1430 37 22 det
736 1430 87 21 ådömes
839 1428 28 28 på

108 1462 45 22 viss
169 1463 38 27 tid,
223 1466 25 19 är
263 1464 7 22 i
285 1464 69 22 likhet
368 1465 49 21 med
433 1481 10 10 ,,
446 1465 109 26 allmänna
569 1464 137 28 grunderna"
723 1464 42 22 tolf
775 1464 25 21 år
810 1464 57 20 samt
