1086 1717
358 148 24 22 U.
398 148 23 22 B.
436 160 28 3 —
479 148 65 28 Prop.
561 148 39 22 N:o
617 148 30 22 41.
838 151 12 19 5

127 215 67 26 enligt
220 214 239 26 utskottsmajoritetens
487 213 61 27 äsigt,
571 220 51 15 vore
637 214 100 22 förenadt
759 214 48 22 med
830 216 54 19 mot-

128 249 104 21 svarande
247 250 67 25 nytta.

195 282 35 22 Då
251 283 135 27 majoriteten
407 282 58 28 förty
487 283 46 21 icke
551 283 97 27 godkänt
662 283 75 27 sjelfva
753 283 41 21 den
809 283 75 27 grund,

130 317 81 27 hvarpå
231 317 159 27 propositionen
413 318 24 20 är
452 317 63 27 bygd,
530 317 40 21 har
584 317 108 21 utskottet
707 318 46 21 icke
769 319 70 20 ansett
854 318 31 26 sig

128 352 54 21 böra
198 350 50 28 ingå
263 351 6 21 i
285 357 27 15 en
326 353 98 19 närmare
439 351 131 27 granskning
586 351 23 21 af
625 352 46 20 deri
686 351 104 28 ingående
805 351 81 27 förslag

128 386 34 22 till
177 386 125 26 förordning
318 386 39 20 och
372 385 136 27 kungörelse.

196 420 49 21 Som
268 420 117 21 emellertid
408 420 26 21 de
453 420 7 21 i
479 421 160 26 propositionen
654 420 92 22 anförda
761 420 48 22 skäl
823 420 62 22 torde

128 455 23 21 af
165 455 107 27 åtskilliga
287 455 99 21 fackmän
402 455 107 26 omfattas,
525 455 40 20 och
580 455 28 21 då
626 455 38 21 fall
679 455 124 28 visserligen
813 455 73 21 kunna

128 490 77 21 tänkas
227 489 93 26 inträffa,
343 491 32 19 att
397 489 111 22 officerare
530 489 46 22 icke
600 496 59 15 mera
681 490 70 21 kände
767 491 32 26 sig
813 490 74 25 vara
875 485 17 36 i

128 524 116 26 besittning
264 523 22 21 af
303 524 25 21 de
344 524 33 21 till
391 523 172 27 militärtjensten
578 523 141 28 erforderliga
733 524 89 26 krafter,
838 530 49 15 men

128 559 77 21 hinder
220 558 67 27 enligt
302 558 76 21 hittills
388 558 100 27 gällande
499 559 133 26 stadganden
642 558 71 21 kunde
725 559 117 21 förefinnas
853 558 33 21 för

129 593 62 21 deras
216 593 136 21 omedelbara
376 593 174 26 afskedtagande,
575 593 39 21 har
639 593 117 22 utskottets
778 593 108 27 majoritet

129 629 71 20 ansett
219 629 32 19 ett
273 627 116 27 stadgande
412 626 107 22 måhända
534 633 52 15 vara
600 627 24 21 af
637 627 102 22 behofvet
754 627 111 28 påkalladt
880 628 6 20 i

130 663 37 20 det
181 661 61 28 syfte,
258 663 32 20 att
301 662 26 21 de
337 662 7 21 i
355 661 241 27 författningsförslaget
606 662 93 21 nämnde
710 661 110 22 officerare
830 662 55 27 finge

129 698 45 19 rätt
196 698 32 19 att
247 696 35 21 vid
296 696 41 21 den
352 696 121 27 föreslagna
488 695 74 22 åldern
579 698 51 25 taga
645 695 75 22 afsked
735 697 47 21 med
798 696 88 27 pension

129 732 52 20 utan
203 732 33 19 att
257 730 92 21 behöfva
371 730 67 21 förete
461 730 175 27 sjukdomsbevis.
666 731 129 27 Härigenom
818 731 67 20 skulle

130 766 134 27 förebyggas,
287 766 32 20 att
341 771 100 21 personer
464 765 23 21 af
507 765 55 21 blott
580 765 126 21 ekonomisk
720 765 84 27 hänsyn
818 765 68 21 skulle

131 802 131 26 qvarstanna
283 799 27 28 på
331 800 94 21 militära
445 801 80 26 poster,
547 799 33 22 till
602 799 84 22 hvilkas
701 799 104 27 behöriga
819 799 67 21 hand-

130 834 106 22 hafvande
258 834 26 21 de
306 834 74 27 sjelfva
401 834 47 21 icke
470 841 59 14 mera
550 834 72 21 känna
644 834 32 27 sig
691 841 76 20 vuxne,
783 834 78 21 medan
874 833 13 22 å

130 869 67 21 andra
212 869 61 21 sidan
288 869 75 26 ingens
377 869 187 26 grundlagsenliga
578 870 46 19 rätt
638 868 70 22 blefve
723 869 67 20 störd.

198 903 31 21 På
244 903 69 26 grund
328 903 23 20 af
364 903 55 21 hvad
433 903 107 21 utskottet
554 903 64 20 ofvan
634 903 47 21 haft
696 905 51 19 äran
763 903 75 20 anföra
854 902 32 21 får

130 937 106 22 utskottet
251 937 64 22 alltså
329 938 109 21 vördsamt
453 937 121 22 hemställa:

266 995 105 21 huruvida
385 995 42 21 icke
443 994 82 22 landets
535 994 111 27 höglofliga
656 994 93 22 Ständer
764 994 47 21 ville
825 994 8 20 i
847 993 40 22 sitt

232 1029 148 27 underdåniga
394 1036 49 14 svar
459 1029 14 20 å
483 1029 40 20 den
533 1029 80 26 nådiga
621 1029 162 26 propositionen
793 1027 92 26 anmäla,

234 1066 31 19 att
286 1064 121 21 densamma
425 1064 33 26 på
481 1063 153 27 ofvananförda
650 1063 47 22 skäl
710 1063 41 22 icke
767 1063 82 21 kunnat
865 1062 26 26 af

235 1097 121 22 Ständerna
369 1097 132 28 godkännas.

198 1161 33 21 En
247 1161 130 21 reservation
392 1159 90 28 bifogas.

198 1258 10 21 I
232 1258 98 21 ärendets
346 1257 85 27 slutliga
446 1257 130 27 behandling
591 1256 64 21 hafva
670 1257 89 26 deltagit
775 1255 111 22 ordföran-

131 1293 41 21 den
194 1293 130 27 Tegengren,
345 1292 146 22 ledamöterna
511 1292 26 21 A.
551 1292 113 26 Norrmén,
680 1291 70 27 Prytz,
766 1297 20 14 v.
802 1289 85 22 Rehau-

129 1333 44 20 sen,
188 1327 120 26 Petterson,
324 1327 129 27 Rosengren,
469 1326 108 26 Törnudd,
592 1325 115 27 Backman,
723 1325 92 27 Nyberg,
832 1324 55 21 Har-

128 1363 66 19 tonen
210 1361 39 21 och
264 1361 137 26 Pääkkönen,
417 1362 55 20 samt
488 1360 139 27 suppleanten
642 1359 126 22 Halkilahti.

198 1395 135 27 Helsingfors
349 1396 41 20 den
407 1396 26 20 13
448 1394 44 27 Maj
510 1394 62 22 1885.

197 1497 141 23 Lagutskotteis
350 1497 116 17 betänkande
479 1498 36 16 N:o
527 1497 27 17 19.
