1086 1717
360 149 23 23 U.
400 149 22 23 B.
437 160 30 6 —
483 148 61 30 Prop.
561 149 37 23 N:o
614 149 38 23 34.
830 148 25 22 21

519 224 61 20 Art
603 224 37 20 I1.

405 275 30 21 Om
451 274 141 22 bränvinsskatt
606 274 34 21 och
656 273 93 28 nederlag.

539 348 15 27 $
569 349 35 20 13.

333 390 20 18 1.
384 388 63 20 Skatt
468 388 43 27 för
533 387 272 28 bränvinstillverkningen
827 386 57 22 skall

264 423 52 27 utgå
342 422 47 22 med
414 429 25 14 en
469 422 63 21 mark
556 422 67 21 sextio
647 422 71 27 penni
744 421 43 28 för
811 421 74 28 hvarje

264 457 74 21 kanna
375 457 92 21 bränvin
500 457 31 28 af
554 457 42 20 den
632 456 170 28 normalstyrka,
839 463 45 14 som

264 491 8 21 i
286 491 16 27 $
316 493 15 19 8
349 491 130 21 bestämmes.
509 491 81 21 Denna
605 491 59 21 skatt
678 491 97 28 erlägges
785 490 43 28 för
835 490 49 21 hela

264 525 34 22 det
313 526 9 20 i
336 526 102 27 afseende
453 527 14 19 å
489 525 140 28 tillverkning
644 525 128 28 öfvertagna
787 525 97 28 beloppet

264 560 38 21 och
318 559 106 22 inbetalas
439 559 36 22 till
489 560 69 21 länets
573 561 91 24 ränteri,
674 559 54 22 dock
743 559 76 27 hvarje
825 559 58 28 gång

263 594 21 27 ej
300 594 42 27 för
363 594 85 21 mindre
464 596 29 19 än
503 594 137 27 femhundra
662 594 91 25 kannor,
774 594 25 21 så
810 593 73 28 framt

263 628 57 22 skatt
330 629 46 27 för
397 629 72 20 sådan
491 629 124 27 myckenhet
634 629 31 27 af
675 628 166 28 tillverkningen
857 630 26 19 är

264 663 98 28 ogulden.

332 698 12 21 2
359 703 64 16 mom.
439 697 70 22 såsom
525 698 6 21 i
546 704 20 14 n.
582 703 60 22 prop.

537 777 15 27 $
567 778 33 20 14.

330 817 236 21 Bränvinstillverkare
588 824 50 13 vare
658 817 122 28 berättigad
795 819 32 19 att
842 823 41 14 an-

263 852 72 27 tingen
350 851 35 21 till
401 851 167 22 landtränteriet
583 851 96 21 inbetala
694 851 41 21 den
751 852 9 20 i
774 851 16 28 $
805 852 29 20 13
848 851 34 21 be-

262 886 86 21 stämda
370 885 210 28 tillverkningsskatt
600 886 38 21 och
653 887 9 20 i
677 887 50 20 mån
743 886 31 28 af
785 885 96 22 tillverk-

263 921 90 26 ningens
363 920 108 27 fortgång
481 920 56 27 fritt
547 920 99 28 förfoga
661 920 64 27 öfver
740 927 27 14 en
781 922 44 19 mot
840 919 42 21 den

262 954 90 28 erlagda
367 954 83 21 skatten
465 955 108 20 svarande
587 955 124 27 myckenhet
720 954 97 25 bränvin,
829 954 52 21 eller

262 988 37 21 ock
314 989 112 27 upplägga
441 989 34 20 det
490 989 128 20 tillverkade
634 989 112 21 bränvinet
757 989 34 27 på
804 988 77 21 neder-

261 1023 36 27 lag
312 1023 69 20 under
396 1023 97 28 offentlig
509 1023 95 21 kontroll
622 1026 56 18 samt
693 1023 119 21 detsamma
822 1023 58 27 från

261 1057 121 28 nederlaget
397 1059 83 26 uttaga,
493 1058 8 20 i
509 1057 41 21 den
559 1058 51 20 mån
619 1057 57 22 skatt
686 1057 80 28 derför
776 1057 103 28 erlägges.

501 1137 31 27 $$
546 1137 93 20 15—17.

330 1181 74 22 Såsom
419 1182 7 21 i
441 1188 20 15 n.
478 1188 60 21 prop.

536 1263 15 27 $
566 1264 34 19 16.

330 1309 8 20 1
357 1314 63 15 mom.
437 1308 71 22 säsom
523 1309 7 21 i
544 1316 21 14 n.
580 1315 60 21 prop.

328 1344 21 20 2.
378 1342 128 21 Enahanda
527 1345 45 19 rätt
594 1343 35 21 till
652 1343 127 27 äterfäende
794 1342 30 28 af
834 1343 47 21 till-

260 1376 173 28 verkningsskatt
448 1376 119 28 medgifves
574 1377 82 27 jemväl
667 1377 45 27 för
726 1376 35 22 det
776 1376 105 22 kannetal

260 1410 99 28 bränvin,
381 1417 45 15 som
449 1410 115 29 bevisligen
588 1412 109 20 användts
712 1412 35 20 till
762 1411 119 27 beredning

261 1444 30 28 af
301 1444 76 26 ättika,
393 1445 139 27 chlorojorm,
548 1446 89 21 chloral.
650 1448 57 18 aeter
729 1446 39 20 och
783 1444 98 28 lackfer-

260 1479 61 21 nissa
337 1479 51 21 eller
403 1479 35 21 till
454 1479 72 21 andra
542 1480 99 20 tekniska
656 1480 111 22 ändamål.

190 1517 191 19 Ekonomiutskottets
393 1518 119 19 betänkande
525 1520 37 17 N:o
574 1520 18 18 5.
