1086 1717
412 145 53 27 Prop.
481 144 30 22 N:o
525 144 31 22 34.
675 157 2 2 :
822 146 13 22 3

106 211 124 21 bränvinets
251 210 83 25 renhet,
356 209 118 27 hvarjemte
496 209 106 21 utskottet
625 211 71 19 ansett
718 208 147 22 minuthandel

106 245 49 21 med
170 244 90 22 bränvin
275 243 29 28 på
318 244 74 21 landet
406 243 134 22 fortfarande
555 243 54 21 böra
623 243 90 22 tillåtas.

175 272 42 28 Vid
236 278 155 26 öfvervägande
409 278 30 21 af:
450 278 27 21 de
496 277 52 27 skäl,
568 283 46 16 som
628 278 74 21 kunna
717 278 45 21 tala
776 277 34 22 för
825 277 40 22 och

107 314 58 20 emot
183 314 102 26 systemet
300 312 23 21 af
336 312 27 21 en
377 312 93 21 särskild
485 311 57 21 skatt
558 311 28 27 pä
600 311 188 27 utminuteringen,
803 312 62 21 torde

108 353 26 15 en
156 346 104 28 fnllgiltig
285 346 40 22 och
350 346 87 21 absolut
461 346 63 21 säker
550 346 88 21 slutsats
663 346 35 21 väl
723 346 48 21 icke
792 346 73 21 kunna

105 381 86 27 dragas.
222 381 40 21 Om
280 380 36 22 det
335 380 13 21 &
366 384 41 18 ena
425 380 62 21 sidan
505 380 42 21 kan
566 386 63 21 synas
648 380 47 21 icke
710 380 34 21 väl
759 380 107 22 öfverens-

108 417 90 20 stämma
212 415 49 22 med
276 414 126 28 syftemälet,
418 414 105 27 superiets
534 414 112 27 stäfjande,
658 416 32 19 att
701 414 166 27 spekulanterna

107 456 77 21 genom
198 445 174 31 utauktionering
387 449 23 21 af
422 449 286 26 minuthandelsrättigheter
726 448 24 22 sä
769 450 32 20 att
815 451 52 24 säga

108 490 118 21 uppmanas
241 485 33 20 att
288 483 54 22 söka
356 483 81 22 afsätta
451 485 80 19 största
545 483 87 27 inöjliga
646 483 79 27 mängd
736 483 23 21 af
769 483 96 26 bränvin,

109 518 24 21 sä
147 518 69 21 måste
230 517 14 22 å
258 517 68 22 andra
336 517 65 23 sidan
416 517 37 21 det
467 517 128 31 fördyrande
614 517 24 21 af
650 523 72 20 varan,
737 523 47 15 som
798 517 69 21 minu-

109 551 166 28 teringsskatten
290 551 90 26 medför,
395 553 53 25 göra
463 551 122 22 densamma
600 551 86 22 svärare
700 551 121 27 tillgänglig
834 551 34 22 för

109 586 59 27 dylik
193 586 89 21 handels
307 586 83 21 mindre
415 585 126 22 bemedlade
570 586 39 21 och
636 585 44 22 ofta
702 585 62 22 äfven
785 585 83 22 mindre

109 619 172 22 karaktärsfasta
293 619 92 26 kunder,
400 619 147 22 hvarförutom
564 620 39 21 och
619 620 28 21 dä
661 620 170 27 begränsningen
847 619 22 22 af

109 654 212 21 minuthandlarenes
337 654 59 21 antal
409 654 8 21 i
433 654 40 21 och
487 653 33 22 för
535 654 32 27 sig
577 654 68 21 vällar
656 655 95 26 stegring
763 654 24 21 af
791 657 78 18 varans

87 684 2 2 *
109 689 44 26 pris
169 689 7 20 i
190 688 75 26 minut,
281 694 26 15 en
321 688 93 21 särskild
429 688 138 27 beskattning
582 688 24 21 af
618 689 37 20 det
670 689 90 20 sålunda
775 688 94 21 försälda

110 723 112 21 bränvinet
237 722 61 21 äfven
313 723 23 20 af
349 723 70 20 denna
434 723 158 26 omständighet
606 722 72 22 kunde
686 729 68 22 anses
769 722 100 27 påkallad

111 757 40 21 och
166 759 53 19 utan
234 757 111 26 svärighet
360 756 69 22 skulle
444 757 103 26 erläggas.
710 757 2 2 |

181 791 49 21 Med
248 791 82 20 fästadt
348 790 100 21 afseende
466 791 13 20 &
497 791 117 21 utskottets
635 791 126 21 uttalanden
784 791 40 21 och
842 791 28 21 då

113 825 143 26 öfvergången
270 825 34 21 till
319 826 32 20 ett
364 825 127 21 förändradt
506 826 78 26 system
600 825 47 21 icke
662 827 57 19 ännu
734 831 62 21 synes
807 825 63 21 hafva

112 859 108 21 allmänna
234 859 114 26 meningen
362 859 33 20 för
410 859 38 26 sig,
464 859 40 20 har
519 859 119 21 emellertid
653 859 7 20 i
674 859 139 22 förevarande
827 859 44 21 för-

112 893 183 26 fattningsförslag
314 893 42 21 den
373 893 77 21 hittills
469 893 99 26 gällande
586 893 118 26 ordningen
725 893 8 21 i
753 893 61 27 fråga
836 899 34 16 om

112 927 126 27 försäljning
256 927 41 21 och
312 927 145 26 utskänkning
473 927 23 21 af
508 927 90 21 bränvin
613 927 70 21 blifvit
698 927 7 21 i
720 928 46 21 sina
780 927 91 22 hufvud-

113 961 53 26 drag
180 961 128 21 bibehållen.

107 1022 2 3 .
182 995 76 21 Likväl
272 995 40 21 har
326 995 75 26 frågan
413 1001 35 15 om
459 995 124 21 bränvinets
594 995 129 27 fördyrande
734 996 47 21 icke
788 995 83 22 kunnat

112 1028 22 21 få
152 1028 91 22 förfalla.
274 1026 143 29 Lagstiftaren
436 1029 40 21 har
495 1029 106 27 knappast
620 1029 65 27 något
700 1032 65 19 annat
779 1030 70 21 medel
864 1031 7 20 i

113 1063 33 21 sin
161 1063 63 26 hand,
240 1069 46 15 som
300 1063 50 21 med
364 1063 45 21 lika
423 1063 102 21 säkerhet
539 1063 71 21 kunde
625 1063 108 28 tillämpas
747 1065 7 20 i
770 1065 54 26 syfte
839 1066 33 19 att

114 1097 89 26 bidraga
218 1097 33 21 till
265 1097 121 21 hämnande
401 1097 24 21 af
439 1097 98 27 omåttlig
551 1097 148 28 förbrukning.

183 1131 40 21 Väl
238 1131 64 21 hafva
316 1131 100 21 stundom
431 1133 70 19 röster
516 1131 56 27 höjts
586 1131 34 22 för
630 1132 121 27 stränghets
764 1133 107 26 åtgärder,

113 1165 82 27 gående
210 1165 56 21 ända
281 1165 87 26 derhän,
384 1167 33 19 att
431 1165 169 27 tillverkningen:
610 1166 24 21 af
646 1166 89 21 bränvin
746 1167 70 21 blefve
827 1167 45 22 helt

114 1199 40 22 och
172 1199 68 22 hållet
256 1199 113 27 förbjuden
389 1199 51 22 eller
458 1199 130 22 åtminstone
602 1200 151 27 försäljningen
769 1201 24 22 af
805 1207 66 16 varan

112 1233 124 27 ytterligare
250 1233 111 22 försvårad
376 1239 77 21 genom
469 1235 33 20 att
516 1235 104 26 inrymma
634 1235 63 21 äfven
715 1235 157 22 stadskommu-

113 1273 67 16 nerna
198 1269 43 19 rätt
259 1269 32 20 att
308 1268 77 21 hindra
403 1268 29 21 all
451 1268 67 21 sådan
536 1269 84 21 handel.
650 1269 50 21 Men
715 1269 36 22 det
765 1269 43 22 kan
823 1270 49 22 med

113 1302 81 21 visshet
208 1302 98 26 förutses,
323 1304 33 19 att
369 1302 82 21 sådana
465 1299 100 30 ytterliga
580 1303 149 21 restriktioner
743 1304 48 21 icke
802 1304 69 21 skulle

113 1336 73 20 kunna
204 1336 7 20 i
226 1336 161 26 tillämpningen
405 1336 164 27 upprätthållas.
599 1337 156 27 Lurendrejeri,
770 1338 101 21 lönbrän-

112 1370 57 26 ning,
186 1370 78 21 handel
279 1370 7 20 i
301 1376 60 21 smyg
376 1370 40 21 och
432 1370 122 27 lönkrögeri
570 1370 68 22 skulle
652 1372 7 20 i
674 1371 58 21 förut
747 1372 71 21 okänd
827 1378 44 15 om-
884 1365 4 4 '

112 1404 94 26 fattning
223 1404 62 27 gripa
304 1404 98 26 omkring
420 1404 32 26 sig
471 1404 41 21 och
530 1404 89 22 sålunda
636 1406 66 20 verka
717 1412 26 15 en
758 1406 114 22 demorali-

113 1438 69 22 sation
194 1438 24 21 så
229 1438 85 27 mycket
326 1438 153 26 betänkligare,
491 1444 46 16 som
548 1439 152 27 nykterhetens
712 1440 38 21 sak
765 1440 109 22 måhända
