1086 1717
321 157 27 35 v:
360 156 68 36 Bl
441 154 64 46 Prop.
521 154 66 40 N:o
589 160 24 33 32.
797 156 14 37 E

97 220 90 36 afsedde
210 220 34 35 for
260 225 131 40 jordbruket
406 225 41 31 och
463 218 203 56 fabriksindustrin,
682 217 91 47 operera
787 233 56 33 van-

96 268 63 39 ligen
175 275 84 34 genom
281 261 130 36 upplåning,
434 265 142 29 bestående
567 258 14 43 i
592 266 140 30 utgifvandet
747 269 26 21 af
785 262 59 28 efter

96 302 63 22 vissa
171 302 25 22 år
210 302 117 32 betalbara
341 301 162 24 räntebärande
519 300 153 31 obligationer.
702 303 34 21 De
747 302 94 29 sålunda

97 333 100 26 erhållna
213 344 125 14 summorna
352 334 107 31 placeras
467 337 68 21 sedan
550 339 45 19 mot
610 337 151 27 inteckning
751 329 16 41 i
778 326 64 34 såväl

97 365 250 34 fabriksanläggningar
369 378 47 15 som
438 372 71 21 stads-
532 371 41 22 och
587 371 197 28 landsfastigheter
799 371 42 23 och

98 406 133 21 återbetalas
254 412 79 22 genom
349 406 56 28 årlig
420 406 134 28 amortering
568 406 70 21 under
653 412 27 15 en
695 405 77 29 längre
787 406 54 22 tids-

98 439 83 29 period.
211 440 80 22 Medan
313 437 173 25 innehafvarene
509 440 25 21 af
553 441 70 27 ledigt
645 440 87 28 kapital
747 441 94 21 sålunda

99 475 103 28 erbjudås
225 475 88 21 tillfälle
336 477 31 19 att
389 477 44 19 mot
455 475 105 27 temligen
577 472 47 30 god
638 475 206 28 räntegodtgörelse

98 509 90 28 placera
202 509 50 21 sina
266 509 125 29 penningar
405 509 8 21 i
428 509 42 21 lätt
485 509 146 22 realiserbara
642 509 159 28 värdepapper,
809 505 33 25 er-

98 543 61 22 hålla
175 550 94 22 egarene
285 543 25 22 af
323 543 43 22 fast
375 543 86 28 kapital
470 556 27 3 —
505 543 195 28 industriidkaren,
708 544 135 27 jordbruka-

98 585 45 20 ren,
151 578 181 27 gårdsegaren
312 571 13 38 —
341 579 30 20 ett
379 577 102 28 lämpligt
488 577 145 22 kreditmedel
642 578 34 21 till
684 575 158 24 utsträckande

101 613 25 21 af
142 613 35 21 sin
198 613 90 26 rörelse,
311 612 35 21 till
368 612 133 28 förbättring
525 612 24 22 af
562 613 37 21 sitt
615 613 128 27 landtbruk,
758 613 34 21 till
807 609 37 24 ut-

99 646 93 22 förande
215 646 25 21 af
259 653 45 22 nya
324 642 197 47 bygnadsföretag.
551 647 38 21 Att
604 647 34 21 för
654 645 77 40 dylika
745 647 100 21 bankers

99 681 159 32 grundkapital
273 680 57 22 dock
346 682 29 20 ett
391 681 54 21 visst
460 681 113 21 minimum
589 681 69 21 måste
674 681 7 21 i
696 681 38 27 lag
748 681 96 34 bestäm-

99 722 54 21 mas,
176 715 72 28 ligger
270 715 8 21 i
301 717 62 19 arten
381 715 26 21 af
427 715 65 21 deras
515 715 151 28 organisation
689 715 41 22 och
752 717 44 19 sätt
811 708 33 42 att

99 756 99 21 operera.

169 783 49 22 Den
233 783 83 27 nådiga
330 783 177 28 propositionens
524 784 56 21 11:te
595 783 108 28 paragraf
715 783 79 22 hänför
809 783 37 27 sig

99 818 35 21 till
151 817 77 28 dylika
244 817 153 28 inrättningar,
414 817 69 22 ehuru
492 817 144 28 stadgandets
649 818 112 21 allmänna
771 817 72 22 affatt-

101 852 55 27 ning
172 852 62 21 torde
249 849 105 24 innebära
371 852 133 27 rättigheten
517 852 83 27 jemväl
615 851 35 22 för
664 851 181 22 handelsbanker

101 888 32 19 att
148 886 38 21 vid
201 886 64 21 sidan
281 885 26 22 af
320 886 33 21 sin
370 886 73 27 öfriga
457 887 82 21 rörelse
554 886 102 22 bedrifva
671 887 65 21 äfven
750 886 94 21 förstan-

101 919 71 28 tydda
194 920 50 27 slag
266 920 26 21 af
310 919 220 28 kreditoperationer.
559 920 35 21 Då
610 920 234 27 depositionsrörelsen

101 954 88 27 intager
204 961 28 14 en
247 954 125 28 betydande
387 954 58 27 plats
461 954 8 21 i
485 961 27 14 en
527 954 140 21 kommersiel
681 954 73 21 banks
765 952 80 23 affärer

102 989 41 21 och
158 989 91 21 banken
264 988 64 21 alltid
343 988 69 21 mäste
427 995 54 14 vara
496 988 83 21 beredd
592 989 30 27 pä
636 989 119 27 uttagning
770 988 25 21 af
808 987 36 22 de-

101 1023 128 28 positioner,
245 1022 58 22 helst
318 1022 84 21 sådana
417 1025 38 18 äro
470 1023 116 21 betalbara
600 1023 107 27 antingen
722 1022 37 22 vid
773 1022 74 21 anfor-

102 1057 55 21 dran
179 1057 53 21 eller
248 1057 28 27 pä
291 1057 88 21 kortare
394 1057 44 20 tids
453 1057 149 27 uppsägning,
618 1057 26 21 sä
658 1057 71 28 ligger
745 1057 36 20 det
796 1056 8 21 i
820 1063 27 14 en

103 1091 71 22 sädan
189 1091 73 22 banks
277 1091 92 21 intresse
385 1092 32 20 att
432 1091 7 20 i
448 1091 121 21 allmänhet
577 1091 50 21 icke
637 1091 71 20 inläta
718 1090 34 28 sig
761 1090 8 21 i
777 1092 72 19 trans-

102 1126 108 27 aktioner,
233 1125 77 22 hvilka
332 1131 79 22 genom
434 1125 34 22 sin
489 1132 56 21 egen
560 1125 138 21 inneboende
714 1126 64 19 natur
793 1124 56 21 först

103 1160 55 22 efter
181 1159 110 28 förloppet
312 1159 25 22 af
349 1166 27 15 en
391 1159 78 28 längre
484 1159 33 21 tid
532 1159 76 21 kunna
624 1159 119 22 afvecklas.
772 1158 77 21 Rätte-

103 1195 61 28 ligen
186 1194 68 22 borde
276 1194 37 21 väl
329 1193 72 22 derför
417 1193 65 22 dessa
497 1193 61 22 olika
573 1200 80 21 grenar
668 1193 26 21 af
705 1192 146 22 bankrörelse

103 1229 88 22 utöfvas
214 1228 26 21 af
260 1228 74 21 skilda
354 1227 157 28 bankinstitut,
533 1227 73 22 såsom
620 1227 9 22 i
644 1227 121 21 allmänhet
779 1226 72 22 under

103 1265 70 20 större
188 1263 42 22 och
245 1268 61 16 mera
320 1262 131 21 utvecklade
467 1262 156 21 förhällanden
638 1261 62 22 torde
715 1268 54 15 vara
781 1260 70 22 fallet.

103 1299 36 21 Då
155 1298 37 22 det
208 1298 122 22 emellertid
344 1298 40 21 hos
395 1304 43 21 oss,
447 1297 133 22 åtminstone
590 1297 70 21 under
667 1298 110 20 närmaste
785 1296 70 21 fram--

104 1333 40 27 tid,
156 1339 51 15 vore
217 1334 31 20 att
256 1332 78 22 befara
342 1332 36 22 det
386 1331 129 28 fastighets-
523 1332 54 21 eller
582 1331 213 28 jordbruksbanker,
804 1336 47 15 som

105 1367 141 21 uteslutande
262 1366 86 28 grunda
362 1366 35 22 sin
412 1366 83 21 rörelse
511 1366 29 27 pä
554 1365 129 28 utgifvande
698 1365 26 21 af
736 1361 117 31 obligatio-

106 1408 46 21 ner,
167 1400 51 22 icke
232 1400 75 22 kunde
322 1401 55 21 bära
391 1400 127 22 kostnaden
533 1400 34 22 för
582 1407 28 15 en
618 1400 41 28 dyr
668 1398 186 27 administration,

106 1436 41 21 har
169 1435 113 22 Utskottet
305 1436 72 20 ansett
393 1441 27 15 en
435 1431 141 26 kommersie]
590 1434 62 22 bank
667 1433 20 28 ej
703 1433 54 22 böra
771 1429 83 25 förhin-

108 1470 52 22 drag
176 1472 32 19 att
223 1469 70 22 under
307 1475 125 21 gemensam
448 1468 137 28 förvaltning
600 1468 76 22 utöfva
688 1467 83 29 jemväl
781 1464 77 24 denna

183 1509 155 18 Bankutskottets
350 1508 116 18 betänkande
477 1504 39 22 N:o
528 1509 18 17 4.
780 1500 4 2 :
