1086 1717
393 146 80 22 Ständ.
490 146 35 22 Sv.
544 159 27 3 —
586 147 72 27 Prop.
674 148 40 21 N:o
729 147 38 22 40.

340 216 47 20 gar,
403 216 45 14 som
469 210 68 28 enligt
552 210 15 27 $
581 211 15 20 8
606 210 59 27 från
680 211 207 27 Passexpeditionen
902 212 8 20 i
928 211 32 21 S:t

339 242 131 29 Petersburg
486 243 125 23 ankommit.

409 277 80 28 Någon
511 278 24 20 så
552 277 114 28 beskaffad
681 278 138 28 granskning
834 285 45 15 som
895 278 41 22 den
953 280 8 19 i

339 311 15 27 $
369 312 28 20 59
412 316 26 22 aj
452 311 200 27 värnepligtslagen
673 311 146 28 omförmälda
835 319 49 31 eger
899 312 8 20 i
923 312 34 26 af-

340 345 75 21 seende
431 346 13 19 å
461 345 61 21 dessa
539 345 91 27 längder
646 345 44 21 icke
705 353 55 13 rum.

614 420 15 25 $
645 421 36 20 12.

412 464 93 27 Uppgift
521 471 32 14 om
570 465 40 20 den
626 464 30 26 af
668 465 159 22 länenämnden
843 465 9 20 i
871 465 86 28 Wiborg

339 498 124 21 verkstälda
475 498 131 28 fördelning
622 499 30 27 af
664 499 36 21 det
715 499 63 21 antal
793 499 97 21 soldater
901 500 57 20 länet

340 532 37 21 bör
392 533 113 26 uppställa
516 532 64 25 skall,
592 533 25 20 så
628 533 46 20 vidt
686 534 71 26 angår
768 533 69 21 länets
848 533 110 21 särskilda

340 566 195 27 uppbådsområde,
552 567 84 27 årligen
649 567 53 26 före
718 567 41 21 den
775 567 28 21 15
818 567 94 28 Augusti
928 573 32 22 ge-

339 606 49 14 nom
411 600 171 21 länenämndens
600 601 94 28 försorg
714 601 110 21 meddelas
840 600 118 28 Passexpe-

340 633 97 22 ditionen
452 635 9 19 i
478 634 32 21 S:t
526 634 132 28 Petersburg
674 637 56 19 samt
746 635 127 27 offentligen
884 635 74 21 anslås

340 669 14 19 å
369 668 102 28 lämpligt
485 669 64 20 ställe
565 669 8 20 i
588 669 172 27 Expeditionens
777 669 65 21 lokal.

617 743 15 27 $
647 744 34 21 13.

408 783 146 28 Förteckning
571 783 58 27 öfver
645 783 25 21 de
686 783 36 21 till
741 783 98 27 Wiborgs
855 783 48 20 läns
911 785 47 18 sär-

338 816 73 22 skilda
433 817 189 27 uppbådsområde
644 817 97 21 hörande
755 823 112 21 personer,
883 817 73 20 hvilka

338 851 37 20 vid
389 851 121 27 uppbådets
521 851 131 28 fördelning
668 853 75 19 utsetts
760 851 35 20 till
811 850 58 22 aktiv
887 851 69 27 tjenst,

338 885 58 21 skall
419 885 30 26 af
468 885 209 27 uppbådsnämnden
693 885 144 27 öfversändas
854 885 35 20 till
904 884 52 21 Fin-

338 919 39 21 ska
399 918 207 28 Passexpeditionen
624 919 8 20 i
649 919 32 20 S:t
696 919 134 26 Petersburg
845 920 25 20 så
887 919 70 27 tidigt,

339 955 32 19 att
387 953 40 21 den
438 953 58 27 från
512 952 37 21 och
564 953 48 20 med
626 953 41 21 den
682 953 14 20 5
712 953 123 27 September
845 953 43 21 kan
899 953 8 20 i
915 953 43 20 Ex-

335 987 138 27 peditionens
487 987 137 21 embetslokal
640 987 72 21 hållas
728 987 128 28 tillgänglig
866 987 42 26 för
923 993 35 15 en-

338 1021 60 25 hvar,
413 1027 45 15 som
474 1021 80 21 önskar
570 1021 69 27 deraf
650 1024 51 24 taga
718 1021 126 21 kännedom.

617 1095 14 27 $
647 1096 34 19 14.

407 1135 47 21 För
477 1134 160 22 uraktlåtenhet
658 1137 33 18 att
706 1135 89 27 infinna
811 1135 33 27 sig
856 1135 32 27 på
903 1141 53 21 upp-

339 1169 120 22 bådsställe
481 1169 52 21 eller
556 1169 110 20 derstädes
684 1169 42 26 för
749 1169 33 27 sig
797 1169 68 20 ställa
881 1168 77 21 ombud

338 1202 95 21 tilltalas
456 1202 162 27 värnepligtige,
640 1201 135 22 tillhörande
795 1201 97 28 Wiborgs
909 1201 48 22 läns

337 1236 112 21 särskilda
472 1235 194 28 uppbådsområde,
682 1236 36 21 vid
733 1235 201 28 Rådstufvurätten
949 1236 9 20 i

343 1269 98 29 Wiborgs
457 1270 55 21 stad.

406 1304 51 21 Har
479 1311 129 19 reservman,
629 1304 133 22 tillhörande
777 1304 94 21 nämnde
889 1305 67 21 områ-

338 1340 31 26 de,
385 1338 110 28 uteblifvit
506 1338 58 27 från
580 1339 149 27 öfninysmöte,
746 1338 58 21 skall
819 1338 72 25 målet,
902 1340 54 19 utan

333 1372 136 28 föregående
483 1373 161 28 undersökning
660 1374 36 20 vid
712 1379 76 15 annan
799 1372 97 24 domstol,
905 1379 51 20 upp-

339 1409 63 25 tagas
425 1406 30 28 af
467 1406 132 28 krigsrätten
614 1408 35 20 vid
668 1407 99 28 Wiborgs
783 1406 173 28 skarpskytteba-

339 1441 76 27 taljon.
