1086 1717
334 149 24 22 U.
373 149 24 21 B.
413 161 27 3 —
456 149 65 29 Prop.
537 149 38 22 N:o
591 148 34 23 39.
803 150 26 20 25

105 214 195 27 gerningsmannen
322 214 48 22 icke
393 214 48 21 med
464 214 102 22 afseende
588 214 14 22 &
624 214 82 22 brottet
720 214 139 27 uppsåtligen
883 217 10 16 3
905 216 91 22 Kapitlet.

104 248 78 22 försatt
197 248 34 28 sig
245 248 8 22 i
268 250 32 20 ett
311 248 70 28 dylikt
391 248 106 28 tillstånd,
508 249 40 21 har
558 249 41 21 den
609 250 25 20 så
646 250 33 20 att
689 250 54 26 säga
753 249 109 21 mellersta

105 282 62 22 delen
186 282 24 22 af
228 282 195 28 företeelsekedjan
441 283 40 21 här
500 283 69 27 gjorts
587 283 34 21 till
636 283 90 21 föremål
740 283 35 21 för
789 290 27 15 en
831 283 31 21 af-

105 317 93 23 vikande
218 317 138 27 behandling,
377 324 44 15 som
437 317 90 28 analogt
541 318 44 21 kan
600 318 110 26 tillämpas
725 318 87 27 derhän,
828 320 34 19 att

105 358 36 16 rus
159 352 52 22 eller
226 354 66 19 annat
307 352 79 21 sådant
401 352 100 21 tillstånd
515 352 71 27 aldrig
601 352 36 21 får
651 352 37 22 vid
703 352 160 28 straffmätning

106 387 59 27 gälla
179 388 71 20 såsom
265 386 154 22 förmildrande
434 386 166 27 omständighet.

173 421 125 22 Utskottets
312 421 71 22 flertal
397 421 40 21 har
452 420 69 22 likväl
535 423 71 20 ansett
616 420 143 28 lagförslaget
769 421 94 22 härutin-

105 462 43 15 nan
170 462 54 16 vara
243 456 128 22 välbetänkt
391 455 39 22 och
449 455 144 22 förestafvadt
609 455 25 22 af
646 455 145 28 försigtighet.
820 456 43 21 Det

106 493 25 19 är
145 490 107 27 nemligen
267 491 19 26 ej
303 490 98 27 ovanligt
416 492 33 19 att
464 489 128 28 förbrytare,
608 490 34 21 för
652 491 34 20 att
696 490 65 22 vinna
771 490 48 21 mod
829 491 34 20 att

107 525 56 27 begå
179 525 65 27 brott,
261 524 93 22 försätta
368 524 34 27 sig
417 524 8 21 i
440 524 71 27 rusigt
525 524 106 27 tillstånd,
642 531 49 15 men
706 524 28 21 då
749 524 68 28 laglig
832 526 32 19 ut-

106 559 92 28 redning
214 559 70 22 derom
300 561 34 20 att
349 561 59 19 ruset
423 559 7 21 i
445 559 80 22 sådant
539 559 80 26 uppsåt
633 559 98 27 ådragits
741 559 68 21 likväl
819 559 7 21 i
837 559 26 21 de

107 593 63 22 flesta
192 593 38 22 fall
250 593 48 22 icke
313 594 44 21 kan
371 593 84 27 vinnas,
471 595 25 20 är
511 593 37 22 det
563 595 34 20 att
614 593 80 28 befara,
710 595 34 20 att
759 600 76 21 genom
850 596 13 18 2

107 630 126 20 momentets
255 628 150 22 utelemnande
427 630 33 20 ett
482 628 142 28 rättsvådligt
644 628 137 27 privilegium
795 628 69 21 skulle

107 663 79 26 skapas
199 663 33 21 för
244 663 26 21 de
277 663 69 21 under
352 663 71 27 rusigt
432 663 99 21 tillstånd
539 663 117 26 begångna
663 663 93 21 brotten.
779 663 44 21 För
831 664 34 19 att

107 697 68 22 likväl
189 698 85 23 betona,
291 699 33 20 att
340 697 41 22 den
395 697 8 21 i
419 699 12 19 2
447 703 62 15 mom.
525 697 97 22 uttalade
633 697 144 28 grundsatsen
788 697 77 22 endast

107 732 77 21 hänför
199 732 34 27 sig
248 732 33 21 till
290 732 41 21 den
341 731 209 28 straffnedsättning,
561 737 44 16 som
616 731 7 22 i
635 734 11 18 1
657 738 61 15 mom.
729 734 25 19 är
763 731 100 28 stadgad,

107 767 40 20 har
169 767 113 21 Utskottet
304 766 100 27 inskjutit
427 766 61 21 ordet
512 766 94 27 ,sädan*
631 765 90 22 framför
740 765 125 28 ,straffned-

108 801 118 27 sättning”.

176 835 12 22 9
204 837 19 24 8.
253 835 71 22 Sedan
339 835 105 27 förslaget
460 835 32 21 uti
508 837 11 19 6
535 835 38 21 och
585 837 11 19 7
608 836 27 25 $3
646 835 92 21 bestämt
747 835 118 21 innehållet

108 869 24 22 af
145 871 179 20 nödvärnsrätten
338 869 8 22 i
361 869 124 25 allmänhet,
502 869 92 22 hvarvid
610 869 123 22 densamma
747 869 118 22 utsträckts

108 904 35 21 till
169 904 141 27 orättmätiga
332 911 96 20 angrepp
452 905 13 20 å
486 911 84 19 person,
594 905 99 26 egendom
717 905 36 20 och
768 904 95 26 hemfrid,

107 938 110 22 äfvensom
232 939 32 21 uti
280 942 12 18 8
304 940 12 25 $
330 939 119 21 behandlat
464 939 70 26 några
548 938 108 22 särskilda
670 938 39 21 fall
724 938 25 21 af
761 938 104 31 nödvärn,

107 973 109 22 meddelas
232 973 7 22 i
256 976 11 19 9
283 973 12 28 &
311 973 136 22 föreskrifter
463 973 54 21 huru
532 979 16 15 s.
564 973 21 21 k.
602 979 73 15 excess
685 973 8 21 i
703 973 96 21 nödvärn
810 972 55 21 skall

111 1008 106 21 bedömas.
246 1008 116 27 Förslaget
377 1008 129 21 bestämmer
521 1007 83 27 härvid,
620 1009 34 20 att
664 1007 84 22 straffet
759 1007 56 22 efter
825 1013 40 15 om-

107 1041 168 28 ständighetena
294 1043 35 20 må
349 1042 113 21 nedsättas
481 1041 69 22 under
569 1041 59 22 hvad
643 1042 13 21 å
671 1041 120 28 gerningen
806 1041 8 21 i
829 1041 37 21 all-

107 1077 88 20 mänhet
214 1077 49 20 bort
282 1076 60 27 följa.
371 1076 35 21 En
425 1076 70 21 sådan
515 1082 76 21 genom
610 1076 44 21 alla
673 1075 121 22 straffarter
809 1075 57 22 ända

107 1110 33 22 till
156 1111 36 21 det
207 1111 79 21 minsta
301 1111 138 26 bötesbelopp
456 1110 35 27 sig
505 1110 130 21 sträckande
650 1110 142 21 strafflatitud
803 1115 63 16 anser

106 1145 115 21 Utskottet
240 1145 68 22 likväl
326 1144 97 22 medföra
441 1145 115 21 osäkerhet
571 1145 37 21 vid
623 1144 188 28 straffmätningen
827 1144 38 21 och

107 1179 108 22 dessutom
236 1179 48 22 icke
298 1179 67 22 heller
380 1185 54 16 vara
449 1179 8 21 i
473 1178 40 22 full
527 1179 135 27 konsegvens
677 1179 47 22 med
739 1180 13 20 4
768 1180 19 25 8,
804 1178 62 22 hvari

107 1213 77 22 endast
203 1220 27 15 en
250 1213 122 28 begränsad
391 1213 205 28 straffnedsättning
615 1213 125 28 medgifvits
759 1213 38 22 vid
812 1219 16 15 s.
844 1213 21 21 k.

108 1247 100 22 minskad
218 1248 177 27 tillräknelighet.
419 1247 142 22 Jemförelsen
572 1248 48 21 med
630 1249 14 20 4
655 1249 13 26 &
680 1254 62 15 anser
752 1247 115 22 Utskottet

106 1289 54 15 vara
169 1283 26 21 sä
204 1283 87 27 mycket
301 1289 59 15 mera
369 1282 133 28 berättigad,
511 1288 45 16 som
568 1288 72 16 excess
649 1282 7 22 i
665 1282 96 22 nödvärn
769 1281 8 22 i
786 1282 79 26 mänga

106 1316 39 22 fall
158 1317 47 27 just
220 1318 62 21 beror
297 1318 28 26 pä
342 1324 26 15 en
383 1317 8 21 i
406 1318 43 26 hög
465 1317 58 27 grad
538 1317 89 27 stegrad
643 1316 73 28 affekt,
726 1316 140 27 hvarigenom

107 1351 114 22 omdömes-
236 1352 39 21 och
290 1351 326 28 sjelfbeherskningsförmägan
631 1354 25 19 är
666 1350 139 22 förminskad.
829 1350 39 22 Ut-

107 1386 83 22 skottet
204 1386 41 22 har
260 1386 133 22 fördenskull
408 1386 120 27 begränsat
543 1386 41 22 den
600 1386 5 21 i
623 1388 12 19 9
651 1386 12 28 $
678 1385 110 28 medgifna
798 1384 69 22 straff-

105 1420 168 28 nedsättningen
282 1422 28 26 pä
319 1420 113 22 enahanda
441 1421 51 26 sätt,
501 1426 44 16 som
554 1420 8 22 i
570 1422 14 20 4
592 1422 32 25 8:s
633 1422 11 19 1
653 1426 61 15 mom.
723 1422 24 19 är
755 1418 111 28 stadgadt.

179 1454 24 22 10
226 1456 18 24 8.
274 1454 32 22 Af
324 1455 88 21 alldeles
431 1454 115 22 enahanda
562 1454 48 22 skäl
624 1454 40 22 och
678 1454 28 27 pä
721 1460 81 15 samma
816 1455 51 25 sätt,
