1086 1717
253 157 13 21 2
561 156 36 21 N:o
612 156 32 22 41.

221 224 90 22 förlidet
330 224 24 21 år
369 224 7 22 i
393 224 102 22 afseende
511 224 13 21 å
539 224 113 22 officerare
668 225 33 20 till
718 224 38 22 och
772 224 49 21 med
836 224 144 28 öfverstelöjt-

221 258 127 26 nantsgrad,
367 259 40 21 och
426 261 25 19 är
471 259 107 27 afgången
594 258 102 22 faststäld
712 261 33 19 att
760 265 40 20 ega
816 265 46 15 rum
879 259 33 21 för
927 259 52 27 kap-

222 295 68 25 tener,
315 299 45 15 som
384 293 154 21 kommendera
560 293 102 27 kompani
682 294 53 20 eller
753 293 116 21 innehafva
887 295 92 19 motsva-

221 328 68 21 rande
312 327 127 27 befattning,
463 328 36 20 vid
523 328 27 20 50
574 328 35 20 års
633 328 67 27 ålder,
725 334 49 15 men
797 328 47 21 med
868 328 112 27 möjlighet

221 364 33 19 att
278 361 141 27 fortfarande,
443 362 68 26 enligt
533 362 92 21 befälets
648 362 106 27 pröfning,
778 362 73 21 kunna
869 362 108 26 qvarstå
966 357 14 36 i

220 397 94 26 tjensten
331 397 126 26 ytterligare
473 396 42 22 fem
532 396 35 27 år;
593 396 34 21 för
642 396 70 27 öfrige
727 396 138 22 subalterner
879 396 53 22 eller
947 396 31 22 öf-

220 430 151 23 verofficerare
395 431 36 21 vid
453 432 28 20 55
504 430 40 22 och
566 430 34 22 för
620 430 213 28 öfverstelöjtnanter
848 432 35 20 vid
899 432 27 21 60
942 431 35 21 års

221 465 67 22 ålder.
318 465 34 21 De
363 465 47 22 skäl
421 465 39 22 och
472 465 191 27 omständigheter,
674 472 46 15 som
731 466 6 21 i
749 466 68 21 andra
828 466 75 21 länder
913 466 64 21 fram-

219 500 69 21 kallat
308 500 124 21 införandet
447 500 23 21 af
484 500 236 27 åldersbestämningar
736 500 5 19 i
759 500 95 27 antydda
870 500 106 27 afseende,

220 534 62 22 skola
304 535 107 20 måhända
433 535 7 21 i
463 536 27 19 än
511 535 66 26 högre
592 535 54 26 grad
662 537 53 24 göra
731 535 33 26 sig
779 535 99 26 gällande
894 535 6 20 i
916 535 62 26 fråga

220 575 35 15 om
271 569 26 21 de
312 569 71 21 finska
398 571 126 25 trupperna,
540 569 58 21 inom
614 569 85 22 hvilkas
715 569 90 26 fåtaliga
820 569 125 22 officerskår
955 569 23 21 af

219 603 109 27 naturliga
344 603 47 22 skäl
408 604 132 26 omsättning
556 604 39 21 och
610 603 115 22 befordran
737 604 69 21 måste
817 604 67 21 blifva
894 603 82 27 ganska

217 638 144 27 långsamma;
387 639 40 21 och
450 639 28 21 då
501 638 111 22 officerare
628 639 91 21 likasom
735 639 130 26 tjenstemän
881 639 6 21 i
903 639 73 21 landet

219 673 60 21 öfver
295 673 81 21 hufvud
392 673 116 27 vanligtvis
524 673 47 22 icke
586 673 65 22 hafva
667 675 33 20 att
714 673 86 27 förfoga
815 673 60 22 öfver
891 673 83 22 enskild

218 707 157 27 förmögenhet,
392 710 56 19 samt
463 708 180 27 pensioneringen
660 708 23 21 af
696 707 113 22 finansiela
820 708 46 21 skäl
877 708 19 27 ej
908 708 67 21 heller

218 742 43 21 kan
282 742 77 21 utfalla
374 742 25 21 så
414 742 65 27 riklig
495 744 32 19 att
542 743 118 26 pensionen
676 742 70 21 skulle
762 744 109 19 motsvara
887 742 87 21 aflönin-

217 782 41 21 gen
274 777 7 20 i
297 776 73 27 tjenst,
391 777 54 20 skall
462 777 122 26 säkerligen
601 777 39 20 hos
657 776 111 22 officerare
784 783 69 20 yppas
869 777 105 26 benägen-

216 811 80 26 genhet
316 812 32 19 att
363 811 89 26 qvarstå
468 811 7 21 i
490 811 94 26 tjensten
601 811 73 26 längre
690 811 32 20 tid
738 813 27 18 än
781 811 48 20 med
845 813 129 25 truppernas

216 845 70 21 fördel
306 845 43 21 kan
365 851 52 16 vara
432 845 109 27 förenligt,
558 846 72 21 derest
645 846 47 21 icke
708 845 103 27 åtgärder
827 846 32 21 till
874 845 99 28 förebyg-

216 879 70 27 gande
302 879 23 21 af
340 881 31 20 ett
386 879 79 22 sådant
480 880 189 21 missförhållande
684 880 8 21 i
707 880 32 21 tid
755 880 106 26 vidtagas.

284 913 40 22 Om
341 914 135 21 fördenskull
491 914 24 21 af
529 914 63 21 ofvan
608 914 96 27 antydda
720 914 89 21 orsaker
825 914 113 27 angeläget
948 917 25 19 är

214 950 34 19 att
260 948 80 26 jemväl
357 948 34 21 för
407 948 112 21 officerare
533 949 37 20 vid
586 949 41 20 den
642 948 70 21 finska
724 949 107 20 militären
844 949 129 21 föreskrifva

212 983 60 20 vissa
295 982 170 27 åldersgränser,
489 983 35 21 vid
547 983 85 21 hvilkas
654 983 129 27 uppnående
803 983 123 27 skyldighet
941 984 31 21 in-

215 1017 74 20 träder
305 1019 33 18 att
354 1017 49 26 afgå
418 1023 27 15 ur
460 1017 162 26 krigstjensten,
639 1019 24 19 är
679 1017 37 21 det
731 1017 66 21 likväl
813 1017 47 22 icke
871 1017 23 21 af
903 1018 69 21 nöden

212 1052 34 20 att
268 1051 113 21 utsträcka
401 1051 70 22 denna
494 1051 124 27 skyldighet
633 1052 56 21 ända
704 1051 33 22 till
755 1051 217 28 bataljonskommen-

212 1085 65 22 dörer
300 1085 40 22 och
363 1086 210 27 generalspersoner,
597 1088 23 25 ty
638 1086 95 21 förutom
748 1088 34 19 att
799 1086 63 21 dessa
876 1087 73 21 kunna
964 1087 6 20 i

211 1120 33 21 sin
268 1120 109 27 egenskap
398 1120 23 21 af
436 1122 84 19 tromän
537 1121 66 20 redan
619 1121 68 26 enligt
702 1121 101 26 gällande
818 1121 153 26 författningar

210 1154 38 21 vid
271 1154 67 21 behof
359 1154 48 21 från
421 1155 56 20 sina
500 1155 98 21 embeten
619 1154 114 27 aflägsnas,
749 1155 42 21 kan
808 1155 37 21 det
860 1155 47 21 med
923 1156 47 21 skäl

209 1194 73 21 anses,
298 1190 33 19 att
346 1195 26 15 en
388 1189 67 26 något
470 1189 67 26 högre
552 1189 61 21 ålder
628 1189 48 22 icke
691 1191 25 19 är
732 1189 106 27 oförenlig
854 1189 48 22 med
918 1190 52 26 dug-

209 1222 70 27 lighet
301 1223 33 20 till
359 1223 155 21 chefsembetes
538 1223 123 22 utöfvande.
685 1235 26 4 —
737 1223 80 28 Sjelfva
833 1223 136 28 äldersgrän-

212 1263 65 15 serna
292 1257 54 21 böra
361 1257 23 21 af
397 1257 114 22 finansiela
527 1258 47 21 skäl
591 1258 38 21 och
646 1258 22 21 af
684 1258 99 27 billighet
798 1261 110 24 gentemot
923 1258 46 21 offi-

208 1298 104 15 cerarene
335 1292 46 21 icke
405 1292 132 22 bestämmas
552 1293 60 27 lägre
628 1295 26 19 än
671 1293 166 26 nödvändigtvis
853 1293 115 27 erfordras,

208 1326 40 21 och
271 1326 74 22 kunna
368 1326 34 22 för
425 1327 67 27 öfrigt
508 1328 116 26 lämpligen
640 1328 24 21 sä
680 1328 107 27 afpassas,
803 1329 34 19 att
852 1329 65 25 utväg
933 1328 35 20 be-

207 1361 63 31 redes
286 1359 122 23 "officerare
423 1362 7 20 i
446 1362 67 26 tjenst
528 1362 36 20 vid
580 1362 60 21 aktiv
655 1364 65 25 trupp
737 1364 32 19 att
785 1362 93 21 medelst
899 1362 69 21 öfver-

206 1394 58 28 gäng
287 1395 33 21 till
345 1396 156 21 reservbefälet
516 1396 40 21 och
571 1396 71 26 nägon
658 1396 43 21 tids
717 1396 91 21 fortsatt
823 1396 144 28 tjenstgöring

207 1428 37 22 vid
263 1429 120 21 detsamma
398 1430 111 21 förvärfva
525 1430 33 26 sig
573 1430 154 27 förmänligare
743 1430 173 27 pensionsvilkor
932 1431 35 21 vid

203 1462 203 28 afskedstagandet.
443 1462 54 23 För
507 1464 67 26 öfrigt
591 1470 63 22 synes
670 1465 118 27 anledning
803 1464 115 22 förefinnas
935 1466 32 20 att
