1086 1717
459 141 41 22 N:o
515 140 35 22 36.
823 142 28 20 87

125 198 33 21 för
182 199 111 27 stadgadt;
316 199 79 25 dömes,
419 199 39 20 der
473 198 52 21 felet
541 198 18 27 ej
576 199 24 20 är
616 198 24 21 så
655 198 68 27 ringa,
739 200 33 19 att
787 198 44 21 han
846 199 35 21 må

126 233 78 20 endast
226 234 49 20 med
297 233 90 27 varning
410 234 87 25 näpsas,
519 232 33 21 till
567 232 63 21 böter
645 232 51 21 eller
712 232 107 28 skiljande
834 232 48 22 från

125 266 106 28 tjenstens
254 266 105 28 utöfning,
382 267 59 25 eller,
463 267 8 20 i
494 266 38 22 fall
552 266 214 28 omständigheterna
781 268 38 19 äro
834 273 48 21 syn-

125 300 98 28 nerligen
239 301 146 25 försvårande,
401 301 34 21 till
451 300 125 28 afsättning.

196 336 47 26 Lag
266 342 82 14 samma
371 342 58 18 vare,
453 342 35 14 om
507 336 130 27 tjensteman
653 334 67 28 begår
734 335 110 27 tjenstefel
859 334 24 22 af

125 368 111 22 oförstånd
252 369 52 21 eller
319 369 148 28 oskicklighet.

195 404 46 21 Har
262 404 136 27 tjensteman,
419 406 54 19 utan
489 404 33 21 lof
535 404 53 21 eller
603 404 98 21 anmäldt
716 402 79 26 förfall,
810 402 69 22 afhäl-

124 437 25 22 lit
169 438 32 27 sig
216 438 48 21 från
280 438 142 28 tjenstgöring
438 438 85 22 utöfver
538 439 36 21 två
589 439 115 24 månader;
720 445 50 14 vare
786 438 93 27 tjensten

124 471 107 28 förlustig.

195 513 27 20 22
238 513 17 26 8.
285 512 70 27 Begår
373 513 132 26 tjensteman
521 513 69 20 under
606 513 106 27 tjenstens
727 512 99 27 utöfning
842 518 37 15 an-

123 548 39 19 nat
184 546 58 21 brott
261 549 57 18 emot
334 547 78 21 allmän
429 547 41 27 lag,
487 548 28 20 än
531 547 6 20 i
554 547 60 21 detta
629 546 82 28 kapitel
727 547 96 25 nämnes,
839 545 40 22 och

123 580 118 21 innefattar
263 580 81 22 brottet
363 581 18 27 ej
399 581 120 27 tjenstefel;
537 581 55 21 skall
607 582 42 20 den
665 581 166 26 omständighet,
847 582 32 19 att

123 615 36 21 det
175 614 74 22 skett
242 610 13 38 i
271 615 100 27 tjensten,
387 615 66 22 likväl
469 615 58 28 gälla
542 616 71 21 såsom
628 615 147 22 försvårande.

435 736 37 19 41.
497 737 69 22 Kap.

137 786 42 22 Om
195 787 66 22 brott
276 788 64 21 emot
355 787 132 23 föreskrift
503 789 120 27 angående
639 789 102 26 kyrklig
755 787 112 27 ordning.

191 844 45 26 18.
267 844 45 21 Har
334 845 91 21 medlem
448 845 25 22 af
494 841 229 40 evangelisk-luthersk
745 844 132 27 församling,

123 879 54 19 utan
194 878 98 21 tillstånd
307 879 25 21 af
344 879 158 28 kyrkoherden,
519 881 12 20 ä
546 881 38 24 tid,
600 881 28 20 dä
643 880 80 21 allmän
735 879 122 28 gudstjenst
871 878 7 20 i

121 911 155 28 församlingen
291 913 137 26 förrättades,
443 914 63 21 hällit
521 914 52 21 eller
588 914 139 21 föranstaltat
742 913 84 22 enskild
841 919 37 14 an-

120 945 147 29 daktsöfning,
282 947 87 22 hvilken
385 948 19 27 ej
421 949 25 20 är
461 951 33 18 att
510 955 63 15 anses
588 949 34 20 för
636 947 130 26 husandakt,
782 947 40 21 och
837 946 40 21 har

119 979 44 22 han
179 980 58 22 förut
253 981 69 22 blifvit
343 983 81 21 varnad
445 983 71 21 säsom
532 983 7 21 i
554 983 132 28 kyrkolagen
710 983 96 26 stadgas;
826 981 51 21 böte

119 1014 63 27 högst
197 1015 117 22 etthundra
329 1017 67 20 mark.

189 1056 13 19 2
220 1056 16 26 8.
269 1055 45 22 Har
336 1056 90 21 medlem
450 1057 25 21 af
496 1057 234 28 evangelisk-luthersk
752 1055 125 27 församling

120 1090 59 19 emot
199 1089 141 28 kyrkorädets
356 1091 77 21 förbud
448 1091 63 21 hällit
525 1091 147 28 läroföredrag
687 1091 36 21 vid
738 1090 85 22 enskild
837 1096 40 14 an-

119 1121 149 30 daktsöfning,
291 1124 86 21 hvilken
397 1125 19 27 ej
438 1126 25 20 är
481 1128 33 19 att
529 1133 63 14 anses
614 1125 34 22 för
670 1125 133 24 husandakt;
826 1125 49 20 böte

117 1156 64 27 högst
196 1157 128 23 femhundra
339 1159 67 22 mark.

186 1198 42 26 38.
254 1198 68 21 Söker
332 1199 233 27 evangelisk-luthersk
576 1199 236 28 församlingsmedlem,
822 1198 53 22 hvil-

117 1231 43 21 ken
179 1231 69 28 hyllar
270 1233 128 22 villfarande
421 1235 96 26 mening,
532 1237 32 19 att
580 1235 72 20 dertill
671 1234 106 22 öfvertala
795 1239 79 19 annan,

117 1265 40 21 och
173 1265 159 23 ästadkommer
351 1268 124 27 derigenom
491 1276 38 14 oro
544 1269 40 21 och
600 1269 116 27 förargelse
731 1269 7 20 i
753 1267 121 22 församlin-

117 1306 51 20 gen;
184 1300 50 22 böte
249 1300 63 28 högst
328 1302 129 22 femhundra
471 1303 68 22 mark.

184 1336 16 19 4
215 1336 17 25 $.
258 1335 45 21 Har
318 1336 91 22 medlem
420 1336 25 22 af
453 1338 233 28 evangelisk-luthersk
697 1337 124 26 församling
832 1336 42 21 för-

117 1371 93 19 summat
232 1369 113 27 läsförhör,
366 1378 46 14 som
435 1372 44 20 han
495 1373 24 20 är
535 1372 83 28 skyldig
638 1374 32 19 att
685 1372 84 24 bivista,
787 1370 51 22 eller
853 1371 19 27 ej

116 1402 49 21 lätit
180 1403 37 21 sitt
232 1403 54 22 barn
302 1404 52 22 eller
369 1412 81 19 annan,
469 1406 87 22 hvilken
572 1407 45 20 stär
632 1407 70 20 under
716 1406 55 21 hans
786 1405 87 28 lydnad,

116 1436 79 22 bivista
212 1437 108 23 läsförhör
340 1439 51 21 eller
409 1440 135 26 skriftskola;
568 1441 72 25 varde,
656 1441 38 21 der
709 1440 43 22 han
768 1440 25 21 af
806 1440 67 20 sådan
