<?xml version="1.0" encoding="UTF-8"?>
<alto xmlns="http://www.loc.gov/standards/alto/ns-v3#" xmlns:xlink="http://www.w3.org/1999/xlink" xmlns:xsi="http://www.w3.org/2001/XMLSchema-instance" xsi:schemaLocation="http://www.loc.gov/standards/alto/ns-v3# http://www.loc.gov/alto/v3/alto-3-0.xsd">
	<Description>
		<MeasurementUnit>pixel</MeasurementUnit>
		<sourceImageInformation>
			<fileName>/tmp/tess_yz1_wv1x_input.PNG</fileName>
		</sourceImageInformation>
		<OCRProcessing ID="OCR_0">
			<ocrProcessingStep>
				<processingSoftware>
					<softwareName>tesseract 5.3.4</softwareName>
				</processingSoftware>
			</ocrProcessingStep>
		</OCRProcessing>
	</Description>
	<Layout>
		<Page WIDTH="1086" HEIGHT="1717" PHYSICAL_IMG_NR="0" ID="page_0">
			<PrintSpace HPOS="0" VPOS="0" WIDTH="1086" HEIGHT="1717">
				<GraphicalElement ID="cblock_0" HPOS="0" VPOS="718" WIDTH="3" HEIGHT="371"></GraphicalElement >
				<ComposedBlock ID="cblock_1" HPOS="252" VPOS="136" WIDTH="414" HEIGHT="44">
					<TextBlock ID="block_0" HPOS="252" VPOS="136" WIDTH="414" HEIGHT="44">
						<TextLine ID="line_0" HPOS="252" VPOS="136" WIDTH="414" HEIGHT="44">
							<String ID="string_0" HPOS="252" VPOS="150" WIDTH="28" HEIGHT="22" WC="0.75" CONTENT="86"/><SP WIDTH="241" VPOS="150" HPOS="280"/>
							<String ID="string_1" HPOS="521" VPOS="144" WIDTH="52" HEIGHT="36" WC="0.94" CONTENT="Prop."/><SP WIDTH="16" VPOS="144" HPOS="573"/>
							<String ID="string_2" HPOS="589" VPOS="152" WIDTH="32" HEIGHT="22" WC="0.92" CONTENT="N:o"/><SP WIDTH="15" VPOS="152" HPOS="621"/>
							<String ID="string_3" HPOS="636" VPOS="152" WIDTH="30" HEIGHT="21" WC="0.96" CONTENT="34."/>
						</TextLine>
					</TextBlock>
				</ComposedBlock>
				<ComposedBlock ID="cblock_2" HPOS="223" VPOS="214" WIDTH="755" HEIGHT="235">
					<TextBlock ID="block_1" HPOS="223" VPOS="214" WIDTH="755" HEIGHT="235">
						<TextLine ID="line_1" HPOS="293" VPOS="214" WIDTH="684" HEIGHT="28">
							<String ID="string_4" HPOS="293" VPOS="215" WIDTH="20" HEIGHT="21" WC="0.96" CONTENT="3."/><SP WIDTH="30" VPOS="215" HPOS="313"/>
							<String ID="string_5" HPOS="343" VPOS="214" WIDTH="39" HEIGHT="22" WC="0.96" CONTENT="Om"/><SP WIDTH="18" VPOS="214" HPOS="382"/>
							<String ID="string_6" HPOS="400" VPOS="215" WIDTH="69" HEIGHT="21" WC="0.90" CONTENT="under"/><SP WIDTH="16" VPOS="215" HPOS="469"/>
							<String ID="string_7" HPOS="485" VPOS="215" WIDTH="75" HEIGHT="27" WC="0.96" CONTENT="loppet"/><SP WIDTH="15" VPOS="215" HPOS="560"/>
							<String ID="string_8" HPOS="575" VPOS="215" WIDTH="26" HEIGHT="26" WC="0.96" CONTENT="af"/><SP WIDTH="13" VPOS="215" HPOS="601"/>
							<String ID="string_9" HPOS="614" VPOS="215" WIDTH="26" HEIGHT="22" WC="0.96" CONTENT="de"/><SP WIDTH="14" VPOS="215" HPOS="640"/>
							<String ID="string_10" HPOS="654" VPOS="215" WIDTH="37" HEIGHT="21" WC="0.96" CONTENT="två"/><SP WIDTH="14" VPOS="215" HPOS="691"/>
							<String ID="string_11" HPOS="705" VPOS="215" WIDTH="30" HEIGHT="26" WC="0.96" CONTENT="år,"/><SP WIDTH="15" VPOS="215" HPOS="735"/>
							<String ID="string_12" HPOS="750" VPOS="215" WIDTH="35" HEIGHT="21" WC="0.96" CONTENT="för"/><SP WIDTH="14" VPOS="215" HPOS="785"/>
							<String ID="string_13" HPOS="799" VPOS="214" WIDTH="72" HEIGHT="22" WC="0.92" CONTENT="hvilka"/><SP WIDTH="15" VPOS="214" HPOS="871"/>
							<String ID="string_14" HPOS="886" VPOS="216" WIDTH="91" HEIGHT="21" WC="0.91" CONTENT="utminu-"/>
						</TextLine>
						<TextLine ID="line_2" HPOS="223" VPOS="248" WIDTH="754" HEIGHT="28">
							<String ID="string_15" HPOS="223" VPOS="248" WIDTH="91" HEIGHT="27" WC="0.89" CONTENT="terings-"/><SP WIDTH="20" VPOS="248" HPOS="314"/>
							<String ID="string_16" HPOS="334" VPOS="249" WIDTH="52" HEIGHT="21" WC="0.93" CONTENT="eller"/><SP WIDTH="18" VPOS="249" HPOS="386"/>
							<String ID="string_17" HPOS="404" VPOS="249" WIDTH="243" HEIGHT="27" WC="0.92" CONTENT="utskänkningsställens"/><SP WIDTH="18" VPOS="249" HPOS="647"/>
							<String ID="string_18" HPOS="665" VPOS="250" WIDTH="60" HEIGHT="21" WC="0.96" CONTENT="antal"/><SP WIDTH="22" VPOS="250" HPOS="725"/>
							<String ID="string_19" HPOS="747" VPOS="249" WIDTH="70" HEIGHT="21" WC="0.96" CONTENT="blifvit"/><SP WIDTH="21" VPOS="249" HPOS="817"/>
							<String ID="string_20" HPOS="838" VPOS="249" WIDTH="7" HEIGHT="21" WC="0.93" CONTENT="i"/><SP WIDTH="22" VPOS="249" HPOS="845"/>
							<String ID="string_21" HPOS="867" VPOS="249" WIDTH="110" HEIGHT="22" WC="0.92" CONTENT="förberörd"/>
						</TextLine>
						<TextLine ID="line_3" HPOS="224" VPOS="280" WIDTH="754" HEIGHT="31">
							<String ID="string_22" HPOS="224" VPOS="282" WIDTH="68" HEIGHT="22" WC="0.96" CONTENT="måtto"/><SP WIDTH="19" VPOS="282" HPOS="292"/>
							<String ID="string_23" HPOS="311" VPOS="283" WIDTH="112" HEIGHT="28" WC="0.96" CONTENT="bestämdt,"/><SP WIDTH="20" VPOS="283" HPOS="423"/>
							<String ID="string_24" HPOS="443" VPOS="284" WIDTH="105" HEIGHT="22" WC="0.96" CONTENT="särskilda"/><SP WIDTH="21" VPOS="284" HPOS="548"/>
							<String ID="string_25" HPOS="569" VPOS="284" WIDTH="149" HEIGHT="22" WC="0.95" CONTENT="förhållanden"/><SP WIDTH="21" VPOS="284" HPOS="718"/>
							<String ID="string_26" HPOS="739" VPOS="284" WIDTH="86" HEIGHT="27" WC="0.92" CONTENT="påkalla"/><SP WIDTH="22" VPOS="284" HPOS="825"/>
							<String ID="string_27" HPOS="847" VPOS="280" WIDTH="131" HEIGHT="25" WC="0.95" CONTENT="inrättandet"/>
						</TextLine>
						<TextLine ID="line_4" HPOS="224" VPOS="317" WIDTH="753" HEIGHT="29">
							<String ID="string_28" HPOS="224" VPOS="317" WIDTH="24" HEIGHT="21" WC="0.96" CONTENT="af"/><SP WIDTH="16" VPOS="317" HPOS="248"/>
							<String ID="string_29" HPOS="264" VPOS="318" WIDTH="32" HEIGHT="20" WC="0.96" CONTENT="ett"/><SP WIDTH="17" VPOS="318" HPOS="296"/>
							<String ID="string_30" HPOS="313" VPOS="318" WIDTH="52" HEIGHT="21" WC="0.96" CONTENT="eller"/><SP WIDTH="16" VPOS="318" HPOS="365"/>
							<String ID="string_31" HPOS="381" VPOS="317" WIDTH="53" HEIGHT="23" WC="0.96" CONTENT="flera"/><SP WIDTH="17" VPOS="317" HPOS="434"/>
							<String ID="string_32" HPOS="451" VPOS="318" WIDTH="83" HEIGHT="26" WC="0.93" CONTENT="sådana"/><SP WIDTH="15" VPOS="318" HPOS="534"/>
							<String ID="string_33" HPOS="549" VPOS="319" WIDTH="84" HEIGHT="21" WC="0.93" CONTENT="utöfver"/><SP WIDTH="18" VPOS="319" HPOS="633"/>
							<String ID="string_34" HPOS="651" VPOS="319" WIDTH="66" HEIGHT="27" WC="0.92" CONTENT="sagde"/><SP WIDTH="18" VPOS="319" HPOS="717"/>
							<String ID="string_35" HPOS="735" VPOS="318" WIDTH="59" HEIGHT="22" WC="0.96" CONTENT="antal"/><SP WIDTH="17" VPOS="318" HPOS="794"/>
							<String ID="string_36" HPOS="811" VPOS="318" WIDTH="52" HEIGHT="22" WC="0.95" CONTENT="eller"/><SP WIDTH="19" VPOS="318" HPOS="863"/>
							<String ID="string_37" HPOS="882" VPOS="318" WIDTH="7" HEIGHT="21" WC="0.96" CONTENT="i"/><SP WIDTH="19" VPOS="318" HPOS="889"/>
							<String ID="string_38" HPOS="908" VPOS="324" WIDTH="69" HEIGHT="16" WC="0.94" CONTENT="annan"/>
						</TextLine>
						<TextLine ID="line_5" HPOS="223" VPOS="348" WIDTH="754" HEIGHT="32">
							<String ID="string_39" HPOS="223" VPOS="351" WIDTH="60" HEIGHT="21" WC="0.96" CONTENT="trakt"/><SP WIDTH="15" VPOS="351" HPOS="283"/>
							<String ID="string_40" HPOS="298" VPOS="348" WIDTH="23" HEIGHT="25" WC="0.96" CONTENT="af"/><SP WIDTH="13" VPOS="348" HPOS="321"/>
							<String ID="string_41" HPOS="334" VPOS="352" WIDTH="162" HEIGHT="28" WC="0.96" CONTENT="stadsområdet,"/><SP WIDTH="19" VPOS="352" HPOS="496"/>
							<String ID="string_42" HPOS="515" VPOS="355" WIDTH="51" HEIGHT="25" WC="0.96" CONTENT="göre"/><SP WIDTH="22" VPOS="355" HPOS="566"/>
							<String ID="string_43" HPOS="588" VPOS="353" WIDTH="112" HEIGHT="27" WC="0.96" CONTENT="magistrat"/><SP WIDTH="17" VPOS="353" HPOS="700"/>
							<String ID="string_44" HPOS="717" VPOS="352" WIDTH="73" HEIGHT="22" WC="0.96" CONTENT="derom"/><SP WIDTH="19" VPOS="352" HPOS="790"/>
							<String ID="string_45" HPOS="809" VPOS="352" WIDTH="91" HEIGHT="22" WC="0.93" CONTENT="särskild"/><SP WIDTH="14" VPOS="352" HPOS="900"/>
							<String ID="string_46" HPOS="914" VPOS="352" WIDTH="63" HEIGHT="22" WC="0.90" CONTENT="fram-"/>
						</TextLine>
						<TextLine ID="line_6" HPOS="224" VPOS="386" WIDTH="753" HEIGHT="28">
							<String ID="string_47" HPOS="224" VPOS="386" WIDTH="101" HEIGHT="27" WC="0.96" CONTENT="ställning"/><SP WIDTH="15" VPOS="386" HPOS="325"/>
							<String ID="string_48" HPOS="340" VPOS="386" WIDTH="39" HEIGHT="22" WC="0.96" CONTENT="hos"/><SP WIDTH="14" VPOS="386" HPOS="379"/>
							<String ID="string_49" HPOS="393" VPOS="387" WIDTH="192" HEIGHT="27" WC="0.95" CONTENT="stadsfullmäktige"/><SP WIDTH="14" VPOS="387" HPOS="585"/>
							<String ID="string_50" HPOS="599" VPOS="388" WIDTH="51" HEIGHT="21" WC="0.93" CONTENT="eller"/><SP WIDTH="17" VPOS="388" HPOS="650"/>
							<String ID="string_51" HPOS="667" VPOS="388" WIDTH="171" HEIGHT="21" WC="0.91" CONTENT="rådhusstämma"/><SP WIDTH="11" VPOS="388" HPOS="838"/>
							<String ID="string_52" HPOS="849" VPOS="387" WIDTH="39" HEIGHT="22" WC="0.93" CONTENT="och"/><SP WIDTH="12" VPOS="387" HPOS="888"/>
							<String ID="string_53" HPOS="900" VPOS="387" WIDTH="77" HEIGHT="21" WC="0.91" CONTENT="förfare"/>
						</TextLine>
						<TextLine ID="line_7" HPOS="225" VPOS="420" WIDTH="515" HEIGHT="29">
							<String ID="string_54" HPOS="225" VPOS="420" WIDTH="49" HEIGHT="22" WC="0.96" CONTENT="med"/><SP WIDTH="15" VPOS="420" HPOS="274"/>
							<String ID="string_55" HPOS="289" VPOS="421" WIDTH="88" HEIGHT="22" WC="0.96" CONTENT="ärendet"/><SP WIDTH="14" VPOS="421" HPOS="377"/>
							<String ID="string_56" HPOS="391" VPOS="422" WIDTH="8" HEIGHT="21" WC="0.96" CONTENT="i"/><SP WIDTH="14" VPOS="422" HPOS="399"/>
							<String ID="string_57" HPOS="413" VPOS="422" WIDTH="65" HEIGHT="27" WC="0.96" CONTENT="öfrigt"/><SP WIDTH="14" VPOS="422" HPOS="478"/>
							<String ID="string_58" HPOS="492" VPOS="428" WIDTH="46" HEIGHT="15" WC="0.96" CONTENT="som"/><SP WIDTH="13" VPOS="428" HPOS="538"/>
							<String ID="string_59" HPOS="551" VPOS="422" WIDTH="66" HEIGHT="21" WC="0.92" CONTENT="ofvan"/><SP WIDTH="14" VPOS="422" HPOS="617"/>
							<String ID="string_60" HPOS="631" VPOS="422" WIDTH="63" HEIGHT="27" WC="0.93" CONTENT="sagdt"/><SP WIDTH="16" VPOS="422" HPOS="694"/>
							<String ID="string_61" HPOS="710" VPOS="424" WIDTH="30" HEIGHT="19" WC="0.96" CONTENT="är."/>
						</TextLine>
					</TextBlock>
				</ComposedBlock>
				<ComposedBlock ID="cblock_3" HPOS="223" VPOS="514" WIDTH="757" HEIGHT="559">
					<TextBlock ID="block_2" HPOS="576" VPOS="514" WIDTH="48" HEIGHT="27">
						<TextLine ID="line_8" HPOS="576" VPOS="514" WIDTH="48" HEIGHT="27">
							<String ID="string_62" HPOS="576" VPOS="514" WIDTH="12" HEIGHT="27" WC="0.91" CONTENT="$"/><SP WIDTH="16" VPOS="514" HPOS="588"/>
							<String ID="string_63" HPOS="604" VPOS="515" WIDTH="20" HEIGHT="21" WC="0.88" CONTENT="7."/>
						</TextLine>
					</TextBlock>
					<TextBlock ID="block_3" HPOS="223" VPOS="560" WIDTH="757" HEIGHT="503">
						<TextLine ID="line_9" HPOS="294" VPOS="560" WIDTH="682" HEIGHT="27">
							<String ID="string_64" HPOS="294" VPOS="560" WIDTH="53" HEIGHT="26" WC="0.96" CONTENT="Den,"/><SP WIDTH="15" VPOS="560" HPOS="347"/>
							<String ID="string_65" HPOS="362" VPOS="566" WIDTH="46" HEIGHT="15" WC="0.97" CONTENT="som"/><SP WIDTH="15" VPOS="566" HPOS="408"/>
							<String ID="string_66" HPOS="423" VPOS="560" WIDTH="78" HEIGHT="21" WC="0.91" CONTENT="önskar"/><SP WIDTH="15" VPOS="560" HPOS="501"/>
							<String ID="string_67" HPOS="516" VPOS="560" WIDTH="107" HEIGHT="21" WC="0.91" CONTENT="förvärfva"/><SP WIDTH="15" VPOS="560" HPOS="623"/>
							<String ID="string_68" HPOS="638" VPOS="561" WIDTH="31" HEIGHT="26" WC="0.93" CONTENT="sig"/><SP WIDTH="19" VPOS="561" HPOS="669"/>
							<String ID="string_69" HPOS="688" VPOS="561" WIDTH="173" HEIGHT="26" WC="0.91" CONTENT="utminuterings-"/><SP WIDTH="18" VPOS="561" HPOS="861"/>
							<String ID="string_70" HPOS="879" VPOS="561" WIDTH="51" HEIGHT="21" WC="0.93" CONTENT="eller"/><SP WIDTH="14" VPOS="561" HPOS="930"/>
							<String ID="string_71" HPOS="944" VPOS="562" WIDTH="32" HEIGHT="19" WC="0.92" CONTENT="ut-"/>
						</TextLine>
						<TextLine ID="line_10" HPOS="224" VPOS="593" WIDTH="752" HEIGHT="28">
							<String ID="string_72" HPOS="224" VPOS="593" WIDTH="234" HEIGHT="28" WC="0.91" CONTENT="skänkningsrättighet"/><SP WIDTH="15" VPOS="593" HPOS="458"/>
							<String ID="string_73" HPOS="473" VPOS="595" WIDTH="7" HEIGHT="21" WC="0.96" CONTENT="i"/><SP WIDTH="15" VPOS="595" HPOS="480"/>
							<String ID="string_74" HPOS="495" VPOS="595" WIDTH="54" HEIGHT="26" WC="0.93" CONTENT="stad,"/><SP WIDTH="16" VPOS="595" HPOS="549"/>
							<String ID="string_75" HPOS="565" VPOS="595" WIDTH="80" HEIGHT="21" WC="0.92" CONTENT="ansöke"/><SP WIDTH="15" VPOS="595" HPOS="645"/>
							<String ID="string_76" HPOS="660" VPOS="595" WIDTH="74" HEIGHT="21" WC="0.96" CONTENT="derom"/><SP WIDTH="15" VPOS="595" HPOS="734"/>
							<String ID="string_77" HPOS="749" VPOS="595" WIDTH="120" HEIGHT="26" WC="0.96" CONTENT="skriftligen"/><SP WIDTH="11" VPOS="595" HPOS="869"/>
							<String ID="string_78" HPOS="880" VPOS="595" WIDTH="38" HEIGHT="21" WC="0.92" CONTENT="hos"/><SP WIDTH="14" VPOS="595" HPOS="918"/>
							<String ID="string_79" HPOS="932" VPOS="601" WIDTH="44" HEIGHT="15" WC="0.92" CONTENT="ma-"/>
						</TextLine>
						<TextLine ID="line_11" HPOS="224" VPOS="628" WIDTH="753" HEIGHT="28">
							<String ID="string_80" HPOS="224" VPOS="628" WIDTH="111" HEIGHT="27" WC="0.92" CONTENT="gistraten,"/><SP WIDTH="19" VPOS="628" HPOS="335"/>
							<String ID="string_81" HPOS="354" VPOS="629" WIDTH="13" HEIGHT="21" WC="0.92" CONTENT="å"/><SP WIDTH="18" VPOS="629" HPOS="367"/>
							<String ID="string_82" HPOS="385" VPOS="629" WIDTH="32" HEIGHT="21" WC="0.96" CONTENT="tid"/><SP WIDTH="18" VPOS="629" HPOS="417"/>
							<String ID="string_83" HPOS="435" VPOS="635" WIDTH="46" HEIGHT="16" WC="0.96" CONTENT="som"/><SP WIDTH="18" VPOS="635" HPOS="481"/>
							<String ID="string_84" HPOS="499" VPOS="629" WIDTH="24" HEIGHT="22" WC="0.96" CONTENT="af"/><SP WIDTH="19" VPOS="629" HPOS="523"/>
							<String ID="string_85" HPOS="542" VPOS="629" WIDTH="138" HEIGHT="27" WC="0.96" CONTENT="magistraten"/><SP WIDTH="19" VPOS="629" HPOS="680"/>
							<String ID="string_86" HPOS="699" VPOS="629" WIDTH="134" HEIGHT="27" WC="0.96" CONTENT="bestämmes,"/><SP WIDTH="20" VPOS="629" HPOS="833"/>
							<String ID="string_87" HPOS="853" VPOS="629" WIDTH="38" HEIGHT="21" WC="0.93" CONTENT="och"/><SP WIDTH="15" VPOS="629" HPOS="891"/>
							<String ID="string_88" HPOS="906" VPOS="629" WIDTH="71" HEIGHT="26" WC="0.92" CONTENT="bifoge"/>
						</TextLine>
						<TextLine ID="line_12" HPOS="225" VPOS="663" WIDTH="752" HEIGHT="28">
							<String ID="string_89" HPOS="225" VPOS="663" WIDTH="146" HEIGHT="27" WC="0.92" CONTENT="ansökningen"/><SP WIDTH="19" VPOS="663" HPOS="371"/>
							<String ID="string_90" HPOS="390" VPOS="663" WIDTH="133" HEIGHT="28" WC="0.92" CONTENT="frejdebetyg"/><SP WIDTH="18" VPOS="663" HPOS="523"/>
							<String ID="string_91" HPOS="541" VPOS="665" WIDTH="55" HEIGHT="20" WC="0.96" CONTENT="samt"/><SP WIDTH="18" VPOS="665" HPOS="596"/>
							<String ID="string_92" HPOS="614" VPOS="663" WIDTH="84" HEIGHT="28" WC="0.96" CONTENT="uppgift"/><SP WIDTH="17" VPOS="663" HPOS="698"/>
							<String ID="string_93" HPOS="715" VPOS="663" WIDTH="28" HEIGHT="27" WC="0.96" CONTENT="på"/><SP WIDTH="15" VPOS="663" HPOS="743"/>
							<String ID="string_94" HPOS="758" VPOS="663" WIDTH="78" HEIGHT="26" WC="0.96" CONTENT="stället,"/><SP WIDTH="16" VPOS="663" HPOS="836"/>
							<String ID="string_95" HPOS="852" VPOS="663" WIDTH="37" HEIGHT="22" WC="0.93" CONTENT="der"/><SP WIDTH="14" VPOS="663" HPOS="889"/>
							<String ID="string_96" HPOS="903" VPOS="663" WIDTH="74" HEIGHT="26" WC="0.92" CONTENT="rättig-"/>
						</TextLine>
						<TextLine ID="line_13" HPOS="224" VPOS="697" WIDTH="756" HEIGHT="28">
							<String ID="string_97" HPOS="224" VPOS="697" WIDTH="64" HEIGHT="22" WC="0.96" CONTENT="heten"/><SP WIDTH="15" VPOS="697" HPOS="288"/>
							<String ID="string_98" HPOS="303" VPOS="699" WIDTH="25" HEIGHT="19" WC="0.93" CONTENT="är"/><SP WIDTH="14" VPOS="699" HPOS="328"/>
							<String ID="string_99" HPOS="342" VPOS="697" WIDTH="73" HEIGHT="22" WC="0.92" CONTENT="afsedd"/><SP WIDTH="16" VPOS="697" HPOS="415"/>
							<String ID="string_100" HPOS="431" VPOS="699" WIDTH="32" HEIGHT="20" WC="0.93" CONTENT="att"/><SP WIDTH="14" VPOS="699" HPOS="463"/>
							<String ID="string_101" HPOS="477" VPOS="698" WIDTH="114" HEIGHT="27" WC="0.91" CONTENT="begagnas."/><SP WIDTH="22" VPOS="698" HPOS="591"/>
							<String ID="string_102" HPOS="613" VPOS="698" WIDTH="90" HEIGHT="21" WC="0.91" CONTENT="Pröfvar"/><SP WIDTH="14" VPOS="698" HPOS="703"/>
							<String ID="string_103" HPOS="717" VPOS="698" WIDTH="146" HEIGHT="27" WC="0.96" CONTENT="magistraten,"/><SP WIDTH="12" VPOS="698" HPOS="863"/>
							<String ID="string_104" HPOS="875" VPOS="698" WIDTH="48" HEIGHT="21" WC="0.93" CONTENT="med"/><SP WIDTH="11" VPOS="698" HPOS="923"/>
							<String ID="string_105" HPOS="934" VPOS="699" WIDTH="46" HEIGHT="20" WC="0.90" CONTENT="sär-"/>
						</TextLine>
						<TextLine ID="line_14" HPOS="225" VPOS="731" WIDTH="752" HEIGHT="28">
							<String ID="string_106" HPOS="225" VPOS="731" WIDTH="57" HEIGHT="22" WC="0.93" CONTENT="skild"/><SP WIDTH="15" VPOS="731" HPOS="282"/>
							<String ID="string_107" HPOS="297" VPOS="731" WIDTH="81" HEIGHT="28" WC="0.92" CONTENT="hänsyn"/><SP WIDTH="15" VPOS="731" HPOS="378"/>
							<String ID="string_108" HPOS="393" VPOS="732" WIDTH="31" HEIGHT="21" WC="0.92" CONTENT="till"/><SP WIDTH="15" VPOS="732" HPOS="424"/>
							<String ID="string_109" HPOS="439" VPOS="732" WIDTH="161" HEIGHT="21" WC="0.91" CONTENT="föreskrifterna"/><SP WIDTH="14" VPOS="732" HPOS="600"/>
							<String ID="string_110" HPOS="614" VPOS="732" WIDTH="7" HEIGHT="21" WC="0.96" CONTENT="i"/><SP WIDTH="19" VPOS="732" HPOS="621"/>
							<String ID="string_111" HPOS="640" VPOS="732" WIDTH="24" HEIGHT="27" WC="0.95" CONTENT="$$"/><SP WIDTH="16" VPOS="732" HPOS="664"/>
							<String ID="string_112" HPOS="680" VPOS="733" WIDTH="20" HEIGHT="26" WC="0.96" CONTENT="4,"/><SP WIDTH="16" VPOS="733" HPOS="700"/>
							<String ID="string_113" HPOS="716" VPOS="732" WIDTH="19" HEIGHT="26" WC="0.93" CONTENT="5,"/><SP WIDTH="16" VPOS="732" HPOS="735"/>
							<String ID="string_114" HPOS="751" VPOS="733" WIDTH="14" HEIGHT="21" WC="0.96" CONTENT="6"/><SP WIDTH="15" VPOS="733" HPOS="765"/>
							<String ID="string_115" HPOS="780" VPOS="732" WIDTH="40" HEIGHT="21" WC="0.96" CONTENT="och"/><SP WIDTH="21" VPOS="732" HPOS="820"/>
							<String ID="string_116" HPOS="841" VPOS="732" WIDTH="26" HEIGHT="21" WC="0.96" CONTENT="18"/><SP WIDTH="18" VPOS="732" HPOS="867"/>
							<String ID="string_117" HPOS="885" VPOS="732" WIDTH="8" HEIGHT="21" WC="0.96" CONTENT="i"/><SP WIDTH="13" VPOS="732" HPOS="893"/>
							<String ID="string_118" HPOS="906" VPOS="732" WIDTH="71" HEIGHT="21" WC="0.96" CONTENT="denna"/>
						</TextLine>
						<TextLine ID="line_15" HPOS="224" VPOS="765" WIDTH="753" HEIGHT="28">
							<String ID="string_119" HPOS="224" VPOS="765" WIDTH="132" HEIGHT="28" WC="0.91" CONTENT="förordning,"/><SP WIDTH="18" VPOS="765" HPOS="356"/>
							<String ID="string_120" HPOS="374" VPOS="767" WIDTH="52" HEIGHT="26" WC="0.91" CONTENT="godt"/><SP WIDTH="17" VPOS="767" HPOS="426"/>
							<String ID="string_121" HPOS="443" VPOS="767" WIDTH="147" HEIGHT="26" WC="0.90" CONTENT="ansökningen"/><SP WIDTH="18" VPOS="767" HPOS="590"/>
							<String ID="string_122" HPOS="608" VPOS="766" WIDTH="80" HEIGHT="27" WC="0.90" CONTENT="bifalla,"/><SP WIDTH="23" VPOS="766" HPOS="688"/>
							<String ID="string_123" HPOS="711" VPOS="766" WIDTH="84" HEIGHT="22" WC="0.93" CONTENT="utfärde"/><SP WIDTH="22" VPOS="766" HPOS="795"/>
							<String ID="string_124" HPOS="817" VPOS="766" WIDTH="96" HEIGHT="22" WC="0.92" CONTENT="deröfver"/><SP WIDTH="22" VPOS="766" HPOS="913"/>
							<String ID="string_125" HPOS="935" VPOS="767" WIDTH="42" HEIGHT="20" WC="0.88" CONTENT="till-"/>
						</TextLine>
						<TextLine ID="line_16" HPOS="224" VPOS="800" WIDTH="753" HEIGHT="28">
							<String ID="string_126" HPOS="224" VPOS="800" WIDTH="135" HEIGHT="22" WC="0.92" CONTENT="ständsbevis"/><SP WIDTH="17" VPOS="800" HPOS="359"/>
							<String ID="string_127" HPOS="376" VPOS="801" WIDTH="48" HEIGHT="21" WC="0.93" CONTENT="med"/><SP WIDTH="18" VPOS="801" HPOS="424"/>
							<String ID="string_128" HPOS="442" VPOS="800" WIDTH="123" HEIGHT="25" WC="0.86" CONTENT="utsäftande"/><SP WIDTH="19" VPOS="800" HPOS="565"/>
							<String ID="string_129" HPOS="584" VPOS="801" WIDTH="23" HEIGHT="21" WC="0.96" CONTENT="af"/><SP WIDTH="16" VPOS="801" HPOS="607"/>
							<String ID="string_130" HPOS="623" VPOS="801" WIDTH="41" HEIGHT="21" WC="0.96" CONTENT="den"/><SP WIDTH="18" VPOS="801" HPOS="664"/>
							<String ID="string_131" HPOS="682" VPOS="801" WIDTH="38" HEIGHT="27" WC="0.93" CONTENT="tid,"/><SP WIDTH="21" VPOS="801" HPOS="720"/>
							<String ID="string_132" HPOS="741" VPOS="801" WIDTH="122" HEIGHT="21" WC="0.92" CONTENT="hvarunder"/><SP WIDTH="18" VPOS="801" HPOS="863"/>
							<String ID="string_133" HPOS="881" VPOS="801" WIDTH="40" HEIGHT="21" WC="0.96" CONTENT="och"/><SP WIDTH="15" VPOS="801" HPOS="921"/>
							<String ID="string_134" HPOS="936" VPOS="801" WIDTH="41" HEIGHT="21" WC="0.96" CONTENT="den"/>
						</TextLine>
						<TextLine ID="line_17" HPOS="224" VPOS="834" WIDTH="753" HEIGHT="28">
							<String ID="string_135" HPOS="224" VPOS="834" WIDTH="66" HEIGHT="26" WC="0.90" CONTENT="trakt,"/><SP WIDTH="16" VPOS="834" HPOS="290"/>
							<String ID="string_136" HPOS="306" VPOS="835" WIDTH="57" HEIGHT="21" WC="0.93" CONTENT="inom"/><SP WIDTH="15" VPOS="835" HPOS="363"/>
							<String ID="string_137" HPOS="378" VPOS="835" WIDTH="86" HEIGHT="21" WC="0.92" CONTENT="hvilken"/><SP WIDTH="15" VPOS="835" HPOS="464"/>
							<String ID="string_138" HPOS="479" VPOS="835" WIDTH="95" HEIGHT="22" WC="0.92" CONTENT="rörelsen"/><SP WIDTH="14" VPOS="835" HPOS="574"/>
							<String ID="string_139" HPOS="588" VPOS="835" WIDTH="36" HEIGHT="22" WC="0.93" CONTENT="mä"/><SP WIDTH="13" VPOS="835" HPOS="624"/>
							<String ID="string_140" HPOS="637" VPOS="835" WIDTH="92" HEIGHT="27" WC="0.91" CONTENT="utöfvas,"/><SP WIDTH="16" VPOS="835" HPOS="729"/>
							<String ID="string_141" HPOS="745" VPOS="835" WIDTH="109" HEIGHT="21" WC="0.92" CONTENT="äfvensom"/><SP WIDTH="14" VPOS="835" HPOS="854"/>
							<String ID="string_142" HPOS="868" VPOS="835" WIDTH="27" HEIGHT="21" WC="0.93" CONTENT="de"/><SP WIDTH="14" VPOS="835" HPOS="895"/>
							<String ID="string_143" HPOS="909" VPOS="835" WIDTH="68" HEIGHT="27" WC="0.92" CONTENT="öfriga"/>
						</TextLine>
						<TextLine ID="line_18" HPOS="223" VPOS="869" WIDTH="753" HEIGHT="28">
							<String ID="string_144" HPOS="223" VPOS="869" WIDTH="140" HEIGHT="26" WC="0.93" CONTENT="föreskrifter,"/><SP WIDTH="23" VPOS="869" HPOS="363"/>
							<String ID="string_145" HPOS="386" VPOS="875" WIDTH="47" HEIGHT="16" WC="0.96" CONTENT="som"/><SP WIDTH="18" VPOS="875" HPOS="433"/>
							<String ID="string_146" HPOS="451" VPOS="870" WIDTH="33" HEIGHT="21" WC="0.96" CONTENT="till"/><SP WIDTH="21" VPOS="870" HPOS="484"/>
							<String ID="string_147" HPOS="505" VPOS="870" WIDTH="43" HEIGHT="27" WC="0.93" CONTENT="god"/><SP WIDTH="22" VPOS="870" HPOS="548"/>
							<String ID="string_148" HPOS="570" VPOS="870" WIDTH="102" HEIGHT="27" WC="0.92" CONTENT="ordnings"/><SP WIDTH="18" VPOS="870" HPOS="672"/>
							<String ID="string_149" HPOS="690" VPOS="869" WIDTH="147" HEIGHT="28" WC="0.92" CONTENT="befrämjande"/><SP WIDTH="17" VPOS="869" HPOS="837"/>
							<String ID="string_150" HPOS="854" VPOS="869" WIDTH="73" HEIGHT="22" WC="0.96" CONTENT="kunna"/><SP WIDTH="16" VPOS="869" HPOS="927"/>
							<String ID="string_151" HPOS="943" VPOS="869" WIDTH="33" HEIGHT="22" WC="0.96" CONTENT="för"/>
						</TextLine>
						<TextLine ID="line_19" HPOS="223" VPOS="903" WIDTH="753" HEIGHT="28">
							<String ID="string_152" HPOS="223" VPOS="903" WIDTH="107" HEIGHT="22" WC="0.96" CONTENT="särskilda"/><SP WIDTH="20" VPOS="903" HPOS="330"/>
							<String ID="string_153" HPOS="350" VPOS="903" WIDTH="38" HEIGHT="22" WC="0.96" CONTENT="fall"/><SP WIDTH="22" VPOS="903" HPOS="388"/>
							<String ID="string_154" HPOS="410" VPOS="910" WIDTH="52" HEIGHT="15" WC="0.96" CONTENT="vara"/><SP WIDTH="17" VPOS="910" HPOS="462"/>
							<String ID="string_155" HPOS="479" VPOS="903" WIDTH="24" HEIGHT="22" WC="0.93" CONTENT="af"/><SP WIDTH="16" VPOS="903" HPOS="503"/>
							<String ID="string_156" HPOS="519" VPOS="904" WIDTH="77" HEIGHT="21" WC="0.92" CONTENT="nöden."/><SP WIDTH="30" VPOS="904" HPOS="596"/>
							<String ID="string_157" HPOS="626" VPOS="904" WIDTH="42" HEIGHT="21" WC="0.93" CONTENT="Vid"/><SP WIDTH="19" VPOS="904" HPOS="668"/>
							<String ID="string_158" HPOS="687" VPOS="903" WIDTH="130" HEIGHT="28" WC="0.93" CONTENT="beviljandet"/><SP WIDTH="19" VPOS="903" HPOS="817"/>
							<String ID="string_159" HPOS="836" VPOS="903" WIDTH="23" HEIGHT="22" WC="0.93" CONTENT="af"/><SP WIDTH="15" VPOS="903" HPOS="859"/>
							<String ID="string_160" HPOS="874" VPOS="903" WIDTH="102" HEIGHT="22" WC="0.92" CONTENT="utskänk-"/>
						</TextLine>
						<TextLine ID="line_20" HPOS="223" VPOS="937" WIDTH="753" HEIGHT="28">
							<String ID="string_161" HPOS="223" VPOS="937" WIDTH="165" HEIGHT="28" WC="0.92" CONTENT="ningsrättighet"/><SP WIDTH="14" VPOS="937" HPOS="388"/>
							<String ID="string_162" HPOS="402" VPOS="938" WIDTH="39" HEIGHT="21" WC="0.93" CONTENT="bör"/><SP WIDTH="15" VPOS="938" HPOS="441"/>
							<String ID="string_163" HPOS="456" VPOS="938" WIDTH="150" HEIGHT="27" WC="0.93" CONTENT="magistratens"/><SP WIDTH="15" VPOS="938" HPOS="606"/>
							<String ID="string_164" HPOS="621" VPOS="939" WIDTH="70" HEIGHT="26" WC="0.93" CONTENT="utslag"/><SP WIDTH="10" VPOS="939" HPOS="691"/>
							<String ID="string_165" HPOS="701" VPOS="939" WIDTH="56" HEIGHT="20" WC="0.93" CONTENT="inom"/><SP WIDTH="11" VPOS="939" HPOS="757"/>
							<String ID="string_166" HPOS="768" VPOS="938" WIDTH="74" HEIGHT="21" WC="0.93" CONTENT="trettio"/><SP WIDTH="11" VPOS="938" HPOS="842"/>
							<String ID="string_167" HPOS="853" VPOS="938" WIDTH="66" HEIGHT="27" WC="0.93" CONTENT="dagar"/><SP WIDTH="10" VPOS="938" HPOS="919"/>
							<String ID="string_168" HPOS="929" VPOS="938" WIDTH="47" HEIGHT="21" WC="0.93" CONTENT="der-"/>
						</TextLine>
						<TextLine ID="line_21" HPOS="223" VPOS="971" WIDTH="753" HEIGHT="30">
							<String ID="string_169" HPOS="223" VPOS="971" WIDTH="55" HEIGHT="22" WC="0.93" CONTENT="efter"/><SP WIDTH="14" VPOS="971" HPOS="278"/>
							<String ID="string_170" HPOS="292" VPOS="972" WIDTH="100" HEIGHT="21" WC="0.95" CONTENT="insändas"/><SP WIDTH="15" VPOS="972" HPOS="392"/>
							<String ID="string_171" HPOS="407" VPOS="973" WIDTH="32" HEIGHT="21" WC="0.93" CONTENT="till"/><SP WIDTH="14" VPOS="973" HPOS="439"/>
							<String ID="string_172" HPOS="453" VPOS="973" WIDTH="152" HEIGHT="28" WC="0.92" CONTENT="länestyrelsen"/><SP WIDTH="15" VPOS="973" HPOS="605"/>
							<String ID="string_173" HPOS="620" VPOS="973" WIDTH="7" HEIGHT="20" WC="0.93" CONTENT="i"/><SP WIDTH="14" VPOS="973" HPOS="627"/>
							<String ID="string_174" HPOS="641" VPOS="973" WIDTH="100" HEIGHT="21" WC="0.93" CONTENT="afseende"/><SP WIDTH="6" VPOS="973" HPOS="741"/>
							<String ID="string_175" HPOS="747" VPOS="967" WIDTH="11" HEIGHT="38" WC="0.90" CONTENT="&amp;"/><SP WIDTH="17" VPOS="967" HPOS="758"/>
							<String ID="string_176" HPOS="775" VPOS="972" WIDTH="135" HEIGHT="22" WC="0.96" CONTENT="fastställelse"/><SP WIDTH="10" VPOS="972" HPOS="910"/>
							<String ID="string_177" HPOS="920" VPOS="974" WIDTH="56" HEIGHT="20" WC="0.95" CONTENT="samt"/>
						</TextLine>
						<TextLine ID="line_22" HPOS="223" VPOS="1006" WIDTH="753" HEIGHT="28">
							<String ID="string_178" HPOS="223" VPOS="1006" WIDTH="160" HEIGHT="22" WC="0.96" CONTENT="bestämmande"/><SP WIDTH="18" VPOS="1006" HPOS="383"/>
							<String ID="string_179" HPOS="401" VPOS="1007" WIDTH="24" HEIGHT="21" WC="0.96" CONTENT="af"/><SP WIDTH="16" VPOS="1007" HPOS="425"/>
							<String ID="string_180" HPOS="441" VPOS="1007" WIDTH="41" HEIGHT="21" WC="0.93" CONTENT="den"/><SP WIDTH="18" VPOS="1007" HPOS="482"/>
							<String ID="string_181" HPOS="500" VPOS="1007" WIDTH="64" HEIGHT="26" WC="0.93" CONTENT="skatt,"/><SP WIDTH="20" VPOS="1007" HPOS="564"/>
							<String ID="string_182" HPOS="584" VPOS="1007" WIDTH="88" HEIGHT="22" WC="0.92" CONTENT="hvarom"/><SP WIDTH="19" VPOS="1007" HPOS="672"/>
							<String ID="string_183" HPOS="691" VPOS="1007" WIDTH="9" HEIGHT="21" WC="0.93" CONTENT="i"/><SP WIDTH="17" VPOS="1007" HPOS="700"/>
							<String ID="string_184" HPOS="717" VPOS="1007" WIDTH="11" HEIGHT="27" WC="0.87" CONTENT="$"/><SP WIDTH="21" VPOS="1007" HPOS="728"/>
							<String ID="string_185" HPOS="749" VPOS="1007" WIDTH="26" HEIGHT="21" WC="0.95" CONTENT="12"/><SP WIDTH="18" VPOS="1007" HPOS="775"/>
							<String ID="string_186" HPOS="793" VPOS="1007" WIDTH="40" HEIGHT="21" WC="0.96" CONTENT="här"/><SP WIDTH="18" VPOS="1007" HPOS="833"/>
							<String ID="string_187" HPOS="851" VPOS="1007" WIDTH="68" HEIGHT="21" WC="0.93" CONTENT="nedan"/><SP WIDTH="14" VPOS="1007" HPOS="919"/>
							<String ID="string_188" HPOS="933" VPOS="1007" WIDTH="43" HEIGHT="21" WC="0.92" CONTENT="för-"/>
						</TextLine>
						<TextLine ID="line_23" HPOS="223" VPOS="1034" WIDTH="397" HEIGHT="39">
							<String ID="string_189" HPOS="223" VPOS="1034" WIDTH="73" HEIGHT="39" WC="0.91" CONTENT="mäles."/><SP WIDTH="322" VPOS="1034" HPOS="296"/>
							<String ID="string_190" HPOS="618" VPOS="1037" WIDTH="2" HEIGHT="2" WC="0.20" CONTENT="i"/>
						</TextLine>
					</TextBlock>
				</ComposedBlock>
				<ComposedBlock ID="cblock_4" HPOS="221" VPOS="1116" WIDTH="755" HEIGHT="210">
					<TextBlock ID="block_4" HPOS="576" VPOS="1116" WIDTH="46" HEIGHT="27">
						<TextLine ID="line_24" HPOS="576" VPOS="1116" WIDTH="46" HEIGHT="27">
							<String ID="string_191" HPOS="576" VPOS="1116" WIDTH="11" HEIGHT="27" WC="0.65" CONTENT="8"/><SP WIDTH="16" VPOS="1116" HPOS="587"/>
							<String ID="string_192" HPOS="603" VPOS="1116" WIDTH="19" HEIGHT="21" WC="0.88" CONTENT="8."/>
						</TextLine>
					</TextBlock>
					<TextBlock ID="block_5" HPOS="221" VPOS="1156" WIDTH="755" HEIGHT="170">
						<TextLine ID="line_25" HPOS="292" VPOS="1156" WIDTH="684" HEIGHT="33">
							<String ID="string_193" HPOS="292" VPOS="1162" WIDTH="73" HEIGHT="27" WC="0.96" CONTENT="Bolag,"/><SP WIDTH="17" VPOS="1162" HPOS="365"/>
							<String ID="string_194" HPOS="382" VPOS="1169" WIDTH="45" HEIGHT="15" WC="0.96" CONTENT="som"/><SP WIDTH="15" VPOS="1169" HPOS="427"/>
							<String ID="string_195" HPOS="442" VPOS="1162" WIDTH="92" HEIGHT="21" WC="0.96" CONTENT="ansöker"/><SP WIDTH="14" VPOS="1162" HPOS="534"/>
							<String ID="string_196" HPOS="548" VPOS="1162" WIDTH="102" HEIGHT="27" WC="0.95" CONTENT="rättighet"/><SP WIDTH="14" VPOS="1162" HPOS="650"/>
							<String ID="string_197" HPOS="664" VPOS="1162" WIDTH="33" HEIGHT="21" WC="0.93" CONTENT="till"/><SP WIDTH="15" VPOS="1162" HPOS="697"/>
							<String ID="string_198" HPOS="712" VPOS="1161" WIDTH="66" HEIGHT="28" WC="0.92" CONTENT="parti-"/><SP WIDTH="15" VPOS="1161" HPOS="778"/>
							<String ID="string_199" HPOS="793" VPOS="1161" WIDTH="52" HEIGHT="22" WC="0.92" CONTENT="eller"/><SP WIDTH="10" VPOS="1161" HPOS="845"/>
							<String ID="string_200" HPOS="855" VPOS="1156" WIDTH="121" HEIGHT="27" WC="0.90" CONTENT="minuthan-"/>
						</TextLine>
						<TextLine ID="line_26" HPOS="222" VPOS="1195" WIDTH="754" HEIGHT="28">
							<String ID="string_201" HPOS="222" VPOS="1197" WIDTH="37" HEIGHT="22" WC="0.96" CONTENT="del"/><SP WIDTH="14" VPOS="1197" HPOS="259"/>
							<String ID="string_202" HPOS="273" VPOS="1197" WIDTH="50" HEIGHT="21" WC="0.96" CONTENT="med"/><SP WIDTH="14" VPOS="1197" HPOS="323"/>
							<String ID="string_203" HPOS="337" VPOS="1197" WIDTH="89" HEIGHT="21" WC="0.96" CONTENT="bränvin"/><SP WIDTH="15" VPOS="1197" HPOS="426"/>
							<String ID="string_204" HPOS="441" VPOS="1197" WIDTH="52" HEIGHT="21" WC="0.96" CONTENT="eller"/><SP WIDTH="15" VPOS="1197" HPOS="493"/>
							<String ID="string_205" HPOS="508" VPOS="1197" WIDTH="40" HEIGHT="21" WC="0.96" CONTENT="ock"/><SP WIDTH="14" VPOS="1197" HPOS="548"/>
							<String ID="string_206" HPOS="562" VPOS="1196" WIDTH="145" HEIGHT="27" WC="0.96" CONTENT="utskänkning"/><SP WIDTH="11" VPOS="1196" HPOS="707"/>
							<String ID="string_207" HPOS="718" VPOS="1195" WIDTH="66" HEIGHT="27" WC="0.96" CONTENT="deraf,"/><SP WIDTH="13" VPOS="1195" HPOS="784"/>
							<String ID="string_208" HPOS="797" VPOS="1195" WIDTH="72" HEIGHT="28" WC="0.96" CONTENT="styrke"/><SP WIDTH="11" VPOS="1195" HPOS="869"/>
							<String ID="string_209" HPOS="880" VPOS="1195" WIDTH="48" HEIGHT="22" WC="0.93" CONTENT="med"/><SP WIDTH="11" VPOS="1195" HPOS="928"/>
							<String ID="string_210" HPOS="939" VPOS="1195" WIDTH="37" HEIGHT="22" WC="0.92" CONTENT="be-"/>
						</TextLine>
						<TextLine ID="line_27" HPOS="223" VPOS="1230" WIDTH="752" HEIGHT="28">
							<String ID="string_211" HPOS="223" VPOS="1231" WIDTH="31" HEIGHT="22" WC="0.96" CONTENT="vis"/><SP WIDTH="12" VPOS="1231" HPOS="254"/>
							<String ID="string_212" HPOS="266" VPOS="1231" WIDTH="23" HEIGHT="21" WC="0.96" CONTENT="af"/><SP WIDTH="10" VPOS="1231" HPOS="289"/>
							<String ID="string_213" HPOS="299" VPOS="1231" WIDTH="94" HEIGHT="26" WC="0.45" CONTENT="offentlig"/><SP WIDTH="12" VPOS="1231" HPOS="393"/>
							<String ID="string_214" HPOS="405" VPOS="1231" WIDTH="123" HEIGHT="27" WC="0.96" CONTENT="myndighet"/><SP WIDTH="11" VPOS="1231" HPOS="528"/>
							<String ID="string_215" HPOS="539" VPOS="1232" WIDTH="32" HEIGHT="20" WC="0.96" CONTENT="att"/><SP WIDTH="15" VPOS="1232" HPOS="571"/>
							<String ID="string_216" HPOS="586" VPOS="1231" WIDTH="18" HEIGHT="27" WC="0.96" CONTENT="ej"/><SP WIDTH="16" VPOS="1231" HPOS="604"/>
							<String ID="string_217" HPOS="620" VPOS="1231" WIDTH="67" HEIGHT="21" WC="0.96" CONTENT="andra"/><SP WIDTH="14" VPOS="1231" HPOS="687"/>
							<String ID="string_218" HPOS="701" VPOS="1232" WIDTH="28" HEIGHT="19" WC="0.96" CONTENT="än"/><SP WIDTH="15" VPOS="1232" HPOS="729"/>
							<String ID="string_219" HPOS="744" VPOS="1230" WIDTH="38" HEIGHT="26" WC="0.96" CONTENT="de,"/><SP WIDTH="11" VPOS="1230" HPOS="782"/>
							<String ID="string_220" HPOS="793" VPOS="1235" WIDTH="46" HEIGHT="16" WC="0.96" CONTENT="som"/><SP WIDTH="14" VPOS="1235" HPOS="839"/>
							<String ID="string_221" HPOS="853" VPOS="1231" WIDTH="38" HEIGHT="20" WC="0.93" CONTENT="äro"/><SP WIDTH="14" VPOS="1231" HPOS="891"/>
							<String ID="string_222" HPOS="905" VPOS="1230" WIDTH="70" HEIGHT="21" WC="0.92" CONTENT="berät-"/>
						</TextLine>
						<TextLine ID="line_28" HPOS="222" VPOS="1264" WIDTH="753" HEIGHT="28">
							<String ID="string_223" HPOS="222" VPOS="1265" WIDTH="73" HEIGHT="27" WC="0.91" CONTENT="tigade"/><SP WIDTH="19" VPOS="1265" HPOS="295"/>
							<String ID="string_224" HPOS="314" VPOS="1267" WIDTH="32" HEIGHT="20" WC="0.96" CONTENT="att"/><SP WIDTH="17" VPOS="1267" HPOS="346"/>
							<String ID="string_225" HPOS="363" VPOS="1265" WIDTH="50" HEIGHT="21" WC="0.96" CONTENT="idka"/><SP WIDTH="22" VPOS="1265" HPOS="413"/>
							<String ID="string_226" HPOS="435" VPOS="1265" WIDTH="78" HEIGHT="22" WC="0.96" CONTENT="handel"/><SP WIDTH="19" VPOS="1265" HPOS="513"/>
							<String ID="string_227" HPOS="532" VPOS="1265" WIDTH="48" HEIGHT="21" WC="0.96" CONTENT="med"/><SP WIDTH="19" VPOS="1265" HPOS="580"/>
							<String ID="string_228" HPOS="599" VPOS="1265" WIDTH="95" HEIGHT="25" WC="0.96" CONTENT="bränvin,"/><SP WIDTH="18" VPOS="1265" HPOS="694"/>
							<String ID="string_229" HPOS="712" VPOS="1264" WIDTH="51" HEIGHT="27" WC="0.96" CONTENT="ingå"/><SP WIDTH="22" VPOS="1264" HPOS="763"/>
							<String ID="string_230" HPOS="785" VPOS="1264" WIDTH="70" HEIGHT="21" WC="0.93" CONTENT="såsom"/><SP WIDTH="23" VPOS="1264" HPOS="855"/>
							<String ID="string_231" HPOS="878" VPOS="1264" WIDTH="97" HEIGHT="27" WC="0.89" CONTENT="delegare"/>
						</TextLine>
						<TextLine ID="line_29" HPOS="221" VPOS="1300" WIDTH="117" HEIGHT="26">
							<String ID="string_232" HPOS="221" VPOS="1300" WIDTH="8" HEIGHT="21" WC="0.96" CONTENT="i"/><SP WIDTH="17" VPOS="1300" HPOS="229"/>
							<String ID="string_233" HPOS="246" VPOS="1300" WIDTH="92" HEIGHT="26" WC="0.96" CONTENT="bolaget."/>
						</TextLine>
					</TextBlock>
				</ComposedBlock>
				<ComposedBlock ID="cblock_5" HPOS="222" VPOS="1380" WIDTH="752" HEIGHT="109">
					<TextBlock ID="block_6" HPOS="222" VPOS="1380" WIDTH="752" HEIGHT="109">
						<TextLine ID="line_30" HPOS="573" VPOS="1380" WIDTH="47" HEIGHT="28">
							<String ID="string_234" HPOS="573" VPOS="1380" WIDTH="11" HEIGHT="28" WC="0.84" CONTENT="8"/><SP WIDTH="16" VPOS="1380" HPOS="584"/>
							<String ID="string_235" HPOS="600" VPOS="1381" WIDTH="20" HEIGHT="21" WC="0.89" CONTENT="9."/>
						</TextLine>
						<TextLine ID="line_31" HPOS="293" VPOS="1426" WIDTH="681" HEIGHT="28">
							<String ID="string_236" HPOS="293" VPOS="1427" WIDTH="94" HEIGHT="27" WC="0.92" CONTENT="Uppstär"/><SP WIDTH="18" VPOS="1427" HPOS="387"/>
							<String ID="string_237" HPOS="405" VPOS="1427" WIDTH="7" HEIGHT="21" WC="0.96" CONTENT="i"/><SP WIDTH="18" VPOS="1427" HPOS="412"/>
							<String ID="string_238" HPOS="430" VPOS="1427" WIDTH="49" HEIGHT="21" WC="0.93" CONTENT="stad"/><SP WIDTH="17" VPOS="1427" HPOS="479"/>
							<String ID="string_239" HPOS="496" VPOS="1427" WIDTH="60" HEIGHT="27" WC="0.93" CONTENT="fräga"/><SP WIDTH="15" VPOS="1427" HPOS="556"/>
							<String ID="string_240" HPOS="571" VPOS="1433" WIDTH="35" HEIGHT="15" WC="0.93" CONTENT="om"/><SP WIDTH="15" VPOS="1433" HPOS="606"/>
							<String ID="string_241" HPOS="621" VPOS="1427" WIDTH="146" HEIGHT="22" WC="0.92" CONTENT="öfverlätande"/><SP WIDTH="15" VPOS="1427" HPOS="767"/>
							<String ID="string_242" HPOS="782" VPOS="1426" WIDTH="21" HEIGHT="22" WC="0.97" CONTENT="af"/><SP WIDTH="14" VPOS="1426" HPOS="803"/>
							<String ID="string_243" HPOS="817" VPOS="1427" WIDTH="29" HEIGHT="21" WC="0.93" CONTENT="all"/><SP WIDTH="15" VPOS="1427" HPOS="846"/>
							<String ID="string_244" HPOS="861" VPOS="1427" WIDTH="113" HEIGHT="21" WC="0.93" CONTENT="utminute-"/>
						</TextLine>
						<TextLine ID="line_32" HPOS="222" VPOS="1461" WIDTH="752" HEIGHT="28">
							<String ID="string_245" HPOS="222" VPOS="1461" WIDTH="48" HEIGHT="27" WC="0.96" CONTENT="ring"/><SP WIDTH="20" VPOS="1461" HPOS="270"/>
							<String ID="string_246" HPOS="290" VPOS="1462" WIDTH="52" HEIGHT="20" WC="0.93" CONTENT="eller"/><SP WIDTH="17" VPOS="1462" HPOS="342"/>
							<String ID="string_247" HPOS="359" VPOS="1461" WIDTH="145" HEIGHT="27" WC="0.87" CONTENT="utskänkning"/><SP WIDTH="19" VPOS="1461" HPOS="504"/>
							<String ID="string_248" HPOS="523" VPOS="1461" WIDTH="23" HEIGHT="21" WC="0.93" CONTENT="af"/><SP WIDTH="15" VPOS="1461" HPOS="546"/>
							<String ID="string_249" HPOS="561" VPOS="1461" WIDTH="143" HEIGHT="28" WC="0.90" CONTENT="spritdrycker"/><SP WIDTH="16" VPOS="1461" HPOS="704"/>
							<String ID="string_250" HPOS="720" VPOS="1461" WIDTH="22" HEIGHT="21" WC="0.92" CONTENT="ät"/><SP WIDTH="14" VPOS="1461" HPOS="742"/>
							<String ID="string_251" HPOS="756" VPOS="1461" WIDTH="34" HEIGHT="21" WC="0.93" CONTENT="för"/><SP WIDTH="14" VPOS="1461" HPOS="790"/>
							<String ID="string_252" HPOS="804" VPOS="1461" WIDTH="66" HEIGHT="21" WC="0.92" CONTENT="sädan"/><SP WIDTH="15" VPOS="1461" HPOS="870"/>
							<String ID="string_253" HPOS="885" VPOS="1461" WIDTH="89" HEIGHT="21" WC="0.93" CONTENT="rörelses"/>
						</TextLine>
					</TextBlock>
				</ComposedBlock>
			</PrintSpace>
		</Page>
	</Layout>
</alto>
