1086 1717
304 137 78 23 Ständ.
398 138 36 22 Sv.
449 150 28 3 —
492 137 68 28 Prop.
576 138 39 23 N:o
630 138 34 22 34.
823 139 12 21 7

111 201 34 20 att
160 200 153 28 magistraten
327 200 43 21 bör
385 200 66 21 öfver
466 199 132 22 sökandens
612 200 140 28 lämplighet
760 200 104 21 inhemta

111 234 225 28 stadsfullmäktiges
352 234 57 21 eller
423 234 199 22 rädhusstämmas
636 234 117 28 yttrande.

179 269 13 25 $
207 270 13 20 9
238 268 42 21 har
296 268 26 21 af
334 268 132 21 Ständerna
486 268 82 21 blifvit
583 268 180 23 omformulerad
778 268 9 21 i
802 268 61 28 syfte

111 304 40 25 att,
167 302 8 21 i
193 302 239 21 öfverensstämmelse
447 302 54 21 med
515 302 63 22 hvad
594 310 48 14 som
660 302 63 22 skett
737 303 8 21 i
761 304 13 26 $
789 304 20 26 6,
825 302 38 21 till

110 336 175 22 stadskommun
300 336 143 22 öfverlemna
462 336 188 22 beslutanderätt
664 337 8 21 i
688 337 40 21 det
742 337 7 21 i
765 338 51 26 &:en
831 336 34 21 af-

110 370 72 22 sedda
204 370 49 26 fall,
269 370 127 28 hvarjemte
417 370 132 22 Ständerna
563 372 79 20 ansett
656 370 40 22 det
711 378 56 14 vara
784 370 80 22 saken-

109 404 46 29 ligt
178 406 35 20 att
235 404 45 22 den
302 404 69 27 vinst,
396 412 49 14 som
467 404 60 22 efter
542 405 82 28 afdrag
639 405 23 21 af
678 405 75 28 skälig
768 406 69 20 ränta
851 405 14 20 å

109 439 40 21 det
171 439 117 28 nedlagda
309 439 115 28 kapitalet
443 441 60 19 samt
519 439 216 22 driftkostnaderna
749 439 116 28 uppstode

111 474 26 21 af
155 473 45 22 den
220 474 8 21 i
244 475 50 26 &:en
310 473 151 22 omförmälda
477 473 175 28 bolagsrörelse,
669 473 90 22 komme
776 475 35 20 att
827 481 38 13 an-

111 507 89 22 vändas
223 507 37 22 till
283 507 96 22 allmänt
394 507 95 28 nyttiga
507 508 114 27 ändamäl,
637 507 53 22 med
706 508 121 27 undantag
843 507 23 22 af

113 542 93 28 sådana,
222 542 36 21 för
272 542 82 21 hvilka
368 541 144 22 kommunen
527 542 57 28 sjelf
596 545 26 18 är
636 542 129 29 förpligtad
779 544 35 19 att
821 542 46 21 för-

110 577 100 21 medelst
231 576 153 28 beskattning
407 576 26 21 af
445 576 52 21 sina
511 577 149 20 medlemmar
675 577 105 21 bestrida
794 576 72 28 utgif-

111 613 73 24 terne,
200 610 44 22 och
258 610 72 21 hafva
345 610 133 21 Ständerna
493 610 63 29 förty
570 611 66 28 fogat
651 611 38 21 till
704 613 50 25 S:en
770 612 34 20 ett
819 610 47 21 till-

111 645 57 28 lägg
183 645 9 21 i
207 645 83 21 sädant
306 645 69 28 syfte.

181 679 55 21 Med
254 678 108 21 afseende
378 679 13 20 å
407 678 30 21 de
453 679 151 28 svårigheter,
621 686 49 14 som
684 679 74 21 förete
774 679 37 28 sig
825 678 41 22 vid

112 713 192 26 Ofvervakandet,
321 715 34 19 att
370 713 45 21 den
431 713 144 28 gästgifvare
589 713 112 28 medgina
709 713 114 28 rättighet
832 714 35 20 att

112 747 118 22 utskänka
245 747 101 22 bränvin
361 748 24 20 ät
397 747 98 21 resande
503 747 52 22 icke
563 747 150 27 missbrukas,
722 747 71 22 hafva
802 747 65 22 Stän-

113 782 72 21 derna
199 781 105 27 beslutit,
322 783 34 19 att
371 781 77 21 denna
463 781 113 28 rättighet
592 782 60 21 efter
666 782 122 27 utgängen
804 781 25 22 af
842 781 26 21 är

114 817 55 21 1887
191 816 38 21 mä
243 815 113 29 upphöra.
385 815 85 28 Nägon
485 815 81 29 längre
585 816 53 21 frist
653 815 42 22 har
710 816 52 21 icke
778 816 89 21 ansetts

113 850 101 21 behöfva
231 850 28 21 de
274 849 135 22 nuvarande
425 849 175 28 gästgifvarene
615 849 138 28 medgifvas,
763 853 56 18 enär
827 849 40 21 det

114 884 126 29 äliggande
264 886 34 19 att
320 884 179 21 tillhandahålla
521 884 97 21 resande
642 884 94 27 ,enkelt
751 884 43 21 och
810 883 58 22 dub-

114 919 50 21 belt
178 919 120 26 bränvin",
316 925 48 14 som
381 918 109 28 stagades
505 918 9 21 i
531 919 26 21 10
572 920 13 25 &
601 918 26 21 af
642 919 55 21 1734
712 919 36 20 års
764 917 104 28 Gästgif-

114 953 164 28 vareordning,
300 952 131 29 upphäfdes
451 959 84 21 genom
550 953 28 21 50
594 954 12 25 $
621 952 9 21 i
646 953 56 21 1864
717 953 36 21 års
769 951 98 22 Förord-

115 987 60 28 ning
190 994 36 14 om
241 987 161 28 tillverkning,
418 986 141 29 försäljning
574 994 29 13 m.
618 994 28 13 m.
664 987 26 21 af
701 987 107 27 bränvin,
825 985 44 22 och

115 1021 52 22 icke
183 1021 73 21 heller
271 1021 131 28 någonting
417 1027 70 21 synes
502 1021 116 28 berättiga
626 1021 28 21 de
663 1021 134 21 nuvarande
807 1021 62 27 gäst-

116 1056 120 28 gifvarene
252 1057 36 19 att
302 1055 103 28 päräkna
420 1055 134 21 inkomsten
562 1055 26 20 af
594 1054 275 28 bränvinsutskänkning

117 1091 75 20 säsom
207 1090 78 27 nägon
300 1089 117 28 väsentlig
433 1089 38 21 del
487 1089 26 21 af
525 1089 121 28 näringen.

186 1125 13 26 8
221 1125 25 20 11
268 1127 26 18 är
313 1123 26 22 af
359 1123 131 22 Ständerna
513 1123 185 27 omformulerad,
719 1123 96 21 emedan
831 1122 40 22 det

117 1160 68 27 synts
208 1158 110 28 önskligt,
343 1159 34 20 att
391 1157 163 28 utskänkning
568 1157 52 21 icke
636 1157 123 21 framdeles
774 1157 38 21 mä
827 1163 44 21 ega

117 1200 52 14 rum
183 1192 41 22 vid
239 1192 150 28 lägermöten,
405 1191 8 22 i
429 1192 116 21 anseende
560 1192 38 21 till
614 1191 28 22 de
653 1191 78 29 dåliga
743 1198 80 19 vanor,
832 1191 40 21 det

117 1226 195 28 sammandragna
326 1226 139 28 manskapet
480 1226 135 28 derigenom
630 1226 80 21 kunde
721 1225 99 29 tillegna
828 1225 43 27 sig,

118 1263 60 20 samt
199 1261 53 20 icke
267 1260 73 21 heller
355 1260 40 22 vid
411 1260 200 28 jernvägsstation
628 1261 71 20 annat
715 1263 29 18 än
759 1260 8 21 i
782 1259 90 22 undan-

118 1295 96 29 tagsfall
236 1295 56 21 eller
314 1294 30 22 dä
361 1294 235 28 Jernvägsstyrelsen
611 1294 73 22 sådan
698 1294 114 28 rättighet
826 1292 47 22 till-

117 1329 85 29 styrkt,
226 1328 96 22 emedan
347 1328 39 29 det
401 1328 122 21 befunnits
544 1336 56 13 vara
616 1329 64 21 svärt
696 1330 34 19 att
744 1327 127 25 förhindra,

117 1364 41 21 det
173 1363 162 28 utskänkning
350 1362 51 22 icke
417 1362 54 21 sker
486 1362 38 21 till
541 1362 71 22 andra
628 1366 30 18 än
674 1362 103 22 resande.

186 1398 69 20 Mom.
279 1398 13 20 3
309 1401 25 17 är
348 1396 115 22 uteslutet
478 1397 76 21 säsom
570 1396 129 28 obehöfligt
712 1396 53 22 med
779 1396 94 27 hänsyn

117 1432 38 22 till
171 1432 39 21 det
224 1431 92 28 tillägg,
333 1438 48 14 som
396 1430 85 22 införts
497 1431 8 21 i
521 1433 13 25 $
551 1432 19 20 1.
