1086 1717
254 151 14 21 6
419 150 79 23 Ständ.
513 151 35 22 Sv.
564 163 28 3 —
608 151 69 27 Prop.
693 150 38 23 N:o
746 150 34 22 34.

225 212 137 22 formulerat
377 212 164 29 ordalydelsen
560 213 4 21 i
578 220 68 14 mom.
662 214 14 20 4
690 213 37 21 för
742 214 35 20 att
784 212 117 29 tydligare
909 212 73 22 fram-

225 247 70 27 hälla,
312 248 34 20 att
361 247 40 21 det
415 247 84 21 endast
514 251 25 17 är
554 248 24 20 ät
594 247 108 29 spisande
718 249 83 26 gäster,
817 254 49 14 som
877 247 102 21 bränvin

224 282 39 20 mä
279 288 109 22 serveras,
404 281 129 29 hvarjemte
549 281 133 22 Ständerna
699 281 80 29 tillagt
793 283 34 19 ett
842 281 85 21 förbud
942 281 37 21 för

225 315 140 22 utskänkare
381 318 35 18 att
431 316 59 28 sälja
505 316 101 21 bränvin
620 316 38 20 till
674 316 153 28 afhemtning.

294 356 35 20 Af
348 363 86 14 samma
457 356 52 21 skäl
523 363 49 14 som
590 356 42 21 vid
647 356 12 28 $
675 357 26 21 72
717 356 8 21 i
740 355 238 29 tillverkningslagerr

224 389 141 22 framhällits
387 390 71 21 hafva
474 390 131 22 Ständerna
622 390 9 21 i
646 390 77 21 denna
738 390 140 28 författning
894 390 84 21 likstält

224 424 80 29 köping
325 424 47 22 med
394 424 123 29 landsbygd.
547 424 119 29 Derjemte
681 424 42 21 har
739 424 37 21 till
791 426 13 25 8
820 424 13 21 2
848 424 77 28 fogats
941 426 36 19 ett

224 459 136 28 stadgande,
376 461 35 19 att
423 459 249 21 bränvinstillverkare
684 458 44 22 och
736 458 242 29 destilleringsidkare

224 493 53 21 icke
292 494 38 20 mä
344 493 89 22 erhälla
447 493 114 28 rättighet
576 493 38 21 till
628 493 163 21 minuthandel
805 493 54 21 med
873 493 57 21 eller
941 495 36 19 ut-

224 527 135 29 skänkning
381 528 26 21 af
426 528 107 26 bränvin,
557 528 97 21 emedan
676 527 28 22 de
727 528 75 21 såsom
820 527 156 28 producenter

224 562 81 21 kunna
327 562 58 28 sälja
404 569 74 14 varan
493 562 37 21 till
544 562 65 28 lägre
624 562 54 28 pris.
709 562 12 21 I
736 561 242 22 öfverensstämmelse:

223 596 55 21 med
300 597 10 20 1
333 603 66 15 mom.
415 597 9 20 i
440 598 13 25 &
470 598 10 20 1
496 597 43 20 har
554 596 39 21 det
607 597 86 20 minsta
708 596 85 29 belopp
809 596 82 21 renadt
907 596 71 21 brän-

223 630 48 28 vin,
288 638 49 14 som
352 631 46 21 kan
413 631 130 28 medgifvas
556 631 137 21 tillverkare
709 631 57 20 eller
781 630 143 21 destillerare
941 632 36 19 att

224 665 13 20 å
256 665 111 21 särskildt
388 665 220 29 försäljningsställe
631 665 75 28 aflåta,
725 665 80 21 blifvit
820 664 103 29 förhöjdt
938 664 39 21 till

224 699 107 28 tjugufem
346 699 98 28 kannor;
460 699 129 29 hvarjemte
604 699 163 22 meddelandet
782 699 26 21 af
813 699 72 21 sådan
893 699 86 28 rättig-

223 733 42 22 het
280 735 88 20 ansetts
383 734 57 21 böra
455 737 68 25 göras
538 733 116 22 beroende
670 734 26 21 af
708 733 141 22 kommunens
865 733 67 28 bifall.

292 773 130 22 Enahanda
436 774 138 28 förändring
590 777 25 18 är
630 774 26 21 af
670 774 131 21 Ständerna
815 773 113 28 vidtagen
936 773 41 22 be-

222 807 116 22 träffande
361 810 12 25 8
394 809 13 20 3
426 808 42 21 vid
483 809 65 27 fråga
564 815 37 14 om
616 808 145 29 beviljandet
776 807 26 22 af
813 807 108 22 tillstånd
936 807 40 22 till

222 841 39 22 till
276 842 155 28 partihandel.

292 882 47 21 Till
354 883 13 26 8
381 883 14 21 5
410 882 43 21 har
467 882 76 28 fogats
560 884 34 19 ett
608 882 92 28 tillägg,
716 882 35 21 för
767 884 34 19 att
817 882 52 21 icke
878 881 28 22 de
917 889 59 14 sam-

222 915 218 26 hällsmedlemmar,
463 916 81 22 hvilka
564 917 74 20 måste
654 923 68 14 anses
736 918 59 19 mest
811 915 164 29 qvalificerade

222 952 36 19 att
274 951 89 21 bevaka
378 951 172 28 ,,sedlighetens
566 951 113 21 intresse"
694 951 9 20 i
717 950 258 28 utskänkningsbolagen,

221 985 39 21 må
274 985 72 21 varda
360 984 121 22 uteslutna
495 985 51 21 från
563 985 123 21 desamma.

292 1025 226 28 Omformuleringen
542 1025 26 21 af
590 1026 12 25 $
623 1027 12 20 6
652 1025 60 21 afser
727 1027 36 19 att
778 1025 144 21 öfverlemna
938 1025 38 21 till

222 1059 175 21 stadskommun
419 1059 192 28 beslutanderätt,
634 1066 34 15 om
683 1059 156 22 öfverhufvud
853 1059 121 22 utminute-

220 1093 53 28 ring
294 1093 50 22 eller
365 1093 153 28 utskänkning
540 1093 26 21 af
578 1093 160 28 spritdrycker
753 1093 61 22 skall
828 1093 25 22 få
867 1093 8 22 i
890 1093 85 22 staden

222 1135 45 20 ega
281 1135 57 19 rum,
354 1129 60 20 samt
428 1128 9 21 i
453 1129 25 20 så
492 1128 49 26 fall,
556 1128 38 21 till
606 1128 92 21 hvilket
706 1128 64 21 antal
779 1128 194 28 utminuterings-

222 1161 58 22 eller
302 1161 314 30 utskänkningsrättigheter
637 1163 38 20 må
697 1162 112 29 utgifvas.
845 1162 129 28 Uttrycket

221 1195 85 22 allmän
320 1196 185 22 rådhusstämma
520 1196 70 22 hafva
609 1196 132 22 Ständerna
755 1196 53 21 icke
824 1198 77 19 ansett
915 1203 59 15 vara

221 1229 56 22 fullt
292 1229 250 22 öfverensstämmande
557 1230 53 22 med
624 1230 207 28 bestämningarna
846 1230 9 21 i
870 1231 106 21 kommu-

220 1263 213 29 nalförfattningen
449 1264 35 21 för
499 1264 57 22 stad.
575 1265 12 20 I
598 1265 79 21 stället
688 1265 36 21 för
732 1265 163 28 lagförslagets
903 1272 67 14 mom.

220 1299 20 26 3,
256 1306 50 14 som
322 1300 88 20 ansetts
433 1298 134 29 obehöfligt,
582 1299 43 21 har
642 1299 85 21 införts
742 1301 35 19 ett
791 1299 128 28 stadgande
936 1307 39 13 om

220 1332 118 28 jäfvighet
352 1332 36 22 för
403 1332 248 22 bränvinstillverkare
670 1333 43 21 och
729 1333 244 28 destilleringsidkare

220 1368 36 19 att
278 1366 94 29 deltaga
391 1366 8 22 i
415 1366 138 29 afgörandet
569 1367 26 21 af
607 1367 67 29 fråga
690 1374 37 14 om
741 1367 171 29 utminutering
927 1368 45 21 och

220 1400 168 28 utskänkning.

288 1440 47 21 Till
357 1442 12 26 &
393 1442 12 20 7
421 1440 71 23 hafva
507 1440 131 24 Ständerna
652 1440 67 29 fogat
733 1442 34 20 ett
782 1441 84 23 sådant
881 1441 93 28 tillägg,
