1086 1717
246 147 28 21 34
547 146 41 22 N:o
604 146 36 24 36.

216 208 84 29 dighet
316 208 57 22 eller
387 208 52 28 den,
455 216 51 14 som
521 208 68 22 hotas
604 209 27 21 af
643 209 94 27 brottet,
754 209 98 28 straffes,
863 217 38 15 om
910 210 62 21 brot-

215 245 35 19 tet
261 243 57 22 eller
328 243 119 22 straffbart
457 243 80 21 försök
548 242 80 23 dertill
638 244 60 27 sker,
708 243 53 22 med
772 243 105 28 fängelse
885 244 9 22 i
902 244 70 28 högst

215 285 41 14 sex
271 277 111 22 månader
397 278 56 21 eller
468 278 73 21 böter.

285 312 29 28 Ej
330 312 38 21 må
383 312 60 22 dock
458 312 79 28 någon
552 312 36 21 för
604 312 74 22 sådan
696 311 181 23 underlåtenhet
892 312 80 22 dömas

215 346 39 22 till
278 346 72 28 straff,
373 353 37 15 om
432 346 48 22 han
502 346 39 21 till
562 346 190 22 förekommande
771 346 26 22 af
808 346 89 22 brottet
911 346 61 22 hade

216 380 102 28 nödgats
340 380 51 29 röja
413 380 52 26 den,
481 388 50 14 som
546 380 54 22 med
614 380 87 22 honom
716 384 25 18 är
756 380 9 22 i
780 382 48 20 rätt
842 388 58 22 upp-
915 380 57 22 eller

215 414 158 29 nedstigande
388 414 128 29 skyldskap
533 414 56 22 eller
604 414 129 29 svågerlag,
745 414 37 22 sin
792 415 75 26 maka,
878 414 51 23 sina
938 414 34 22 fo-

217 449 164 32 sterföräldrar
403 449 57 22 eller
475 449 138 28 fosterbarn,
630 449 88 28 syskon
733 449 57 22 eller
805 449 66 22 deras
885 451 86 26 makar,

215 484 57 21 eller
287 483 37 22 sin
339 483 138 22 trolofvade.

286 525 26 20 21
329 525 20 26 &.
378 524 50 21 Har
449 524 86 28 någon,
558 524 74 21 sedan
654 525 47 20 han
722 524 48 21 fått
790 527 55 18 veta
859 525 36 20 att
908 523 64 22 brott

218 558 76 28 timat,
318 558 50 21 dolt
390 558 57 21 eller
468 558 80 29 hulpit
570 559 35 20 att
621 558 64 29 dölja
699 558 148 28 förbrytaren
862 558 57 22 eller
933 558 39 21 be-

216 592 90 22 fordrat
326 592 58 21 hans
399 592 62 29 flykt
476 592 57 22 eller
547 593 63 21 varit
625 593 86 21 honom
725 592 131 29 behjelplig
870 593 38 21 till
923 592 48 22 döl-

214 627 73 28 jande
303 627 26 21 af
341 627 131 28 gerningen
487 627 57 21 eller
558 627 194 29 undanrödjande
767 627 27 22 af
806 627 65 22 bevis
883 627 87 27 derom;

218 661 92 22 straffes
325 661 54 22 med
393 661 67 22 böter
475 661 70 28 högst
560 661 140 22 femhundra
714 661 66 22 mark
795 661 58 22 eller
866 662 104 28 fängelse

217 695 21 29 ej
255 695 67 22 öfver
336 697 35 20 ett
386 696 32 21 är.
449 695 88 29 Gjorde
552 695 47 22 han
615 695 40 22 det
670 695 36 22 för
721 703 60 21 egen
795 696 111 28 vinning;
916 703 55 14 vare

217 729 93 22 straffet
324 729 105 29 fängelse
444 730 8 21 i
468 729 71 29 högst
553 731 41 20 två
609 731 26 20 är
650 730 57 21 eller
721 730 73 22 böter.
824 730 29 29 Ej
864 731 37 20 mä
912 730 60 21 dock

216 764 92 21 straffet
323 765 73 20 sättas
411 763 72 30 högre
500 767 30 18 än
544 764 36 21 för
594 764 119 29 medhjelp
722 764 38 21 till
771 764 92 23 brottet.

288 803 74 22 Straff
382 804 76 28 enligt
483 804 77 21 denna
582 806 13 25 $
617 805 39 21 mä
677 804 74 22 likväl
771 804 21 29 ej
816 804 93 22 ädömas
932 805 40 21 nä-

218 845 48 21 gon
286 838 25 21 af
324 838 52 21 dei
399 840 6 20 2
420 845 67 15 mom.
504 839 26 21 af
543 839 27 21 20
585 840 13 25 &
614 839 102 22 nämnda
730 845 117 22 personer,
862 839 21 29 ej
899 839 74 22 heller

218 871 53 27 den,
288 874 62 19 emot
364 872 98 22 hvilken
477 873 88 21 brottet
580 873 82 21 blifvit
677 873 124 28 begänget.

286 913 28 21 22
329 913 20 26 &.
378 913 59 26 Den,
462 919 49 14 som
529 913 151 28 uppsätligen
695 912 102 22 förleder
812 912 57 21 eller
883 912 90 29 hjelper

216 946 64 21 finsk
302 946 56 21 eller
379 947 58 28 rysk
451 947 120 28 krigsman
586 949 36 20 att
637 955 96 20 rymma,
749 947 91 21 straffos
855 946 52 22 med
922 947 50 21 fän-

216 981 66 28 gelse
298 981 8 21 i
321 980 70 29 högst
407 988 40 14 sex
461 982 111 21 mänader
582 981 58 22 eller
650 982 67 21 böter
727 981 21 29 ej
760 981 65 22 öfver
835 981 138 22 femhundra

216 1014 74 21 mark.

286 1056 26 21 23
328 1056 20 25 8.
378 1055 72 27 Hvar,
466 1062 49 15 som
530 1055 94 22 värfvar
639 1055 61 22 finsk
718 1055 58 21 eller
791 1055 57 28 rysk
865 1062 54 15 man
935 1054 37 22 till

216 1089 147 21 främmande
379 1091 76 26 magts
479 1089 145 29 krigstjenst,
648 1089 92 22 straffes
762 1089 53 22 med
837 1089 105 28 fängelse
964 1089 8 21 i

216 1123 72 28 högst
302 1125 36 19 ett
353 1123 25 21 är
393 1123 56 22 eller
463 1123 67 22 böter
545 1123 21 29 ej
582 1123 75 22 under
671 1123 81 22 femtio
767 1123 72 22 mark.

287 1157 43 22 Om
345 1157 69 22 straff
425 1158 38 21 för
477 1157 52 28 den,
545 1165 49 15 som
610 1158 117 22 anskaffar
742 1157 116 29 krigsfolk
873 1158 25 21 åt
916 1157 56 22 fien-

216 1191 54 28 den,
286 1191 96 29 stadgas
397 1192 9 21 i
423 1194 26 21 12
464 1193 53 28 kap.

286 1233 28 20 24
329 1233 20 26 $.
378 1232 59 28 Den,
460 1240 50 14 som
532 1240 84 21 genom
639 1233 62 21 falsk
718 1232 96 29 uppgift
829 1231 57 22 eller
901 1233 71 20 annat

216 1265 136 29 bedrägligt
373 1267 76 21 medel
471 1267 101 22 förleder
591 1267 62 22 finsk
668 1274 54 15 man
737 1267 38 21 till
790 1266 140 28 utflyttning
944 1273 28 14 ur

214 1300 88 25 landet,
325 1301 92 21 straffes
439 1302 54 21 med
508 1302 105 28 fängelse
628 1302 10 21 i
652 1302 71 28 högst
737 1302 40 21 tvä
793 1301 25 21 är
835 1300 56 22 eller
905 1300 67 22 böter

216 1334 20 28 ej
254 1334 75 22 under
343 1335 82 21 femtio
439 1336 73 21 mark.

284 1368 91 22 Försök
391 1373 26 17 är
431 1369 125 22 straffbart.
