1086 1717
413 144 52 28 Prop.
481 144 32 22 N:o
527 143 31 22 34.
806 144 27 22 51

424 244 58 24 Art.
501 244 46 24 IV.

143 306 125 25 Allmänna
286 305 147 33 stadganden
451 312 37 19 om
505 305 186 33 tillämpningen
709 306 28 25 af
751 305 78 27 denna

407 345 155 33 förordning.

451 408 12 28 8
479 409 35 21 51.

177 455 45 21 Allt
246 455 55 22 hvad
319 456 6 20 i
340 455 69 30 denna
422 455 125 26 förordning
562 457 24 18 är
600 455 103 26 stadgadt
718 461 34 15 om
767 455 95 26 bränvin,

110 490 48 21 med
179 489 109 27 undantag
310 490 21 21 af
350 489 36 22 det
400 489 7 21 i
422 489 11 28 $
449 489 28 21 28
492 489 126 22 meddelade
633 489 79 21 förbud
726 492 58 19 emot
798 489 64 22 inför-

109 524 30 21 sel
163 524 61 21 deraf
244 524 32 21 till
292 524 77 26 landet,
385 523 55 27 gälle
456 523 63 22 äfven
534 523 33 22 för
582 523 68 22 andra
664 523 82 22 brända
761 524 51 21 eller
827 524 36 21 de-

109 559 108 22 stillerade
239 559 21 20 in
293 559 50 21 eller
367 557 114 22 utländska
499 558 117 27 spritvaror
632 558 40 21 och
688 558 61 21 deraf
761 559 102 26 tillagade

109 593 99 27 drycker;
224 593 55 21 dock
294 594 32 20 att
341 592 128 27 stadgandet
483 593 8 20 i
513 592 6 27 $
535 593 26 21 16
577 599 35 14 om
627 593 42 20 den
684 592 79 27 styrka,
779 593 84 22 bränvi-

109 629 38 20 net
160 627 40 21 bör
214 627 65 21 minst
292 627 120 26 innehafva,
428 627 48 21 icke
491 633 50 20 eger
554 627 136 27 tillämpning
704 627 14 20 å
731 627 133 22 sistnämnda

109 661 96 27 drycker,
227 662 33 21 till
282 661 73 22 hvilka
375 661 101 22 hänföras
499 661 43 21 alla
559 661 82 21 sådana
655 661 148 27 blandningar,
818 668 46 15 som

109 695 107 22 innehålla
237 702 59 15 mera
314 697 26 20 än
354 695 104 28 tjugufem
473 697 90 26 procent
578 695 88 22 alkohol
681 695 35 22 vid
733 697 24 25 +
776 697 27 21 15
816 703 47 20 gra-

111 730 37 21 der
165 730 65 27 enligt
245 730 64 22 Celsii
324 732 143 19 termometer.

455 794 12 27 8
482 794 36 21 52.

179 835 147 27 Länestyrelse
348 834 55 21 hälle
425 836 74 25 sträng
523 834 70 27 tillsyn
614 834 60 21 öfver
691 834 138 27 iakttagande
844 835 23 21 af

111 869 55 21 hvad
181 869 7 21 i
203 869 69 21 denna
287 869 124 26 förordning
426 868 68 21 finnes
511 869 106 26 stadgadt.

455 937 11 28 8
481 937 36 22 53.

179 977 165 22 Vederbörande
366 977 101 27 åklagare
493 977 81 27 åligger
596 979 32 20 att
649 977 57 22 åtala
727 978 138 27 förbrytelser

111 1014 57 19 emot
182 1012 70 21 denna
266 1011 130 27 förordning.
426 1012 34 21 En
482 1011 54 22 hvar
558 1017 52 21 eger
626 1012 40 21 hos
684 1012 48 21 dem
750 1013 58 26 dylik
822 1013 43 21 för-

110 1046 92 27 brytelse
214 1046 90 26 angifva,
320 1046 55 21 dock
391 1046 18 27 ej
424 1046 108 21 föräldrar
543 1046 39 21 och
594 1046 60 26 barn,
667 1047 51 20 eller
728 1047 75 21 makar
814 1047 51 21 eller

109 1081 78 26 syskon
210 1083 57 19 emot
288 1081 127 25 hvarandra,
439 1081 18 26 ej
480 1080 68 21 heller
570 1087 70 14 annan
662 1081 123 26 skyldeman
808 1084 57 19 emot

110 1115 47 26 den,
176 1115 39 21 hos
234 1115 86 20 hvilken
337 1115 43 20 han
399 1115 71 26 njuter
488 1114 50 21 kost
557 1114 44 23 och:
616 1115 117 26 underhåll,
753 1116 18 27 ej
789 1115 76 22 foster-

109 1149 54 22 barn
180 1151 58 20 emot
252 1149 171 22 fosterföräldrar
439 1149 40 21 och
495 1149 20 27 ej
528 1149 66 21 heller
605 1149 83 27 tjenare
698 1152 45 18 mot
754 1150 110 21 husbonde

109 1184 67 21 under
192 1184 40 21 den
248 1184 31 21 tid
294 1184 26 21 de
336 1185 37 20 äro
387 1184 7 20 i
410 1183 101 27 tjensten.

455 1247 11 26 8
481 1247 36 21 54.

180 1288 18 20 1.
220 1287 11 21 I
246 1287 72 27 hvarje
333 1287 54 26 stad,
403 1287 38 21 der
457 1287 80 21 handel
551 1287 49 21 med
616 1287 89 22 bränvin
720 1287 67 27 idkas,
804 1287 61 22 skola

109 1328 26 14 en
159 1322 51 20 eller
231 1321 51 21 flere
304 1321 147 26 kontrollörer,
469 1321 55 21 efter
539 1321 71 26 behof,
626 1322 107 26 tillsättas,
747 1322 34 21 för
797 1322 67 22 öfver-

108 1356 97 21 vakande
220 1358 32 19 att
266 1355 107 21 missbruk
389 1356 51 21 eller
455 1356 111 21 underslef
578 1356 36 20 vid
630 1356 83 22 tilläten
728 1356 77 22 handel
815 1357 49 21 med

109 1390 89 21 bränvin
214 1390 39 21 och
268 1390 67 20 andra
350 1389 145 27 spritdrycker
511 1390 18 27 ej
544 1390 35 21 mä
596 1396 39 20 ega
650 1396 54 16 rum.
730 1391 67 21 Desse
811 1391 53 21 kon-

108 1424 105 26 trollörer,
228 1430 46 15 som
289 1426 95 19 närmast
398 1424 120 27 underlyda
537 1424 40 22 den
593 1424 34 21 för
641 1424 72 28 tillsyn
728 1425 59 21 öfver
802 1425 62 21 brän-

108 1458 211 26 vinstillverkningen
345 1459 7 20 i
374 1460 61 19 orten
459 1459 98 21 anstälde
580 1458 185 27 öfverkontrollör,
787 1459 76 21 tillför-
