1086 1717
322 144 22 24 U.
361 144 23 23 B.
400 155 29 7 —
445 144 63 28 Prop.
525 144 39 23 N:o
580 144 38 23 35.
803 145 26 22 19

105 202 85 21 ståndet
204 201 143 26 förekommit,
363 208 46 14 som
419 201 41 21 ock
469 207 76 21 genom
556 197 169 31 Öfverstyrelsen
736 201 34 21 för
780 200 81 22 Landt-

105 236 98 22 mäteriet
224 236 105 21 inhemtat
349 236 152 27 upplysningar
520 236 92 21 rörande
627 236 145 21 förekomsten
786 235 23 21 af
822 235 38 21 all-

105 270 178 27 männingskogar
293 270 7 20 i
311 270 78 26 landet,
406 270 39 21 har
455 270 111 22 Utskottet
580 270 88 21 härmed
679 272 51 19 äran
741 270 32 21 uti
783 269 77 27 ifråga-

105 304 78 22 komna
197 304 100 22 afseende
312 304 98 21 meddela
424 304 99 26 följande.

173 338 160 22 Kommisionen
355 338 34 21 för
408 338 158 27 undersökning
582 338 23 21 af
618 338 164 21 förhållandena
797 338 12 21 å
824 338 37 21 do-

106 373 163 27 nationsgodsen
291 372 39 21 har
352 372 33 21 till
408 372 48 21 stöd
478 372 34 21 för
528 372 37 21 sitt
578 372 82 27 förslag
675 378 35 15 om
725 372 99 21 bildande
839 372 24 21 af

106 406 24 22 så
151 407 85 21 kallade
258 406 201 27 kommunalskogar
482 406 7 20 i
504 406 99 27 Wiborgs
626 406 36 21 län
678 406 104 27 åberopat
797 406 64 21 beak-

106 441 115 22 tansvärda
239 441 46 21 skäl
301 441 39 21 och
356 441 189 26 omständigheter.
575 441 121 21 Erinrande
712 447 34 15 om
762 441 41 21 den
817 443 45 18 sär-

107 476 69 21 skilda
197 475 44 27 vigt
264 475 39 22 och
325 475 116 26 betydelse,
465 481 45 15 som
526 475 79 27 skogen
621 475 67 22 mäste
704 475 64 22 hafva
783 475 32 21 för
831 477 30 19 ett

107 510 56 26 land,
186 509 77 22 sädant
286 515 44 16 som
346 509 97 26 Finland,
467 509 38 22 der
519 516 27 15 en
559 509 155 27 jemförelsevis
729 509 24 22 sä
767 510 95 25 ansenlig

107 543 35 22 del
157 543 23 22 af
193 544 85 21 arealen
293 545 105 25 upptages
413 543 22 22 af
449 543 24 22 sä
488 543 72 22 kallad
575 543 92 27 absolut,
684 544 51 21 eller
746 544 33 21 till
790 543 72 27 odling

108 578 86 27 otjenlig
216 578 131 27 skogsmark,
370 577 39 22 har
431 578 161 21 Kommisionen
614 578 106 27 nemligen
737 577 124 26 framhållit,

107 613 101 21 hurusom
230 612 162 21 förhållandena
415 611 12 22 &
449 612 195 27 donationsgodsen
664 619 50 14 vore
729 612 133 27 synnerligen

107 653 124 21 gynsamma
253 646 33 21 för
306 647 111 20 införande
433 647 22 20 af
468 648 33 19 ett
515 647 92 20 ordnadt
623 647 124 26 skogsbruk.
779 646 83 27 Skogen

109 681 12 22 å
143 681 48 21 dem
213 681 55 21 hade
290 681 7 20 i
315 681 116 20 allmänhet
446 681 70 21 blifvit
531 681 23 21 af
568 681 150 21 donatarierne
731 681 77 26 sparad
824 680 39 21 och

108 716 34 21 väl
158 716 58 21 skött
230 716 56 20 samt
300 715 164 26 mängenstädes
480 715 66 21 redan
560 715 68 21 under
644 721 26 15 en
686 716 72 26 längre
769 715 31 21 tid
811 714 52 22 stätt

108 750 67 21 under
196 749 123 26 forstnärlig
340 749 63 27 värd;
425 749 114 22 tillfällena
552 750 33 20 till
599 749 117 27 afsättning
731 749 22 21 af
767 750 97 20 densam-

107 791 47 15 mas
169 784 118 27 produkter
302 790 50 15 vore
366 784 57 26 goda
437 783 40 21 och
493 784 72 26 prisen
580 783 13 22 å
603 786 99 19 trävaror
710 783 153 27 jemförelsevis

108 819 63 26 höga.
206 818 45 21 Och
274 818 90 27 skogens
386 818 122 21 bevarande
531 820 54 19 samt
607 818 184 27 tillgodogörande
813 823 51 16 vore

110 853 139 22 öfverhufvud
271 854 32 19 ett
325 852 114 27 väsentligt
461 853 70 21 vilkor
553 853 33 21 för
609 853 161 26 befolkningens
785 853 6 20 i
807 853 58 20 länet

109 887 100 22 framtida
231 887 109 21 förkofran
356 887 52 20 eller
423 887 33 20 till
472 887 40 21 och
527 887 48 21 med
591 887 99 26 existens,
706 887 7 20 i
729 887 114 27 synnerhet
857 886 7 21 i

108 922 69 21 länets
192 921 132 26 nordostliga
334 921 34 21 del
379 921 52 21 eller
442 921 77 22 Salmis
534 921 74 26 härad,
624 921 38 22 der
674 921 137 27 jordmånens
826 921 37 21 be-

109 955 119 22 skaffenhet
249 956 69 21 tilläte
341 955 90 22 idkande
447 955 23 21 af
483 955 104 27 jordbruk
603 956 55 21 blott
674 956 69 21 såsom
760 955 104 27 binäring,

109 997 49 14 men
179 990 62 21 äfven
264 990 7 20 i
292 989 52 22 flera
366 990 68 21 andra
449 989 90 27 trakter,
562 990 86 21 hvarest
662 990 127 27 jordbruket
804 989 61 22 äfven

110 1024 61 22 stode
193 1024 13 21 å
228 1031 27 14 en
276 1024 35 27 låg
334 1023 136 28 ståndpunkt,
494 1030 49 15 men
565 1024 105 27 skogarne
685 1031 50 14 vore
750 1023 115 22 utmärkta.

110 1059 50 21 Men
182 1065 34 15 om
232 1059 79 26 skogen
327 1058 13 21 å
355 1058 194 27 donationsgodsen
565 1059 84 20 komme
665 1060 32 19 att
712 1059 75 21 skiftas
802 1057 64 22 emel-

109 1093 36 21 lan
155 1092 100 27 äboarne,
271 1092 69 21 blefve
356 1093 49 20 dess
421 1093 39 20 öde
475 1092 73 27 gifvet.
578 1093 32 21 De
626 1093 95 27 antydda
735 1092 131 27 omständig-

110 1127 94 26 heterna,
221 1127 52 22 eller
288 1127 12 21 ä
315 1133 40 15 ena
369 1127 62 21 sidan
445 1127 42 21 den
502 1127 55 21 lätta
572 1127 39 21 och
627 1127 154 27 vinstgifvande
792 1126 75 22 afsätt-

111 1161 77 27 ningen
198 1163 61 24 samt,
276 1161 12 21 ä
300 1161 72 26 andra,
389 1161 41 21 den
441 1161 185 27 svärhandterliga
634 1161 131 27 jordmänen,
781 1161 85 21 komme

111 1195 105 27 nemligen
231 1195 93 22 ofelbart
338 1197 33 19 att
385 1195 57 21 inom
453 1195 50 21 kort
513 1195 77 27 bringa
600 1196 37 21 det
648 1196 87 26 derhän,
751 1197 33 20 att
794 1195 73 26 skogs-

111 1230 120 26 markerna,
254 1229 33 21 till
309 1230 41 21 den
372 1229 35 22 del
422 1229 77 21 sädant
514 1230 76 21 lönade
606 1230 38 27 sig,
667 1229 70 22 blefve
751 1229 117 22 afverkade

112 1264 40 21 och
173 1264 33 21 för
229 1263 65 27 öfrigt
316 1263 127 27 afsvedjade.
474 1263 47 22 Och
543 1264 41 21 den
606 1264 87 27 slutliga
712 1264 79 27 följden
806 1262 63 22 häraf

111 1298 77 27 blefve,
211 1299 32 21 att
265 1298 152 27 lägenheterna
438 1298 108 22 förlorade
569 1298 32 21 sin
623 1298 168 27 skatteförmäga
813 1299 55 19 samt

113 1333 62 21 deras
197 1332 67 22 äboar
285 1332 116 27 nedsjönke
423 1332 33 21 till
479 1332 115 27 daglönare
618 1333 52 21 eller
688 1332 131 22 utvandrade
835 1331 33 21 till

112 1367 110 27 Ryssland.
254 1361 99 27 Äboarne
369 1366 52 27 egde
436 1366 34 21 väl
488 1366 19 27 ej
523 1367 103 27 rättighet
642 1368 38 25 att,
700 1369 51 19 utan
767 1365 101 23 särskildt

112 1401 114 22 utverkadt
247 1400 104 26 tillständ,
373 1400 98 27 begagna
493 1400 80 28 skogen
596 1400 13 22 &
631 1401 47 21 sina
697 1400 124 28 lägenheter
835 1399 33 21 till

112 1436 68 20 afsalu
195 1436 64 20 innan
275 1435 26 21 de
316 1435 33 21 till
363 1434 53 22 fullo
432 1434 70 27 erlagt
517 1435 160 27 löseskillingen
692 1435 33 21 för
740 1435 57 25 dem;
820 1440 48 15 men

112 1470 37 21 det
163 1475 50 15 vore
228 1471 34 19 att
271 1469 88 26 förutse,
376 1470 33 20 att
423 1469 229 27 trävaruspekulanter
661 1475 43 21 nog
714 1468 69 22 skulle
793 1468 75 27 gifvas,

182 1508 153 18 Statsutskottets
348 1507 116 19 betänkande
476 1508 39 17 N:o
529 1508 16 17 9.
