1086 1717
372 156 23 18 U.
409 156 23 18 B.
444 166 21 3 —
478 156 63 24 Prop.
552 156 38 20 N:o
602 156 32 19 33.
841 156 22 18 11

198 214 51 22 Med
264 214 101 22 afseende
381 214 13 21 å
409 214 36 22 det
461 220 28 15 nu
505 214 89 22 anförda
609 214 33 22 får
656 214 112 22 Utskottet
777 214 110 21 vördsamt

129 247 90 23 föreslå:

369 286 34 22 att
424 284 28 23 de
475 284 66 30 begge
564 283 164 31 lagförslagen,
749 283 41 30 för
809 283 79 24 såvidt

335 324 28 24 de
384 324 119 24 innehålla
521 324 171 30 bestämningar
710 332 35 16 om
763 324 124 30 tingsgäst-

334 365 97 29 ningens
452 364 88 24 delvisa
561 364 128 30 aflyftande
712 364 41 24 och
773 364 114 30 utgående

334 404 51 24 med
397 404 64 30 lägre
475 404 87 31 belopp,
576 407 31 21 än
621 404 53 24 dess
685 403 67 31 förut
761 404 124 31 bestämda,

334 447 60 22 samt
409 453 38 16 om
464 445 128 24 nämndens
610 445 121 30 aflönande
743 445 32 29 af
785 445 101 24 kommu-

335 493 75 16 nerna
431 485 52 24 med
505 485 138 24 uttaxerade
665 485 79 30 medel,
767 485 31 30 af
817 485 69 24 Stän-

336 526 75 23 derna
431 525 133 24 -behandlas
590 526 9 23 i
623 526 45 23 den
686 525 40 30 för
745 525 140 31 grundlags-

336 565 41 24 och
390 565 206 31 privilegiifrägor
614 565 146 30 föreskrifna
773 565 112 31 ordning;

334 605 117 30 äfvensom

369 648 34 21 att
431 646 133 24 Ständerna
590 646 54 24 ville
671 646 36 23 till
727 654 56 16 svar
805 646 14 24 å
841 646 45 24 den

335 686 87 31 nädiga
440 687 177 30 propositionen
638 687 41 23 hos
700 687 70 23 Hans
787 686 98 29 Kejser-

341 727 47 30 liga
418 727 116 29 Majestät
560 727 99 30 anmäla,
688 727 38 23 det
753 727 134 24 Ständerna

334 767 102 30 godkänt
453 767 28 23 de
500 767 9 23 i
527 767 132 24 densamma
676 767 113 30 ingäende
806 769 80 21 tvenne

336 806 128 31 lagförslag
481 807 52 24 med
551 807 82 24 endast
649 807 179 24 nedannämnda
845 810 41 20 än-

338 847 107 31 dringar,
463 849 61 22 samt
540 847 90 24 säledes
646 847 40 30 för
698 848 37 23 sin
747 847 38 24 del
797 847 90 30 antagit

337 889 80 22 tvenne
435 887 27 23 sä
480 887 100 30 lydande
598 887 182 30 förordningar
769 883 14 38 :

372 968 159 31 Förordning
567 969 133 30 angående
733 968 114 31 lindring
877 968 10 23 i

336 1008 238 31 tingsgästningens
591 1009 143 30 utgörande
753 1009 48 23 och
814 1008 75 24 deraf

337 1048 150 24 föranledda
513 1049 121 30 åtgärder
660 1049 161 24 beträffande
843 1048 44 25 hä-

336 1089 191 24 radsrätternas
544 1088 143 24 aflönande.

376 1140 47 23 Till
444 1139 125 24 lindrande
591 1140 30 29 af
634 1148 20 16 o.
672 1148 20 16 s.
711 1148 20 16 v.
747 1145 70 22 såsom
833 1145 6 20 i
856 1145 31 21 in-

336 1179 113 27 ledningen
467 1179 22 21 af
503 1179 167 27 propositionen.

572 1227 20 30 $
611 1228 23 22 1.

371 1271 141 21 Oförändrad.

575 1318 19 31 $
611 1319 25 23 2.

371 1364 55 24 Den
437 1364 70 24 andel
519 1364 30 30 af
557 1364 204 30 tingsgästningen,
774 1372 49 16 som
832 1364 55 23 här-

336 1404 75 24 intills
437 1404 76 30 utgått
539 1404 51 24 med
613 1406 34 22 tre
669 1404 92 30 kappar
781 1404 108 30 spanmä!

335 1444 58 29 frän
411 1444 81 29 hvarje
510 1444 42 24 rök
570 1444 36 24 till
623 1444 206 24 häradsrätternas
844 1452 44 15 un-

200 1489 46 21 Lag-
260 1489 29 16 och
302 1489 170 17 Fkonomiutskottets
482 1489 105 17 betänkande
599 1489 35 17 N:o
647 1490 18 16 4.
