1086 1717
260 162 28 23 22
459 162 26 22 U;
498 162 24 22 Bi
533 160 33 20 /—
576 160 66 32 Podp.
658 160 45 26 N:o
710 161 34 25 ää

368 226 81 26 införas,
473 227 66 25 falska
560 227 99 26 uppgifter
673 227 96 21 meddelas
783 225 133 28 allmänheten,
931 228 43 20 med

369 262 76 20 tukthus
465 260 48 26 från
530 256 42 36 och
587 256 42 36 med
641 256 32 36 två
691 256 91 36 månader
794 256 31 36 Hill
839 256 33 36 och
887 256 39 36 med
938 256 39 36 två

351 306 2 2 +
368 296 25 20 år
407 296 46 20 eller
467 296 86 25 fängelse
568 296 47 25 från
631 296 31 20 två
671 296 93 20 månader
775 297 30 19 till
815 296 33 20 och
857 296 43 20 med
906 298 26 18 ett
939 296 35 24 är;

436 331 43 25 2:0)
493 337 32 13 om
538 331 38 20 han
590 331 122 25 uppsåtligen
725 332 36 24 gör
774 332 31 24 sig
818 331 75 25 skyldig
902 330 70 24 dertill,

371 366 36 18 att.
415 364 50 21 vank
478 362 86 28 utgifver
576 365 66 21 sedlar
656 366 46 19 eller
717 362 63 23 andra
793 365 75 20 sådana
877 364 95 25 skuldför-

369 396 92 24 bindelser
481 396 34 24 til
536 399 144 27 innehafvaren,
695 403 47 17 som
759 400 9 20 i
785 400 13 25 &
815 396 16 24 7
841 399 131 25 omförmälas,

369 434 42 20 med
425 432 52 22 böter
491 434 48 25 från
553 436 71 19 ettusen
640 435 30 19 till
684 433 100 26 fyratusen
798 435 57 20 mark
869 435 47 20 eller
929 434 43 25 fän-

368 469 50 24 gelse
433 469 30 20 till
478 469 34 20 och
526 469 42 20 med
582 469 32 20 två
629 469 32 25 är;

438 504 40 25 3:0)
492 509 32 14 om
538 503 38 20 han
591 503 121 26 uppsåtligen
726 505 35 24 gör
775 504 30 25 sig
819 503 74 26 skyldig
902 503 70 24 dertill,

369 539 30 18 att
413 538 50 20 bank
477 537 129 26 öfverskrider
620 539 30 19 sin
664 539 43 19 rätt
720 540 29 18 att
759 538 75 25 utgifva
844 538 128 26 obligationer,

367 572 43 20 med
431 573 52 19 böter
503 572 47 25 från
572 573 114 24 femhundra
709 573 30 20 till
758 573 84 20 tvätusen
856 572 56 20 mark
926 572 46 20 eller

367 607 85 24 fängelse
466 607 9 20 i
488 601 56 30 högst
558 608 27 19 ett
598 607 30 21 år.
723 609 2 2 i

436 641 66 25 Böter,
517 647 41 15 som
572 641 60 25 enligt
640 641 62 20 denna
711 641 113 25 förordning
830 641 91 25 utdömas,
930 641 41 24 för-

363 671 57 48 delas
430 671 37 33 och
477 671 118 53 Törvandlas
606 676 30 25 pä
648 677 40 18 sätt
696 681 31 14 om
735 671 99 42 vitesböter
843 677 24 18 är
877 675 93 25 stadgadt,

533 717 31 48 ss
578 739 89 21 18—80
716 739 11 20 i

436 777 158 23 Oförändrade.

226 916 4 8 N
298 898 12 31 I
332 898 61 29 detta
408 898 93 23 ärendes
516 898 138 29 behandling
668 898 69 22 hafva
751 882 93 49 deltagit
858 897 113 22 ordföran-

229 931 44 31 den
295 924 27 37 hr
343 920 123 47 Runeberg,
487 933 148 28 ledamöterne
650 932 38 24 hrr
702 939 45 19 yon
760 932 153 30 Christierson,
928 939 42 15 von

228 952 126 52 Frenckell,
369 967 121 28 Hackman,
506 967 109 28 Lindelöf,
630 967 134 26 Nordström,
779 967 135 27 Dahlström,
928 967 42 21 Ro-

228 1001 83 27 senius,
333 1001 86 30 Elving,
441 1001 153 33 Tuomikoski,
616 1001 113 30 Svedberg
746 1000 49 23 och
801 1001 100 22 Brander
915 1003 56 19 samt

228 1035 171 28 suppleanterne
413 1035 38 22 hrr
465 1035 93 29 Schildt,
572 1035 161 30 Neppenström
748 1035 40 23 och
804 1035 130 22 Hollmerus.

297 1085 147 29 Helsingfors,
459 1087 43 22 den
518 1087 12 21 7
545 1087 44 28 Maj
607 1087 61 22 1885.

296 1504 155 23 Bankutskottets
463 1504 115 22 betänkande
589 1504 37 23 N:o
637 1507 16 21 4,
