1086 1717
403 138 81 23 Ständ.
500 139 37 23 Sv.
553 151 27 5 —
596 140 72 27 Prop.
685 139 40 22 N:o
739 138 36 22 32.

351 208 82 21 person
448 202 106 28 öfverlåta
569 203 36 21 sin
620 202 66 22 andel
700 202 9 21 i
724 202 82 28 bolaget
820 202 150 27 annorlunda,

356 238 32 20 än
403 238 33 20 att
449 237 71 21 sådan
530 236 132 28 öfverlåtelse
670 237 36 21 vid
714 236 113 22 ordinarie
835 236 137 28 bolagsstäm-

355 278 36 14 ma
403 271 132 28 godkännes,
552 271 37 21 och
604 273 27 19 är
645 271 47 22 han
707 270 44 22 icke
766 271 57 21 desto
839 271 84 21 mindre
938 272 34 20 så-

355 312 45 14 som
421 305 63 27 förut
498 306 104 28 ansvarig
617 306 35 27 för
668 305 90 28 bolagets
772 305 143 28 förbindelser
929 312 43 15 un-

353 340 39 21 der
415 340 43 27 tolf
475 340 107 22 månader
603 340 55 28 från
672 340 43 21 den
729 340 48 28 dag,
793 340 28 21 då
836 340 136 28 bolagsstäm-

355 381 48 15 mas
417 374 68 22 beslut
499 382 34 14 om
545 374 161 28 godkännande
722 374 27 28 af
761 374 132 28 öfverlåtelse
901 374 72 28 blifvit

354 408 9 21 i
380 408 84 22 landets
479 408 92 29 officiela
586 409 116 28 tidningar
716 408 123 29 kungjordt.

411 443 19 22 I
441 443 58 22 bank
514 443 51 22 böra
580 444 101 27 samtliga
696 443 139 22 medlemmar
849 443 9 22 i
873 444 45 21 dess
928 445 43 26 sty-

355 477 53 22 relse
423 478 111 27 äfvensom
543 479 9 20 i
562 480 62 25 öppet
638 478 118 28 bankbolag
770 478 98 49 ROR
877 478 95 28 delegare

355 519 54 15 vara
424 512 69 27 finske
511 513 139 28 medborgare.

638 573 18 23 $
672 570 20 21 3.

399 615 110 22 Tillstånd
531 616 33 21 till
586 616 130 21 inrättande
739 615 28 28 af
786 615 58 22 bank
863 615 57 22 sökes
934 615 38 21 hos

356 649 107 23 Senatens
477 651 272 26 Ekonomiedepartement.

413 679 207 32 Öfverensstämmer
634 685 42 20 den
692 684 35 27 för
742 683 87 22 banken
843 684 129 27 upprättade

356 718 166 29 bolagsordning
544 719 46 21 med
612 719 74 20 denna
708 718 132 27 förordning
862 717 37 22 och
916 717 56 22 hvad

356 752 35 28 lag
406 753 36 27 för
457 753 67 28 öfrigt
538 753 88 28 stadgar
644 754 57 20 samt
718 752 59 28 eljest
791 751 48 22 skäl
855 752 33 22 till
903 752 70 27 afslag

356 787 44 21 icke
422 787 146 28 förekommer,
586 787 84 28 bifalles
686 786 158 28 ansökningen,
860 786 50 22 dock
925 786 47 21 med

357 821 97 28 uttryckt
475 821 104 28 förbehåll
598 823 34 20 att
646 821 81 28 bolaget
741 823 28 19 är
783 820 95 28 skyldigt
891 820 80 21 under-

356 855 63 22 kasta
433 856 32 28 sig
479 856 115 27 framdeles
617 855 148 28 tilläfventyrs
785 854 88 21 skeende
895 854 75 27 förän-

355 890 94 28 dringar
463 890 10 21 i
487 890 73 21 denna
575 890 136 27 förordning.

416 919 132 33 Ändringar
570 924 51 21 eller
644 924 74 28 tillägg
739 923 10 22 i
771 923 199 28 bolagsordningen,

355 965 44 14 som
415 958 28 27 af
455 958 80 28 bolaget
549 958 98 26 beslutas,
658 957 60 22 skola
729 957 241 22 likaledes
838 953 11 37 i
859 957 111 22 enahanda

355 992 100 27 afseende
470 992 146 22 underställas
630 992 107 21 Senatens
747 991 116 28 pröfning.

413 1021 67 33 Öppet
499 1026 118 28 bankbolag
632 1026 55 21 skall
702 1025 136 28 beträffande
853 1025 117 28 bolagsord-

354 1061 96 28 ningens
471 1061 119 28 intagande
604 1061 10 21 i
628 1061 98 27 offentlig
748 1060 135 28 myndighets
899 1062 73 25 proto-

356 1094 43 22 koll
421 1095 37 22 och
473 1095 141 28 kungörande
629 1095 28 27 af
668 1101 100 15 namnen
778 1095 33 26 på
825 1095 25 20 de
861 1101 109 20 personer,

355 1136 44 14 som
414 1136 38 21 ega
467 1129 14 22 å
496 1129 95 22 bankens
613 1131 85 26 vägnar
720 1129 53 27 ingå
787 1128 59 27 aftal
860 1130 56 20 samt
929 1135 42 15 un-

356 1163 115 22 derteckna
485 1164 45 21 dess
544 1163 148 28 förbindelser,
708 1163 66 21 ställa
789 1163 32 28 sig
831 1163 33 21 till
872 1163 100 27 efterrät-

357 1197 49 22 telse
427 1197 58 22 hvad
499 1198 9 21 i
522 1198 58 21 detta
602 1197 100 28 afseende
726 1204 33 14 om
782 1196 119 29 aktiebolag
914 1197 58 21 stad-

353 1232 54 27 gadt
421 1234 31 21 är.

634 1291 17 24 $
666 1289 22 21 4.

413 1334 68 21 Bank
504 1331 36 24 bör
562 1341 38 21 ega
619 1336 31 19 ett
668 1334 57 26 visst,
742 1333 35 22 uti
792 1333 46 21 dess
854 1333 118 28 bolagsord-

356 1368 57 28 ning
435 1368 105 21 bestämdt
558 1368 165 28 grundkapital.
754 1367 35 27 Af
809 1367 58 21 detta
889 1367 83 27 kapital

355 1402 62 26 skall,
433 1402 37 21 vid
485 1402 103 27 äfventyr
595 1402 25 27 af
630 1402 200 27 bankrättighetens
845 1401 127 28 förverkan-

356 1436 30 26 de,
402 1436 9 21 i
427 1436 84 22 landets
531 1436 103 28 gällande
655 1438 64 26 mynt
737 1435 108 23 inbetalas
864 1436 68 21 minst
945 1442 28 15 en
