1086 1717
353 146 26 21 U.
394 145 23 22 B.
433 157 28 3 —
476 144 65 29 Prop.
558 144 37 22 N:o
613 143 34 23 39.
826 145 26 20 77

123 212 80 22 samhet
225 212 48 21 eller
294 212 9 20 i
324 211 115 27 hastighet;
461 217 50 15 vare
529 210 83 26 straffet
632 210 56 22 böter
704 210 47 21 eller
765 210 94 27 fängelse
874 210 8 21 i
896 212 20 16 10
928 211 95 23 Kapitlet.

125 247 61 27 högst
200 254 37 14 sex
252 246 108 21 månader.

192 280 14 22 2
222 281 19 25 8.
263 280 45 21 Gör
317 280 73 26 någon
399 278 125 28 offentligen
533 279 88 27 gäckeri
632 279 47 21 med
690 279 61 21 Guds
761 279 66 27 heliga
838 278 45 27 ord,

127 316 47 21 eller
192 314 50 22 med
262 314 68 27 något
348 314 8 20 i
375 313 95 22 Finland
485 313 97 27 erkändt,
598 313 82 21 tillåtet
696 313 51 22 eller
762 313 57 21 tåldt
834 312 49 22 reli-

127 348 173 29 gionssamfunds
322 348 53 27 lära,
391 348 126 21 sakrament
532 348 52 21 eller
598 348 102 27 kyrkliga
714 348 66 26 bruk;
797 346 86 22 straffes

127 384 49 22 med
194 383 98 27 fängelse
307 382 8 22 i
330 382 65 28 högst
409 388 38 16 sex
461 382 104 21 månader
580 382 53 22 eller
648 382 62 22 böter
725 382 18 27 ej
761 382 60 21 öfver
836 382 49 22 tvä-

126 418 84 22 hundra
224 418 68 21 mark.

196 452 12 23 3
224 453 20 26 $.
276 454 47 25 1,2
340 451 39 22 och
394 453 12 19 3
422 457 61 16 mom.
499 451 45 22 lika
558 451 49 22 med
620 451 51 22 nåd.
686 457 60 21 prop.

194 487 98 22 Hindrar
311 487 48 20 eller
378 488 45 19 stör
441 487 72 25 någon
528 486 141 27 uppsåtligen,
682 487 33 25 pä
729 487 45 20 sätt
788 488 7 19 i
810 487 12 19 1
837 485 48 22 eller

129 524 14 19 3
153 529 62 14 mom.
227 524 57 25 sägs,
295 521 174 27 veligionsöfning
479 521 36 20 vid
525 521 81 20 enskild
612 521 177 25 sammankomst;
799 520 86 26 straffes

127 557 47 21 med
194 555 95 28 fängelse
311 556 19 26 e&
352 555 57 27 öfver
431 555 46 21 åtta
500 554 102 22 månader
624 555 48 20 eller
695 555 55 21 böter
765 555 60 26 högst
845 557 40 18 tre-

128 591 82 21 hundra
226 590 64 21 mark.

197 624 15 22 4
228 625 20 26 s.
278 624 68 27 Hvar,
361 629 45 16 som
425 629 77 22 genom
517 623 75 28 tvång,
608 623 59 27 svek,
684 622 67 28 gåfva
767 623 51 21 eller
833 622 53 22 löfte

128 666 34 15 om
176 659 70 27 timlig
261 658 70 22 fördel
346 658 81 22 förmår
441 658 91 21 medlem
546 658 25 21 af
583 658 69 27 något
661 658 8 21 i
679 657 94 22 Finland
787 657 98 27 erkändt,

127 693 82 22 tillåtet
232 693 52 22 eller
305 693 57 22 täldt
382 692 202 28 religionssamfund
604 694 34 19 att
656 691 91 28 öfvergå
766 692 34 21 till
815 686 76 27 annan

128 728 98 27 troslära,
242 727 52 22 eller
309 734 77 21 genom
400 727 41 27 dop
451 727 53 22 eller
514 733 71 17 annan
596 727 80 27 ätgärd
685 726 112 22 befordrar
807 727 80 28 nägon,

129 769 45 15 som
189 763 19 27 ej
224 762 42 27 fylt
282 763 86 21 aderton
383 763 31 26 är,
429 761 35 22 till
479 761 137 28 upptagning
631 761 7 21 i
653 767 71 15 annan
739 761 46 21 lära
801 763 28 19 än
839 761 48 25 den,

135 797 7 21 i
157 797 90 22 hvilken
266 797 42 20 han
328 797 39 20 bör
379 796 130 27 uppfostras,
525 795 85 22 straffes
624 795 49 22 med
688 795 98 28 fängelse
801 795 7 21 i
823 795 64 27 högst

130 831 39 22 tvä
183 831 25 21 är
224 831 52 21 eller
290 831 63 21 böter
368 831 19 27 ej
403 831 68 21 under
485 830 73 22 femtio
574 830 68 21 mark.

199 867 13 20 2
228 865 39 22 och
283 867 12 19 3
310 871 61 16 mom.
387 865 46 21 lika
447 865 49 21 med
511 865 50 22 näd.
577 871 60 20 prop.

199 899 13 22 5
228 899 19 29 8.
277 900 31 21 Af
321 900 46 21 lika
381 899 82 28 lydelse
479 906 44 15 som
539 899 7 22 i
561 899 49 22 näd.
627 905 60 21 prop.

435 1003 38 21 11
488 1003 101 26 Kap.

405 1055 37 22 Om
457 1054 163 29 högförräderi.

201 1107 9 21 1
226 1107 19 26 $.
276 1107 58 21 Lika
348 1107 49 21 med
412 1107 49 21 näd.
477 1113 60 20 prop.

201 1140 13 22 2
231 1143 19 24 $.
280 1141 68 28 Hvar,
365 1147 50 22 som,
431 1141 8 21 i
455 1142 87 26 uppsåt:

202 1177 20 20 1.
238 1177 34 20 att
286 1175 91 22 beröfva
391 1175 107 28 Kejsaren
509 1176 38 21 och
558 1175 133 22 Storfursten
702 1174 99 27 friheten,
812 1173 78 28 bringa

133 1210 77 21 honom
232 1209 8 22 i
261 1209 96 22 fiendens
376 1210 58 27 våld,
455 1209 122 22 fränhända
596 1210 76 21 honom
687 1209 135 28 regeringen,
838 1208 53 22 eller

133 1245 54 26 göra
201 1244 76 21 honom
292 1244 34 21 till
341 1244 101 27 utöfning
457 1244 64 22 deraf
534 1243 133 28 oförmögen;

202 1280 20 20 2.
246 1281 31 19 att
298 1279 84 21 minska
404 1279 107 21 Finlands
533 1279 47 21 eller
601 1279 147 27 Kejsardömet
769 1277 122 29 Rysslands

135 1314 93 26 område,
241 1314 47 20 eller
299 1314 63 27 lägga
369 1315 72 26 någon
449 1314 33 21 del
491 1314 63 27 deraf
556 1314 67 21 under
630 1314 132 26 främmande
769 1313 68 25 makt;
845 1312 48 22 eller

203 1349 20 19 3.
246 1349 34 20 att
302 1348 110 28 olagligen
433 1348 111 27 upphäfva
557 1348 53 22 eller
624 1347 70 22 ändra
708 1346 105 23 Finlands
828 1347 65 21 stats-

135 1381 62 22 skick
212 1381 53 22 eller
279 1382 57 22 finsk
350 1382 114 28 grundlag,
479 1383 53 21 eller
546 1382 142 22 statsskicket
697 1382 8 21 i
715 1380 114 28 Ryssland,
841 1380 52 22 eller

135 1417 34 20 att
183 1416 65 27 bryta
263 1416 104 22 Finlands
381 1416 100 28 förening
491 1417 49 21 med
549 1416 157 28 Kejsardömet,
718 1416 52 22 eller
781 1416 34 21 att
825 1415 68 21 rubba

135 1450 42 22 den
192 1450 117 22 faststälda
323 1451 120 27 ordningen
457 1451 35 21 för
506 1450 142 28 tronföljden;
