1086 1717
419 150 54 27 Prop.
489 149 32 21 N:o
536 148 30 22 34.
811 148 28 22 43

119 207 215 27 destilleringsverket
356 209 23 19 är
400 207 91 29 .beläget,
515 208 55 20 samt
587 206 47 22 frän
649 206 66 27 parti-
737 206 40 22 och
792 206 77 21 minut-

118 242 78 22 handel
217 242 34 21 för
271 241 88 27 forsling
376 242 58 21 inom
453 241 41 21 den
513 241 55 26 stad,
586 241 38 21 der
642 240 93 22 handeln
753 240 68 26 idkas,
836 240 34 21 till

120 276 54 22 huru
188 278 45 19 stor
248 276 125 26 myckenhet
387 282 47 15 som
449 275 62 26 helst,
527 275 49 22 med
586 274 70 22 vilkor
667 276 33 20 att
711 274 73 28 saltsjö
796 274 73 22 dervid

119 310 48 22 icke
181 310 90 22 befares.

187 345 20 21 3.
236 345 42 21 Vid
293 351 70 15 annan
376 344 90 26 forsling
481 344 52 21 eller
548 344 139 26 försändning
702 343 23 21 af
737 343 90 21 bränvin
842 345 27 20 än

119 378 8 22 i
141 384 63 17 mom.
221 381 10 19 1
249 379 39 21 och
303 380 13 20 2
330 379 39 21 här
384 379 63 21 ofvan
463 380 24 19 är
503 378 85 26 nämnd,
608 378 55 21 skall
682 378 111 21 bränvinet
808 378 61 21 ätföl-

117 414 34 27 jas
166 414 23 22 af
201 414 140 26 förpassning.

187 449 21 21 4.
236 448 34 21 De
287 448 7 21 i
313 454 62 15 mom.
395 449 13 20 2
427 447 40 22 och
489 448 14 21 3
526 447 139 22 omförmälda
687 446 182 27 ursprungsbevis,

120 483 105 22 certifikat
244 482 39 21 och
302 482 159 27 förpassningar
478 482 61 21 skola
558 483 94 26 upptaga
671 481 136 21 afsändarens
831 481 39 22 och

119 518 105 27 köparens
243 517 51 21 eller
312 518 156 25 emottagarens
486 523 65 14 namn
570 516 40 21 och
629 516 97 25 hemvist,
749 515 121 21 bränvinets

119 552 79 27 mängd
212 551 40 22 och
267 551 73 27 styrka
354 552 55 20 samt
422 552 61 20 orten
495 551 32 21 dit
539 551 118 21 detsamma
668 550 54 21 skall
731 549 138 26 framskaffas,

120 586 108 22 äfvensom
244 591 26 16 en
285 585 53 22 efter
353 585 108 22 afständet
475 585 86 27 lämpad
576 585 38 26 tid,
630 584 121 22 hvarunder
762 584 62 21 dessa
835 584 36 21 be-

121 621 31 21 vis
167 620 39 21 och
222 619 157 28 förpassningar
395 621 36 20 äro
447 619 105 27 gällande.

461 676 12 28 8
489 677 34 21 30.

190 718 19 21 1.
239 717 181 27 Ursprungsbevis
440 717 96 20 utfärdas
554 717 23 20 af
592 716 224 22 bränvinstillverkare
831 715 40 21 och

121 751 215 27 destilleringsidkare
358 751 13 21 &
393 757 53 21 egen
461 751 144 26 tillverkning,
628 757 48 15 men
694 750 46 22 icke
759 750 13 21 &
789 749 82 22 mindre

120 786 78 27 belopp
214 787 26 19 än
256 785 60 22 desse
331 791 38 21 ega
384 787 43 19 rätt
442 786 32 20 att
489 785 93 27 försälja.
641 781 10 12 =

190 821 20 20 2.
241 819 111 22 Certifikat
365 819 93 27 utgifves
473 819 97 22 deremot
584 819 24 21 af
621 819 53 26 dem,
686 819 72 21 hvilka
769 819 66 26 enligt
846 818 25 27 $$

121 855 44 25 3,7
181 854 39 21 och
236 854 13 21 9
264 854 111 21 innehafva
389 854 103 27 rättighet
507 855 32 20 att
553 853 87 28 försälja
654 853 95 26 bränvin,
761 853 28 21 dä
800 853 72 27 belop-

123 889 42 27 pet,
181 894 45 15 som
242 888 95 27 afyttras,
354 888 125 27 öfverstiger
494 887 36 22 tvä
546 887 40 22 och
601 894 26 15 en
642 887 46 22 half
701 887 88 22 kannor.

465 945 12 28 $
493 945 34 22 31.

196 988 18 20 1.
243 987 47 21 Den
305 986 8 21 i
328 986 11 27 $
355 986 26 21 29
397 991 63 16 mom.
476 986 13 21 3
509 985 92 22 nämnda
615 985 134 27 förpassning
768 984 104 21 utfärdas:

192 1022 20 26 a)
232 1021 28 21 då
276 1021 114 26 forslingen
410 1020 50 21 sker
478 1020 74 21 utmed
570 1020 103 26 landsväg
688 1019 51 22 eller
751 1019 94 27 jernväg,
861 1018 12 21 å

122 1055 61 28 insjö,
202 1055 30 22 elf
248 1055 51 21 eller
318 1056 65 19 annat
401 1054 134 27 vattendrag,
551 1054 27 27 pä
592 1054 73 21 landet
680 1054 23 21 af
715 1053 159 22 vederbörande

123 1089 125 26 kontrollör,
268 1089 131 26 kronofogde
419 1089 51 20 eller
489 1089 96 20 länsman
601 1089 7 20 i
627 1090 68 24 orten,
711 1087 106 22 hvarifrän
832 1087 41 21 för-

123 1124 131 26 sändningen
270 1123 64 27 afgår,
352 1123 39 21 och
405 1123 8 20 i
428 1123 49 20 stad
488 1123 23 20 af
521 1122 161 22 vederbörande
693 1122 129 25 kontrollör;
834 1121 40 21 och

192 1157 20 26 b)
228 1163 34 16 om
277 1157 116 26 forslingen
408 1157 126 21 verkställes
552 1157 13 21 &
584 1157 80 26 saltsjö,
679 1156 23 21 af
715 1156 158 24 tullkammare;

123 1192 56 21 dock
196 1191 41 27 mä,
256 1191 38 22 der
311 1191 89 26 forsling
420 1191 23 21 af
459 1191 91 21 bränvin
569 1191 13 21 &
597 1191 73 27 saltsjö
686 1191 49 21 sker
749 1190 48 21 från
812 1190 62 21 brän-

123 1226 46 21 neri
184 1226 51 21 eller
250 1225 193 27 destilleringsverk
458 1225 19 32 &
482 1225 79 26 landet,
573 1225 86 22 hvarest
669 1225 148 21 tullkammare
827 1224 48 21 icke

123 1260 73 26 finnes,
215 1259 33 22 till
267 1259 128 27 närbelägen
414 1259 48 21 stad
481 1260 50 21 med
549 1259 213 28 passagerarefartyg,
778 1265 46 15 som
839 1259 36 20 be-

124 1301 79 21 gagnas
217 1294 33 22 till
265 1294 146 27 regelbundna
425 1296 60 20 turer
500 1294 86 28 inrikes
596 1296 57 20 orter
668 1294 96 26 emellan,
783 1294 92 26 förpass-

123 1329 51 26 ning
188 1328 13 22 å
216 1328 66 22 sådan
301 1328 143 27 försändning
456 1328 96 22 utfärdas
568 1329 23 21 af
604 1328 124 26 kontrollör,
744 1328 132 26 kronofogde

125 1364 51 21 eller
191 1363 96 21 länsman
301 1363 8 21 i
324 1363 39 21 den
379 1364 40 24 ort,
436 1362 38 22 der
489 1363 123 21 bränneriet
627 1363 51 21 eller
689 1362 187 26 destilleringsver-

125 1398 37 21 ket
177 1399 24 19 är
215 1397 91 27 beläget.
696 1399 22 19 a

192 1432 20 21 2.
242 1431 42 21 För
306 1431 137 21 utfärdandet
465 1431 23 21 af
508 1432 134 26 förpassning
664 1432 23 20 af
703 1431 89 21 bränvin
811 1430 66 26 enligt

125 1465 177 27 nästföregäende
317 1472 63 14 mom.
396 1465 55 21 skall
466 1466 183 26 ursprungsbevis,
665 1466 90 26 utgifvet
767 1465 22 21 af
798 1465 79 21 tillver-
