1086 1717
249 141 29 22 80
552 140 40 22 N:o
606 140 36 22 36.

288 205 14 20 2
316 205 18 26 8.
364 203 101 22 Kommer
486 203 105 27 gäldenär
606 203 8 21 i
628 202 203 27 konkurstillständ,
847 204 40 22 och
904 204 70 21 finnes

219 238 45 22 han
278 238 75 22 hafva:

291 274 18 20 1.
332 273 49 21 med
399 272 124 21 kännedom
539 278 34 15 om
588 272 33 21 sin
636 271 112 28 oförmäga
762 274 33 20 att
810 273 54 27 göra
883 274 43 20 rätt
941 273 35 21 för

220 307 40 27 sig,
275 313 78 21 genom
374 306 65 28 gäfva
461 306 53 21 eller
536 313 74 14 annan
625 306 84 28 ätgärd,
725 313 46 15 som
785 306 34 22 till
834 307 33 21 sin
881 306 54 28 följd
950 308 27 20 är

220 342 88 20 dermed
321 340 115 28 jemförlig,
451 340 95 22 afhändt
560 340 32 28 sig
606 341 54 27 gods
676 340 24 22 af
713 341 36 21 det
759 342 73 25 värde,
843 341 52 21 eller
904 341 72 27 ingätt

218 375 132 21 förbindelse
365 374 33 22 för
412 375 79 21 sädant
509 374 86 28 belopp,
611 377 33 19 att
659 374 161 28 borgenärerna
835 375 62 22 deraf
910 375 66 22 hafva

220 409 53 22 eller
288 409 83 21 kunnat
387 409 64 21 hafva
466 408 96 29 betydlig
577 408 77 26 skada;

289 445 18 20 2.
332 445 66 20 sedan
420 443 44 22 han
483 443 51 28 sjelf
554 443 49 22 sökt
621 446 33 19 att
669 443 22 22 fä
706 443 87 22 afträda
813 444 33 21 sin
862 445 113 26 egendom,

220 478 53 21 eller
287 478 116 27 borgenärs
423 477 121 28 ansökning
560 485 34 14 om
610 477 54 22 hans
679 477 146 28 förpligtande
841 479 71 21 dertill
927 479 48 21 blif-

220 513 31 20 vit
266 513 80 21 honom
360 512 87 27 kunnig,
464 512 84 21 utöfver
566 513 98 20 nödtorft
678 512 77 22 försält
770 513 52 21 eller
837 513 137 28 uppsåtligen

220 546 89 22 förstört
331 547 52 21 eller
404 546 128 22 annorledes
554 546 132 28 förskingrat
708 547 67 27 nägot
793 547 25 22 af
831 548 143 27 egendomen;

220 581 53 22 eller

290 617 19 20 3.
332 616 115 27 ådagalagt
462 615 88 22 tredska
565 615 131 28 derigenom,
707 618 32 19 att
749 616 44 21 han
803 617 76 26 vägrat
890 616 86 27 aflägga

220 650 149 27 gäldenärsed,
385 650 52 21 eller
456 647 100 24 meddela
578 649 161 28 borgenärerna
753 651 81 27 nödiga
849 651 126 27 upplysnin-

220 691 40 21 gar
275 691 35 15 om
324 685 57 25 boet,
397 685 46 26 och,
459 685 67 21 sedan
541 685 43 21 han
600 685 79 26 derför,
695 685 66 27 enligt
775 685 42 27 lag,
833 685 73 21 hällits
921 685 53 21 häk-

220 720 39 20 tad
274 719 52 22 eller
341 719 78 27 bysatt,
435 719 94 21 fortfarit
549 719 1 20 i
566 725 82 15 samma
663 719 97 26 tredska;

289 754 73 25 varde,
378 754 37 21 der
429 753 44 22 han
489 753 18 28 ej
525 753 83 28 styrker
623 756 33 19 att
670 753 44 22 han
729 753 33 22 till
772 753 53 22 fullo
836 753 81 28 förnöjt
928 754 46 21 sine

220 787 138 28 borgenärer,
373 787 89 22 straffad
483 789 71 20 såsom
572 788 82 27 oredlig
672 788 105 27 gäldenär
792 789 49 20 med
856 787 96 28 fängelse
967 788 8 21 i

220 821 64 28 högst
299 823 37 20 tvä
350 823 30 20 är.

290 857 12 20 3
319 857 17 26 8.
366 856 45 21 Har
425 856 105 27 gäldenär
545 856 90 21 kommit
650 856 8 21 i
672 856 203 27 konkurstillständ,
883 856 39 21 och
934 856 39 21 fin-

220 897 39 14 nes
274 890 44 22 han
333 890 73 22 hafva:

291 925 17 21 1.
332 924 33 21 till
383 925 37 20 sitt
438 924 85 22 hushäll
543 924 53 21 eller
618 925 47 21 sina
687 924 124 27 personliga
833 924 88 27 utgifter
936 931 38 14 an-

219 959 74 26 vändt,
310 959 51 21 eller
375 960 29 26 pä
419 959 46 27 spel
481 959 51 21 eller
547 961 68 19 annat
634 959 88 20 dermed
741 958 120 27 jemförligt
883 958 92 27 företag,

219 993 65 21 hvars
299 994 81 25 utgäng
399 993 138 21 uteslutande
552 993 71 21 berott
638 993 24 21 af
675 993 138 26 tillfällighet,
830 992 52 21 eller
897 999 77 20 genom

218 1027 92 27 vingleri
325 1027 8 20 i
348 1027 146 26 vexelrörelse,
511 1027 52 21 eller
578 1027 122 27 lättsinnigt
718 1027 108 27 ingängen
842 1026 132 22 ansvarsför-

218 1061 98 22 bindelse
331 1061 90 21 förlorat
436 1061 86 27 belopp,
538 1067 45 15 som
598 1061 48 21 icke
662 1062 53 20 stått
725 1061 7 20 i
743 1061 80 27 skäligt
838 1060 138 22 förhållande

218 1095 33 21 till
266 1095 56 22 hans
336 1095 102 28 ställning
454 1095 40 22 och
509 1095 125 27 tillgångar;

287 1131 20 20 2.
327 1131 37 20 der
379 1130 43 21 han
437 1129 61 22 idkat
513 1129 80 22 handel
609 1129 52 22 eller
676 1136 73 15 annan
764 1129 84 27 näring,
860 1129 113 22 hvaröfver

217 1163 39 22 bör
272 1163 70 22 hållas
357 1163 47 27 bok,
421 1164 18 27 ej
457 1163 135 28 ordentligen
608 1163 97 28 fullgjort
720 1163 151 27 bokföringen;

287 1199 19 20 3.
329 1199 66 20 sedan
410 1198 44 21 han
469 1197 90 22 kommit
574 1198 29 27 på
618 1198 78 21 sådant
707 1197 111 26 obestånd,
827 1199 33 19 att
870 1197 43 21 han
924 1197 49 21 bort

216 1232 54 26 inse,
287 1235 32 18 att
334 1232 42 21 han
392 1233 19 26 ej
427 1232 74 21 kunde
519 1239 53 20 göra
590 1233 44 20 rätt
648 1231 34 22 för
697 1231 39 28 sig,
751 1238 78 21 genom
845 1231 128 28 försäljning

217 1267 25 20 af
254 1273 64 15 varor
332 1267 33 21 till
380 1267 123 27 uppenbart
518 1267 114 27 underpris
648 1266 53 21 eller
715 1266 30 28 på
759 1268 68 19 annat
840 1266 77 21 sådant
928 1267 48 20 sätt

216 1301 77 21 beredt
308 1302 33 26 sig
356 1301 206 27 penningetillgång,
583 1301 57 26 eller,
656 1301 7 21 i
678 1300 64 27 afsigt
761 1302 32 19 att
808 1300 96 27 fördröja
919 1300 53 21 kon-

216 1335 92 22 kursens
322 1336 136 26 inträdande,
474 1335 88 22 fortsatt
576 1334 95 22 handeln
687 1334 52 22 eller
755 1334 104 27 näringen
874 1334 40 21 och
924 1335 47 20 der-

216 1370 70 21 under
300 1370 107 27 upplånat
422 1370 121 27 penningar
557 1369 53 22 eller
624 1376 72 18 varor;

286 1405 19 20 4.
329 1405 68 21 under
412 1405 27 21 de
455 1405 52 21 sista
521 1404 75 21 trettio
612 1404 95 27 dagarne
722 1402 45 22 före
777 1402 135 22 konkursens
923 1402 49 21 bör-

212 1439 40 27 jan
268 1439 94 27 indragit
377 1439 128 27 penningar,
522 1438 101 27 mottagit
638 1444 69 19 varor,
723 1437 53 21 eller
789 1436 103 28 föryttrat
907 1442 67 22 egen-
