1086 1717
437 130 40 22 N:o
491 128 35 22 36.
805 130 26 21 63

103 192 67 21 skönt
192 192 36 21 det
243 194 66 25 tagna
328 192 127 27 öfverstiger
470 192 37 20 det
522 191 85 27 belopp,
623 198 47 14 som
685 191 7 21 i
707 192 13 20 1
736 192 11 26 $
763 192 95 25 nämnes,

105 233 50 15 men
171 227 80 21 ersätte
266 226 90 26 skadan,
372 234 35 14 om
423 226 154 26 mälseganden
593 226 37 20 det
644 225 91 22 fordrar.

175 268 12 20 3
203 268 17 25 8.
251 266 69 28 Tager
343 267 72 27 nägon
431 266 48 21 frän
494 266 110 26 trädgärd,
619 266 131 26 kryddgärd,
766 265 53 21 äker
834 266 27 21 el-

105 301 32 21 ler
159 308 73 14 annan
255 300 110 27 inhägnad
381 300 110 22 fruktträd
505 300 52 21 eller
572 299 157 22 fruktbärande
744 300 73 26 buske,
834 300 27 21 el-

105 334 33 22 ler
161 336 65 26 nägot
250 334 67 26 deraf,
334 334 52 22 eller
399 334 116 28 jordfrukt,
532 334 44 26 säd,
592 335 50 26 gräs
657 334 53 21 eller
725 336 74 24 annat,
815 341 45 15 som

105 370 14 20 å
135 370 78 21 sådant
229 369 71 22 ställe,
316 369 51 21 eller
383 370 13 20 å
411 370 44 26 äng
469 368 52 22 eller
537 375 72 15 annan
626 368 74 28 odling
715 370 24 19 är
749 369 49 21 sädt
809 368 52 22 eller

105 403 134 28 planteradt;
262 403 92 25 straffes,
374 403 55 21 efter
451 410 46 14 som
513 402 66 22 saken
594 404 25 20 är
635 402 38 25 till,
689 402 34 22 för
737 402 57 22 stöld
809 403 51 21 eller

105 438 97 21 snatteri.

175 478 46 27 Lag
244 485 82 14 samma
346 484 57 15 vare.
423 484 34 14 om
473 478 70 26 nägon
559 477 48 21 frän
623 484 85 14 annans
723 477 62 21 mark
799 479 61 25 tager

107 512 134 28 upphuggen
263 513 47 24 ved,
332 512 90 25 timmer,
439 511 91 27 gärdsel,
545 512 87 27 huggen
647 514 54 23 sten,
718 511 52 21 eller
785 514 74 22 annat,

107 554 47 15 som
169 548 25 20 är
208 546 33 21 till
256 546 56 21 bruk
327 546 76 21 beredt
419 545 51 21 eller
485 545 99 22 samladt.

175 588 14 19 4
204 588 17 25 8.
252 586 64 26 Hvar,
334 593 44 14 som
394 586 13 21 å
423 592 84 15 annans
521 585 62 22 mark
601 585 100 28 olofligen
712 585 86 28 svedjar
809 585 51 22 eller

107 621 80 28 kyttar,
202 621 50 20 böte
268 621 62 26 högst
346 620 127 21 femhundra
488 620 68 21 mark.

175 660 51 21 Blef
246 661 66 26 nägot
335 661 37 20 der
391 661 59 24 sädt;
467 659 83 22 tillfalle
565 660 83 27 grödan
664 659 52 22 eller
731 661 49 20 dess
794 660 65 21 värde

103 695 139 28 jordegaren,
258 695 39 20 der
312 695 18 27 ej
348 694 136 21 annorlunda
499 695 24 20 är
539 694 101 21 särskildt
654 695 109 26 stadgadt.

175 736 13 19 5
204 736 16 25 8.
250 735 56 25 Den,
328 741 45 14 som
397 733 98 28 olofligen
518 733 87 28 bygger,
622 733 93 28 gräfver,
734 734 75 27 plöjer,
825 734 35 21 sår

107 769 53 22 eller
182 769 112 27 planterar
316 769 12 20 å
350 775 85 14 annans
457 768 67 26 mark,
546 768 52 21 eller
612 768 84 27 intager
711 769 66 26 något
792 768 66 25 deraf,

106 803 50 22 böte
171 803 63 27 högst
249 803 122 21 tvåhundra
385 803 68 20 mark.

175 843 87 21 Grödan
284 843 52 21 eller
354 844 37 19 det
408 843 133 27 planterade,
558 841 52 22 eller
625 843 48 20 dess
688 843 72 26 värde,
775 842 85 21 tillfalle

107 879 49 26 den,
172 885 46 14 som
232 877 94 27 lagligen
341 877 91 21 innebar
447 877 96 21 marken.

175 913 12 19 6
203 913 17 26 8.
251 912 46 21 Har
312 913 48 24 den,
376 919 45 13 som
437 911 80 22 brukar
533 911 51 22 eller
600 911 90 22 besitter
706 918 82 15 annans
801 911 57 28 jord,

106 946 95 22 derifrån
224 946 100 27 olofligen
347 946 41 21 sålt
407 946 52 21 eller
475 946 127 21 annorledes
618 945 91 28 afyttrat
724 947 72 25 något,
813 953 44 14 som

104 981 8 21 i
129 982 8 19 1
163 982 10 25 $
196 982 96 25 nämnes,
308 981 52 20 eller
374 987 76 20 genom
467 981 83 26 åtgärd,
566 987 46 14 som
628 981 38 20 der
680 981 55 26 sägs,
752 980 63 28 eljest
830 981 29 20 öf-

105 1015 114 22 verskridit
235 1015 33 21 sin
284 1015 158 28 nyttjanderätt
457 1015 33 21 till
503 1015 86 27 jorden;
606 1015 84 21 straffes
706 1015 32 20 för
756 1014 101 22 åverkan.

173 1049 46 21 Har
240 1049 44 22 han
306 1050 14 21 å
335 1051 67 20 sådan
422 1049 61 22 mark
499 1052 53 19 utan
567 1049 33 22 lof
612 1049 84 28 svedjat
712 1049 51 21 eller
778 1049 79 28 kyttat;

105 1084 66 21 varde
186 1085 82 20 ansedd
284 1084 54 21 efter
352 1085 14 20 4
376 1085 17 26 $.

173 1119 12 18 7
202 1119 16 26 8.
250 1118 45 21 Har
310 1118 99 27 delegare
424 1118 7 21 i
446 1118 94 21 samfäld
555 1118 53 27 skog
624 1118 52 21 eller
691 1118 61 21 mark
763 1117 94 22 derifrån

105 1152 100 27 olofligen
221 1152 42 21 sålt
278 1152 53 21 eller
345 1152 90 28 afyttrat
449 1152 58 22 hvad
521 1153 7 20 i
544 1153 32 26 1$
587 1154 95 25 nämnes,
694 1152 51 21 eller
757 1153 37 20 der
804 1155 53 18 utan

103 1186 34 22 lof
157 1187 83 26 svedjat
263 1187 52 21 eller
336 1186 79 28 kyttat,
438 1187 52 21 eller
510 1187 62 27 eljest
592 1187 137 21 öfverskridit
743 1187 34 20 sin
793 1186 64 21 rätti

103 1220 185 27 samfälligheten;
305 1221 84 21 straffes
404 1222 49 20 med
468 1221 62 22 böter
544 1221 64 28 högst
623 1221 128 22 femhundra
767 1221 68 21 mark.

171 1255 42 20 Det
234 1255 116 28 åverkade,
365 1255 53 22 eller
432 1257 83 25 grödan
531 1256 55 21 efter
600 1257 61 24 sådd,
679 1256 52 21 eller
745 1257 38 20 det
797 1255 60 28 plan-

101 1290 82 24 terade,
206 1289 52 21 eller
278 1291 76 20 värdet
369 1289 67 27 deraf,
453 1290 84 22 tillfalle
553 1290 67 28 öfrige
636 1290 98 28 delegare
750 1290 7 21 i
773 1289 84 23 samfäl-

101 1323 101 28 ligheten.

170 1358 12 20 8
198 1359 18 25 $.
247 1358 53 25 Den,
324 1365 45 14 som
391 1358 138 28 uppsåtligen
551 1361 53 19 utan
619 1359 33 21 lof
664 1359 87 27 släpper
767 1359 88 21 kreatur

101 1392 30 27 på
153 1398 85 15 annans
261 1399 57 20 egor,
342 1392 83 22 straffes
445 1394 50 20 med
510 1393 61 21 böter
586 1394 62 26 högst
664 1393 191 22 etthundrafemtio

100 1425 68 23 mark.
