1086 1717
251 156 53 20 12.
353 166 5 5 -
527 154 51 27 Prop.
593 154 31 21 N:o
638 153 31 22 34.

220 218 7 20 i
243 218 49 20 stad
310 218 24 21 af
349 217 116 27 behörigen
486 217 150 22 tillförordnad
658 217 207 27 magistratsperson,
885 216 51 21 eller
954 215 23 22 af

205 252 2 2 *
220 252 157 26 ordningsman,
393 253 56 19 samt
464 251 13 21 å
490 251 74 21 landet
582 251 24 22 af
619 252 73 20 ortens
706 250 166 22 kronolänsman
887 250 95 26 besigti--

219 286 53 26 gadt
287 285 39 21 och
342 285 73 22 dervid
429 285 109 21 befunnits
553 291 52 16 vara
620 284 109 26 inrättadt,
745 284 28 27 på
788 286 43 20 sätt
846 284 7 21 i
864 284 111 27 ordnings-

219 320 91 26 stadgan
325 321 22 19 är
353 318 62 23 eller
431 319 112 22 framdeles
558 319 42 21 kan
615 319 66 21 blifva
695 318 132 22 förordnadt.

568 404 11 28 8
596 405 34 22 10.

277 457 30 20 +1.
337 456 42 21 Vill
393 456 123 21 tillverkare
527 451 46 27 före
584 457 41 20 den
637 457 106 20 allmänna
754 455 219 27 tillverkningstidens

217 490 81 27 utgäng
312 491 49 20 med
375 490 155 27 handteringen
545 491 103 27 upphöra,
668 491 82 20 anmäle
765 491 73 20 derom
853 489 119 27 skriftligen

216 525 66 20 minst
296 525 43 21 fem
354 525 66 26 dagar
434 525 58 21 förut
506 525 40 21 hos
561 525 13 20 &
588 525 72 21 stället
675 525 160 27 tjenstgörande
846 524 124 25 kontrollör,

216 559 87 21 hvilken
319 559 79 27 äligger
417 561 32 19 att
467 559 70 22 lemna
555 559 137 22 tillverkaren
711 559 58 21 bevis
785 559 59 21 öfver
859 560 32 20 att
905 558 67 21 sädan

216 593 100 22 anmälan
334 593 58 22 skett
409 595 56 20 samt
482 593 151 28 ofördröjligen
651 593 98 22 meddela
770 593 138 27 länestyrelse
930 592 39 21 och

216 627 178 21 öfverkontrollör
416 627 83 27 uppgift
522 633 33 16 om
574 627 66 26 tiden,
660 627 27 22 dä
704 627 7 21 i
730 627 115 26 anledning
867 627 24 21 af
905 626 65 21 sådan

216 661 99 21 anmälan
329 661 164 27 tillverkningen
507 661 97 22 kommer
619 663 32 20 att
666 662 95 21 afslutas.

284 696 20 21 2.
334 696 11 21 1
360 695 105 27 bränneri,
481 696 38 21 der
529 696 164 27 tillverkningen
705 696 90 21 sälunda
805 695 70 22 blifvit
886 695 85 22 anmäld

215 731 32 20 att
262 730 103 27 upphöra,
385 730 34 21 mä
438 730 41 21 den
497 730 47 21 icke
562 730 54 21 efter
636 730 41 21 den
692 731 81 20 utsatta
787 730 59 21 tiden
862 736 39 20 ega
915 735 53 21 rum,

214 765 52 19 utan
282 763 89 28 förnyad
385 765 98 20 anmälan
499 770 45 15 som
559 764 7 21 i
582 764 11 27 $
617 765 5 21 6
637 770 63 15 mom.
716 765 13 20 3
744 764 63 27 sagdt
822 766 30 19 är.

563 850 12 27 8
592 851 33 20 11.

284 901 40 21 Om
340 902 84 21 anmäld
442 901 238 28 -bränvinstillverkning
698 902 19 27 ej
732 901 107 27 företages
854 901 56 21 inom
926 901 42 22 fem

213 935 206 28 tillverkningsdygn
441 935 54 22 efter
517 936 40 21 den
580 937 6 20 i
609 933 104 24 anmälan
733 935 102 28 uppgifna
856 935 39 26 tid,
918 936 51 21 eller

213 969 238 28 bränvinstillverkning
473 970 97 27 afbrytes
592 972 53 19 utan
664 965 67 26 sådan
749 970 105 26 anmälan,
873 976 46 15 som
934 970 7 21 i
956 969 22 28 $-

214 1003 27 21 10
256 1003 141 26 omförmäles,
414 1004 39 21 och
469 1004 18 27 ej
503 1004 57 21 inom
576 1006 34 19 tre
627 1004 212 27 tillverkningsdygn,
855 1005 37 20 det
906 1004 62 21 oräk-

212 1037 59 26 nadt,
287 1037 121 22 hvarunder
422 1038 105 22 afbrottet
541 1038 86 27 skedde,
643 1039 54 27 änyo
713 1038 113 27 företages,
842 1039 80 26 äligger
932 1039 36 21 det

211 1071 225 22 bränvinstillverkare
454 1074 33 20 att
505 1073 69 21 säsom
592 1073 118 26 ersättning
728 1073 33 21 till
776 1073 83 21 kronan
873 1073 95 21 leverera

211 1105 33 21 till
263 1105 163 22 landtränteriet
440 1105 221 23 kontröllörsarvodet
675 1107 34 21 för.
725 1107 49 21 hela
792 1107 41 21 den
848 1107 42 44 tid,
905 1107 63 21 hvar-

211 1139 69 22 under
294 1139 137 28 tillverkning
445 1140 90 22 sålunda
548 1140 48 22 icke
611 1141 101 22 utöifvats.

558 1229 12 28 8
587 1231 33 20 12.

278 1274 64 27 Öfver
361 1281 153 27 anmälningar,
534 1287 45 16 som
594 1282 66 27 enligt
676 1282 11 28 $
703 1283 13 21 6
731 1282 33 22 till
779 1283 138 27 länestyrelse
932 1283 32 20 in-

206 1312 94 27 komma,
315 1314 69 21 lemne
399 1315 69 21 denne
483 1316 32 20 till
530 1316 179 22 öfverkontrollör
723 1316 139 27 erforderliga
872 1316 92 22 förteck-

206 1347 78 26 ningar
302 1348 67 26 jemte
387 1349 87 27 uppgift
493 1350 12 20 &
524 1350 26 21 de
564 1357 109 21 personer,
692 1351 23 21 ät
734 1350 73 22 hvilka
824 1350 138 22 kontrollörs-

206 1380 148 28 befattningen
369 1382 70 22 blifvit
454 1384 132 21 anförtrodd.

205 1424 3 7 ,
