1086 1717
405 148 56 27 Prop.
471 147 32 23 N:o
517 148 31 21 34.
797 150 28 21 27

99 210 127 27 författning
248 216 50 21 eger
320 210 158 26 undersökning
493 210 97 26 anställa,
605 210 95 23 tillträde
715 211 34 21 till
762 218 48 14 rum
825 211 29 21 el-

98 244 33 22 ler
145 244 105 28 byggnad,
265 244 38 21 der
318 244 66 26 enligt
403 244 6 28 $
425 245 27 21 66
467 244 160 27 undersökning
642 245 38 21 ske
694 245 41 26 mä,
751 251 50 15 vare
815 245 39 21 bot

98 278 48 21 frän
161 278 39 22 och
215 278 49 22 med
278 278 120 21 tvähundra
412 278 33 21 till
461 278 40 21 och
515 278 49 22 med
580 280 84 20 ettusen
678 279 69 21 mark.

442 340 11 28 8
469 341 34 21 55.

170 382 18 20 1.
218 380 118 22 Husbonde
354 386 101 16 ansvarar
473 380 33 22 för
523 380 134 28 förbrytelse,
676 387 46 15 som
737 382 49 21 med
800 382 53 21 hans

98 414 89 28 vetskap
203 415 39 21 och
257 414 51 28 vilja
323 416 45 20 mot
382 415 70 21 denna
465 414 125 28 förordning
600 415 65 27 begäs
676 416 23 21 af
707 416 53 21 hans
771 416 81 26 hustru,

98 449 86 22 husfolk
199 449 51 22 eller
264 449 8 21 i
287 449 52 21 hans
354 449 74 22 arbete
443 451 92 25 antagen
549 455 84 21 person,
650 449 90 22 likasom
750 457 51 14 vore
811 450 42 21 för-

98 483 109 27 brytelsen
228 483 62 27 gjord
312 483 22 21 af
354 483 126 22 husbonden
499 483 53 28 sjelf.
582 483 78 22 Pröfve
674 484 55 21 dock
745 485 107 25 domaren,

97 523 36 16 om
155 518 48 25 den,
222 517 23 22 af
261 517 85 22 hvilken
362 517 141 27 förbrytelsen
518 517 118 27 utöfvades,
652 518 82 21 kunnat
749 519 40 20 och
804 518 49 21 bort

97 553 67 25 vägra
185 553 32 20 att
239 551 136 22 husbondens
393 551 50 27 vilja
458 551 146 26 efterkomma,
621 552 7 20 i
643 551 82 22 hvilket
738 552 38 21 fall
791 551 62 22 äfven

97 585 49 27 den,
161 591 46 16 som
222 585 90 21 sälunda
326 585 57 26 felat,
399 585 40 21 bör
453 586 49 21 med
515 585 61 22 straff
588 585 108 27 beläggas.

167 620 19 21 2.
216 619 34 21 Dä
271 619 132 27 förbrytelse,
426 625 46 15 som
491 619 65 27 enligt
571 619 70 22 denna
655 620 124 27 förordning
794 619 59 22 med-

97 653 34 22 för
152 653 77 22 förlust
250 653 24 22 af
293 653 98 27 redskap,
407 653 113 22 tillverkad
535 659 51 16 vara
601 653 51 22 eller
667 653 53 27 kärl,
736 654 61 21 hvari
811 653 42 22 den

97 687 101 26 förvaras,
214 687 70 22 blifvit
298 688 110 26 begängen
421 687 23 22 af
453 693 69 15 annan
533 689 26 19 än
570 687 72 22 dessas
653 694 69 20 egare,
733 688 40 21 och
784 688 69 21 denne

96 727 77 16 senare
194 721 67 22 finnes
283 729 51 14 vara
355 722 121 27 berättigad
498 723 33 20 att
552 722 48 21 dem
621 722 91 26 behålla,
734 722 55 21 skall
811 722 42 21 den

97 755 113 28 brottslige
225 756 82 27 utgifva
321 756 136 27 redskapens,
472 762 78 15 varans
566 756 52 21 eller
631 756 87 21 kärlens
732 757 72 20 värde.

443 823 12 28 8
469 824 35 21 56.
549 831 12 8 »

169 865 17 20 1.
218 864 73 21 Skulle
309 864 75 27 nägon,
400 863 85 22 hvilken
501 864 37 21 det
552 864 130 21 tillkommer
697 865 32 20 att
743 864 57 21 hälla
810 864 42 21 till-

96 904 40 21 syn
157 898 36 21 vid
215 898 106 26 bränneri,
340 898 100 26 nederlag
455 898 52 21 eller
521 898 201 27 destilleringsverk,
737 899 52 20 eller
804 898 47 26 den,

97 932 87 21 hvilken
198 934 24 19 är
237 932 153 27 tjenstepligtig
405 933 32 20 att
452 931 59 22 ätala
525 932 127 27 förbrytelse
667 934 46 19 mot
727 933 70 20 denna
809 932 43 21 för-

97 966 97 27 ordning,
218 966 49 27 sjelf
283 966 100 21 beträdas
398 966 48 21 med
461 965 72 28 oloflig
547 966 239 27 bränvinstillverkning
801 966 52 21 eller

97 1000 132 27 destillering
252 1001 51 20 eller
327 1002 31 19 att
379 1000 63 21 hafva
464 1000 86 27 främjat
571 1000 67 21 sädan
655 1001 127 26 förbrytelse
801 1000 52 21 eller

96 1034 134 21 tillverkares
253 1034 134 27 försnillning
405 1034 22 21 af
443 1035 41 20 den
503 1034 64 26 skatt,
583 1034 43 21 han
640 1034 40 21 bör
695 1034 91 27 erlägga,
802 1040 50 15 vare

95 1068 67 21 dömd
184 1069 33 20 till
238 1068 95 27 fängelse
350 1069 47 21 frän
413 1069 39 20 och
468 1069 49 20 med
533 1074 36 15 sex
584 1068 102 22 mänader
700 1069 33 20 till
748 1068 40 21 och
803 1068 50 21 med

98 1103 32 20 ett
144 1102 31 21 är.

166 1137 20 21 2.
217 1137 63 21 Visar
301 1137 43 20 han
365 1137 146 21 försummelse
527 1137 51 21 eller
593 1137 111 26 uppenbar
718 1136 134 21 värdslöshet

96 1171 8 20 i
121 1171 135 26 fullgörande
275 1171 23 21 af
311 1171 46 21 sina
371 1171 132 26 äligganden,
519 1177 50 15 vare
584 1171 101 26 antingen
699 1171 33 21 för
747 1171 61 21 alltid
823 1170 29 21 el-

97 1205 31 21 ler
142 1205 69 21 under
228 1205 44 21 viss
286 1205 32 20 tid
333 1205 46 21 frän
393 1205 93 27 tjensten
501 1205 52 21 eller
568 1205 147 26 befattningen
729 1205 56 20 skild
800 1205 53 21 eller

96 1239 42 21 ock
159 1239 45 20 fäld
226 1239 32 21 till
280 1239 62 21 böter
359 1239 46 21 frän
425 1239 39 21 och
482 1239 50 21 med
550 1239 74 22 femtio
639 1239 33 21 till
687 1239 40 21 oeh
742 1239 49 21 med
806 1238 45 21 tvä-

95 1272 85 22 hundra
194 1273 68 21 mark.

441 1314 12 26 8
468 1314 35 21 57.

165 1342 126 26 Öfverfaller
312 1347 70 27 någon
399 1348 50 20 med
466 1348 96 21 våldsam
580 1348 57 20 hand
652 1348 52 21 eller
718 1348 88 26 gerning
821 1347 30 21 öf-

95 1380 165 27 verkontrollör,
282 1381 119 29 kontrollör
420 1381 52 21 eller
486 1382 68 21 vittne
569 1382 7 20 i
592 1382 40 20 och
646 1381 34 21 för
695 1382 156 26 befattningens

96 1414 62 27 skull,
182 1415 51 21 eller
254 1415 68 21 varda
342 1416 25 20 de
389 1415 49 21 med
457 1416 38 20 hot
513 1416 53 21 eller
584 1415 112 22 smädeord
710 1415 141 25 förnärmade,

97 1449 51 21 eller
169 1449 61 27 förgä
249 1450 27 20 de
290 1450 32 26 sig
337 1450 72 26 sjelfve
423 1450 68 21 under
506 1450 182 27 tjensteutöfning,
704 1450 55 26 gälle
773 1449 57 21 hvad
845 1449 8 21 i
