1086 1717
242 146 28 22 72
515 146 53 29 Prop.
582 146 32 22 N:o
629 146 31 22 34.

209 209 115 21 bekomma
344 209 144 22 traktamente
509 210 33 21 för
560 210 27 21 de
608 209 213 27 förrättningsdagar,
841 209 42 21 han
902 210 65 26 enligt

209 243 24 21 af
245 244 146 21 kontrollören
407 244 70 27 styrkt
491 244 125 27 regvisition
631 244 35 21 vid
683 244 125 21 bränneriet
822 244 57 20 varit
893 244 74 27 tjenst-

209 278 104 26 görande.

560 308 11 27 8
587 307 34 22 35.
914 322 3 3 .

280 346 80 28 Tillsyn
378 346 58 22 öfver
450 347 134 21 bränneriets
599 347 101 26 nederlag
716 346 91 27 utöfvas,
823 346 86 27 sälänge
923 347 43 21 till-

209 380 131 28 verkningen
360 381 12 21 &
389 381 124 21 bränneriet
530 382 83 25 fortfar,
633 382 23 20 af
672 382 42 20 den
733 381 28 27 pä
779 381 72 21 stället
865 381 103 27 tjenstgö-

210 415 67 22 rande
302 416 146 21 kontrollören
475 416 39 22 och
541 416 92 22 derefter
655 416 23 21 af
698 416 42 21 den
762 415 49 22 utaf
830 416 138 27 länestyrelse

210 449 67 27 enligt
295 450 11 27 $
325 451 27 21 27
370 456 63 15 mom.
451 450 40 29 5,
482 444 10 39 i
509 448 99 29 gällande
626 450 126 27 förordning
771 456 34 15 om
824 450 96 21 vilkoren
935 450 33 21 för

209 483 138 28 tillverkning
369 485 39 20 och
430 485 132 26 destillering
584 485 22 21 af
626 485 91 20 bränvin
739 485 90 26 utsedde
847 485 121 26 nederlags-

210 518 126 26 kontrollör,
354 525 45 15 som
418 519 140 27 ovilkorligen
576 519 40 21 bör
635 525 51 15 vara
705 519 34 21 till
753 519 148 26 befattningen
916 519 52 26 ojäf-

210 553 36 26 vig
268 553 40 21 och
330 553 47 21 icke
399 553 62 22 stadd
479 554 8 21 i
504 553 150 22 tillverkarens
676 553 67 27 tjenst
765 553 41 21 och
824 553 86 21 hvilken
932 553 36 20 det

184 587 2 2 *
211 586 80 27 åligger
313 589 31 19 att
366 587 75 22 härvid
463 588 62 21 ställa
547 588 32 26 sig
601 588 33 21 till
656 587 142 23 efterrättelse
817 587 27 21 de
861 586 40 22 för
915 587 53 20 kun-

210 621 101 22 trollörer
326 622 7 20 i
343 621 81 29 sädant
439 622 121 21 hänseende
576 622 98 27 gällande
690 621 141 22 föreskrifter.

556 685 12 27 8
584 685 34 21 36.

282 725 19 20 1.
330 724 99 26 Bränvin,
448 731 46 14 som
511 725 29 27 pä
557 725 101 26 nederlag
676 725 97 26 insättes,
792 725 40 21 bör
851 731 51 14 vara
916 731 53 20 upp-

211 760 55 19 mätt
281 758 40 21 och
336 758 99 27 profvadt
449 758 24 21 af
484 759 126 26 kontrollör,
626 765 46 15 som
688 765 49 20 eger
753 759 60 21 öfver
827 759 81 21 antalet
922 758 47 21 kärl

211 794 56 19 samt
284 793 37 20 det
338 793 7 20 i
363 791 73 28 hvarje
454 793 47 20 kärl
520 793 80 20 insatta
619 793 32 20 till
666 793 160 26 normalstyrka
840 793 129 21 reducerade

211 827 103 21 kanneta]
332 827 90 20 bränvin
440 827 47 21 föra
505 827 203 27 nederlagsjournal,
728 827 7 20 i
751 826 87 21 hvilken
853 827 68 26 dagen
936 826 34 21 för

211 861 145 27 insättningen
380 861 41 21 och
447 861 41 22 den
515 861 123 21 debiterade
663 861 98 21 skattens
789 861 78 26 belopp
891 861 78 26 jemväl

211 897 107 25 noggrant
334 895 86 26 införas,
435 896 102 21 skolande
548 895 146 22 kontrollören
706 891 102 35 derjemte
819 895 62 26 förse
895 889 75 27 kärlen

212 930 49 21 med
280 930 196 27 ordningsnummer
494 931 56 20 samt
568 930 128 27 påteckning
720 935 35 16 om
778 929 18 27 ej
819 929 83 22 mindre
924 929 46 21 året

213 964 40 21 och
272 964 74 27 dagen,
364 964 27 21 då
409 964 108 21 desamma
532 964 70 21 blifvit
617 964 13 21 å
643 964 103 26 nederlag
760 963 86 26 insatta,
862 965 28 20 än
905 963 65 22 också

212 999 37 21 det
263 999 8 20 i
285 999 74 20 kärlen
374 998 111 27 befintliga
498 999 102 21 kannetal
615 999 97 25 bränvin,
731 997 128 22 reduceradt
873 998 32 21 till
920 1004 50 15 nor-

212 1033 183 26 malalkoholhalt,
411 1033 114 21 äfvensom:
535 1033 71 21 derför
620 1033 107 26 utgående
743 1032 64 21 skatt.
880 1028 3 3 |

282 1069 20 20 2.
331 1067 126 22 Bränvinets
476 1067 133 28 förflyttning
627 1067 48 21 från
694 1066 228 28 sprithållarerummet
936 1067 33 20 till

212 1102 230 27 nederlagsmagasinet
460 1102 55 21 skall
533 1102 126 21 verkställas
678 1101 36 21 vid
729 1101 94 26 dagsljus
838 1099 135 22 omedelbart

210 1137 52 21 eller
281 1137 24 20 så
323 1137 44 20 fort
385 1136 37 21 ske
441 1137 44 20 kan
503 1136 54 21 efter:
574 1136 116 26 mätnings-
707 1135 40 22 och
762 1135 208 28 profnings-förrätt-

211 1171 79 26 ningen
310 1171 39 20 och
367 1171 94 27 besörjes
481 1171 22 20 af
516 1171 137 21 tillverkaren
668 1170 69 21 under
751 1169 73 27 tillsyn
839 1169 23 21 af
874 1169 95 21 kontrol-

211 1205 33 22 lör
258 1205 41 21 och
314 1205 73 26 vittne,
402 1205 95 21 börande
509 1205 80 27 jemväl
603 1204 123 22 tillverkare
737 1203 52 22 eller
800 1203 79 22 dennes
891 1203 80 21 ombud

214 1239 74 22 dervid
303 1241 97 19 närvara.

282 1273 21 22 3.
333 1273 33 21 Då
380 1273 90 22 bränvin
485 1273 13 21 å
511 1273 101 27 nederlag
626 1273 96 27 inlägges
737 1272 32 21 uti
784 1273 69 20 större
868 1271 103 22 cisterner

213 1308 52 21 eller
289 1308 86 26 liggare,
402 1308 85 21 afsedde
513 1309 32 20 att
570 1308 103 27 inrymma
699 1313 27 15 en
749 1306 51 22 eller
821 1306 50 27 flere
893 1306 77 26 dagars

212 1342 233 27 tillverkningsbelopp,
465 1342 55 21 skall
538 1342 196 27 transportkärlens
753 1340 118 28 påfyllning
885 1340 8 21 i
906 1340 64 27 sprit-

212 1376 175 22 hållarerummet
405 1376 24 22 så
447 1376 101 27 afpassas,
567 1378 32 19 att
613 1376 35 21 vid
664 1375 159 26 öfverföringen
837 1374 13 21 å
865 1374 105 22 cisternen

213 1410 52 22 eller
279 1411 95 26 liggaren
389 1410 47 22 icke
451 1410 35 22 må
500 1404 154 33 ifrågakomma
670 1411 34 20 att
714 1409 84 21 fördela
809 1415 81 15 samma
901 1410 69 20 trans-

212 1444 108 28 portkärls
335 1444 94 22 innehåll
443 1445 13 21 å
471 1444 50 22 flere
537 1445 102 21 cisterner.
654 1444 52 22 eller
722 1444 91 26 liggare;
829 1443 40 21 och
884 1443 39 21 bör
936 1442 34 22 för
