1086 1717
328 147 22 23 U.
367 147 22 23 B.
405 157 30 8 —
450 148 60 28 Prop.
527 146 36 24 N:o
579 147 39 23 35.
795 148 24 20 21

97 204 65 21 talen.
192 204 195 21 Forstmästarenes
409 204 94 27 aflöning
525 204 67 22 borde
614 204 108 21 bestridas
741 204 23 22 af
777 206 76 24 staten,

97 245 49 15 men
169 239 40 21 den
231 238 33 22 för
286 238 105 27 skogarne
406 238 79 27 nödiga
500 238 259 28 bevakningspersonalen
774 238 80 22 aflönas

97 273 23 21 af
133 272 132 28 delegarene.
296 272 45 22 Och
363 272 76 22 tvister
457 273 93 21 rörande
565 272 216 28 kommunalskogens
797 273 57 21 sköt-

97 307 31 21 sel
151 307 39 21 och
212 306 53 22 vård
288 306 107 22 äfvensom
417 306 78 22 besvär
513 307 58 21 öfver
586 307 183 27 skogsstämmans
783 307 72 22 beslut

98 341 68 22 skulle
181 341 84 27 afgöras
280 340 23 22 af
316 340 139 22 Guvernören
469 347 77 20 genom
561 341 77 27 utslag,
653 340 114 22 hvaröfver
778 342 76 20 besvär

97 376 19 26 ej
132 376 54 27 finge
202 375 96 26 anföras;
314 381 48 15 men
376 381 51 15 vore
442 374 77 28 frågan
534 375 22 21 af
570 377 48 19 rent
632 375 125 27 forstnärlig
771 375 84 22 beskaf-

97 410 78 26 fenhet,
198 410 53 27 egde
274 409 138 21 Guvernören
435 409 115 28 hänskjuta
572 410 41 20 den
628 410 34 20 till
676 410 179 27 Forststyrelsens

97 444 165 27 handläggning.

167 478 181 21 Kommissionens
371 484 28 14 nu
422 477 127 22 framstälda
571 478 81 27 förslag
667 485 35 14 om
717 479 101 20 bildande
834 477 23 22 af

97 512 132 22 kommunal-
252 512 53 21 eller
320 511 234 28 samfällighetsskogar
576 512 13 21 &
606 513 195 26 donationsgodsen
816 513 40 20 har

97 547 118 26 Utskottet,
238 546 70 21 säsom
330 546 66 21 redan
412 546 99 22 ofvanför
526 547 93 26 antydts,
642 547 70 21 funnit
727 553 51 15 vara
792 547 64 21 värdt

98 581 39 22 allt
151 581 145 27 behjertande.
326 581 43 20 För
391 581 40 21 den
447 581 102 22 händelse
573 583 33 20 att
628 581 26 22 de
677 581 33 22 till
727 582 61 21 dessa
802 581 53 28 gods

98 616 95 21 hörande
216 615 177 27 skogsmarkerna
417 615 103 22 skiftades
542 615 92 22 emellan
657 615 26 22 de
699 616 70 21 skilda
784 616 71 27 lägen-

99 650 95 26 heterna,
218 650 43 21 läte
276 649 104 27 nemligen
395 649 69 27 äfven,
488 650 66 27 enligt
568 649 123 22 Utskottets
706 650 71 26 tanke,
793 651 26 20 de
834 649 24 22 af

98 684 170 21 Kommissionen
284 683 119 28 äberopade
419 684 211 27 omständigheterna
645 685 49 20 med
709 685 39 20 allt
763 685 46 20 skäl
819 684 36 21 be-

98 719 47 21 fara
168 719 40 21 den
230 725 29 14 nu
274 718 200 27 öfverhufvudtaget
496 719 78 26 rikliga
597 719 192 27 skogstillgängens
809 719 46 21 der-

99 753 72 21 städes
194 759 63 15 snara
279 753 114 21 utödande.
431 753 43 21 För
497 753 57 27 dylik
576 753 91 26 farhäga
690 759 61 20 synes
773 753 37 22 det
832 752 23 22 sä

98 787 85 27 mycket
198 787 85 21 svärare
299 788 32 20 att
345 787 60 26 värja
420 787 38 27 sig,
475 793 46 16 som
537 787 231 27 donationsallmogens
783 787 72 26 fattig-

99 822 49 21 dom
164 823 54 19 samt
233 821 41 21 den
289 821 184 27 osjelfständighet
484 822 40 21 och
539 822 53 21 brist
606 821 28 28 pä
648 821 142 26 förutseende,
810 827 45 16 som

98 856 34 21 för
155 856 122 21 densamma
296 856 119 27 naturligen
429 856 50 27 följt
494 857 23 21 af
531 857 36 21 det
582 856 124 27 längvariga
722 856 133 21 osäkerhets-

98 890 97 21 tillständ
210 890 40 21 och
264 889 101 28 förtryck,
389 891 122 21 hvarunder
527 891 40 21 den
585 890 73 27 lefvat,
681 891 7 20 i
704 890 117 21 allmänhet
835 889 20 27 ej

99 925 71 20 kunna
185 924 107 27 berättiga
306 925 34 20 till
355 925 41 21 den
411 925 149 27 förhoppning,
584 927 34 19 att
633 931 81 15 samma
728 925 97 26 allmoge,
847 924 8 21 i

99 959 32 21 sin
152 959 164 26 nyförvärfvade
338 959 101 27 ställning
461 959 24 22 af
506 960 134 27 skogsegare,
669 959 68 22 skulle
759 959 23 21 af
803 965 52 20 egen

99 993 52 22 drift
172 993 86 22 komma
276 994 31 26 sig
323 994 33 20 till
371 996 37 24 att,
425 994 49 21 med
489 994 127 21 fränseende
631 993 23 22 af
668 994 42 21 den
724 994 62 25 vinst,
810 999 45 15 som

101 1028 60 21 stode
176 1029 33 20 att
224 1027 48 22 frän
288 1027 79 28 skogen
377 1028 136 21 omedelbart
522 1029 103 26 inhöstas,
641 1028 95 21 anordna
746 1034 26 15 en
783 1027 73 26 skogs-

99 1061 140 28 hushållning,
264 1062 56 27 bygd
342 1062 27 27 pä
392 1063 65 20 tanke
480 1063 41 20 och
539 1063 117 26 beräkning
679 1062 33 21 för
733 1061 122 22 framtiden.

99 1096 70 21 Ocksä
184 1096 62 26 lärer,
269 1097 66 26 enligt
352 1096 55 21 hvad
423 1097 113 21 Utskottet
550 1097 112 24 inhemtat,
685 1096 55 21 hvad
755 1102 50 15 man
819 1095 37 22 be-

99 1130 56 21 farat
177 1131 66 20 redan
264 1131 56 21 visat
336 1131 31 26 sig
382 1131 64 21 hafva
461 1131 97 22 inträffat
579 1131 6 22 ä
600 1138 26 14 en
642 1131 41 22 oah
700 1137 69 15 annan
784 1130 71 27 lägen-

99 1165 42 26 het,
165 1165 37 20 der
225 1171 77 20 egaren
325 1165 138 22 härförinnan
485 1166 77 22 hunnit
577 1165 82 22 erhälla
674 1165 124 26 fullständig
813 1164 43 21 dis-

98 1199 148 26 positionsrätt
260 1199 34 21 till
309 1199 85 27 skogen.
409 1212 29 3 -—
453 1199 75 22 Skulle
544 1200 96 21 deremot
652 1199 204 27 donationsgodsens

99 1233 83 27 skogar,
207 1233 55 22 efter
284 1233 125 28 afskiljande
432 1233 23 22 af
477 1234 57 21 hvad
557 1234 61 22 deraf
639 1234 33 21 till
695 1233 161 28 lägenheternas

98 1267 106 22 husbehof
218 1267 140 28 erfordrades,
373 1269 7 20 i
395 1268 103 28 lämpliga
513 1269 77 21 skiften
606 1269 74 21 ställas
690 1269 67 20 under
771 1273 85 22 gemen-

99 1308 51 20 sam,
181 1302 81 22 ordnad
288 1302 135 28 förvaltning,
449 1303 24 21 sä
498 1304 84 21 komme
608 1304 62 20 dessa
695 1303 31 21 till
751 1302 106 22 äboarnes

98 1336 102 22 framtida
214 1336 96 22 utkomst
324 1338 79 26 nödiga
417 1338 80 26 skogar
511 1338 47 21 icke
573 1338 57 21 blott
644 1339 33 20 att
692 1337 95 26 bevaras,
803 1337 52 19 utan

99 1370 39 22 ock
160 1372 32 20 att
214 1371 39 21 allt
275 1370 106 28 framgent
403 1372 84 20 skänka
509 1372 47 21 sina
578 1372 99 27 delegare
697 1378 26 15 en
739 1371 62 21 säker
815 1369 40 22 och

97 1404 48 22 icke
160 1404 23 22 sä
198 1405 60 27 ringa
277 1405 128 27 afkastning.
436 1406 73 21 Sådan
531 1407 39 21 har
592 1406 106 27 nemligen
720 1406 91 20 effekten
833 1403 24 21 af

98 1438 72 27 dylika
184 1440 249 27 gemensamhetsskogar
448 1440 57 22 visat
527 1441 32 26 sig
572 1441 79 26 jemväl
666 1440 8 21 i
689 1440 67 21 andra
771 1438 84 26 länder;

97 1478 50 15 man
162 1474 39 20 har
216 1473 37 21 der
267 1473 70 22 funnit
353 1474 48 21 dem
416 1474 71 21 lemna
511 1481 26 15 en
558 1474 95 27 ansenlig
676 1475 40 21 och
731 1473 48 22 med
795 1472 59 22 tiden

167 1512 151 18 Statsutskottets
331 1512 116 18 betänkande
461 1514 37 16 N:o
511 1514 18 16 9.
