1086 1717
243 153 28 20 24

212 221 118 21 hållandet.
361 221 135 21 Proceduren
522 220 34 21 vid
581 219 173 22 skattebrefvens
778 218 128 22 utfärdande
931 218 39 21 har

211 256 58 20 varit
292 255 100 27 följande.
423 255 70 21 Sedan
517 254 113 21 storskifte
654 254 38 21 och
716 254 163 26 skattläggning
902 253 22 21 af
939 255 32 19 ett

212 290 54 26 gods
290 290 123 27 försiggätt,
437 290 63 20 hafva
523 289 59 21 säväl
606 289 132 21 landboarne
762 294 45 15 som
832 288 39 20 ock
895 288 73 26 andra,

212 324 74 21 hvilka
309 326 55 19 trott
386 324 33 26 sig
443 330 38 20 ega
502 324 136 26 berättigade
654 323 95 27 anspråk
764 323 29 26 pä
808 322 124 21 erhållande
948 322 24 21 af

215 359 196 21 skattemannarätt
437 359 32 21 till
493 359 26 21 de
546 358 80 26 godsen
654 358 161 26 underlydande
838 358 131 26 lägenheter,

213 393 92 21 lemnats
328 393 85 21 tillfälle
437 395 32 19 att
485 394 35 20 vid
537 393 5 21 i
559 393 78 21 sådant
652 392 101 21 afseende
769 393 13 20 å
800 392 77 26 godset
892 392 78 26 försig-

212 427 80 27 gånget
316 428 159 21 sammanträde
497 430 52 24 göra
566 428 46 20 sina
628 427 94 27 anspråk
738 427 106 26 gällande.
875 427 42 20 Det
933 427 34 20 vid

212 463 170 20 sammanträdet
405 463 112 20 tillkomna
540 462 110 27 protokoll
671 463 67 26 jemte
757 461 151 22 Guvernörens
924 462 44 21 för-

212 497 48 26 slag
276 497 32 21 till
325 497 128 20 utfärdande
470 497 23 21 af
507 497 122 21 skattebref
644 497 22 20 åt
682 497 53 23 dem,
752 497 72 20 hvilka
840 497 41 20 han
897 499 72 18 ansett

212 532 72 21 dertill
309 532 141 25 berättigade,
475 532 38 20 har
537 532 123 21 sedermera
682 532 99 20 insändts
797 531 33 20 till
847 531 121 26 Kejserliga

213 566 100 25 Senaten,
337 572 45 15 som
399 566 54 21 efter
469 566 100 27 pröfning
584 566 23 20 af
622 566 26 21 de
664 567 6 19 i
686 566 133 27 protokollet
833 565 134 22 framställda

211 600 46 21 skäl
283 601 38 20 och
345 601 190 26 omständigheter,
554 601 113 20 förordnat
684 600 22 21 åt
722 600 72 21 hvilka
809 606 103 20 personer
928 601 38 20 och

211 635 32 20 till
264 635 54 20 huru
336 637 59 18 stora
411 635 87 21 andelar
515 635 5 20 i
537 635 126 26 lägenheten
680 635 122 20 skattebref
817 635 66 20 borde
899 635 67 20 utfär-

211 670 39 20 das.
288 669 40 21 Vid
350 669 133 26 granskning
505 669 23 20 af
542 669 93 21 nämnda
650 669 82 26 förslag
749 669 39 21 har
803 669 115 21 inhemtats
935 672 33 18 att

211 704 110 21 desamma
336 704 6 20 i
360 704 115 20 allmänhet
491 704 93 25 grundat
600 704 33 26 sig
649 704 13 20 å
678 706 31 18 ett
725 705 86 24 strängt
826 704 140 26 iakttagande

210 738 22 21 af
247 738 124 25 arfsrätten,
389 738 102 21 ehuruväl
508 739 6 20 i
531 738 67 26 några
614 739 21 20 få
650 739 160 25 undantagsfall
829 745 24 14 en
870 739 27 26 på
913 741 53 18 rätt-

210 773 47 20 visa
280 773 40 20 och
344 773 97 26 billighet
457 773 98 26 grundad
572 773 105 20 afvikelse
693 773 93 20 derifrän
804 775 36 24 egt
856 779 51 14 rum.
939 773 27 20 Sä

209 809 14 18 t.
248 813 31 14 ex.
303 807 39 20 har
365 807 36 21 det
423 807 96 21 inträffat
540 809 32 19 att
588 808 40 20 den
645 808 67 25 enligt
728 807 125 26 arfsföljden
870 809 96 19 närmast

209 841 135 26 berättigade
367 841 124 26 öfvergifvit
514 842 126 26 lägenheten
656 842 39 21 och
719 842 68 20 under
811 842 68 20 åratal
899 848 65 20 uppe-

208 875 63 21 hällit
287 876 33 25 sig
336 877 12 18 &
363 882 69 14 annan
449 878 40 24 ort,
506 876 55 21 intill
579 876 49 21 dess
645 876 61 26 fräga
722 876 100 26 uppstätt
838 882 33 14 om
883 876 81 21 skatte-

208 910 100 20 brefvens
323 909 135 26 utfärdande,
476 910 27 21 dä
518 911 40 20 han
575 911 59 26 gjort
649 910 94 27 anspräk
760 910 27 27 pä
803 910 123 21 erhällande
943 911 22 20 af

207 944 123 21 skattebref
344 945 12 20 &
372 945 134 26 lägenheten,
527 945 85 20 hvilken
630 945 120 21 emellertid
767 945 70 20 blifvit
853 945 110 20 bebrukad

207 979 23 20 af
244 979 69 26 nägon
330 985 75 14 annan.
429 979 80 26 Dylika
524 979 95 27 anspräk
636 980 63 20 hafva
710 980 74 20 städse
796 979 165 26 tillbakavisats,

206 1015 23 24 ty
245 1015 32 18 ett
293 1013 156 26 godkännande
465 1014 23 20 af
503 1014 109 21 desamma
629 1014 69 20 skulle
710 1014 140 20 tvifvelsutan
860 1014 103 20 innebära

206 1053 26 15 en
256 1048 106 20 orättvisa
385 1050 57 19 emot
462 1048 47 27 den,
526 1054 45 15 som
588 1049 68 20 under
672 1048 69 21 åratal
758 1048 87 26 nedlagt
862 1049 72 20 arbete
951 1049 12 20 å

206 1082 129 25 lägenheten
359 1085 55 18 samt
434 1083 82 26 utgjort
539 1083 155 20 landboräntor
712 1083 37 20 och
767 1083 70 26 öfriga
851 1083 112 26 utskylder

205 1116 34 21 för
263 1117 129 20 densamma.
423 1117 63 20 Hvad
503 1117 64 21 sedan
584 1117 103 21 beträffar
703 1117 169 26 anmärkuingen
889 1117 72 20 derom

204 1152 34 19 att
260 1157 110 20 personer,
395 1157 44 14 som
460 1151 68 21 under
544 1158 24 14 en
586 1152 74 25 längre
676 1152 31 20 tid
724 1152 66 20 lefvat
806 1151 5 20 i
828 1151 64 26 bolag
908 1152 12 19 ä
936 1158 25 13 en

204 1185 108 27 lägenhet,
336 1185 54 21 dock
414 1186 86 20 erhällit
520 1186 108 21 särskilda
644 1186 122 21 skattebref
780 1186 12 20 &
808 1185 53 21 hvar
877 1186 31 20 sin
925 1192 37 14 an-

204 1219 34 21 del
254 1220 6 20 i
279 1220 132 25 lägenheten,
437 1221 23 20 sä
484 1221 38 20 har
538 1221 60 20 detta
613 1221 61 20 alltid
692 1220 57 21 skett
766 1220 27 27 pä
809 1220 152 21 intressenter-

203 1260 39 14 nas
259 1254 132 26 uttryckliga
406 1255 106 20 anhällan.
537 1255 71 26 Något
624 1255 104 26 missnöje
744 1255 101 20 häröfver
861 1254 38 21 har
914 1254 47 21 icke

203 1288 68 21 heller
294 1288 113 27 försports.
438 1289 103 21 Deremot
564 1292 23 18 är
611 1291 37 19 det
671 1289 33 21 väl
729 1289 75 26 troligt
820 1291 38 23 att,
875 1289 27 26 pä
918 1291 44 19 sätt

203 1323 168 20 kommissionen
395 1324 125 26 framhållit,
544 1324 171 20 intressenterna
739 1324 123 20 sedermera
882 1324 80 20 uttalat

202 1358 31 19 sin
252 1358 179 20 missbelåtenhet
446 1358 98 21 deröfver
560 1360 32 19 att
604 1358 202 26 röktalsafgifterna
818 1358 6 20 i
835 1358 53 26 följd
900 1357 62 21 deraf

200 1391 71 21 ökats.
303 1392 127 20 Emellertid
451 1398 62 20 synes
531 1393 39 20 den
587 1392 160 26 skatteökning,
766 1392 196 26 bolagsintressen-

200 1427 61 19 terna
279 1426 210 26 författningsenligt
509 1427 123 26 härigenom
650 1426 41 21 fått
706 1426 126 24 vidkännas,
849 1428 110 24 uppvägas

199 1459 24 21 af
244 1460 41 20 «den
306 1460 75 27 fördel,
399 1463 31 18 ett
447 1461 107 21 bestämdt
570 1461 128 26 angifvande
715 1461 22 20 af
752 1467 25 14 en
793 1460 65 21 hvars
875 1460 61 20 andel
953 1460 8 20 i
