1086 1717
347 146 24 22 U.
386 146 23 22 B.
425 158 27 3 —
469 146 66 28 Prop.
550 146 38 22 N:o
604 144 34 24 39.
813 147 26 20 35

373 224 28 20 s
420 224 183 26 Kapitlet.

177 281 10 23 1
206 284 18 24 8.
253 282 12 21 I
284 280 213 23 öfverenstämmelse
516 281 49 21 med
584 281 149 27 vetenskapen
748 282 39 21 och
801 287 68 22 nyare

110 316 126 28 strafflagar
255 316 40 22 har
309 316 146 27 lagförslaget
469 315 35 21 för
519 317 45 20 rätt
579 317 33 20 att
628 315 60 22 ätala
703 316 60 21 brott
777 316 93 22 bestämt

110 350 58 23 olika
184 350 214 28 preskriptionstider
419 350 57 22 efter
490 350 98 22 brottens
603 350 89 27 storlek,
707 350 91 22 bedömd
814 350 56 22 efter

110 386 37 22 det
165 386 99 22 svåraste
283 384 67 28 straff,
366 392 45 15 som
427 385 14 21 å
457 384 48 22 dem
520 385 44 21 kan
578 384 60 28 följa.
668 384 79 28 Någon
761 385 108 27 preskrip-

109 420 90 22 tionstid
214 422 24 20 är
253 420 54 22 dock
322 420 48 21 icke
385 421 72 20 utsatt
471 419 35 22 för
521 420 64 27 brott,
601 426 45 15 som
662 421 37 20 äro
714 419 94 28 belagda
820 420 49 21 med

110 455 118 22 dödsstraff
240 455 52 22 eller
302 455 90 21 tukthus
402 455 31 26 pä
442 454 77 28 lifstid,
531 454 80 22 hvaraf
619 454 64 27 följer
693 456 35 19 att
738 454 63 22 dessa
811 455 59 20 brott

110 489 56 22 efter
187 490 54 21 huru
262 490 53 27 läng
336 489 34 22 tid
392 495 45 16 som
459 489 57 22 helst
539 489 74 22 kunna
632 490 86 21 komma
733 489 68 22 under
816 489 53 22 ätal.

109 524 115 28 Förslaget
238 526 25 20 är
277 524 131 21 härutinnan
424 523 119 23 afvikande
558 523 50 22 från
624 523 63 22 såväl
703 526 54 19 1875
774 525 35 20 års
824 529 44 16 som

110 559 256 27 Granskningskomitens
381 558 90 28 förslag,
483 559 75 21 hvilka
568 559 109 21 hvardera
687 558 64 22 äfven
761 558 36 22 för
807 558 63 22 dessa

109 593 60 22 brott
186 593 106 22 innehöllo
312 593 217 27 preskriptionstider
548 593 46 28 (det
614 593 61 21 förra
693 592 106 29 förslaget
813 599 55 21 resp.

110 629 27 20 30
160 628 38 21 och
218 629 26 20 20
266 629 30 26 är,
317 628 37 21 det
372 634 77 15 senare
465 629 28 20 20
509 628 45 27 är);
569 628 40 21 och
625 627 71 22 denna
710 627 106 23 afvikelse
829 627 40 22 har

110 661 64 24 äfven
194 663 24 21 af
235 662 51 22 flere
306 663 139 21 medlemmar
459 662 9 21 i
485 662 112 22 Utskottet
612 662 93 28 ogillats,
722 662 89 22 emedan
827 661 42 22 alla

110 697 27 21 de
151 697 156 27 rättsgrunder,
318 703 44 16 som
372 697 75 21 kunna
458 696 88 22 anföras
556 697 34 21 till
600 697 50 21 stöd
660 697 34 21 för
704 696 165 28 preskriptions-

109 724 110 29 ifstitutet
241 732 39 21 och
299 731 75 22 hvilka
393 731 106 28 vanligen
514 733 37 20 äro
566 731 101 22 hemtade
681 737 27 16 ur
723 732 68 21 tidens
806 737 63 21 egen-

109 765 54 28 skap
181 767 34 21 att
232 767 69 21 verka
315 765 146 22 förändrande
476 766 29 27 pä
516 765 121 28 menskliga
647 765 159 28 förhällanden,
817 772 51 15 vore

109 800 45 21 lika
169 800 100 27 gällande
284 801 34 21 för
333 801 44 20 alla
391 800 150 27 förbrytelser.

177 835 124 22 Utskottets
322 835 71 22 flertal
414 835 41 22 har
473 835 69 22 likväl
562 835 132 22 härutinnan
712 835 97 27 godkänt
824 835 41 21 den

109 869 81 28 nädiga
206 869 165 28 propositionen,
388 872 53 19 enär
456 876 27 15 en
498 876 137 21 person,som
650 869 60 28 gjort
723 869 100 22 förfallen
833 869 34 21 till

109 903 118 22 dödsstraff
240 905 52 21 eller
306 905 89 21 tukthus
411 905 14 20 å
440 904 78 27 lifstid,
534 904 123 27 derigenom
667 903 114 23 förverkat
790 903 77 28 rättig-

108 939 65 21 heten
193 940 34 20 att
240 945 55 16 vara
310 945 27 16 en
351 939 41 22 lem
409 939 25 21 af
446 939 121 22 samhället.
597 939 48 22 Den
660 940 105 20 motsatta
780 938 86 27 äsigten

109 973 70 22 skulle
193 973 108 22 dessutom
316 973 66 23 hafva
392 973 34 22 till
436 973 61 28 följd,
509 975 35 20 att
553 975 16 20 t.
580 980 33 15 ex.
624 973 25 22 af
656 974 39 22 två
705 972 162 28 medgernings-

107 1010 50 19 män
175 1007 8 22 i
202 1014 82 15 samma
306 1008 130 27 förbrytelse
451 1009 43 21 den
510 1015 38 15 ene
564 1008 56 22 efter
634 1008 64 27 tjugu
713 1008 36 21 ärs
763 1007 103 22 fränvaro

107 1042 73 22 kunde
194 1043 88 26 päkalla
297 1045 83 20 statens
395 1043 72 27 skydd
482 1043 36 22 för
533 1043 33 22 sin
576 1043 72 27 frihet,
660 1043 77 22 medan
747 1042 42 22 den
799 1041 67 22 andre

107 1077 33 21 uti
153 1077 178 28 lifstidfängelset
345 1077 35 22 för
395 1077 63 22 alltid
473 1084 53 16 vore
541 1077 105 22 beröfvad
661 1077 71 22 denna
746 1077 72 22 frihet.

175 1112 139 22 Beträffande
337 1112 26 22 de
385 1112 35 21 för
443 1112 26 21 de
489 1112 109 21 allmänna
618 1113 88 20 brotten
721 1113 85 20 utsatta
820 1117 47 21 pre-

107 1145 203 28 skriptionstiderna
333 1147 40 21 har
394 1147 117 21 Utskottet
531 1147 48 22 icke
594 1147 73 21 funnit
681 1146 48 22 skäl
744 1146 34 22 till
793 1151 72 16 annan

107 1181 148 28 anmärkning,
272 1183 28 20 än
323 1183 34 20 att
379 1181 42 22 den
440 1181 8 22 i
467 1181 13 22 3
497 1182 96 26 punkten
609 1181 25 22 af
647 1183 11 20 1
674 1187 61 16 mom.
751 1179 114 23 bestämda

106 1215 33 21 tid
154 1215 24 22 af
190 1215 42 22 fem
248 1217 26 20 är
287 1215 35 22 för
336 1216 65 21 bland
417 1218 69 19 annat
501 1217 43 20 alla
558 1217 66 26 brott,
640 1215 75 22 hvilka
725 1218 38 19 äro
773 1214 94 28 belagda

106 1250 49 21 med
170 1249 162 28 fängelsestraff
344 1251 8 21 i
366 1257 46 15 mer
427 1253 29 19 än
472 1252 33 20 ett
521 1251 31 26 är,
570 1252 84 21 ansetts
664 1257 54 15 vara
729 1250 34 21 för
773 1250 50 21 kort
832 1248 35 22 för

107 1285 26 21 de
148 1285 65 27 brott,
230 1286 13 21 å
258 1285 75 22 hvilka
347 1285 54 22 flera
416 1286 37 21 års
463 1298 28 3 —
503 1285 99 22 stundom
618 1285 57 22 ända
690 1285 33 22 till
739 1288 13 19 8
768 1285 14 21 å
793 1285 26 20 12
831 1284 35 21 års

106 1331 27 3 —
153 1319 98 28 fängelse
270 1322 25 19 är
315 1320 8 21 i
342 1320 145 28 lagförslaget
502 1322 77 20 utsatt.
609 1320 114 32 Utskottet
738 1320 40 21 har
794 1317 73 23 derför

105 1354 96 28 vidtagit
219 1354 47 27 den,
282 1354 93 28 ändring
389 1356 35 20 att
439 1355 66 27 brott,
521 1354 33 22 för
569 1354 85 22 hvilket
668 1354 99 22 sväraste
782 1352 85 22 straffet

106 1390 25 20 är
146 1395 58 15 mera
219 1391 29 19 än
263 1390 33 20 tre
313 1390 35 20 ärs
363 1389 106 27 fängelse,
484 1389 149 27 preskriberas
648 1389 57 21 efter
719 1388 31 22 tio
766 1388 31 26 är,
808 1388 8 21 i
826 1387 40 21 lik-

105 1423 38 22 het
157 1423 49 21 med
221 1423 26 21 de
262 1424 66 27 brott,
343 1430 44 15 som
403 1426 38 19 äro
456 1424 96 27 belagda
566 1424 48 21 med
630 1424 90 21 tukthus
734 1423 8 21 i
757 1422 62 22 öfver
828 1422 38 22 två

105 1457 34 22 till
155 1458 38 21 och
208 1458 49 22 med
271 1464 39 16 sex
325 1458 31 22 är.
787 1461 2 2 N
