1101 1736
911 161 18 21 9.

90 269 164 24 Bondeständet.
345 295 3 2 |.
372 254 15 58 +
421 285 2 2 +
472 260 120 37 Utskottets
606 259 87 45 förslag
698 254 33 58 till
734 259 91 49 åtgärd.

24 486 35 16 lar.
83 481 96 22 uteslutit.
208 484 11 20 1
250 483 38 22 och
310 484 89 23 2/Enär
413 487 34 21 tre
462 485 156 24 stånds:'beslut
632 486 116 28 föreligger,
763 486 93 22 förfaller
870 486 72 23 vidäre

30 514 75 17 mom:s
115 510 51 22 sista
175 511 84 27 mening
269 513 55 20 samt
339 520 8 8 |.
370 514 80 27 åtgärd.
593 533 3 3 ;
670 516 110 20 KK

30 537 33 21 till
78 537 33 28 &n
125 538 58 28 fogat
198 541 31 20 ett
243 540 79 27 tillägg,
379 562 2 2 :

30 565 80 23 hvilket
125 568 24 20 är
170 569 101 26 upptaget
284 575 38 15 un-

30 594 38 22 der
83 594 11 28 8
110 596 12 20 9
137 594 39 23 här
191 596 68 22 ofvan.
437 612 3 2 -

26 628 28 16 tar
68 623 81 27 antagit
163 624 115 23 utskottets
287 625 35 23 be-|
340 628 95 22 Emedan
450 629 36 21 två
493 628 62 22 stånd
570 629 75 22 önskat
654 635 26 15 en
689 629 103 27 tydligare
802 629 142 29 formulering,

29 650 112 24 tänkande.
161 646 14 39 =
210 669 2 2 -
369 656 88 22 föreslär
471 657 104 22 utskottet
589 659 32 20 att
636 658 96 27 samtliga
746 658 62 22 ständ
822 659 35 21 mä
871 658 74 22 förena

26 686 1 3 |
119 703 2 2 ;
273 697 3 1 :
370 685 31 27 sig
416 692 33 15 om
464 685 91 27 följande
570 686 78 28 lydelse
666 686 32 22 för
722 686 30 28 $:s
776 686 52 22 sista
848 687 94 27 mening:

369 714 63 26 »Med
446 714 35 20 in-
496 715 51 20 eller
554 714 104 22 utländsk
666 716 56 26 sprit
733 715 105 28 tillagade
852 715 92 28 drycker

369 742 51 21 böra
438 742 103 22 likaledes
560 750 53 14 vara
636 743 111 28 behörigen
769 744 99 28 befriade
884 744 60 27 från

363 770 160 28 föroreningar
538 772 38 20 och
592 772 122 27 finkelolja,
738 774 64 26 äjven
825 779 33 14 om
880 772 64 22 deras

369 799 187 21 alkoholhalt
510 795 50 37 icke
563 801 86 27 uppgår
656 800 35 21 till
699 800 35 22 det
748 801 9 21 i
771 800 15 28 $
794 801 28 21 51
834 800 109 22 bestämda

364 828 141 26 procenttal”.

28 857 24 15 ar
66 850 86 22 beslutit
162 853 32 20 att
203 852 118 32 minuthan-|
339 856 95 21 Emedan
448 856 36 21 två
498 856 63 22 stånd
578 858 80 27 antagit
680 858 115 21 utskottets
810 858 133 21 betänkande

28 878 34 23 del
77 879 39 22 och
131 879 141 28 utskänkning
282 880 39 22 bör|
369 884 141 27 oförändradt,
524 885 98 28 inbjudas
643 885 102 28 Borgare-
760 886 40 21 och
814 886 130 22 Bondestån-

26 907 97 28 upphöra
136 908 92 22 klockan
243 909 26 21 12
285 909 35 22 da-|
368 913 41 21 den
425 914 39 25 att,
480 913 50 22 med
544 913 127 28 frångående
686 914 22 22 af
720 914 46 22 sina
788 914 56 23 olika
864 915 78 27 beslut,

28 942 40 21 gen
82 935 44 23 före
141 938 46 20 sön-
203 937 39 22 och
264 937 56 28 helg-|
367 941 72 22 .förena
453 941 32 28 sig
499 942 49 22 med
563 943 25 22 de
604 943 66 27 öfriga
684 943 95 22 stånden.

28 964 40 27 dag
82 966 54 20 samt
151 965 18 27 ej
185 966 34 21 mä
235 965 85 28 vidtaga

28 992 43 23 före
84 993 28 22 kl.
130 993 25 22 12
178 994 67 27 dagen
268 994 52 22 efter

28 1021 78 22 sädana
113 1021 71 28 dagar.
310 1046 3 1 -
417 1040 3 4 at
518 1032 2 3 så
698 1036 2 3 ;
780 1034 4 2 J

28 1056 23 15 ar
66 1049 53 22 efter
143 1051 66 32 orden
231 1051 89 26 ,minut-|
338 1055 95 22 Bmedan
448 1056 36 21 två
498 1056 62 22 stånd
575 1057 81 26 antagit
674 1058 114 21 utskottets
810 1057 133 23 betänkande
957 1085 2 2 |

29 1078 74 22 handel
117 1079 61 32 med*
194 1079 69 28 tillagt
271 1079 49 28 ,och
325 1074 35 43 |..:
368 1083 141 29 oförändradt,
518 1085 96 27 inbjudas
622 1085 101 28 Borgare-
730 1086 40 22 och
780 1086 162 23 Bondeständen

29 1107 145 28 utskänkning
188 1109 43 27 aj".
314 1120 31 19 :|.
367 1114 38 25 att,
420 1113 48 21 med
482 1113 127 27 frängäende
624 1113 22 22 af
659 1114 46 23 sina
713 1115 55 22 olika
775 1115 77 28 beslut,
860 1115 82 22 ansluta

348 1165 3 2 +
367 1142 31 27 sig
412 1141 33 22 till
460 1141 26 22 de
501 1142 66 27 öfriga
581 1142 94 23 stånden.

31 1456 18 16 w
63 1450 80 35 antagit
165 1450 27 34 de
213 1451 181 29 allmänna]Enär
413 1459 33 27 &n
468 1458 56 22 hvad
538 1459 26 22 de
580 1459 104 22 allmänna
698 1458 243 30 straffbestämningarne

32 1478 237 36 traffbestämningarna
283 1487 35 16 en-|
365 1488 66 26 angär
445 1489 24 20 är
484 1487 22 22 af
518 1489 34 20 tre
566 1488 62 22 stånd
642 1489 98 27 antagen,
755 1488 93 22 förfaller
866 1490 75 26 åtgärd

33 1509 30 26 igt
77 1508 149 23 betänkandet.
364 1515 8 21 i
387 1516 112 28 anledning
514 1516 22 22 af
548 1516 185 28 borgareståndets
751 1516 70 23 beslut
842 1517 8 22 i
872 1518 70 22 denna

366 1544 40 22 del.
