1086 1717
348 155 25 22 U.
390 155 23 21 B.
429 167 28 3 —
471 155 65 28 Prop.
552 155 38 22 N:o
606 154 34 23 39.
819 157 26 19 19

118 220 25 22 af
163 219 149 28 frihetsstraff,
335 220 75 22 hvilka
433 220 147 28 stadgandens
599 220 138 28 tillämpning
755 220 120 28 veterligen
897 224 12 16 2
920 222 92 23 Kapitlet.

117 254 50 22 icke
189 254 65 28 gifvit
274 254 117 28 anledning
406 254 34 22 till
455 255 150 27 anmärkning,
620 256 57 20 samt
692 255 74 21 härtill
780 256 95 21 kommer

120 290 34 20 att
173 288 246 28 fängelsedirektionens
437 289 113 27 straffrätt,
570 290 71 21 såsom
657 289 66 23 ofvan
737 290 136 26 framhållits,

117 324 125 22 inskränkts
264 324 34 21 till
320 324 65 27 brott,
408 324 117 28 begångna
540 324 56 22 inom
615 324 178 22 straffanstalten.
823 324 52 22 För-

119 360 95 20 utsättas
234 359 70 21 mäste
324 358 34 22 för
377 358 73 28 öfrigt,
467 360 34 20 att
516 358 236 28 fängelsedirektionen
767 358 8 22 i
789 358 85 23 tvifvel-

118 393 77 27 aktiga
210 393 39 21 fall
264 393 19 27 ej
299 393 126 21 underläter
439 395 34 19 att
488 394 118 27 hänskjuta
620 394 68 21 saken
703 393 34 22 till
753 393 96 22 domstol.

185 427 25 23 14
225 430 18 24 $.
273 428 80 21 Medan
368 428 41 22 den
424 428 33 22 uti
472 430 56 20 1734
543 429 35 21 års
593 428 37 28 lag
645 428 35 22 för
694 428 108 22 särskilda
816 428 59 22 brott

117 465 83 20 utsatta
214 462 112 28 päföljden
341 465 64 20 ärans
419 463 79 22 förlust
512 464 83 21 komme
610 465 33 20 att
657 463 109 28 bortfalla,
781 463 40 21 har
835 463 40 21 här

116 498 7 21 i
145 497 210 22 öfverenstämmelse
377 497 49 22 med
449 498 26 21 de
495 498 37 22 vid
553 499 114 20 1863—64
687 498 63 21 årens
769 497 106 27 landtdag

117 534 97 25 antagna
228 548 9 11 ,
241 532 108 27 allmänna
361 532 136 27 grunderna"
511 532 113 28 upptagits
636 532 174 27 straffpäföljden
821 531 54 28 ,för-

116 567 45 22 lust
169 566 24 22 af
203 567 169 27 medborgerligt
379 567 145 28 förtroende”,
533 573 45 16 som
585 567 65 22 också
658 567 68 22 redan
733 567 141 21 härförinnan

117 601 78 22 införts
214 601 8 21 i
241 602 71 27 nägra
331 601 25 22 af
373 601 105 22 Finlands
493 609 67 20 nyare
575 602 122 21 kriminella
711 601 162 28 författningar.

117 636 11 21 I
151 636 114 21 Utskottet
287 636 40 21 har
349 636 91 21 uttalats
463 637 34 20 att
517 637 61 21 detta
598 635 101 23 ärestraff
716 636 73 27 borde,
804 636 70 21 såsom

118 671 64 21 ocksä
210 671 60 20 skett
289 670 8 21 i
317 672 54 20 1875
397 671 36 21 ärs
452 671 202 28 strafflagsförslag,
676 671 49 21 frän
745 671 42 21 den
805 670 70 21 finska

117 704 135 23 straffrätten
274 706 140 26 ulmönstras;
437 711 48 16 men
508 705 70 22 denna
600 705 59 28 äsigt
681 705 40 22 har
738 705 8 21 i
761 705 114 22 Utskottet

118 739 48 22 icke
181 739 87 22 erhällit
284 739 122 28 understöd,
418 741 53 20 utan
481 740 40 21 har
531 740 113 21 Utskottet
655 741 72 20 ansett
738 741 34 20 att
781 739 94 22 nämnda

118 773 146 28 straffpäföljä
283 774 71 27 borde,
370 774 8 21 i
393 774 70 21 likhet
479 774 48 21 med
542 774 58 22 hvad
614 780 45 15 som
674 775 60 21 skett
748 774 8 21 i
771 774 27 21 de
812 773 63 22 flesta

118 814 67 21 nyare
207 807 132 28 strafflagar,
361 808 121 22 bibehållas
504 808 35 22 för
556 809 60 21 vissa
635 809 65 27 brott,
722 808 104 22 särskildt
840 807 34 22 för

118 842 89 27 sädana,
223 842 75 22 hvilka
316 843 73 22 vittna
409 849 33 15 om
457 844 32 20 ett
504 843 138 28 synnerligen
657 843 49 28 lägt
721 843 99 27 sinnelag
834 843 39 20 hos

118 877 143 27 förbrytaren.

187 911 103 22 Deremot
307 912 40 21 har
365 913 46 26 S:ns
431 912 149 22 bestämmelse
600 914 33 19 att
647 912 80 22 förlust
741 911 25 23 af
779 912 95 22 medbor-

118 945 81 28 gerligt
214 945 125 23 förtroende
354 947 72 21 kunde
441 947 88 21 ädömas
544 948 33 26 för
593 947 61 22 alltid
668 947 18 27 ej
704 946 24 22 af
735 946 139 27 pluraliteten

119 980 57 21 inom
197 980 114 22 Utskottet
333 981 112 21 omfattats
460 981 35 21 för
514 981 68 22 andra
596 981 40 22 fall
651 983 29 20 än
694 981 28 22 dä
737 981 137 27 förbrytaren

119 1014 87 22 ådömes
221 1015 121 26 dödsstraff
353 1015 52 22 eller
416 1016 85 21 tukthus
510 1017 31 25 pä
551 1016 74 26 lifstid.
648 1016 41 21 Att
698 1016 48 21 med
756 1016 118 27 temporärt

118 1048 141 22 frihetsstraff
272 1049 76 22 förena
363 1049 102 22 ärestraff
478 1051 29 26 pä
516 1049 70 22 lifstid
595 1050 92 21 innebär
698 1052 31 20 ett
739 1049 134 23 förnekande

118 1083 25 21 af
163 1083 37 22 det
221 1084 77 21 nutida
316 1083 173 23 frihetsstraffets
509 1087 73 24 väsen,
598 1086 25 26 ty
640 1085 78 21 medan
733 1091 49 15 man
797 1090 76 22 genom

117 1117 173 23 frihetsstraffets
312 1119 121 21 metodiska
454 1119 167 27 verkställighet
641 1119 40 22 och
702 1119 41 22 den
757 1118 117 28 vilkorliga

117 1151 143 28 frigifningen
279 1152 58 22 visar
351 1153 34 27 sig
399 1155 34 20 tro
449 1154 29 26 pä
493 1153 148 27 förbrytarens
656 1153 216 28 bättringsförmäga,

117 1186 40 21 har
176 1193 49 14 man
244 1187 119 22 emellertid
382 1193 77 22 genom
479 1187 133 22 ärestraffets
626 1187 119 22 ädömande
761 1188 30 27 pä
804 1187 70 21 lifstid

117 1221 107 21 förklarat
249 1222 76 21 honom
344 1235 28 2 —
392 1222 158 27 oförbätterlig.
579 1223 48 21 Den
650 1222 34 21 till
707 1222 59 27 dylik
789 1221 85 28 päföljä

117 1255 77 22 dömda
213 1255 84 22 komme
317 1256 33 22 för
370 1256 67 28 öfrigt
457 1258 34 20 att
505 1257 103 21 betrakta
622 1257 34 27 sig
671 1257 70 21 såsom
755 1256 71 22 fiende
841 1255 33 22 till

117 1289 118 29 samhället,
252 1291 39 21 och
314 1291 36 22 det
369 1298 52 15 vore
440 1293 34 20 att
493 1291 76 23 befara
589 1293 33 20 att
640 1292 50 26 han,
705 1290 106 28 utstängd
825 1289 50 22 från

116 1324 140 28 möjligheten
279 1327 33 20 att
334 1326 115 22 återvinna
468 1326 49 22 sina
537 1326 181 27 statsborgerliga
735 1325 137 27 rättigheter,

117 1360 56 26 ånyo
187 1359 111 28 hängåfve
312 1360 34 28 sig
361 1361 24 21 åt
400 1361 89 21 brottet.

184 1393 40 22 Uti
238 1394 48 28 &:ns
303 1397 34 19 1:a
350 1401 62 15 mom.
427 1395 40 21 har
482 1394 114 22 Utskottet
610 1394 34 22 för
660 1394 67 28 öfrigt
741 1393 96 28 vidtagit
848 1399 27 15 en

115 1428 261 28 redaktionsförändring,
398 1429 141 27 hvarigenom
557 1429 66 22 orden
644 1446 9 9 ,
658 1435 62 20 anses
737 1429 72 21 såsom
823 1434 51 16 van-

115 1462 100 28 fräjdad*
231 1463 84 27 utbytts
330 1466 44 19 mot
389 1464 67 22 orden
471 1481 9 9 ,
483 1470 54 16 vara
550 1464 118 27 utestängd
678 1464 49 21 från
737 1464 44 20 alla
791 1462 84 22 sådana
