1086 1717
247 158 28 21 58
551 158 38 22 N:o
604 157 36 24 36.

218 220 45 21 han
281 220 58 22 förut
355 220 94 22 straffats
464 220 33 22 för
513 220 85 22 återfall
613 220 8 22 i
636 221 66 27 något
718 220 25 21 af
755 220 96 21 nämnda
865 218 65 28 brott,
940 217 34 22 för

219 256 49 26 nytt
290 254 85 22 återfall
397 256 48 20 med
468 255 90 21 tukthus
580 255 48 21 från
652 254 40 22 och
707 254 49 21 med
771 254 38 21 två
823 253 33 21 till
871 253 40 21 och
925 252 50 22 med

218 295 39 15 sex
272 289 29 21 år.

294 324 10 21 7
322 325 16 25 8.
368 324 104 22 Föröfvas
487 324 97 25 snatteri,
600 323 57 21 stöld
673 322 52 22 eller
739 322 83 21 inbrott
837 322 24 21 af
869 322 47 25 den,
929 328 46 14 som

218 358 80 21 utstått
314 358 63 21 straff
390 358 33 22 för
438 358 102 28 döljande
556 358 24 22 af
592 358 108 27 tjufgods;
716 357 36 21 må
766 356 44 22 han
826 356 18 28 ej
857 357 73 21 dömas
940 355 34 21 till

219 392 87 27 ringare
329 392 66 26 straff,
418 394 28 20 än
470 400 34 14 om
522 392 42 22 han
580 392 57 22 hade
652 392 53 27 ånyo
720 385 61 40 gjort
796 391 32 27 sig
843 390 83 28 skyldig
941 389 33 21 till

219 426 102 28 döljande
336 426 25 21 af
373 426 100 28 tjufgods.

293 461 12 20 8
321 462 17 26 &
368 461 45 22 Har
436 462 71 27 någon
530 461 13 21 å
558 461 107 21 särskilda
680 459 78 22 ställen
773 459 53 22 eller
839 460 56 21 tider
909 459 65 22 föröf-

220 497 37 19 vat
280 495 101 25 snatteri;
397 495 55 22 skall
467 495 50 25 han,
534 497 38 20 der
586 496 37 21 det
638 497 78 25 tagnas
731 494 163 27 sammanlagda
908 495 66 20 värde

219 529 128 28 öfverstiger
367 529 62 28 tjugu
451 529 69 26 mark,
536 531 74 20 dömas
632 529 34 22 till
681 529 62 22 straff
756 529 33 22 för
805 529 61 22 stöld.
896 528 78 21 Inträf-

220 563 34 22 far
276 564 75 21 härvid
372 564 45 26 fall,
436 571 45 14 som
497 564 7 21 i
519 565 13 20 8
548 565 11 26 8
574 565 14 20 7
611 564 49 27 kap.
678 565 99 26 nämnes;
792 563 56 28 gälle
863 563 57 22 hvad
935 563 38 21 der

219 599 26 20 är
260 599 107 26 stadgadt.

291 633 14 20 9
320 634 18 25 8.
368 633 53 26 Den,
444 639 45 15 som
507 633 57 27 gjort
582 633 32 27 sig
629 632 100 22 förfallen
745 633 33 20 till
793 632 63 22 straff
868 632 33 21 för
916 632 56 21 stöld

220 666 54 21 eller
295 666 87 27 inbrott,
405 667 66 21 varde
493 667 41 21 ock
556 668 65 20 dömd
636 667 99 27 förlustig
751 667 165 27 medborgerligt
931 667 41 20 för-

219 702 97 21 troende.

528 831 43 20 29.
595 832 70 23 Kap.

483 884 41 23 Om
540 884 171 27 försnillning.

292 935 46 26 18.
367 935 109 28 Tillegnar
497 943 50 14 man
570 935 39 28 sig,
629 937 53 20 utan
698 935 49 27 laga
762 936 51 25 rätt,
829 941 83 15 annans
927 935 47 21 lösa

218 969 61 26 gods,
302 968 81 22 hvilket
405 976 50 15 man
477 969 39 22 har
530 970 7 21 i
553 970 33 21 sin
601 970 72 27 värjo;
690 969 84 22 straffes
789 969 34 22 för
837 969 136 27 försnillning

218 1003 50 20 med
284 1002 61 21 böter
360 1003 51 21 eller
426 1003 97 28 fängelse
537 1004 8 21 i
560 1004 64 27 högst
639 1006 31 19 ett
686 1005 29 20 är.

291 1037 43 21 Var
355 1038 76 26 godset
451 1038 136 27 förbrytaren
610 1038 123 21 anförtrodt
755 1039 70 20 under
839 1037 39 26 läs,
893 1037 80 28 förseg-

218 1071 52 27 ling,
286 1071 53 21 eller
353 1074 67 19 annat
435 1073 102 26 stängsel,
548 1073 52 21 eller
610 1073 92 26 bergadt
712 1073 75 20 undan
797 1079 88 21 uppror,
896 1072 77 26 fiende,

217 1105 77 25 brand,
318 1107 111 26 vattunöd,
453 1107 139 27 skeppsbrott
612 1107 52 21 eller
679 1114 74 14 annan
768 1107 67 21 sädan
851 1107 55 24 fara;
923 1113 51 14 vare

217 1141 85 20 straffet
324 1139 96 28 fängelse
442 1140 49 21 frän
513 1141 40 21 och
576 1142 50 20 med
648 1141 37 21 tvä
702 1141 104 21 mänader
820 1141 33 21 till
869 1141 40 21 och
924 1141 49 21 med

217 1177 33 18 tre
267 1175 25 20 är
306 1174 52 21 eller
373 1174 89 22 tukthus
477 1175 8 21 i
499 1175 63 27 högst
578 1178 32 19 tre
626 1176 30 21 år.

286 1209 19 20 2?
321 1209 19 26 8
371 1209 65 26 Hvar,
453 1216 45 15 som
514 1209 70 22 finner
598 1209 54 22 eller
666 1209 68 22 hittar
749 1210 73 27 något,
833 1209 53 21 eller
895 1216 78 20 genom

217 1250 74 14 annan
307 1243 67 20 sädan
389 1243 132 28 tillfällighet
544 1244 97 21 kommer
660 1244 7 21 i
683 1244 117 27 besittning
815 1243 24 22 af
852 1245 65 26 nägot
933 1244 40 21 och

217 1277 19 28 ej
261 1277 56 21 läter
340 1278 23 21 sä
385 1277 104 28 kungöra,
513 1285 45 15 som
582 1279 8 21 i
610 1278 36 28 lag
661 1279 25 21 är
700 1279 109 26 stadgadt,
827 1277 82 23 straffes
924 1279 50 21 med

217 1312 63 21 böter
295 1312 64 26 högst
374 1312 123 22 tvähundra
511 1313 68 21 mark.

290 1346 98 27 Förtiger
410 1347 43 21 han
473 1347 75 27 fyndet
562 1347 52 21 eller
629 1347 139 27 hittegodset,
784 1348 29 20 då
827 1353 78 21 egaren
922 1346 52 22 eller

216 1386 75 15 annan
314 1380 71 21 dertill
406 1380 124 28 berättigad
551 1381 69 27 gifver
642 1382 32 26 sig
693 1381 33 21 till
744 1382 83 24 känna;
842 1388 51 14 vare
908 1380 64 22 straf-

215 1414 31 22 fet
262 1414 62 22 böter
338 1414 53 22 eller
405 1415 96 27 fängelse
516 1416 7 20 i
538 1416 63 27 högst
617 1422 38 15 sex
670 1416 110 21 mänader.

289 1448 108 28 Tillegnar
419 1449 43 22 han
485 1450 39 27 sig,
546 1453 52 19 utan
622 1450 50 28 laga
686 1452 51 24 rätt,
752 1450 75 28 fyndet
843 1450 52 21 eller
909 1449 64 21 hitte-
