1086 1717
429 148 34 22 N:o
484 148 35 22 32.
800 148 24 20 13

98 218 248 26 anmärkningsvärdare
363 218 49 20 män
429 216 76 22 afvikit
521 216 47 22 från
587 216 44 22 dei
643 217 71 21 denna
729 216 126 26 förordning

97 252 126 22 meddelade
247 252 143 26 föreskrifter,
415 252 125 20 ankommer
560 252 36 20 det
612 252 12 20 å
641 250 94 22 Senaten
752 252 31 20 att
800 250 54 22 efter

99 286 178 27 bankstyrelsens
300 286 97 21 hörande
413 286 76 26 pröfva
505 286 39 21 och
560 286 120 20 bestämma
696 286 27 26 på
739 286 56 20 hvad
811 287 44 19 sätt

99 322 79 20 sådant
192 322 35 20 må
243 323 69 19 rättas
328 321 40 20 och
384 320 107 27 afhjelpas
508 320 53 21 eller
576 320 107 21 huruvida
699 320 6 20 i
722 321 87 20 svårare
817 320 38 21 fall

98 357 37 21 det
159 356 33 21 för
215 355 167 21 bankrörelsens
405 355 141 21 bedrifvande
562 355 127 21 meddelade
705 354 100 22 tillstånd
820 356 35 19 må

99 397 63 15 anses
179 390 130 21 förverkadt.

445 418 12 27 $
475 419 32 20 17.

171 459 92 21 Medlem
280 459 6 21 i
301 459 70 21 banks
389 459 92 26 styrelse
498 459 53 20 eller
567 459 108 20 direktion
691 459 91 20 likasom
794 458 62 21 äfven

100 494 151 21 föreståndare
267 494 33 20 för
316 493 69 21 banks
402 493 202 26 afdelningskontor
615 493 53 21 eller
679 493 91 21 medlem
781 493 22 20 af
811 493 45 20 det-

103 531 33 18 tas
156 528 119 27 bestyrelse
302 528 52 21 eller
371 534 70 15 annan
458 528 6 20 i
481 528 96 20 bankens
594 527 67 27 tjenst
677 528 85 20 anstäld
779 533 77 21 person

101 563 95 21 straffes:

175 597 41 27 1:0)
240 603 33 14 om
297 597 41 20 han
364 597 137 26 uppsätligen
525 599 39 24 gör
580 597 33 26 sig
628 597 86 26 skyldig
730 597 79 26 dertill,
825 598 33 19 att

103 632 31 21 uti
151 632 26 21 de
197 631 223 26 tillkännagifvanden
437 637 33 15 om
487 631 97 21 bankens
601 631 109 27 ställning,
727 631 78 27 hvilka,
822 637 36 15 en-

101 667 40 26 ligt
152 667 11 26 $
176 667 32 26 10,
225 666 31 21 uti
272 666 110 21 allmänna
397 666 141 27 tidningarna
549 666 61 21 skola
620 666 89 27 införas,
725 666 70 21 falska
806 672 52 20 upp-

101 701 65 27 gifter
181 701 111 20 meddelas
308 701 154 27 allmänheten,
478 701 49 20 med
543 701 90 20 tukthus
650 701 46 20 frän
714 701 38 20 och
765 701 47 20 med
823 701 36 20 tvä

101 735 104 21 mänader
228 735 32 21 till
277 735 39 21 och
334 735 47 21 med
397 737 36 19 tvä
449 737 24 19 är
489 736 53 20 eller
558 735 96 27 fängelse
670 736 48 21 frän
734 737 36 19 tvä
786 736 73 20 mäna-

104 770 38 20 der
158 769 33 21 till
207 770 39 20 och
262 770 48 20 med
328 771 31 19 ett
375 771 34 24 är;

175 805 42 26 2:0)
242 810 33 15 om
299 805 42 20 han
365 805 137 26 uppsätligen
526 807 38 24 gör
584 805 33 26 sig
632 804 86 27 skyldig
733 805 78 26 dertill,
828 806 32 19 att

102 839 57 20 bank
168 839 93 26 utgifver
274 839 72 20 sedlar
363 839 52 20 eller
431 839 69 21 andra
516 839 82 21 sådana
609 839 207 21 skuldförbindelser
827 839 33 21 till

103 873 161 27 innehafvaren,
276 879 46 15 som
333 873 6 20 i
352 873 10 27 $
375 875 11 19 7
398 873 145 28 omförmälas,
555 874 48 21 med
619 874 67 25 böter,
697 881 44 14 som
753 876 108 19 motsvara

103 907 37 21 det
163 907 114 26 tiofaldiga
300 908 101 26 beloppet
425 908 22 21 af
465 908 37 21 det
518 908 91 21 sålunda
625 908 129 27 obehörigen
771 908 90 27 utgifna,

103 949 48 14 men
168 943 47 20 icke
231 942 21 21 fä
269 943 128 26 understiga
413 945 85 18 ettusen
514 943 72 26 mark;

180 977 43 26 3:0)
247 983 33 15 om
304 977 42 21 han
370 977 137 27 uppsätligen
532 979 38 25 gör
586 978 33 26 sig
635 977 85 28 skyldig
735 977 79 24 dertill,
830 979 33 19 att

107 1011 57 21 bank
180 1011 146 21 öfverskrider
344 1012 32 20 sin
393 1014 44 19 rätt
453 1014 32 18 att
503 1012 82 26 utgifva
601 1012 149 27 obligationer,
767 1012 48 21 med
826 1011 36 21 bö-

109 1047 33 19 ter
165 1046 151 21 motsvarande
341 1046 36 21 det
400 1046 127 27 femfaldiga
549 1046 100 27 beloppet
665 1047 23 20 af
701 1047 56 20 hvad
773 1046 90 21 sälunda

107 1080 34 21 för
156 1080 86 27 mycket
257 1080 105 27 utgifvits,
380 1079 54 22 dock
450 1081 67 20 minst
532 1080 127 21 femhundra
675 1081 67 20 mark.

178 1114 120 21 Enahanda
326 1115 63 21 straff
413 1117 38 18 äro
478 1115 158 21 ofvannämnda
659 1122 103 20 personer
786 1115 78 21 under-

107 1149 97 26 kastade,
221 1156 34 14 om
272 1150 32 26 de,
322 1150 48 21 med
385 1150 122 21 kännedom
519 1152 33 19 att
570 1150 167 27 författningens
753 1149 110 22 föreskrif-

108 1185 33 20 ter
157 1183 6 21 i
179 1184 91 21 anförda
292 1184 118 21 afseenden
433 1184 72 21 blifvit
521 1184 143 27 öfverträdda,
682 1185 46 20 deri
744 1185 47 20 icke
808 1184 55 21 oför-

106 1218 83 21 töfvadt
204 1219 93 26 päyrkat
312 1219 97 25 rättelse,
426 1221 63 25 samt,
506 1219 6 20 i
528 1219 104 21 händelse
649 1219 67 21 sädan
733 1219 18 27 ej
763 1219 55 26 följt,
830 1225 33 14 om

106 1253 146 21 förhällandet
274 1253 39 21 hos
338 1253 89 26 publika
449 1253 103 22 ombudet
574 1253 54 22 eller
650 1253 96 27 offentlig
762 1253 102 27 äklagare

105 1287 88 21 anmält.

179 1322 72 28 Böter,
272 1328 45 15 som
334 1322 68 27 enligt
419 1323 70 21 denna
506 1322 126 27 förordning
647 1323 106 27 utdömas,
770 1323 94 21 fördelas

108 1356 39 21 och
171 1356 123 22 förvandlas
318 1357 70 27 enligt
410 1357 57 21 hvad
491 1358 73 20 derom
581 1357 6 21 i
604 1357 79 21 allmän
703 1358 36 26 lag
754 1364 34 14 om
804 1357 61 21 böter

109 1390 32 22 för
157 1391 59 21 brott
231 1394 25 18 är
274 1392 109 26 stadgadt.

457 1420 11 27 $
486 1421 33 20 18.

181 1460 63 20 Bank
266 1466 39 20 ege
329 1460 18 26 ej
367 1462 32 19 att
415 1460 98 26 päräkna
528 1461 118 21 understöd
662 1460 24 21 af
700 1461 108 21 allmänna
823 1466 43 15 me-
