1086 1717
433 140 38 22 N:o
485 141 36 21 36.
785 142 40 21 117

101 203 38 21 der
153 204 56 20 emot
223 203 226 29 landtdagsordningen
465 204 50 22 eller
530 204 226 29 ståndsprivilegierna,
772 206 57 26 tagas
844 204 8 21 i

101 237 64 22 häkte
180 237 31 22 uti
226 236 92 30 följande
332 237 47 22 fall:

175 272 17 20 1.
215 279 33 14 om
264 271 12 22 &
290 272 78 22 brottet
383 272 18 28 ej
418 272 41 22 kan
475 272 50 30 följa
544 273 83 28 ringare
649 273 61 22 straff
723 278 26 17 än
765 273 88 23 tukthus

102 306 7 22 i
124 306 36 22 två
175 306 31 27 år;

174 342 18 21 2.
216 349 32 13 om
264 341 13 21 å
292 342 77 21 brottet
390 341 41 22 kan
454 341 51 29 följa
522 342 88 22 tukthus
633 342 67 22 under
715 342 35 22 två
765 342 23 22 år
803 343 50 21 eller

103 375 92 29 fängelse
210 376 19 28 ej
246 376 67 21 under
327 376 36 22 två
377 376 29 26 år,
423 376 51 22 eller
489 384 34 14 om
538 377 84 27 brottet,
632 377 68 22 ehuru
710 378 7 20 i
728 378 33 27 lag
771 377 83 28 belagdt

103 410 48 22 med
166 410 82 29 ringare
262 410 64 27 straff,
343 413 84 26 utgöres
441 410 24 22 af
477 411 60 26 stöld,
553 411 79 23 inbrott
653 412 51 21 eller
722 411 96 30 döljande
833 411 23 22 af

104 445 96 28 tjufgods,
216 445 39 22 och
270 445 8 22 i
293 445 41 22 alla
348 445 59 22 dessa
423 445 36 22 fall
475 445 66 29 skälig
556 446 114 29 anledning
684 447 73 26 finnes,
773 449 31 20 att
814 446 39 21 den

104 479 112 29 ertappade
238 480 51 21 eller
311 479 124 23 misstänkte
455 480 53 22 skall
523 481 83 28 begifva
621 481 31 28 sig
667 481 27 28 på
708 481 81 28 flykten
803 481 51 21 eller

104 513 75 22 hindra
194 513 74 22 sakens
288 514 112 28 utredning
418 522 74 21 genom
509 515 171 28 undanrödjande
695 515 23 22 af
730 515 59 22 bevis
804 515 51 22 eller

104 548 131 27 annorledes;

176 583 19 22 3.
218 591 34 13 om
271 583 47 26 den,
337 591 43 14 som
404 585 105 27 ertappats
533 584 50 21 eller
605 584 125 22 misstänkes
749 587 30 19 att
793 583 63 23 hafva

106 617 71 29 begått
196 617 82 29 ringare
295 618 61 26 brott,
372 622 26 17 än
414 618 6 21 i
437 619 13 21 2
465 618 96 29 punkten
576 623 53 24 sägs,
645 623 23 17 är
682 619 76 21 okänd"
766 619 39 22 och
820 627 37 13 un-

106 651 115 29 dandrager
236 652 31 28 sig
281 654 31 20 att
327 652 100 29 uppgifva
450 652 37 23 sitt
506 661 63 14 namn
589 653 51 22 eller
654 653 33 22 sin
702 653 87 26 hemort,
806 654 51 21 eller

106 686 38 21 ock
160 686 93 28 skäligen
269 686 125 22 misstänkes
409 687 32 22 för
456 695 65 14 osann
537 687 83 29 uppgift
635 687 81 26 derom;
735 687 53 22 dock
803 687 54 22 skall

106 721 7 20 i
129 721 56 22 detta
200 721 36 21 fall
252 721 39 21 den
307 717 90 26 häktade
412 721 105 29 lösgifvas,
530 726 38 17 när
582 721 121 30 tillförlitlig
714 722 82 29 uppgift
806 730 50 14 vun-

106 755 42 22 nils
163 763 34 14 om
212 755 52 22 hans
279 763 63 14 namn
358 756 38 21 och
411 756 88 21 hemort.

179 790 25 21 19
220 790 20 26 8.
271 789 81 22 Träffas
373 790 47 26 den,
440 797 45 14 som
503 795 23 16 är
544 791 62 28 rusig,
623 790 12 22 &
650 791 76 21 allmän
742 795 45 24 väg,
803 792 54 27 gata,

106 824 51 21 eller
172 826 64 19 annat
250 823 103 29 offentligt
367 824 66 26 ställe,
445 825 51 20 eller
511 824 35 22 vid
562 825 94 28 offentlig
671 825 125 28 förrättning
807 825 50 22 eller

107 858 77 21 allmän
200 858 169 26 sammankomst,
386 859 52 21 eller
453 860 43 20 stör
510 859 42 21 han
568 859 82 21 enskild
666 859 50 21 eller
729 859 76 22 allmän
816 859 41 22 frid

107 899 75 22 genom
197 892 130 23 väldsamhet
342 893 51 21 eller
408 892 67 29 oljud;
498 901 49 14 vare
568 893 76 22 tillätet
659 895 30 21 att
704 893 48 22 med
767 893 48 22 väld
830 893 27 22 af-

107 927 72 28 lägsna
193 927 83 26 honom,
292 927 44 26 och,
353 935 33 14 om
402 927 73 29 nödigt
490 932 28 21 är,
530 927 82 22 förvara
626 928 77 21 honom
719 927 7 22 i
741 928 64 22 häkte
815 928 42 22 tills

109 963 30 20 att
153 963 59 20 ruset
227 961 82 29 förgätt.
340 961 48 22 Stör
403 961 67 29 någon
487 961 60 29 eljest
562 961 82 22 enskild
660 962 50 21 eller
725 963 78 21 allmän
817 962 40 22 frid

107 1003 75 20 genom
199 995 57 29 oljud
272 996 51 21 eller
337 995 137 27 våldsamhet,
491 996 106 22 hvarifrån
612 997 42 21 han
669 996 27 29 på
711 996 112 29 tillsägelse
838 996 18 29 ej

108 1029 74 26 afstår;
204 1038 50 14 vare
276 1030 72 29 nödigt
367 1030 48 23 våld
435 1031 33 22 till
487 1031 52 22 hans
554 1031 132 28 aflägsnande
702 1030 18 29 ej
736 1031 67 22 heller
817 1031 40 22 för-

106 1058 78 29 bjudet.

179 1093 28 22 20
222 1094 20 25 8.
272 1092 104 29 Kejsaren
396 1093 38 22 och
458 1093 141 22 Storfurstens
621 1093 236 29 befallningshafvande,

109 1127 22 22 sä
146 1127 39 22 ock
200 1127 114 28 magistrat,
330 1127 147 28 ordningsrätt,
493 1127 51 22 eller
559 1127 161 29 poliskammare
735 1128 8 21 i
757 1128 52 26 stad,
821 1136 38 21 ege

108 1161 99 22 förordna
222 1169 34 14 om
271 1161 102 29 häktning
388 1161 23 22 af
424 1162 47 26 den,
487 1169 45 14 som
547 1164 105 27 ertappats
663 1163 51 21 eller
723 1163 66 21 hälles
800 1163 59 21 miss-

109 1196 61 22 tänkt
184 1198 31 20 att
232 1196 64 22 hafva
317 1196 70 28 begått
408 1197 61 25 brott,
491 1196 53 22 efter
559 1199 23 26 ty
597 1197 7 21 i
619 1197 124 28 föregående
759 1198 28 26 88
803 1201 55 24 sägs;

109 1230 63 22 hafve
187 1231 39 21 ock
241 1230 126 29 kronofogde
383 1231 38 21 och
437 1231 95 22 länsman
544 1231 12 22 &
568 1231 71 22 landet
648 1233 55 20 samt
712 1231 146 29 borgmästare,

109 1264 144 29 polismästare
268 1265 38 22 och
322 1265 148 29 ordningsman
486 1267 55 20 samt
554 1265 118 22 stadsfiskal
687 1265 38 22 och
740 1273 68 14 annan
824 1266 35 21 all-

109 1303 48 17 män
180 1299 98 29 åklagare
293 1300 7 21 i
315 1300 51 26 stad,
389 1300 52 21 eller
463 1300 47 26 den,
531 1308 44 14 som
595 1304 23 18 är
634 1302 42 20 satt
690 1302 31 20 att
735 1300 32 22 för
781 1300 43 22 åtal
839 1300 23 22 af

109 1333 56 22 brott
179 1333 81 22 biträda
274 1334 63 22 sådan
353 1334 133 28 tjensteman,
503 1336 56 27 magt
569 1336 37 25 att,
617 1334 27 29 pä
654 1337 47 25 eget
711 1342 80 19 ansvar,
801 1334 58 23 verk-

109 1368 60 21 ställa
184 1368 51 22 eller
250 1368 42 22 låta
306 1369 113 21 verkställa
433 1368 105 30 häktning
552 1369 23 21 af
588 1368 64 22 sådan
667 1376 81 21 person.

180 1403 25 21 21
223 1404 21 25 8.
273 1403 56 27 Den,
344 1410 43 15 som
403 1403 72 28 begått
489 1404 56 21 brott
559 1403 39 22 och
613 1403 71 22 träffas
698 1403 13 21 å
725 1404 37 21 bar
771 1402 88 29 gerning

108 1436 51 22 eller
174 1437 82 28 flyende
271 1437 36 26 fot,
319 1437 33 22 må
366 1437 69 29 gripas
451 1437 23 22 af
487 1445 26 14 en
529 1438 52 22 hvar
596 1437 8 21 i
620 1437 25 22 de
656 1437 42 27 fall,
710 1445 43 14 som
765 1438 6 20 i
784 1438 26 21 18
821 1438 37 21 och
