1086 1717
820 144 24 21 15

116 216 66 24 tagna
198 213 106 21 åboarnes
319 219 65 15 namn
400 213 40 21 och
455 212 131 22 tillerkända
602 213 111 21 skattetal.
737 212 30 21 Af
780 213 93 21 berörda

116 248 136 26 förteckning
267 248 107 20 tillställes
386 247 174 27 skyndsammast
571 247 302 26 förrättningslandtmätaren

116 282 98 26 bestyrkt
230 281 86 21 afskrift
331 281 33 22 för
380 283 33 19 att
428 281 84 27 bifogas
522 281 299 27 förrättningshandlingarne
833 281 39 21 och

115 317 60 26 tjena
189 316 33 21 till
238 316 143 22 efterrättelse
397 316 35 21 vid
449 316 92 21 skeende
557 316 71 21 skifte.

186 352 33 20 2:0
243 351 138 21 Omedelbart
405 350 92 21 derefter
520 350 81 26 åligger
624 350 142 26 Inspektören
783 352 32 19 att
830 351 42 21 för-

116 388 59 18 rätta
198 385 185 27 skiftesplacering
407 385 12 21 å
441 385 82 26 godset,
543 384 89 22 hvarvid
652 385 125 26 detsamma,
797 385 8 21 i
820 385 53 21 hän-

116 421 57 20 delse
189 420 78 21 sådant
282 419 93 22 befinnes
391 419 32 21 för
439 418 127 28 erforderlig
581 419 99 27 redighet
696 420 39 20 och
751 426 120 20 noggrann-

116 455 37 21 het
169 455 185 26 ändamålsenligt,
370 455 43 20 kan
429 454 6 21 i
452 453 220 22 öfverensstämmelse
683 454 48 21 med
742 454 55 21 sista
807 461 64 14 mom.

117 490 24 21 af
161 490 11 27 $
195 491 26 20 39
246 489 6 21 i
275 489 79 26 nådiga
377 489 291 26 Landtmäterireglementet
688 489 22 20 af
727 489 41 20 den
786 489 25 20 15
827 489 43 26 Maj

118 525 60 25 1848,
195 524 83 21 indelas
295 524 6 21 i
317 523 107 21 särskilda
440 523 54 21 efter
510 523 25 21 de
551 524 73 20 lokala
640 523 164 22 förhållandena
819 523 52 21 läm-

116 559 55 27 pade
194 558 117 27 skifteslag,
335 558 73 21 hvilka
430 558 67 21 sedan
519 558 63 20 hvart
598 558 34 21 för
648 558 32 26 sig
696 558 39 21 och
752 558 119 21 oberoende

116 593 23 21 af
152 593 124 28 hvarandra
291 593 95 26 undergå
402 591 70 22 skifte.

184 629 34 19 3:o
234 627 41 21 Vid
295 627 213 26 skiftesplaceringen
527 627 109 26 iakttages
652 626 79 26 vidare,
749 628 32 19 att
796 626 74 27 hvarje

115 662 91 21 särskild
222 661 52 22 åbos
290 661 117 21 skifteslott
422 661 32 20 till
471 661 56 26 läget
543 661 135 26 bestämmes,
690 661 95 21 börande
797 661 73 21 dervid

116 697 25 21 de
165 696 103 27 åboskap,
292 702 45 15 som
360 696 112 26 lämpligen
496 696 79 25 kunna,
596 696 6 20 i
622 696 120 27 möjligaste
763 695 107 21 öfverens-

115 732 120 20 stämmelse
258 731 48 21 med
326 731 140 26 jordeboken,
487 731 158 20 sammanföras
660 731 33 20 till
709 737 25 14 en
750 731 120 20 hemmans-

114 772 103 19 nummer,
241 766 6 20 i
271 765 247 26 delningsinstrumentet
542 767 108 24 upptagas
672 765 54 21 efter
745 765 124 21 hvarandra

114 801 49 20 med
178 800 87 27 bifogad
280 799 128 27 hänvisning
423 799 33 21 till
471 799 64 21 hvars
552 799 39 21 och
607 805 38 15 ens
660 806 97 14 nummer
773 800 6 20 i
791 800 41 21 den
842 800 28 20 ti-

115 835 73 26 digare
210 835 122 26 uppgjorda
354 834 162 26 förteckningen
535 833 58 22 öfver
609 834 26 21 de
652 836 95 25 antagna
763 835 106 24 åboarne;

115 870 39 21 och
177 869 54 21 skall
255 869 248 26 delningsintrumentets
526 868 151 27 nummerföljd
696 868 32 21 för
747 869 49 20 hela
811 869 58 20 hem-

113 911 51 14 man
186 904 57 21 inom
266 903 75 28 hvarje
364 903 27 27 by
414 903 59 27 tjena
496 903 32 21 till
552 903 143 21 efterrättelse
715 903 33 21 för
767 903 101 21 framtida

112 939 113 26 jordebok.

182 974 34 20 4:0
240 972 30 21 På
293 973 69 26 grund
386 972 23 21 af
430 972 35 21 det
481 972 91 21 sålunda
588 972 133 21 verkställda
736 971 74 22 skiftet
825 971 44 22 för-

113 1010 69 19 rättas
204 1007 161 27 utstakningen,
389 1007 109 20 äfvensom
522 1007 40 20 den
586 1007 86 26 slutliga
695 1007 172 26 rörläggningen,

113 1042 96 25 sålunda,
234 1043 32 19 att
288 1041 74 27 hvarje
385 1041 103 21 särskildt
509 1041 95 26 åboskap
620 1043 77 24 genast
712 1041 92 21 erhåller
821 1041 47 20 sina

113 1077 112 20 bestämda
240 1078 96 25 gränser.

181 1111 34 20 5:o
239 1110 70 21 Sedan
332 1110 98 26 slutligen
453 1109 160 27 skattläggning
636 1110 7 20 i
661 1109 142 22 föreskrifven
820 1110 48 21 ord-

112 1145 51 27 ning
185 1145 115 26 försiggätt
322 1146 56 19 samt
401 1145 124 20 densamma
547 1144 69 21 blifvit
640 1145 7 20 i
670 1144 67 21 nåder
753 1144 113 25 fastställd,

112 1180 86 21 komma
214 1179 158 21 skattebrefven
389 1181 32 18 att
437 1179 133 21 omedelbart
589 1179 33 20 till
639 1179 93 21 äboarne
748 1179 120 20 utfärdas''.

181 1214 79 21 Vidare
283 1214 40 20 har
345 1213 167 21 kommissionen
533 1213 106 26 anmärkt,
659 1215 33 19 att
707 1215 59 20 stora
782 1213 85 26 olägen-

112 1249 60 20 heter
194 1248 34 21 för
250 1248 132 21 landboarne
405 1247 67 22 skulle
495 1247 65 22 hafva
576 1247 98 27 uppstätt
689 1248 129 27 derigenom,
835 1249 32 19 att

112 1283 149 26 kronoparker
280 1282 109 26 utbrutits,
410 1282 65 21 innan
492 1281 110 22 storskifte
619 1283 52 21 eller
687 1282 117 26 beredning
820 1283 47 20 der-

111 1317 33 21 till
159 1317 122 27 försiggätt.

180 1351 33 21 Då
236 1351 50 21 flere
310 1351 22 21 af
353 1352 25 20 de
401 1351 78 21 inlösta
503 1351 195 27 donationsgodsen
722 1351 101 21 omfattat
842 1350 25 22 sä

110 1386 134 21 vidsträckta
267 1386 151 26 skogsmarker
441 1387 38 24 att,
503 1386 67 20 sedan
592 1386 143 21 landboarnes
758 1385 66 21 behof
845 1385 24 20 af

111 1420 126 27 erforderlig
253 1420 53 26 skog
321 1420 70 21 blifvit
407 1420 115 26 behörigen
538 1420 144 26 tillgodosedt,
698 1422 31 19 ett
745 1420 46 21 icke
803 1420 63 26 ringa

111 1454 118 22 öfverskott
244 1454 104 27 uppstått,
364 1454 82 21 hvilket
461 1456 54 19 utan
531 1454 47 21 fara
589 1454 33 22 för
633 1455 165 26 lägenheternas
809 1454 57 27 sjelf-
