1086 1717
165 483 53 32 Till
238 482 157 40 Höglofliga
415 482 197 40 Ridderskapet
635 482 49 31 och
705 481 95 32 Adeln.

175 580 77 22 Sedan
268 581 90 20 senaste
373 579 157 22 ständermöte
539 578 42 22 har
588 578 213 29 nykterhetssaken
810 579 53 27 gått

107 615 85 21 framåt
207 613 53 22 med
275 613 68 22 raska
358 615 57 26 steg.
447 613 77 22 Sedan
540 613 45 21 den
600 612 67 22 tiden
682 612 43 22 har
739 615 36 19 ett
795 613 68 21 sträf-

105 648 82 28 vande,
211 655 49 14 som
283 647 41 22 har
346 647 38 21 till
398 647 47 22 mål
461 647 52 21 icke
529 647 45 21 den
589 646 154 22 välmenande
759 647 104 27 måttlig-

107 683 70 22 heten
192 683 8 20 i
215 682 85 21 bruket
316 682 26 21 af
354 681 145 28 rusdrycker.
515 684 57 19 utan
588 683 36 19 ett
638 681 147 28 fullkomligt
793 681 71 21 afstå-

107 717 58 22 ende
181 717 52 21 från
248 716 66 21 dessa
329 723 78 14 varors
423 716 60 21 bruk
498 716 9 21 i
523 715 40 22 det
578 715 96 28 dagliga
683 715 74 28 lifvet,
768 715 95 22 tillvun-

105 751 37 21 nit
157 751 35 28 sig
209 750 112 22 oväntadt
336 751 119 20 allmänna
469 750 129 29 sympatier
612 750 10 21 i
636 749 48 22 alla
699 749 64 22 delar
779 749 26 22 af
812 749 51 21 lan-

107 785 45 21 det.
182 785 46 21 För
251 785 52 21 dem
326 791 48 15 som
389 788 106 17 närmare
511 784 54 29 följt
579 784 53 21 med
648 784 36 21 hit
699 783 103 22 hörande
817 783 47 22 för-

107 819 109 22 hållande
232 819 42 21 bör
290 819 64 21 detta
369 819 74 21 likväl
459 819 52 20 icke
527 819 76 21 väcka
618 818 123 29 synnerlig
757 820 48 19 stor
820 817 45 22 för-

107 853 96 28 våning.
232 853 52 21 Den
299 853 90 28 rörelse,
405 860 50 14 som
469 853 37 21 för
521 854 41 20 två
577 853 39 21 till
630 855 35 18 tre
681 853 108 21 decenier
796 852 69 21 väck-

109 890 35 19 tes
167 887 37 22 till
226 887 30 21 lif
276 890 62 19 emot
360 887 44 21 den
419 887 30 22 då
464 887 102 21 rådande
582 887 282 28 husbehofsbränningen,

109 929 50 14 som
173 921 60 22 hade
249 922 37 21 till
301 922 97 21 resultat
414 922 77 21 denna
506 922 94 27 närings
615 921 150 28 fullkomliga
779 921 88 28 förbju-

108 956 78 21 dande
202 956 41 21 vid
259 956 56 21 1864
331 957 36 20 års
382 956 121 27 landtdag,
519 963 42 14 var
576 957 9 20 i
600 955 85 29 sjelfva
700 956 82 21 verket
797 956 9 21 i
821 963 46 14 me-

109 990 56 28 nige
187 997 65 14 mans
276 993 60 25 ögon
350 990 80 21 riktad
448 991 25 20 så
488 990 60 28 godt
563 997 49 14 som
628 992 63 19 emot
705 990 139 29 rusdrycker
859 989 9 22 i

109 1024 133 22 allmänhet.
272 1025 51 20 Den
345 1025 69 27 gälde
437 1025 39 21 väl
491 1025 132 27 bränvinet,
642 1032 54 14 men
709 1025 50 28 just
773 1024 93 22 bränvi-

108 1061 43 19 net
166 1066 42 14 var
222 1059 46 21 den
283 1059 60 21 enda
357 1059 120 28 rusdryck,
493 1059 117 28 allmogen
626 1059 76 22 kände
718 1060 53 21 med
778 1059 90 22 undan-

111 1095 41 26 tag
167 1093 27 21 af
206 1093 142 28 hembrygdt
363 1093 28 28 öl,
408 1101 49 14 som
473 1093 8 21 i
496 1093 78 22 denna
589 1094 117 29 egenskap
723 1094 146 29 knapptnog

111 1135 42 14 ens
168 1130 52 25 togs
235 1127 9 22 i
259 1128 161 21 betraktande.
450 1129 37 20 Då
502 1128 98 21 sålunda
612 1128 173 22 bondeståndet
793 1128 77 22 afstod

110 1162 54 21 från
188 1162 144 28 rättigheten
356 1165 36 18 att
415 1162 90 21 bränna
530 1163 98 21 innebar
653 1163 71 28 detta,
755 1165 36 19 att
806 1162 65 21 detta

112 1196 69 21 stånd
203 1197 9 20 i
234 1197 167 28 nykterhetens
425 1197 98 29 intresse
539 1197 154 28 uppoffrande
709 1205 29 13 en
753 1197 67 21 säker
835 1196 35 21 in-

112 1231 148 28 komstkälla,
283 1231 79 21 afsade
385 1231 36 28 sig
443 1231 38 21 till
501 1231 166 22 fosterlandets
682 1231 67 22 bästa
764 1239 30 14 en
809 1230 62 29 njut-

113 1266 59 28 ning
194 1266 45 21 och
258 1273 29 14 en
302 1266 114 28 pekuniär
430 1265 81 22 fördel.
542 1266 44 21 Att
601 1266 72 21 saken
688 1265 123 29 verkligen
826 1265 45 20 för-

113 1300 74 22 håller
210 1301 36 27 sig
269 1301 25 21 så
316 1308 40 20 ger
375 1300 72 22 redan
463 1308 29 14 en
507 1300 87 29 flyktig
609 1301 146 28 granskning
771 1301 26 21 af
810 1300 63 21 stån-

111 1334 51 22 dets
190 1335 143 28 protokoller
357 1335 41 21 vid
416 1334 94 22 handen
526 1335 44 21 och
585 1335 129 21 detsamma
728 1335 93 21 bevisas
837 1334 34 21 äf-

110 1376 46 15 ven
178 1369 38 21 till
238 1369 113 21 öfverflöd
366 1369 26 21 af
405 1369 46 21 den
467 1369 109 29 hållning
590 1370 58 21 våra
663 1370 208 21 landskommuner

113 1404 88 27 intagit
233 1404 52 20 icke
318 1403 62 21 blott
404 1405 121 27 gentemot
548 1403 323 28 bränvinsutminuteringan,

114 1440 59 20 utan
195 1438 70 21 äfven
280 1440 62 19 emot
358 1438 199 28 ölförsläjningen,
575 1438 103 28 hvilken,
702 1438 70 22 äfven
788 1437 51 27 den,
866 1437 9 21 i

115 1472 29 22 de
169 1472 58 22 allra
252 1472 67 22 flesta
343 1472 26 21 af
391 1473 56 21 våra
472 1472 206 22 landskommuner
701 1476 25 18 är
741 1471 134 29 förbjuden.

114 1506 49 22 Och
188 1514 86 14 samma
297 1506 98 22 tendens
419 1508 50 20 mot
483 1507 95 21 absolut
592 1507 128 29 nykterhet
734 1506 140 23 inskränker

115 1541 36 31 sig
167 1542 51 21 icke
234 1542 84 22 endast
332 1542 37 21 till
385 1542 178 23 bondeståndet.
594 1542 47 29 Jag
656 1542 44 22 vill
708 1542 82 21 endast
798 1541 77 22 erinra
