1086 1717
242 141 28 21 32
544 141 40 22 N:o
600 140 36 23 36.

214 202 42 22 vid
280 202 67 29 dylik
369 203 179 22 sammankomst
570 204 79 28 nägot,
674 210 49 15 som
746 202 85 22 strider
853 205 62 20 emot
929 203 40 29 lag

214 236 57 22 eller
286 238 48 20 stör
349 237 85 22 allmän
449 237 109 29 ordning;
574 238 38 21 mä
628 237 43 22 ock
687 237 212 22 sammankomsten
909 245 58 22 upp-

213 271 68 21 lösas.
311 271 139 23 Underläter
472 272 78 28 någon
574 274 35 20 att
627 272 81 28 åtlyda
722 271 181 29 myndighetens
918 272 49 22 bud

215 312 37 14 om
274 306 142 29 upplösning
436 306 25 22 af
475 306 189 28 sammankomst;
680 306 54 22 böte
749 306 70 29 högst
834 306 133 22 tvåhundra

214 339 72 23 mark.

285 376 24 20 11
324 376 21 26 &.
373 375 72 26 Hvar,
455 382 50 15 som
515 375 151 29 uppsåtligen
676 375 87 22 befriar
772 375 71 29 fånge
853 382 28 14 ur
891 375 78 21 straff-

215 410 93 27 anstalt,
331 409 70 22 häkte
419 409 58 22 eller
499 412 72 19 annat
590 410 84 28 förvar,
691 410 56 21 eller
762 409 52 21 från
831 409 56 22 dens
902 409 64 28 vård,

215 451 49 15 som
284 444 107 27 bevakar,
407 444 107 29 ledsagar
529 445 56 21 eller
599 444 83 22 forslar
696 444 95 27 honom;
807 444 56 21 eller
878 443 90 30 hjelper

214 479 71 28 fånge
300 479 57 21 eller
371 479 51 27 den,
439 486 48 15 som
502 479 42 21 bör
558 479 86 28 gripas,
660 480 36 20 att
710 478 147 25 undkomma,
877 478 90 22 straffes

214 514 54 21 med
290 514 104 28 fängelse
416 514 53 21 från
491 514 44 21 och
552 513 54 22 med
622 514 40 21 två
677 513 110 22 månader
802 513 39 21 till
856 513 44 22 och
914 513 53 22 med

214 550 35 19 tre
266 549 31 26 år,
312 548 63 25 eller,
391 548 40 21 der
445 548 231 29 omständigheterna
692 552 38 17 äro
746 548 151 29 synnerligen
916 548 52 21 mil-

215 582 95 27 drande,
325 582 52 21 med
392 582 66 22 böter
473 583 20 28 ej
510 582 74 22 under
599 582 127 22 etthundra
740 582 72 22 mark.

283 617 90 21 Försök
388 621 25 17 är
429 617 125 21 straftbart.

285 653 26 20 12
327 653 19 25 8.
376 651 49 22 Har
447 652 85 28 någon,
554 651 98 22 hvilken
674 651 46 22 fått
734 651 9 21 i
757 651 108 29 uppdrag
880 653 35 20 att
928 651 40 21 be-

215 685 67 28 vaka,
297 685 96 29 ledsaga
407 686 56 21 eller
478 686 71 21 forsla
564 686 77 29 fånge,
656 686 54 21 med
725 685 58 29 vilja
798 685 114 30 lössläppt
927 685 40 22 ho-

214 727 61 19 nom,
296 720 56 21 eller
367 721 150 28 uppsäiligen
532 720 120 22 befordrat
666 720 58 22 hans
740 720 119 28 rymning;
876 719 90 22 straffes

214 754 54 21 med
284 754 105 29 fängelse
405 755 20 28 ej
441 755 74 21 under
530 757 35 19 tre
580 755 116 22 månader.

284 789 90 21 Försök
389 793 24 18 är
429 789 123 22 straffbart.

284 823 50 21 Har
356 823 71 22 sådan
449 831 84 21 person
554 824 74 21 vållat
650 824 83 28 fånges
754 823 119 28 rymning;
890 822 77 22 dömes

216 857 38 21 till
274 857 105 29 fängelse
401 858 8 21 i
432 858 69 29 högst
523 860 35 19 tre
581 858 111 22 månader
711 857 56 22 eller
781 857 68 22 böter
864 857 21 29 ej
902 857 65 22 öfver

215 891 134 22 tvåhundra
363 892 66 21 mark
444 893 44 21 och
502 893 78 26 varde,
596 900 37 15 om
648 892 47 22 han
710 896 25 18 är
745 891 155 29 fångvårdare
912 891 56 22 eller

215 926 134 29 fångförare
367 927 43 21 och
425 927 88 22 brottet
528 927 40 21 det
582 927 119 28 förtjenar,
717 925 119 23 förklarad
851 925 116 28 oskicklig

216 963 35 19 att
266 961 81 22 vidare
362 961 89 29 nyttjas
467 961 38 22 till
521 961 84 22 sådant
614 961 113 29 uppdrag.

286 995 43 22 Om
344 995 68 22 straff
424 996 36 21 för
474 996 146 29 tjensteman,
636 996 98 21 hvilken
749 995 72 28 begår
835 995 69 27 brott,
920 1001 49 15 som

215 1037 32 14 nu
264 1033 24 18 är
304 1030 75 29 sagdt,
395 1031 94 28 stadgas
504 1031 9 21 i
527 1033 28 20 40
570 1031 52 28 kap.

286 1066 26 21 13
328 1066 19 26 8.
377 1065 78 22 Hafva
477 1065 83 29 fångar
582 1067 47 20 satt
651 1066 37 28 sig
711 1065 143 21 tillsamman
873 1063 42 22 och
930 1071 39 21 ge-

215 1101 116 20 mensamt
352 1099 103 22 våldfört
477 1100 36 28 sig
535 1100 13 21 å
570 1101 84 27 någon,
670 1107 49 14 som
742 1099 51 21 dem
816 1099 8 21 i
839 1098 59 22 vård
912 1098 57 21 eller

216 1133 75 21 under
305 1133 135 29 bevakning
455 1134 48 28 har,
520 1134 56 21 eller
590 1134 53 22 med
658 1134 56 22 våld
729 1134 57 21 eller
800 1133 43 22 hot
857 1140 38 14 om
913 1132 56 22 våld

216 1167 63 28 gjort
302 1167 84 22 honom
407 1169 126 27 motstånd,
553 1169 57 21 eller
624 1168 86 22 honom
725 1168 39 21 till
779 1168 73 27 något
867 1166 101 29 tvungit,

216 1201 57 22 eller
295 1201 75 22 brutit
388 1202 36 29 sig
438 1204 28 20 ut
479 1210 28 14 ur
521 1203 104 28 fängelse
641 1203 57 21 eller
712 1203 73 21 annat
799 1202 86 27 förvar;
902 1201 67 21 straf-

216 1235 34 22 fes
273 1236 37 21 för
323 1237 91 27 myteri,
430 1244 29 14 en
475 1237 63 28 hvar,
554 1244 50 15 som
618 1237 63 29 gjort
696 1237 37 28 sig
748 1236 96 29 skyldig
858 1235 39 22 till
915 1235 56 22 våld

216 1269 57 23 eller
287 1270 42 22 hot
344 1277 37 15 om
395 1271 62 28 våld,
473 1271 52 22 med
540 1271 98 22 tukthus
653 1271 9 22 i
677 1271 72 29 högst
763 1271 50 21 åtta
828 1271 31 27 år,
871 1272 59 20 samt
940 1269 30 22 de

216 1304 74 29 öfrige
308 1305 54 21 med
376 1305 99 22 tukthus
490 1306 20 28 ej
527 1306 65 22 öfver
607 1306 52 28 fyra
674 1306 25 21 år
714 1305 57 22 eller
781 1304 105 29 fängelse
897 1304 19 28 ej
928 1312 42 14 un-

216 1338 41 22 der
272 1346 40 15 sex
327 1339 116 23 månader.

286 1375 27 20 14
328 1374 20 26 8.
379 1374 82 22 Gifver
483 1374 57 22 eller
561 1374 101 22 utfäster
683 1375 80 27 någon
785 1374 24 21 åt
829 1373 141 29 tjensteman

216 1407 57 22 eller
296 1415 77 15 annan
395 1408 73 22 sådan
482 1416 91 22 person,
590 1416 49 15 som
654 1409 8 21 i
679 1410 11 20 1
706 1410 14 26 8
735 1412 104 23 nämnes,
855 1409 64 20 muta
933 1407 37 21 för

215 1444 36 18 att
266 1442 74 22 förmå
356 1442 84 22 honom
456 1445 35 20 att
505 1444 9 20 i
530 1443 90 29 sysslan
636 1444 62 21 orätt
709 1442 96 29 främja;
817 1441 91 23 straffes
918 1440 53 22 med
