1086 1717
410 154 51 28 Prop.
479 154 32 21 N:o
527 153 30 22 34.
800 154 28 21 49

102 218 74 22 femtio
191 218 61 21 mark
265 218 40 21 och
316 218 66 21 andra
392 218 83 26 gången
486 217 48 21 från
546 217 39 21 och
597 217 48 22 med
657 217 116 22 etthundra
783 216 73 23 femtio

103 252 34 22 till
151 252 39 21 och
205 252 49 21 med
268 252 116 22 trehundra
398 252 68 22 mark.

173 287 19 21 2.
222 286 33 21 Då
272 286 132 27 förbrytelse,
423 292 46 16 som
489 286 67 27 enligt
574 292 64 15 mom.
658 287 11 20 1
685 286 82 21 medför
781 286 77 21 förlust

104 320 23 21 af
140 320 89 22 bränvin
244 320 40 21 och
298 320 47 22 kärl
358 321 66 26 jemte
438 321 194 27 forslingsredskap
647 320 40 22 och
704 321 91 26 dragare
806 320 51 22 eller

104 354 88 27 farkost,
209 355 67 21 blifvit
291 355 109 27 begången
416 355 22 21 af
449 361 72 15 annan
533 356 26 20 än
571 355 73 21 dessas
655 361 69 20 egare,
737 354 41 22 och
788 354 69 22 denne

103 395 75 15 senare
200 388 66 22 finnes
288 396 51 14 vara
361 389 121 27 berättigad
505 391 32 19 att
558 389 49 21 dem
629 389 91 26 behålla,
743 388 55 22 skall
817 389 40 21 den

105 423 111 28 brottslige
232 424 80 27 utgifva
330 430 82 20 varans,
431 424 93 26 kärlens,
542 424 130 27 redskapens
688 424 39 21 och
743 424 115 27 dragarens

105 458 53 21 eller
171 457 120 22 farkostens
305 459 70 21 värde.

451 521 12 28 8
479 522 35 21 44.

175 561 133 21 Missbrukar
327 561 230 25 bränvinstillverkare,
577 561 216 26 destilleringsidkare
809 561 51 21 eller

105 595 111 27 försäljare
231 595 7 21 i
253 595 69 27 någon
337 595 66 21 måtto
420 595 40 22 den
477 595 48 21 dem
541 595 107 27 medgifna
662 595 103 26 rättighet
780 595 32 21 till
827 596 33 19 ut-

106 629 103 22 färdande
224 629 22 22 af
258 629 175 27 ursprungsbevis
452 630 53 21 eller
523 629 112 26 certifikat,
650 629 52 22 böte
716 629 67 22 första
798 635 62 15 resan

106 663 48 22 från
169 663 39 22 och
223 663 48 22 med
286 664 114 21 etthundra
413 664 34 21 till
461 664 41 21 och
521 664 48 21 med
584 663 121 22 tvåhundra
714 663 73 22 femtio
799 663 61 22 mark

107 700 56 19 samt
180 698 68 21 andra
265 698 82 27 gången
364 698 47 21 från
431 698 39 21 och
492 698 49 21 med
563 698 121 21 tvåhundra
702 698 33 21 till
755 698 39 21 och
812 697 49 21 med

108 732 127 21 femhundra
255 732 60 21 mark
334 732 38 21 och
391 738 50 15 vare
459 733 104 26 derjemte
581 732 164 27 tillverknings-,
768 732 93 21 destille-

108 767 67 26 rings-
190 767 51 20 eller
255 767 240 26 försäljningsrättighet
509 767 105 26 förlustig.

453 829 12 28 8
480 829 37 28 45.

177 876 107 21 Anträffas
300 876 89 21 bränvin
403 876 34 21 till
452 878 71 19 större
538 876 77 27 belopp
630 877 27 20 än
672 876 74 21 trettio
761 875 102 22 kannor
852 871 14 36 i

109 910 102 27 skärgård
227 911 51 20 eller
292 911 7 20 i
314 911 73 21 landet
401 911 58 21 inom
474 910 75 22 femtio
565 912 58 19 verst
637 910 48 21 från
700 911 94 26 saltsjön,
810 916 53 21 upp-

109 945 60 26 lagdt
183 945 7 20 i
205 945 148 26 strandbodar,
371 945 62 21 lador
451 945 53 21 eller
523 944 118 27 aflägsnare
656 945 64 20 uthus
736 945 51 21 eller
802 944 61 27 eljest

109 978 83 26 afsides,
208 985 50 15 vare
272 979 113 22 bränvinet
398 979 49 21 med
461 979 50 21 kärl
526 979 61 21 alltid
597 979 125 21 förverkadt
733 979 40 21 och
785 984 77 21 egaren

109 1013 108 21 dessutom
239 1013 97 22 förfallen
358 1014 32 21 till
412 1019 79 16 ansvar
509 1013 33 21 för
561 1013 145 27 lurendrejeri,
727 1013 70 21 derest
816 1012 47 21 icke

109 1047 92 26 lagligen
216 1047 85 22 utredes
319 1049 33 20 att
369 1048 114 21 bränvinet
501 1049 24 19 är
544 1047 83 26 sådant,
646 1053 46 16 som
707 1047 7 21 i
729 1047 11 28 $
756 1047 27 22 28
798 1053 64 14 mom.

110 1082 13 21 2
139 1081 40 21 och
194 1082 7 20 i
216 1081 12 28 $
243 1082 27 21 29
285 1088 63 15 mom.
365 1083 10 20 1
393 1081 143 22 omförmäles.

456 1144 11 28 $
483 1145 36 22 46.

178 1184 136 28 Förbrytelse
328 1186 45 20 mot
388 1184 11 28 &
419 1185 28 21 33
462 1185 85 21 straffas
562 1185 49 21 med
626 1185 62 20 böter
702 1184 33 21 för
749 1184 68 21 första
831 1190 32 15 re-

110 1224 39 15 san
163 1219 61 27 tjugu
239 1219 60 20 mark
314 1219 40 21 och
368 1219 94 27 följande
476 1219 84 27 gången
576 1219 95 21 dubbelt.
693 1218 43 21 Det
749 1217 114 22 innehafda

110 1253 113 21 bränvinet
238 1259 50 16 vare
302 1254 102 27 derjemte
419 1253 114 22 förbrutet.

455 1323 12 27 8
483 1324 36 21 47.

179 1362 117 22 Husbonde
310 1369 101 15 ansvarar
424 1362 34 22 för
475 1363 134 27 förbrytelse,
627 1369 46 15 som
688 1363 49 21 med
751 1363 54 21 hans
819 1365 46 19 vet-

110 1396 53 28 skap
179 1397 39 21 och
233 1397 50 27 vilja
301 1399 45 19 mot
364 1397 69 21 denna
451 1397 127 27 förordning
596 1397 65 27 begås
676 1398 24 21 af
712 1398 53 20 hans
780 1397 84 25 hustru,

109 1431 85 21 husfolk
210 1432 52 20 eller
275 1432 8 20 i
296 1432 54 20 hans
365 1432 73 21 arbete
453 1434 93 24 antagen
561 1438 83 21 person,
660 1432 89 22 likasom
760 1438 51 15 vore
821 1431 43 22 för-

110 1465 107 27 brytelsen
239 1466 61 26 gjord
322 1465 23 21 af
358 1466 126 21 husbonden
503 1466 53 27 sjelf.
587 1466 77 22 Pröfve
682 1466 56 22 dock
755 1466 108 25 domaren,

785 1506 11 16 4
