1086 1717
349 150 24 21 U.
389 150 23 21 B.
430 162 24 2 —
471 150 65 28 Prop.
552 150 40 21 N:o
607 149 31 22 41.
843 150 13 20 3

128 216 58 20 förra
208 216 60 26 grad,
292 215 132 21 öfverofficer
446 215 57 21 intill
526 216 28 21 60
576 215 40 21 och
636 215 134 21 stabsofficer
785 215 57 21 intill
857 215 30 21 65

128 249 35 21 ärs
178 249 66 22 älder.

197 284 41 21 Vid
260 283 100 28 pröfning
379 284 23 21 af
415 283 163 27 ifrägavarande
594 283 81 27 förslag
690 284 39 20 har
744 284 107 21 utskottet
866 283 20 27 ej

128 318 82 21 kunnat
232 317 72 27 undgä
324 319 32 19 att
370 318 57 21 fästa
441 318 46 27 vigt
501 318 36 21 vid
552 324 26 15 en
594 318 164 26 omständighet,
774 324 46 14 som
832 318 55 26 jem-

128 352 34 21 väl
184 352 68 21 finnes
274 352 81 26 antydd
374 353 7 20 i
397 352 41 21 den
453 352 80 27 nädiga
547 353 167 27 propositionen,
731 352 107 27 nämligen
853 354 33 18 att

129 386 108 21 desamma
259 386 104 21 innebära
385 388 32 20 ett
433 386 70 28 afsteg
517 386 48 22 från
581 387 41 21 den
637 387 7 20 i
660 386 48 21 vårt
722 386 165 22 samhällsskick

129 420 99 27 gällande
251 420 267 28 oafsättlighetsprincipen
538 421 33 22 för
586 422 7 20 i
609 422 82 21 statens
706 421 65 27 tjenst
787 420 100 22 anstälda

128 461 108 21 personer,
260 455 26 22 de
310 455 37 22 der
367 455 46 22 icke
435 455 115 22 innehafva
564 457 187 26 tromannaposter
766 455 52 22 eller
833 461 54 21 upp-

128 489 223 28 bördsmanstjenster.
381 491 12 20 2
409 489 11 28 &
436 491 6 20 i
459 491 55 20 1772
529 490 35 21 års
579 490 173 27 Regeringsform
767 489 120 22 innehåller

129 524 113 27 nämligen,
258 525 32 20 att
306 524 117 21 Monarken
439 531 50 20 eger
504 525 73 26 ,ingen
592 524 110 22 förderfva
712 525 33 20 till
755 524 27 21 lif
791 524 40 21 och
841 525 45 24 ära,

128 559 43 20 lem
193 558 39 21 och
254 558 91 27 välfärd,
368 560 52 19 utan
440 559 43 20 han
498 559 94 27 lagligen
606 559 121 21 förvunnen
743 559 40 20 och
799 558 88 21 dömder

129 593 34 20 är"
186 594 47 25 etc.,
255 593 39 20 och
314 593 143 26 nyssnämnda
477 593 38 21 ord
525 593 92 27 välfärd
632 595 23 19 är
670 593 6 21 i
693 593 36 21 det
743 593 48 21 med
806 592 80 28 grund-

128 627 111 27 lagshelgd
254 627 107 21 beklädda
376 627 185 22 Ständerbeslutet
576 627 24 22 af
613 627 41 22 den
670 628 28 21 23
713 627 51 21 Juni
781 627 56 22 1786
853 626 33 22 så-

129 661 65 21 lunda
209 661 126 26 förklaradt,
351 663 32 19 att
398 662 45 21 deri
458 661 63 22 äfven
535 662 121 27 inbegripes
671 661 157 22 innehafvande
843 667 43 15 em-

129 695 48 21 bete
193 696 51 21 eller
259 695 72 27 tjenst,
348 695 33 27 ,så
396 697 32 20 att
443 697 63 26 ingen
521 696 90 21 embets-
622 697 52 20 eller
685 697 134 26 tjensteman,
831 695 24 21 så
865 695 24 21 af

129 730 89 21 militär-
234 736 45 15 som
290 730 22 21 af
322 730 57 21 civil-
390 730 39 21 och
440 730 213 27 ecklesiastikstaten,
664 730 40 27 får,
715 732 53 19 utan
778 730 49 27 laga
838 736 48 15 ran-

130 764 90 27 sakning
246 765 39 20 och
309 764 49 21 dom
379 765 36 20 vid
437 765 88 26 behörig
548 765 99 26 domstol,
663 764 49 21 från
727 764 93 21 embetet
835 764 53 21 eller

129 799 92 26 tjensten
237 799 107 21 afsättas.*

198 833 50 21 Som
264 833 157 21 ofvannämnda
435 833 82 28 princip
533 833 64 22 alltså
612 833 73 22 stöder
702 833 31 27 sig
748 833 29 27 på
787 832 100 27 gällande

129 867 256 27 grundlagsstadganden,
401 874 63 21 synas
479 869 81 26 vigtiga
574 868 46 21 skäl
636 874 52 14 vara
698 867 22 21 af
729 867 70 22 nöden
810 867 34 21 för
855 868 32 19 att

129 901 104 21 motivera
255 903 31 20 ett
308 901 69 28 afsteg
399 901 49 22 från
471 903 129 20 densamma.
630 902 50 21 Med
699 902 83 26 hänsyn
796 901 34 21 till
846 901 41 20 den

129 935 146 27 föreliggande
295 937 159 26 propositionen
469 936 64 21 hafva
549 936 55 21 dock
619 936 57 21 olika
691 937 111 26 meningar
817 935 71 21 blifvit

129 970 58 21 inom
202 970 106 21 utskottet
323 971 102 26 uttalade,
442 971 7 21 i
460 971 36 21 det
506 971 67 26 några
583 971 67 20 bland
660 971 116 20 utskottets
786 970 101 21 medlem-

129 1011 46 14 mar
198 1004 70 22 funnit
291 1005 40 21 den
348 1005 113 27 synpunkt,
477 1005 48 21 från
540 1005 87 22 hvilken
642 1005 160 28 propositionen
817 1003 70 28 utgår,

129 1039 53 20 böra
204 1039 140 22 tillerkännas
366 1040 105 27 giltighet,
495 1040 77 21 medan
594 1039 47 22 åter
664 1039 92 22 flertalet
776 1039 69 27 hyllat
861 1045 26 15 en

130 1075 90 20 motsatt
234 1073 62 28 åsigt.

198 1107 122 22 Utskottets
331 1109 108 26 majoritet
451 1109 39 20 har
500 1109 46 21 icke
558 1109 22 21 af
590 1109 26 21 de
626 1109 7 20 i
643 1109 171 27 propositionens
824 1107 63 22 moti-

127 1142 74 27 vering
224 1143 52 20 eller
298 1149 74 15 senare
395 1143 58 21 inom
477 1143 106 21 utskottet
605 1143 126 21 framstälda
749 1142 47 21 skäl
816 1141 72 21 blifvit

129 1176 124 27 öfvertygad
276 1183 34 15 om
332 1177 36 21 det
388 1177 158 27 oundgängliga
560 1177 100 22 behofvet
676 1177 22 21 af
712 1177 81 21 sådana
806 1175 81 22 ålders-

127 1212 89 25 gränser
231 1211 34 21 för
280 1211 121 22 officerares
411 1211 118 27 tjenstetid,
541 1218 45 15 som
598 1212 25 21 de
634 1218 28 14 nu
673 1211 129 27 föreslagna.
825 1210 63 21 Hvad

127 1245 77 21 främst
219 1245 41 22 den
271 1245 59 22 ålder
341 1245 22 21 af
371 1246 29 21 50
410 1245 24 22 år
444 1245 109 27 beträffar,
564 1246 36 21 vid
608 1246 87 21 hvilken
704 1246 104 27 kaptener
819 1244 69 22 skulle

126 1285 53 15 vara
197 1279 88 28 pligtige
305 1281 32 20 att
353 1280 119 22 oberoende
487 1280 24 21 af
525 1281 32 21 sin
571 1280 51 27 vilja
637 1280 49 27 afgå
700 1286 26 16 ur
741 1280 59 21 aktiv
815 1279 73 27 tjenst,

127 1313 25 21 så
174 1320 62 20 synes
260 1314 36 21 det
318 1314 111 27 utskottet,
451 1321 46 15 som
515 1321 33 15 om
564 1315 42 21 den
621 1314 81 28 fysiska
716 1314 40 21 och
771 1313 117 22 moraliska

127 1348 89 26 energin
239 1348 39 21 hos
296 1354 102 21 personer
412 1349 49 21 med
476 1350 83 20 normal
574 1349 61 21 helsa
649 1349 37 21 vid
701 1349 70 21 denna
785 1348 60 20 ålder
859 1347 30 27 på

127 1382 55 21 intet
202 1384 44 19 sätt
265 1382 71 22 kunde
351 1385 61 25 sägas
427 1390 52 14 vara
495 1384 62 21 stadd
572 1384 7 20 i
594 1383 77 22 sådant
686 1382 153 28 nedåtgående,
856 1384 33 18 att

127 1416 155 27 frågavarande
304 1423 101 21 personer
427 1418 123 26 derigenom
579 1424 51 15 vore
646 1417 149 22 urståndsatta
810 1418 33 19 att
860 1416 28 27 på

129 1452 34 19 ett
184 1450 198 22 tillfredsställande
406 1453 43 19 sätt
472 1452 93 27 fullgöra
580 1452 163 27 fronttjenstens
757 1451 131 26 fordringar.

201 1490 141 22 Lagutskottets
355 1490 116 18 betänkande
483 1492 38 17 N:o
534 1492 26 17 19.
