1086 1717
413 168 79 23 Ständ.
508 168 36 23 Sv.
561 182 27 2 -—
604 170 70 27 Prop.
692 170 38 22 N:o
745 170 35 21 39.

642 234 15 26 $
671 234 21 20 3.

422 270 57 26 Den,
494 278 45 15 som
554 272 137 28 uppsåtligen
701 272 122 22 underlåter
831 275 32 19 att
875 273 96 27 iakttaga

355 304 49 22 eller
419 306 137 26 uppsätligen
571 306 70 27 bryter
656 308 52 19 emot
710 306 83 27 förbud
800 307 50 21 eller
853 306 119 28 föreskrift

356 338 31 22 Wil
397 339 175 27 förekommande
588 340 28 27 af
628 340 74 27 oloflig
716 340 129 26 varuförsel,
861 341 43 21 böte
917 340 54 27 från

354 372 37 22 och
413 373 48 21 med
482 374 68 20 trettio
574 374 33 21 till
628 374 37 21 och
686 374 48 21 med
751 374 133 26 femhundra
904 374 66 21 mark.

357 401 44 26 Äro
423 408 208 27 omständigheterna
658 408 137 27 synnerligen
816 408 153 27 försvårande,

354 441 51 21 eller
419 442 48 20 sker
483 441 95 28 återfall;
592 442 87 27 straffes
694 442 40 21 den
749 442 94 27 skyldige
851 443 48 20 med
912 443 58 20 böter

351 475 57 26 från
422 475 37 22 och
474 476 47 21 med
536 476 113 21 etthundra
664 476 33 21 till
711 476 37 21 och
757 477 48 20 med
813 478 80 19 ettusen
902 477 66 20 mark.

423 509 117 28 Förbryter
554 511 34 26 sig
602 511 71 26 någon
688 511 28 27 af
727 510 134 21 vårdslöshet
879 511 33 27 på
926 511 45 20 sätt

356 551 29 14 nu
399 545 26 20 är
439 544 71 27 sagdt;
525 544 44 21 böte
579 544 57 27 från
651 544 37 22 och
702 544 48 21 med
764 543 60 28 tjugu
835 544 33 21 till
877 543 37 22 och
924 543 47 21 med

352 577 140 28 Jyrahundra
507 579 66 20 mork.

638 647 15 25 $
668 647 20 20 4.

424 691 112 22 Anställes
558 692 110 21 ransakan
682 693 8 19 i
701 692 84 27 fartyg,
801 693 14 19 å
831 691 41 22 last
897 691 49 22 eller
962 692 8 19 i

356 726 40 21 hus
411 726 28 27 af
450 726 97 27 obehörig
558 733 81 20 person
654 726 50 21 eller
718 727 9 20 i
748 726 62 27 olaga
827 726 91 27 ordning
944 725 28 27 af

356 760 84 27 behörig
451 767 90 20 person;
554 760 87 27 straffes
656 760 40 21 den
717 759 101 28 skyldige,
841 767 33 13 om
896 759 73 22 målse-

359 794 85 26 ganden
467 795 52 20 derå
534 795 62 25 talar,
612 794 48 21 med
673 794 56 21 böter
739 793 58 28 från
811 793 37 22 och
855 793 48 21 med
910 793 60 27 tjuyu

355 827 33 22 till
402 828 37 21 och
453 828 48 21 med
510 827 133 28 femhundra
658 827 66 26 mark,
741 828 50 21 eller
801 827 100 28 fängelse
911 827 57 27 från

355 861 36 21 och
406 862 47 21 med
463 862 84 27 fjorton
562 862 68 27 dagar
645 862 33 21 till
692 861 36 22 och
743 861 48 21 med
804 868 38 15 sex
857 861 109 21 månader.

423 895 51 22 Har
488 895 111 22 ransakan
609 895 120 28 försiggått
743 896 10 20 i
767 895 98 27 oträngdt
880 895 45 21 mål
931 895 36 21 och

350 929 123 26 föranledts
487 936 74 21 genom
575 929 113 28 ogrundad
701 929 125 27 angifvelse;
837 929 85 27 straffes
930 936 37 14 an-

354 963 99 27 gifvaren
464 965 33 25 på
512 965 42 20 sätt
568 970 30 15 nu
613 965 26 19 är
653 963 67 27 sagdt.

636 1033 14 26 $
666 1034 20 19 5.

422 1077 72 22 Sätter
508 1079 34 26 sig
557 1079 71 26 någon
643 1078 47 21 med
703 1078 51 21 våld
767 1078 51 21 eller
832 1077 34 22 hot
875 1084 32 15 om
919 1077 50 22 våld

355 1111 33 22 ull
411 1112 107 21 motstånd
539 1114 53 19 emot
613 1112 166 27 tulltjensteman
801 1111 50 22 eller
871 1112 97 20 annan
956 1107 16 36 i

356 1145 154 26 tjensteärende
525 1146 63 21 stadd
599 1152 79 20 person
693 1146 37 21 vid
738 1145 112 22 ransakan
864 1146 8 20 i
884 1145 82 28 fartyg,

355 1180 14 19 å
385 1179 42 21 last
441 1179 49 22 eller
505 1180 9 20 i
528 1179 40 22 hus
582 1179 51 22 eller
647 1180 37 21 vid
698 1179 109 27 tullbeslag
829 1179 51 21 eller
895 1186 73 14 annan

354 1213 70 20 sådan
439 1213 34 21 till
481 1213 175 26 förekommande
671 1213 28 27 af
710 1213 63 27 olaga
791 1212 121 27 varuförsel
926 1212 42 21 vid-

356 1249 61 24 tagen
432 1247 159 27 embetsåtgärd,
607 1247 50 21 eller
672 1247 48 20 sker
735 1247 34 20 det
783 1249 42 18 mot
839 1247 75 26 någon,
924 1253 42 14 som

353 1282 26 19 är
389 1280 124 28 förordnad
527 1283 30 19 att
572 1281 150 27 tillhandagå
713 1276 10 36 i
737 1281 66 27 dylikt
811 1280 86 26 ärende;
904 1280 64 27 straf-

348 1314 37 26 Jes
400 1315 48 21 med
457 1314 100 28 fängelse
567 1315 57 27 från
646 1315 37 21 och
697 1315 48 21 med
754 1314 84 28 fjorton
853 1315 67 26 dagar
936 1315 33 20 till

353 1348 36 21 och
404 1349 48 21 med
465 1356 37 14 sex
516 1349 104 21 månader
635 1349 49 21 eller
699 1349 58 21 böter
766 1348 57 28 från
838 1348 37 21 och
883 1348 47 21 med
937 1350 31 19 tre

356 1382 33 21 till
402 1382 37 21 och
453 1382 48 22 med
515 1382 116 22 trehundra
646 1383 66 21 mark.

422 1416 88 22 Samma
526 1417 34 27 lag
575 1424 56 18 vare,
647 1424 33 14 om
688 1418 70 26 någon
766 1417 142 26 uppsåtligen,
917 1416 51 21 dock

352 1452 53 18 utan
419 1451 52 21 våld
485 1451 50 21 eller
548 1450 36 22 hot
597 1458 33 14 om
644 1451 55 26 våld,
715 1450 92 22 hindrar
822 1450 84 28 behörig
918 1457 50 21 per-
