1086 1717
258 141 28 23 76
559 142 41 23 N:o
614 142 36 22 36.

229 204 31 25 år,
284 204 39 22 och
342 205 66 21 varde
423 204 7 22 i
445 204 68 28 begge
528 204 67 23 fallen
610 205 112 23 förklarad
736 206 101 27 förlustig
852 205 134 27 medborger-

229 238 41 28 ligt
284 239 131 22 förtroende.

302 273 83 21 Försök
401 274 24 20 är
440 273 117 23 straffbart.

303 308 13 20 3
332 308 17 26 &.
379 307 64 26 Hvar,
460 314 45 15 som
521 308 101 27 mottagit
638 308 67 22 falskt
720 311 61 25 mynt
796 308 53 22 eller
863 308 56 22 falsk
934 314 51 21 pen-

229 341 126 27 ningesedel
374 342 69 21 såsom
464 342 53 21 äkta
539 342 39 21 och
594 343 47 21 åter
656 342 93 28 utgifver
764 344 37 20 det
816 344 70 20 såsom
901 343 85 24 sådant,

229 376 59 20 ändå
310 378 33 19 att
365 376 43 21 han
423 376 72 22 märkt
509 376 179 28 förfalskningen,
705 377 84 21 straffes
804 378 49 20 med
867 376 96 28 fängelse
978 377 8 20 i

230 409 65 28 högst
311 412 31 19 ett
358 410 24 21 år
397 410 52 21 eller
464 410 68 22 böter.

300 445 14 20 4
330 445 17 26 &.
377 445 63 21 Hvad
458 445 8 21 i
481 446 61 20 detta
557 445 83 27 kapitel
655 445 88 28 stadgas
759 452 35 14 om
809 445 175 28 penningesedel,

229 477 57 28 gälle
307 478 40 21 ock
363 479 67 21 sådan
445 479 71 28 tryckt
531 479 126 25 obligation,
672 479 105 26 banknot,
792 479 53 22 eller
860 481 13 20 å
887 479 97 22 innehaf-

228 519 67 15 varen
310 513 67 20 stäldt
391 514 156 27 värdepapper,
563 520 47 14 som
625 513 97 26 utgifvits
737 513 25 22 af
775 514 70 21 finska
859 516 77 23 staten,
947 520 37 15 an-

229 553 44 14 nan
297 549 43 19 stat
362 547 51 21 eller
428 547 105 22 Finlands
548 547 65 26 bank,
629 547 59 26 eller,
703 548 49 21 med
767 547 102 22 inländsk
884 547 52 22 eller
950 550 34 18 ut-

227 580 80 22 ländsk
328 581 108 28 regerings
457 582 105 26 tillstånd,
584 582 25 22 af
628 582 109 26 kommun,
756 582 107 26 samfund,
879 582 104 27 förening,

228 615 105 27 sällskap,
350 615 62 28 bolag
428 616 52 21 eller
495 616 85 21 enskild
595 623 85 21 person.

300 649 76 22 Såsom
391 650 73 28 tryckt
479 650 56 22 skall
550 651 152 27 värdepapper
717 657 63 14 anses
792 650 63 22 äfven
864 657 35 15 om
906 650 78 21 utstäl-

227 683 73 22 larens
316 684 138 26 underskrift,
471 685 52 21 eller
538 685 99 21 enskilda
652 685 39 20 ord
706 684 52 21 eller
771 684 70 21 siffror
848 686 37 19 äro
894 684 88 22 skrifna.

300 719 46 26 58.
377 718 63 27 Hvar,
465 725 45 15 som
533 719 57 27 skär,
613 719 54 25 filar,
684 719 52 21 eller
750 719 129 21 annorledes
893 719 90 27 uppsåt-

228 751 59 27 ligen
310 752 96 21 minskar
428 753 143 28 metallmynt,
593 753 82 22 hvilket
698 754 24 20 är
736 753 107 27 gångbart
857 753 58 21 inom
931 753 52 21 eller

226 787 60 20 utom
309 786 80 27 landet,
413 787 40 21 och
472 787 94 27 utgifver
580 789 84 25 myntet
679 787 70 21 såsom
765 787 117 27 fullgiltigt,
895 787 87 23 straffes

226 821 51 20 med
300 820 89 21 tukthus
412 821 7 20 i
441 821 62 27 högst
526 821 48 28 fyra
593 822 30 25 år,
640 821 58 26 eller,
715 822 38 20 der
768 821 213 27 omständigheterna

225 854 39 21 äro
280 854 136 27 synnerligen
431 855 127 26 mildrande,
574 856 50 20 med
638 855 97 27 fängelse
750 855 19 28 ej
786 855 59 22 öfver
860 856 37 21 två
911 856 31 21 år.

299 888 47 21 Har
367 895 79 19 annan,
462 890 28 20 än
506 890 48 26 den,
570 889 88 22 hvilken
672 889 95 22 minskat
783 892 60 25 mynt
858 889 52 22 eller
924 889 56 22 varit

226 922 47 21 deri
289 922 102 28 delaktig,
406 923 86 27 utgifvit
507 925 83 26 myntet
606 924 70 21 såsom
692 923 118 28 fullgiltigt,
826 925 57 20 ändå
893 926 33 19 att
936 923 42 22 han

224 956 56 22 viste
301 957 37 21 det
360 964 52 15 vara
433 957 119 26 minskadt;
576 957 85 22 straffes
678 958 50 21 med
741 957 90 22 tukthus
846 958 8 21 i
869 958 62 27 högst
946 960 32 19 tre

222 990 31 25 år,
270 990 58 26 eller,
351 991 36 21 vid
410 991 136 28 synnerligen
573 992 121 23 mildrande
717 992 189 27 omständigheter,
929 993 49 21 med

221 1023 99 28 fängelse
335 1025 19 27 ej
371 1025 59 22 öfver
445 1027 30 20 ett
491 1026 30 21 år.

294 1059 83 21 Försök
398 1059 34 21 till
455 1060 67 21 sådan
544 1060 148 27 utprängling,
714 1067 46 14 som
782 1060 7 21 i
805 1061 72 20 denna
892 1061 11 26 8
918 1061 60 21 näm-

220 1099 47 19 nes,
283 1094 24 19 är
322 1093 117 22 straffbart.

292 1127 14 20 6
321 1128 18 25 &.
368 1127 45 22 Har
435 1128 78 27 någon,
536 1127 34 22 för
592 1129 152 27 eftergörande
767 1128 52 22 eller
834 1128 142 28 förfalskning

219 1160 25 22 af
264 1163 67 25 mynt,
354 1161 168 28 penningesedel
541 1162 53 21 eller
608 1163 157 27 värdepapper,
781 1162 128 28 förfärdigat
923 1163 53 22 eller

218 1195 111 21 anskaffat
351 1197 78 26 stamp,
449 1196 115 28 märkjern,
580 1197 55 21 form
650 1197 53 21 eller
718 1199 68 19 annat
801 1197 72 22 dertill
888 1197 86 28 tjenligt

218 1229 106 27 redskap;
341 1229 84 22 straffes
440 1231 49 20 med
504 1230 97 28 fängelse
616 1231 8 21 i
639 1231 63 28 högst
719 1232 36 21 två
771 1232 30 21 år.

292 1263 13 21 7
328 1265 17 25 8.
375 1263 138 29 Eftergjorda
537 1265 52 21 eller
611 1265 134 22 förfalskade
767 1268 66 26 mynt,
857 1266 116 28 penninge-

217 1297 73 22 sedlar
304 1297 41 21 och
360 1299 150 27 värdepapper
524 1306 50 15 vare
589 1299 121 23 förbrutna.

288 1332 48 27 Lag
358 1338 82 16 samma
461 1340 51 14 vare
534 1340 35 14 om
584 1336 78 25 stamp,
678 1334 117 28 märkjern,
811 1334 54 22 form
881 1334 40 22 och
935 1341 39 15 an-

216 1367 40 20 nat
278 1365 101 28 redskap,
401 1366 82 23 hvilket
501 1367 70 28 tjenat
586 1368 34 21 till
635 1368 53 22 eller
703 1368 56 22 varit
775 1368 70 22 afsedt
860 1368 34 22 för
909 1368 64 22 efter-

215 1400 97 26 görande
328 1400 52 21 eller
395 1400 143 29 förfalskning
553 1402 25 22 af
590 1404 67 26 mynt,
672 1402 171 28 penningesedel
857 1402 53 22 eller
924 1404 49 22 vär-

215 1434 120 28 depapper.
