<?xml version="1.0" encoding="UTF-8"?>
<alto xmlns="http://www.loc.gov/standards/alto/ns-v3#" xmlns:xlink="http://www.w3.org/1999/xlink" xmlns:xsi="http://www.w3.org/2001/XMLSchema-instance" xsi:schemaLocation="http://www.loc.gov/standards/alto/ns-v3# http://www.loc.gov/alto/v3/alto-3-0.xsd">
	<Description>
		<MeasurementUnit>pixel</MeasurementUnit>
		<sourceImageInformation>
			<fileName>/tmp/tess_irco3egb_input.PNG</fileName>
		</sourceImageInformation>
		<OCRProcessing ID="OCR_0">
			<ocrProcessingStep>
				<processingSoftware>
					<softwareName>tesseract 5.3.4</softwareName>
				</processingSoftware>
			</ocrProcessingStep>
		</OCRProcessing>
	</Description>
	<Layout>
		<Page WIDTH="1086" HEIGHT="1717" PHYSICAL_IMG_NR="0" ID="page_0">
			<PrintSpace HPOS="0" VPOS="0" WIDTH="1086" HEIGHT="1717">
				<ComposedBlock ID="cblock_0" HPOS="439" VPOS="144" WIDTH="394" HEIGHT="22">
					<TextBlock ID="block_0" HPOS="439" VPOS="144" WIDTH="394" HEIGHT="22">
						<TextLine ID="line_0" HPOS="439" VPOS="144" WIDTH="394" HEIGHT="22">
							<String ID="string_0" HPOS="439" VPOS="144" WIDTH="42" HEIGHT="22" WC="0.91" CONTENT="N:o"/><SP WIDTH="15" VPOS="144" HPOS="481"/>
							<String ID="string_1" HPOS="496" VPOS="144" WIDTH="37" HEIGHT="22" WC="0.87" CONTENT="36."/><SP WIDTH="274" VPOS="144" HPOS="533"/>
							<String ID="string_2" HPOS="807" VPOS="146" WIDTH="26" HEIGHT="20" WC="0.96" CONTENT="29"/>
						</TextLine>
					</TextBlock>
				</ComposedBlock>
				<ComposedBlock ID="cblock_1" HPOS="111" VPOS="313" WIDTH="752" HEIGHT="75">
					<TextBlock ID="block_1" HPOS="111" VPOS="313" WIDTH="752" HEIGHT="75">
						<TextLine ID="line_1" HPOS="420" VPOS="313" WIDTH="132" HEIGHT="24">
							<String ID="string_3" HPOS="420" VPOS="313" WIDTH="38" HEIGHT="20" WC="0.94" CONTENT="16."/><SP WIDTH="25" VPOS="313" HPOS="458"/>
							<String ID="string_4" HPOS="483" VPOS="314" WIDTH="69" HEIGHT="23" WC="0.94" CONTENT="Kap."/>
						</TextLine>
						<TextLine ID="line_2" HPOS="111" VPOS="360" WIDTH="752" HEIGHT="28">
							<String ID="string_5" HPOS="111" VPOS="360" WIDTH="42" HEIGHT="23" WC="0.96" CONTENT="Om"/><SP WIDTH="16" VPOS="360" HPOS="153"/>
							<String ID="string_6" HPOS="169" VPOS="360" WIDTH="67" HEIGHT="24" WC="0.95" CONTENT="brott"/><SP WIDTH="10" VPOS="360" HPOS="236"/>
							<String ID="string_7" HPOS="246" VPOS="360" WIDTH="64" HEIGHT="23" WC="0.96" CONTENT="emot"/><SP WIDTH="10" VPOS="360" HPOS="310"/>
							<String ID="string_8" HPOS="320" VPOS="360" WIDTH="111" HEIGHT="28" WC="0.96" CONTENT="offentlig"/><SP WIDTH="10" VPOS="360" HPOS="431"/>
							<String ID="string_9" HPOS="441" VPOS="360" WIDTH="145" HEIGHT="28" WC="0.96" CONTENT="myndighet"/><SP WIDTH="10" VPOS="360" HPOS="586"/>
							<String ID="string_10" HPOS="596" VPOS="361" WIDTH="44" HEIGHT="21" WC="0.96" CONTENT="och"/><SP WIDTH="10" VPOS="361" HPOS="640"/>
							<String ID="string_11" HPOS="650" VPOS="360" WIDTH="93" HEIGHT="22" WC="0.96" CONTENT="allmän"/><SP WIDTH="11" VPOS="360" HPOS="743"/>
							<String ID="string_12" HPOS="754" VPOS="361" WIDTH="109" HEIGHT="27" WC="0.96" CONTENT="ordning."/>
						</TextLine>
					</TextBlock>
				</ComposedBlock>
				<ComposedBlock ID="cblock_2" HPOS="110" VPOS="411" WIDTH="764" HEIGHT="1063">
					<TextBlock ID="block_2" HPOS="110" VPOS="411" WIDTH="757" HEIGHT="298">
						<TextLine ID="line_3" HPOS="170" VPOS="411" WIDTH="694" HEIGHT="29">
							<String ID="string_13" HPOS="170" VPOS="414" WIDTH="46" HEIGHT="25" WC="0.93" CONTENT="18."/><SP WIDTH="30" VPOS="414" HPOS="216"/>
							<String ID="string_14" HPOS="246" VPOS="412" WIDTH="58" HEIGHT="25" WC="0.95" CONTENT="Den,"/><SP WIDTH="24" VPOS="412" HPOS="304"/>
							<String ID="string_15" HPOS="328" VPOS="418" WIDTH="48" HEIGHT="14" WC="0.96" CONTENT="som"/><SP WIDTH="22" VPOS="418" HPOS="376"/>
							<String ID="string_16" HPOS="398" VPOS="414" WIDTH="43" HEIGHT="26" WC="0.96" CONTENT="gör"/><SP WIDTH="21" VPOS="414" HPOS="441"/>
							<String ID="string_17" HPOS="462" VPOS="411" WIDTH="145" HEIGHT="22" WC="0.94" CONTENT="misshandel"/><SP WIDTH="15" VPOS="411" HPOS="607"/>
							<String ID="string_18" HPOS="622" VPOS="412" WIDTH="57" HEIGHT="21" WC="0.96" CONTENT="eller"/><SP WIDTH="15" VPOS="412" HPOS="679"/>
							<String ID="string_19" HPOS="694" VPOS="414" WIDTH="73" HEIGHT="20" WC="0.96" CONTENT="annat"/><SP WIDTH="14" VPOS="414" HPOS="767"/>
							<String ID="string_20" HPOS="781" VPOS="412" WIDTH="55" HEIGHT="22" WC="0.93" CONTENT="våld"/><SP WIDTH="15" VPOS="412" HPOS="836"/>
							<String ID="string_21" HPOS="851" VPOS="412" WIDTH="13" HEIGHT="21" WC="0.92" CONTENT="å"/>
						</TextLine>
						<TextLine ID="line_4" HPOS="110" VPOS="445" WIDTH="756" HEIGHT="31">
							<String ID="string_22" HPOS="110" VPOS="447" WIDTH="146" HEIGHT="29" WC="0.90" CONTENT="tjensteman,"/><SP WIDTH="23" VPOS="447" HPOS="256"/>
							<String ID="string_23" HPOS="279" VPOS="446" WIDTH="9" HEIGHT="21" WC="0.93" CONTENT="i"/><SP WIDTH="20" VPOS="446" HPOS="288"/>
							<String ID="string_24" HPOS="308" VPOS="445" WIDTH="177" HEIGHT="30" WC="0.89" CONTENT="tjensteärende,"/><SP WIDTH="17" VPOS="445" HPOS="485"/>
							<String ID="string_25" HPOS="502" VPOS="446" WIDTH="57" HEIGHT="21" WC="0.96" CONTENT="eller"/><SP WIDTH="15" VPOS="446" HPOS="559"/>
							<String ID="string_26" HPOS="574" VPOS="446" WIDTH="52" HEIGHT="21" WC="0.96" CONTENT="med"/><SP WIDTH="15" VPOS="446" HPOS="626"/>
							<String ID="string_27" HPOS="641" VPOS="447" WIDTH="85" HEIGHT="21" WC="0.96" CONTENT="sådant"/><SP WIDTH="13" VPOS="447" HPOS="726"/>
							<String ID="string_28" HPOS="739" VPOS="447" WIDTH="56" HEIGHT="22" WC="0.96" CONTENT="våld"/><SP WIDTH="16" VPOS="447" HPOS="795"/>
							<String ID="string_29" HPOS="811" VPOS="447" WIDTH="55" HEIGHT="20" WC="0.96" CONTENT="eller"/>
						</TextLine>
						<TextLine ID="line_5" HPOS="112" VPOS="480" WIDTH="754" HEIGHT="29">
							<String ID="string_30" HPOS="112" VPOS="481" WIDTH="41" HEIGHT="22" WC="0.96" CONTENT="hot"/><SP WIDTH="22" VPOS="481" HPOS="153"/>
							<String ID="string_31" HPOS="175" VPOS="488" WIDTH="37" HEIGHT="15" WC="0.96" CONTENT="om"/><SP WIDTH="21" VPOS="488" HPOS="212"/>
							<String ID="string_32" HPOS="233" VPOS="480" WIDTH="56" HEIGHT="22" WC="0.96" CONTENT="våld"/><SP WIDTH="21" VPOS="480" HPOS="289"/>
							<String ID="string_33" HPOS="310" VPOS="480" WIDTH="93" HEIGHT="29" WC="0.96" CONTENT="tvingar"/><SP WIDTH="19" VPOS="480" HPOS="403"/>
							<String ID="string_34" HPOS="422" VPOS="480" WIDTH="57" HEIGHT="22" WC="0.95" CONTENT="eller"/><SP WIDTH="16" VPOS="480" HPOS="479"/>
							<String ID="string_35" HPOS="495" VPOS="481" WIDTH="67" HEIGHT="21" WC="0.96" CONTENT="söker"/><SP WIDTH="15" VPOS="481" HPOS="562"/>
							<String ID="string_36" HPOS="577" VPOS="481" WIDTH="83" HEIGHT="28" WC="0.93" CONTENT="tvinga"/><SP WIDTH="15" VPOS="481" HPOS="660"/>
							<String ID="string_37" HPOS="675" VPOS="481" WIDTH="141" HEIGHT="28" WC="0.90" CONTENT="tjensteman"/><SP WIDTH="15" VPOS="481" HPOS="816"/>
							<String ID="string_38" HPOS="831" VPOS="482" WIDTH="35" HEIGHT="20" WC="0.96" CONTENT="att"/>
						</TextLine>
						<TextLine ID="line_6" HPOS="112" VPOS="515" WIDTH="754" HEIGHT="29">
							<String ID="string_39" HPOS="112" VPOS="515" WIDTH="105" HEIGHT="29" WC="0.92" CONTENT="företaga"/><SP WIDTH="18" VPOS="515" HPOS="217"/>
							<String ID="string_40" HPOS="235" VPOS="515" WIDTH="56" HEIGHT="22" WC="0.95" CONTENT="eller"/><SP WIDTH="22" VPOS="515" HPOS="291"/>
							<String ID="string_41" HPOS="313" VPOS="515" WIDTH="123" HEIGHT="21" WC="0.93" CONTENT="underlåta"/><SP WIDTH="21" VPOS="515" HPOS="436"/>
							<String ID="string_42" HPOS="457" VPOS="515" WIDTH="179" HEIGHT="28" WC="0.91" CONTENT="tjensteåtgärd,"/><SP WIDTH="24" VPOS="515" HPOS="636"/>
							<String ID="string_43" HPOS="660" VPOS="515" WIDTH="57" HEIGHT="22" WC="0.96" CONTENT="eller"/><SP WIDTH="22" VPOS="515" HPOS="717"/>
							<String ID="string_44" HPOS="739" VPOS="515" WIDTH="96" HEIGHT="22" WC="0.93" CONTENT="hämnas"/><SP WIDTH="18" VPOS="515" HPOS="835"/>
							<String ID="string_45" HPOS="853" VPOS="515" WIDTH="13" HEIGHT="21" WC="0.91" CONTENT="å"/>
						</TextLine>
						<TextLine ID="line_7" HPOS="113" VPOS="549" WIDTH="754" HEIGHT="30">
							<String ID="string_46" HPOS="113" VPOS="550" WIDTH="85" HEIGHT="22" WC="0.95" CONTENT="honom"/><SP WIDTH="15" VPOS="550" HPOS="198"/>
							<String ID="string_47" HPOS="213" VPOS="549" WIDTH="35" HEIGHT="22" WC="0.96" CONTENT="för"/><SP WIDTH="16" VPOS="549" HPOS="248"/>
							<String ID="string_48" HPOS="264" VPOS="549" WIDTH="72" HEIGHT="22" WC="0.96" CONTENT="sådan"/><SP WIDTH="14" VPOS="549" HPOS="336"/>
							<String ID="string_49" HPOS="350" VPOS="549" WIDTH="89" HEIGHT="29" WC="0.96" CONTENT="åtgärd,"/><SP WIDTH="17" VPOS="549" HPOS="439"/>
							<String ID="string_50" HPOS="456" VPOS="549" WIDTH="79" HEIGHT="22" WC="0.96" CONTENT="dömes"/><SP WIDTH="16" VPOS="549" HPOS="535"/>
							<String ID="string_51" HPOS="551" VPOS="549" WIDTH="37" HEIGHT="22" WC="0.93" CONTENT="till"/><SP WIDTH="16" VPOS="549" HPOS="588"/>
							<String ID="string_52" HPOS="604" VPOS="549" WIDTH="98" HEIGHT="22" WC="0.91" CONTENT="tukthus"/><SP WIDTH="15" VPOS="549" HPOS="702"/>
							<String ID="string_53" HPOS="717" VPOS="550" WIDTH="9" HEIGHT="21" WC="0.96" CONTENT="i"/><SP WIDTH="9" VPOS="550" HPOS="726"/>
							<String ID="string_54" HPOS="735" VPOS="550" WIDTH="71" HEIGHT="29" WC="0.95" CONTENT="högst"/><SP WIDTH="9" VPOS="550" HPOS="806"/>
							<String ID="string_55" HPOS="815" VPOS="550" WIDTH="52" HEIGHT="28" WC="0.96" CONTENT="fyra"/>
						</TextLine>
						<TextLine ID="line_8" HPOS="114" VPOS="583" WIDTH="752" HEIGHT="30">
							<String ID="string_56" HPOS="114" VPOS="585" WIDTH="25" HEIGHT="21" WC="0.94" CONTENT="år"/><SP WIDTH="22" VPOS="585" HPOS="139"/>
							<String ID="string_57" HPOS="161" VPOS="585" WIDTH="55" HEIGHT="21" WC="0.96" CONTENT="eller"/><SP WIDTH="22" VPOS="585" HPOS="216"/>
							<String ID="string_58" HPOS="238" VPOS="584" WIDTH="105" HEIGHT="29" WC="0.95" CONTENT="fängelse"/><SP WIDTH="22" VPOS="584" HPOS="343"/>
							<String ID="string_59" HPOS="365" VPOS="584" WIDTH="20" HEIGHT="28" WC="0.96" CONTENT="ej"/><SP WIDTH="24" VPOS="584" HPOS="385"/>
							<String ID="string_60" HPOS="409" VPOS="583" WIDTH="74" HEIGHT="22" WC="0.96" CONTENT="under"/><SP WIDTH="17" VPOS="583" HPOS="483"/>
							<String ID="string_61" HPOS="500" VPOS="591" WIDTH="40" HEIGHT="14" WC="0.96" CONTENT="sex"/><SP WIDTH="14" VPOS="591" HPOS="540"/>
							<String ID="string_62" HPOS="554" VPOS="584" WIDTH="118" HEIGHT="27" WC="0.96" CONTENT="månader,"/><SP WIDTH="16" VPOS="584" HPOS="672"/>
							<String ID="string_63" HPOS="688" VPOS="585" WIDTH="62" HEIGHT="28" WC="0.96" CONTENT="eller,"/><SP WIDTH="17" VPOS="585" HPOS="750"/>
							<String ID="string_64" HPOS="767" VPOS="585" WIDTH="40" HEIGHT="21" WC="0.93" CONTENT="der"/><SP WIDTH="16" VPOS="585" HPOS="807"/>
							<String ID="string_65" HPOS="823" VPOS="591" WIDTH="43" HEIGHT="14" WC="0.92" CONTENT="om-"/>
						</TextLine>
						<TextLine ID="line_9" HPOS="114" VPOS="618" WIDTH="753" HEIGHT="29">
							<String ID="string_66" HPOS="114" VPOS="618" WIDTH="192" HEIGHT="29" WC="0.91" CONTENT="ständigheterna"/><SP WIDTH="22" VPOS="618" HPOS="306"/>
							<String ID="string_67" HPOS="328" VPOS="622" WIDTH="38" HEIGHT="18" WC="0.96" CONTENT="äro"/><SP WIDTH="23" VPOS="622" HPOS="366"/>
							<String ID="string_68" HPOS="389" VPOS="618" WIDTH="153" HEIGHT="29" WC="0.93" CONTENT="synnerligen"/><SP WIDTH="14" VPOS="618" HPOS="542"/>
							<String ID="string_69" HPOS="556" VPOS="619" WIDTH="138" HEIGHT="26" WC="0.91" CONTENT="mildrande,"/><SP WIDTH="17" VPOS="619" HPOS="694"/>
							<String ID="string_70" HPOS="711" VPOS="619" WIDTH="37" HEIGHT="21" WC="0.96" CONTENT="till"/><SP WIDTH="14" VPOS="619" HPOS="748"/>
							<String ID="string_71" HPOS="762" VPOS="619" WIDTH="105" HEIGHT="28" WC="0.96" CONTENT="fängelse"/>
						</TextLine>
						<TextLine ID="line_10" HPOS="114" VPOS="653" WIDTH="752" HEIGHT="29">
							<String ID="string_72" HPOS="114" VPOS="654" WIDTH="8" HEIGHT="21" WC="0.96" CONTENT="i"/><SP WIDTH="23" VPOS="654" HPOS="122"/>
							<String ID="string_73" HPOS="145" VPOS="653" WIDTH="69" HEIGHT="29" WC="0.96" CONTENT="högst"/><SP WIDTH="22" VPOS="653" HPOS="214"/>
							<String ID="string_74" HPOS="236" VPOS="661" WIDTH="40" HEIGHT="14" WC="0.96" CONTENT="sex"/><SP WIDTH="22" VPOS="661" HPOS="276"/>
							<String ID="string_75" HPOS="298" VPOS="653" WIDTH="109" HEIGHT="22" WC="0.95" CONTENT="månader"/><SP WIDTH="23" VPOS="653" HPOS="407"/>
							<String ID="string_76" HPOS="430" VPOS="653" WIDTH="57" HEIGHT="22" WC="0.96" CONTENT="eller"/><SP WIDTH="24" VPOS="653" HPOS="487"/>
							<String ID="string_77" HPOS="511" VPOS="653" WIDTH="66" HEIGHT="22" WC="0.96" CONTENT="böter"/><SP WIDTH="15" VPOS="653" HPOS="577"/>
							<String ID="string_78" HPOS="592" VPOS="653" WIDTH="52" HEIGHT="22" WC="0.96" CONTENT="från"/><SP WIDTH="16" VPOS="653" HPOS="644"/>
							<String ID="string_79" HPOS="660" VPOS="653" WIDTH="44" HEIGHT="22" WC="0.96" CONTENT="och"/><SP WIDTH="14" VPOS="653" HPOS="704"/>
							<String ID="string_80" HPOS="718" VPOS="654" WIDTH="53" HEIGHT="21" WC="0.96" CONTENT="med"/><SP WIDTH="15" VPOS="654" HPOS="771"/>
							<String ID="string_81" HPOS="786" VPOS="653" WIDTH="80" HEIGHT="22" WC="0.96" CONTENT="femtio"/>
						</TextLine>
						<TextLine ID="line_11" HPOS="114" VPOS="687" WIDTH="405" HEIGHT="22">
							<String ID="string_82" HPOS="114" VPOS="688" WIDTH="38" HEIGHT="21" WC="0.95" CONTENT="till"/><SP WIDTH="16" VPOS="688" HPOS="152"/>
							<String ID="string_83" HPOS="168" VPOS="687" WIDTH="43" HEIGHT="22" WC="0.96" CONTENT="och"/><SP WIDTH="15" VPOS="687" HPOS="211"/>
							<String ID="string_84" HPOS="226" VPOS="687" WIDTH="53" HEIGHT="22" WC="0.96" CONTENT="med"/><SP WIDTH="15" VPOS="687" HPOS="279"/>
							<String ID="string_85" HPOS="294" VPOS="687" WIDTH="138" HEIGHT="22" WC="0.96" CONTENT="femhundra"/><SP WIDTH="14" VPOS="687" HPOS="432"/>
							<String ID="string_86" HPOS="446" VPOS="687" WIDTH="73" HEIGHT="22" WC="0.96" CONTENT="mark."/>
						</TextLine>
					</TextBlock>
					<TextBlock ID="block_3" HPOS="115" VPOS="721" WIDTH="754" HEIGHT="132">
						<TextLine ID="line_12" HPOS="186" VPOS="721" WIDTH="681" HEIGHT="30">
							<String ID="string_87" HPOS="186" VPOS="722" WIDTH="77" HEIGHT="28" WC="0.91" CONTENT="Begås"/><SP WIDTH="17" VPOS="722" HPOS="263"/>
							<String ID="string_88" HPOS="280" VPOS="721" WIDTH="72" HEIGHT="22" WC="0.96" CONTENT="sådan"/><SP WIDTH="15" VPOS="721" HPOS="352"/>
							<String ID="string_89" HPOS="367" VPOS="721" WIDTH="122" HEIGHT="29" WC="0.95" CONTENT="handling,"/><SP WIDTH="18" VPOS="721" HPOS="489"/>
							<String ID="string_90" HPOS="507" VPOS="729" WIDTH="48" HEIGHT="14" WC="0.96" CONTENT="som"/><SP WIDTH="15" VPOS="729" HPOS="555"/>
							<String ID="string_91" HPOS="570" VPOS="729" WIDTH="32" HEIGHT="14" WC="0.96" CONTENT="nu"/><SP WIDTH="16" VPOS="729" HPOS="602"/>
							<String ID="string_92" HPOS="618" VPOS="726" WIDTH="25" HEIGHT="17" WC="0.93" CONTENT="är"/><SP WIDTH="15" VPOS="726" HPOS="643"/>
							<String ID="string_93" HPOS="658" VPOS="722" WIDTH="64" HEIGHT="29" WC="0.91" CONTENT="sagd,"/><SP WIDTH="16" VPOS="722" HPOS="722"/>
							<String ID="string_94" HPOS="738" VPOS="724" WIDTH="62" HEIGHT="20" WC="0.96" CONTENT="emot"/><SP WIDTH="16" VPOS="724" HPOS="800"/>
							<String ID="string_95" HPOS="816" VPOS="721" WIDTH="51" HEIGHT="27" WC="0.96" CONTENT="den,"/>
						</TextLine>
						<TextLine ID="line_13" HPOS="116" VPOS="755" WIDTH="752" HEIGHT="30">
							<String ID="string_96" HPOS="116" VPOS="763" WIDTH="49" HEIGHT="16" WC="0.96" CONTENT="som"/><SP WIDTH="22" VPOS="763" HPOS="165"/>
							<String ID="string_97" HPOS="187" VPOS="756" WIDTH="81" HEIGHT="22" WC="0.95" CONTENT="blifvit"/><SP WIDTH="16" VPOS="756" HPOS="268"/>
							<String ID="string_98" HPOS="284" VPOS="755" WIDTH="125" HEIGHT="22" WC="0.96" CONTENT="förordnad"/><SP WIDTH="16" VPOS="755" HPOS="409"/>
							<String ID="string_99" HPOS="425" VPOS="756" WIDTH="56" HEIGHT="21" WC="0.96" CONTENT="eller"/><SP WIDTH="15" VPOS="756" HPOS="481"/>
							<String ID="string_100" HPOS="496" VPOS="756" WIDTH="56" HEIGHT="21" WC="0.96" CONTENT="vald"/><SP WIDTH="15" VPOS="756" HPOS="552"/>
							<String ID="string_101" HPOS="567" VPOS="758" WIDTH="35" HEIGHT="19" WC="0.93" CONTENT="att"/><SP WIDTH="14" VPOS="758" HPOS="602"/>
							<String ID="string_102" HPOS="616" VPOS="756" WIDTH="148" HEIGHT="29" WC="0.90" CONTENT="tillhandagå"/><SP WIDTH="15" VPOS="756" HPOS="764"/>
							<String ID="string_103" HPOS="779" VPOS="756" WIDTH="41" HEIGHT="21" WC="0.92" CONTENT="vid"/><SP WIDTH="15" VPOS="756" HPOS="820"/>
							<String ID="string_104" HPOS="835" VPOS="756" WIDTH="33" HEIGHT="21" WC="0.92" CONTENT="of-"/>
						</TextLine>
						<TextLine ID="line_14" HPOS="115" VPOS="790" WIDTH="754" HEIGHT="29">
							<String ID="string_105" HPOS="115" VPOS="791" WIDTH="85" HEIGHT="28" WC="0.93" CONTENT="fentlig"/><SP WIDTH="22" VPOS="791" HPOS="200"/>
							<String ID="string_106" HPOS="222" VPOS="790" WIDTH="148" HEIGHT="29" WC="0.95" CONTENT="förrättning,"/><SP WIDTH="22" VPOS="790" HPOS="370"/>
							<String ID="string_107" HPOS="392" VPOS="790" WIDTH="57" HEIGHT="21" WC="0.96" CONTENT="eller"/><SP WIDTH="23" VPOS="790" HPOS="449"/>
							<String ID="string_108" HPOS="472" VPOS="792" WIDTH="63" HEIGHT="20" WC="0.96" CONTENT="emot"/><SP WIDTH="13" VPOS="792" HPOS="535"/>
							<String ID="string_109" HPOS="548" VPOS="790" WIDTH="58" HEIGHT="23" WC="0.96" CONTENT="vakt"/><SP WIDTH="15" VPOS="790" HPOS="606"/>
							<String ID="string_110" HPOS="621" VPOS="791" WIDTH="57" HEIGHT="21" WC="0.93" CONTENT="eller"/><SP WIDTH="14" VPOS="791" HPOS="678"/>
							<String ID="string_111" HPOS="692" VPOS="791" WIDTH="105" HEIGHT="28" WC="0.92" CONTENT="postkarl"/><SP WIDTH="17" VPOS="791" HPOS="797"/>
							<String ID="string_112" HPOS="814" VPOS="790" WIDTH="55" HEIGHT="22" WC="0.95" CONTENT="eller"/>
						</TextLine>
						<TextLine ID="line_15" HPOS="115" VPOS="825" WIDTH="754" HEIGHT="28">
							<String ID="string_113" HPOS="115" VPOS="833" WIDTH="77" HEIGHT="14" WC="0.95" CONTENT="annan"/><SP WIDTH="14" VPOS="833" HPOS="192"/>
							<String ID="string_114" HPOS="206" VPOS="825" WIDTH="9" HEIGHT="22" WC="0.93" CONTENT="i"/><SP WIDTH="15" VPOS="825" HPOS="215"/>
							<String ID="string_115" HPOS="230" VPOS="825" WIDTH="197" HEIGHT="28" WC="0.92" CONTENT="tjensteutöfning"/><SP WIDTH="15" VPOS="825" HPOS="427"/>
							<String ID="string_116" HPOS="442" VPOS="825" WIDTH="70" HEIGHT="21" WC="0.92" CONTENT="stadd"/><SP WIDTH="9" VPOS="825" HPOS="512"/>
							<String ID="string_117" HPOS="521" VPOS="825" WIDTH="130" HEIGHT="28" WC="0.90" CONTENT="krigsman;"/><SP WIDTH="11" VPOS="825" HPOS="651"/>
							<String ID="string_118" HPOS="662" VPOS="833" WIDTH="55" HEIGHT="14" WC="0.96" CONTENT="vare"/><SP WIDTH="10" VPOS="833" HPOS="717"/>
							<String ID="string_119" HPOS="727" VPOS="825" WIDTH="40" HEIGHT="28" WC="0.95" CONTENT="lag"/><SP WIDTH="9" VPOS="825" HPOS="767"/>
							<String ID="string_120" HPOS="776" VPOS="832" WIDTH="93" HEIGHT="15" WC="0.95" CONTENT="samma."/>
						</TextLine>
					</TextBlock>
					<TextBlock ID="block_4" HPOS="117" VPOS="859" WIDTH="754" HEIGHT="202">
						<TextLine ID="line_16" HPOS="187" VPOS="859" WIDTH="682" HEIGHT="28">
							<String ID="string_121" HPOS="187" VPOS="861" WIDTH="13" HEIGHT="21" WC="0.89" CONTENT="2"/><SP WIDTH="16" VPOS="861" HPOS="200"/>
							<String ID="string_122" HPOS="216" VPOS="861" WIDTH="19" HEIGHT="26" WC="0.82" CONTENT="8."/><SP WIDTH="32" VPOS="861" HPOS="235"/>
							<String ID="string_123" HPOS="267" VPOS="859" WIDTH="77" HEIGHT="22" WC="0.30" CONTENT="Sätter"/><SP WIDTH="15" VPOS="859" HPOS="344"/>
							<String ID="string_124" HPOS="359" VPOS="859" WIDTH="36" HEIGHT="28" WC="0.96" CONTENT="sig"/><SP WIDTH="15" VPOS="859" HPOS="395"/>
							<String ID="string_125" HPOS="410" VPOS="860" WIDTH="79" HEIGHT="27" WC="0.96" CONTENT="någon"/><SP WIDTH="15" VPOS="860" HPOS="489"/>
							<String ID="string_126" HPOS="504" VPOS="859" WIDTH="53" HEIGHT="22" WC="0.96" CONTENT="med"/><SP WIDTH="15" VPOS="859" HPOS="557"/>
							<String ID="string_127" HPOS="572" VPOS="859" WIDTH="56" HEIGHT="22" WC="0.96" CONTENT="våld"/><SP WIDTH="15" VPOS="859" HPOS="628"/>
							<String ID="string_128" HPOS="643" VPOS="859" WIDTH="57" HEIGHT="22" WC="0.96" CONTENT="eller"/><SP WIDTH="15" VPOS="859" HPOS="700"/>
							<String ID="string_129" HPOS="715" VPOS="859" WIDTH="41" HEIGHT="22" WC="0.96" CONTENT="hot"/><SP WIDTH="11" VPOS="859" HPOS="756"/>
							<String ID="string_130" HPOS="767" VPOS="867" WIDTH="36" HEIGHT="14" WC="0.97" CONTENT="om"/><SP WIDTH="10" VPOS="867" HPOS="803"/>
							<String ID="string_131" HPOS="813" VPOS="859" WIDTH="56" HEIGHT="22" WC="0.96" CONTENT="våld"/>
						</TextLine>
						<TextLine ID="line_17" HPOS="117" VPOS="893" WIDTH="752" HEIGHT="30">
							<String ID="string_132" HPOS="117" VPOS="895" WIDTH="38" HEIGHT="21" WC="0.96" CONTENT="till"/><SP WIDTH="15" VPOS="895" HPOS="155"/>
							<String ID="string_133" HPOS="170" VPOS="894" WIDTH="119" HEIGHT="22" WC="0.96" CONTENT="motstånd"/><SP WIDTH="15" VPOS="894" HPOS="289"/>
							<String ID="string_134" HPOS="304" VPOS="896" WIDTH="61" HEIGHT="19" WC="0.93" CONTENT="emot"/><SP WIDTH="14" VPOS="896" HPOS="365"/>
							<String ID="string_135" HPOS="379" VPOS="893" WIDTH="142" HEIGHT="29" WC="0.90" CONTENT="tjensteman"/><SP WIDTH="16" VPOS="893" HPOS="521"/>
							<String ID="string_136" HPOS="537" VPOS="894" WIDTH="56" HEIGHT="21" WC="0.96" CONTENT="eller"/><SP WIDTH="15" VPOS="894" HPOS="593"/>
							<String ID="string_137" HPOS="608" VPOS="901" WIDTH="78" HEIGHT="14" WC="0.96" CONTENT="annan"/><SP WIDTH="10" VPOS="901" HPOS="686"/>
							<String ID="string_138" HPOS="696" VPOS="894" WIDTH="73" HEIGHT="21" WC="0.96" CONTENT="sådan"/><SP WIDTH="9" VPOS="894" HPOS="769"/>
							<String ID="string_139" HPOS="778" VPOS="901" WIDTH="91" HEIGHT="22" WC="0.95" CONTENT="person,"/>
						</TextLine>
						<TextLine ID="line_18" HPOS="117" VPOS="928" WIDTH="753" HEIGHT="29">
							<String ID="string_140" HPOS="117" VPOS="936" WIDTH="50" HEIGHT="15" WC="0.95" CONTENT="som"/><SP WIDTH="22" VPOS="936" HPOS="167"/>
							<String ID="string_141" HPOS="189" VPOS="929" WIDTH="8" HEIGHT="21" WC="0.93" CONTENT="i"/><SP WIDTH="17" VPOS="929" HPOS="197"/>
							<String ID="string_142" HPOS="214" VPOS="930" WIDTH="10" HEIGHT="21" WC="0.93" CONTENT="1"/><SP WIDTH="17" VPOS="930" HPOS="224"/>
							<String ID="string_143" HPOS="241" VPOS="930" WIDTH="13" HEIGHT="26" WC="0.91" CONTENT="&amp;"/><SP WIDTH="15" VPOS="930" HPOS="254"/>
							<String ID="string_144" HPOS="269" VPOS="932" WIDTH="102" HEIGHT="23" WC="0.96" CONTENT="nämnes,"/><SP WIDTH="15" VPOS="932" HPOS="371"/>
							<String ID="string_145" HPOS="386" VPOS="929" WIDTH="9" HEIGHT="20" WC="0.93" CONTENT="i"/><SP WIDTH="15" VPOS="929" HPOS="395"/>
							<String ID="string_146" HPOS="410" VPOS="928" WIDTH="183" HEIGHT="29" WC="0.92" CONTENT="tjensteärende;"/><SP WIDTH="17" VPOS="928" HPOS="593"/>
							<String ID="string_147" HPOS="610" VPOS="929" WIDTH="57" HEIGHT="21" WC="0.96" CONTENT="eller"/><SP WIDTH="14" VPOS="929" HPOS="667"/>
							<String ID="string_148" HPOS="681" VPOS="929" WIDTH="96" HEIGHT="21" WC="0.96" CONTENT="hindrar"/><SP WIDTH="15" VPOS="929" HPOS="777"/>
							<String ID="string_149" HPOS="792" VPOS="929" WIDTH="78" HEIGHT="28" WC="0.96" CONTENT="någon"/>
						</TextLine>
						<TextLine ID="line_19" HPOS="117" VPOS="962" WIDTH="752" HEIGHT="30">
							<String ID="string_150" HPOS="117" VPOS="963" WIDTH="85" HEIGHT="22" WC="0.95" CONTENT="honom"/><SP WIDTH="22" VPOS="963" HPOS="202"/>
							<String ID="string_151" HPOS="224" VPOS="963" WIDTH="156" HEIGHT="29" WC="0.96" CONTENT="uppsåtligen,"/><SP WIDTH="23" VPOS="963" HPOS="380"/>
							<String ID="string_152" HPOS="403" VPOS="963" WIDTH="60" HEIGHT="21" WC="0.96" CONTENT="dock"/><SP WIDTH="22" VPOS="963" HPOS="463"/>
							<String ID="string_153" HPOS="485" VPOS="965" WIDTH="58" HEIGHT="20" WC="0.96" CONTENT="utan"/><SP WIDTH="15" VPOS="965" HPOS="543"/>
							<String ID="string_154" HPOS="558" VPOS="963" WIDTH="56" HEIGHT="22" WC="0.96" CONTENT="våld"/><SP WIDTH="15" VPOS="963" HPOS="614"/>
							<String ID="string_155" HPOS="629" VPOS="963" WIDTH="57" HEIGHT="22" WC="0.96" CONTENT="eller"/><SP WIDTH="13" VPOS="963" HPOS="686"/>
							<String ID="string_156" HPOS="699" VPOS="963" WIDTH="42" HEIGHT="22" WC="0.96" CONTENT="hot"/><SP WIDTH="15" VPOS="963" HPOS="741"/>
							<String ID="string_157" HPOS="756" VPOS="970" WIDTH="37" HEIGHT="14" WC="0.95" CONTENT="om"/><SP WIDTH="15" VPOS="970" HPOS="793"/>
							<String ID="string_158" HPOS="808" VPOS="962" WIDTH="61" HEIGHT="27" WC="0.96" CONTENT="våld,"/>
						</TextLine>
						<TextLine ID="line_20" HPOS="117" VPOS="997" WIDTH="754" HEIGHT="29">
							<String ID="string_159" HPOS="117" VPOS="1001" WIDTH="36" HEIGHT="18" WC="0.95" CONTENT="att"/><SP WIDTH="21" VPOS="1001" HPOS="153"/>
							<String ID="string_160" HPOS="174" VPOS="998" WIDTH="84" HEIGHT="21" WC="0.96" CONTENT="sådant"/><SP WIDTH="22" VPOS="998" HPOS="258"/>
							<String ID="string_161" HPOS="280" VPOS="998" WIDTH="83" HEIGHT="21" WC="0.96" CONTENT="ärende"/><SP WIDTH="15" VPOS="998" HPOS="363"/>
							<String ID="string_162" HPOS="378" VPOS="998" WIDTH="87" HEIGHT="27" WC="0.93" CONTENT="utföra;"/><SP WIDTH="17" VPOS="998" HPOS="465"/>
							<String ID="string_163" HPOS="482" VPOS="997" WIDTH="91" HEIGHT="22" WC="0.90" CONTENT="straffes"/><SP WIDTH="15" VPOS="997" HPOS="573"/>
							<String ID="string_164" HPOS="588" VPOS="997" WIDTH="54" HEIGHT="22" WC="0.96" CONTENT="med"/><SP WIDTH="15" VPOS="997" HPOS="642"/>
							<String ID="string_165" HPOS="657" VPOS="997" WIDTH="105" HEIGHT="29" WC="0.96" CONTENT="fängelse"/><SP WIDTH="16" VPOS="997" HPOS="762"/>
							<String ID="string_166" HPOS="778" VPOS="997" WIDTH="8" HEIGHT="22" WC="0.96" CONTENT="i"/><SP WIDTH="15" VPOS="997" HPOS="786"/>
							<String ID="string_167" HPOS="801" VPOS="997" WIDTH="70" HEIGHT="28" WC="0.95" CONTENT="högst"/>
						</TextLine>
						<TextLine ID="line_21" HPOS="118" VPOS="1032" WIDTH="664" HEIGHT="29">
							<String ID="string_168" HPOS="118" VPOS="1039" WIDTH="40" HEIGHT="14" WC="0.95" CONTENT="sex"/><SP WIDTH="15" VPOS="1039" HPOS="158"/>
							<String ID="string_169" HPOS="173" VPOS="1032" WIDTH="109" HEIGHT="22" WC="0.96" CONTENT="månader"/><SP WIDTH="16" VPOS="1032" HPOS="282"/>
							<String ID="string_170" HPOS="298" VPOS="1032" WIDTH="55" HEIGHT="21" WC="0.95" CONTENT="eller"/><SP WIDTH="14" VPOS="1032" HPOS="353"/>
							<String ID="string_171" HPOS="367" VPOS="1032" WIDTH="67" HEIGHT="22" WC="0.96" CONTENT="böter"/><SP WIDTH="15" VPOS="1032" HPOS="434"/>
							<String ID="string_172" HPOS="449" VPOS="1032" WIDTH="21" HEIGHT="29" WC="0.96" CONTENT="ej"/><SP WIDTH="17" VPOS="1032" HPOS="470"/>
							<String ID="string_173" HPOS="487" VPOS="1032" WIDTH="67" HEIGHT="22" WC="0.96" CONTENT="öfver"/><SP WIDTH="14" VPOS="1032" HPOS="554"/>
							<String ID="string_174" HPOS="568" VPOS="1032" WIDTH="128" HEIGHT="22" WC="0.96" CONTENT="trehundra"/><SP WIDTH="15" VPOS="1032" HPOS="696"/>
							<String ID="string_175" HPOS="711" VPOS="1032" WIDTH="71" HEIGHT="21" WC="0.96" CONTENT="mark."/>
						</TextLine>
					</TextBlock>
					<TextBlock ID="block_5" HPOS="118" VPOS="1065" WIDTH="752" HEIGHT="58">
						<TextLine ID="line_22" HPOS="188" VPOS="1065" WIDTH="682" HEIGHT="30">
							<String ID="string_176" HPOS="188" VPOS="1066" WIDTH="51" HEIGHT="29" WC="0.96" CONTENT="Lag"/><SP WIDTH="22" VPOS="1066" HPOS="239"/>
							<String ID="string_177" HPOS="261" VPOS="1074" WIDTH="86" HEIGHT="14" WC="0.96" CONTENT="samma"/><SP WIDTH="20" VPOS="1074" HPOS="347"/>
							<String ID="string_178" HPOS="367" VPOS="1074" WIDTH="62" HEIGHT="19" WC="0.96" CONTENT="vare,"/><SP WIDTH="23" VPOS="1074" HPOS="429"/>
							<String ID="string_179" HPOS="452" VPOS="1074" WIDTH="37" HEIGHT="15" WC="0.94" CONTENT="om"/><SP WIDTH="23" VPOS="1074" HPOS="489"/>
							<String ID="string_180" HPOS="512" VPOS="1067" WIDTH="88" HEIGHT="21" WC="0.92" CONTENT="brottet"/><SP WIDTH="22" VPOS="1067" HPOS="600"/>
							<String ID="string_181" HPOS="622" VPOS="1067" WIDTH="103" HEIGHT="21" WC="0.91" CONTENT="föröfvas"/><SP WIDTH="16" VPOS="1067" HPOS="725"/>
							<String ID="string_182" HPOS="741" VPOS="1068" WIDTH="62" HEIGHT="19" WC="0.96" CONTENT="emot"/><SP WIDTH="16" VPOS="1068" HPOS="803"/>
							<String ID="string_183" HPOS="819" VPOS="1065" WIDTH="51" HEIGHT="28" WC="0.96" CONTENT="den,"/>
						</TextLine>
						<TextLine ID="line_23" HPOS="118" VPOS="1101" WIDTH="503" HEIGHT="22">
							<String ID="string_184" HPOS="118" VPOS="1108" WIDTH="49" HEIGHT="15" WC="0.96" CONTENT="som"/><SP WIDTH="15" VPOS="1108" HPOS="167"/>
							<String ID="string_185" HPOS="182" VPOS="1101" WIDTH="45" HEIGHT="22" WC="0.96" CONTENT="fått"/><SP WIDTH="15" VPOS="1101" HPOS="227"/>
							<String ID="string_186" HPOS="242" VPOS="1101" WIDTH="36" HEIGHT="22" WC="0.96" CONTENT="lof"/><SP WIDTH="12" VPOS="1101" HPOS="278"/>
							<String ID="string_187" HPOS="290" VPOS="1103" WIDTH="35" HEIGHT="20" WC="0.96" CONTENT="att"/><SP WIDTH="14" VPOS="1103" HPOS="325"/>
							<String ID="string_188" HPOS="339" VPOS="1101" WIDTH="100" HEIGHT="22" WC="0.93" CONTENT="anställa"/><SP WIDTH="14" VPOS="1101" HPOS="439"/>
							<String ID="string_189" HPOS="453" VPOS="1101" WIDTH="168" HEIGHT="22" WC="0.92" CONTENT="husransakan."/>
						</TextLine>
					</TextBlock>
					<TextBlock ID="block_6" HPOS="118" VPOS="1134" WIDTH="756" HEIGHT="272">
						<TextLine ID="line_24" HPOS="190" VPOS="1134" WIDTH="681" HEIGHT="31">
							<String ID="string_190" HPOS="190" VPOS="1137" WIDTH="13" HEIGHT="21" WC="0.92" CONTENT="3"/><SP WIDTH="15" VPOS="1137" HPOS="203"/>
							<String ID="string_191" HPOS="218" VPOS="1137" WIDTH="20" HEIGHT="26" WC="0.83" CONTENT="&amp;."/><SP WIDTH="31" VPOS="1137" HPOS="238"/>
							<String ID="string_192" HPOS="269" VPOS="1135" WIDTH="89" HEIGHT="22" WC="0.94" CONTENT="Samlar"/><SP WIDTH="14" VPOS="1135" HPOS="358"/>
							<String ID="string_193" HPOS="372" VPOS="1136" WIDTH="37" HEIGHT="28" WC="0.97" CONTENT="sig"/><SP WIDTH="14" VPOS="1136" HPOS="409"/>
							<String ID="string_194" HPOS="423" VPOS="1135" WIDTH="51" HEIGHT="22" WC="0.93" CONTENT="folk"/><SP WIDTH="15" VPOS="1135" HPOS="474"/>
							<String ID="string_195" HPOS="489" VPOS="1135" WIDTH="101" HEIGHT="30" WC="0.90" CONTENT="tillhopa"/><SP WIDTH="14" VPOS="1135" HPOS="590"/>
							<String ID="string_196" HPOS="604" VPOS="1136" WIDTH="8" HEIGHT="21" WC="0.95" CONTENT="i"/><SP WIDTH="16" VPOS="1136" HPOS="612"/>
							<String ID="string_197" HPOS="628" VPOS="1135" WIDTH="86" HEIGHT="29" WC="0.95" CONTENT="mängd"/><SP WIDTH="16" VPOS="1135" HPOS="714"/>
							<String ID="string_198" HPOS="730" VPOS="1135" WIDTH="44" HEIGHT="22" WC="0.93" CONTENT="och"/><SP WIDTH="15" VPOS="1135" HPOS="774"/>
							<String ID="string_199" HPOS="789" VPOS="1134" WIDTH="82" HEIGHT="29" WC="0.92" CONTENT="ädaga-"/>
						</TextLine>
						<TextLine ID="line_25" HPOS="118" VPOS="1169" WIDTH="754" HEIGHT="30">
							<String ID="string_200" HPOS="118" VPOS="1170" WIDTH="81" HEIGHT="29" WC="0.96" CONTENT="lägger"/><SP WIDTH="14" VPOS="1170" HPOS="199"/>
							<String ID="string_201" HPOS="213" VPOS="1170" WIDTH="86" HEIGHT="29" WC="0.96" CONTENT="uppsåt"/><SP WIDTH="14" VPOS="1170" HPOS="299"/>
							<String ID="string_202" HPOS="313" VPOS="1171" WIDTH="35" HEIGHT="20" WC="0.96" CONTENT="att"/><SP WIDTH="15" VPOS="1171" HPOS="348"/>
							<String ID="string_203" HPOS="363" VPOS="1172" WIDTH="144" HEIGHT="27" WC="0.96" CONTENT="gemensamt"/><SP WIDTH="17" VPOS="1172" HPOS="507"/>
							<String ID="string_204" HPOS="524" VPOS="1170" WIDTH="76" HEIGHT="21" WC="0.96" CONTENT="utföra"/><SP WIDTH="15" VPOS="1170" HPOS="600"/>
							<String ID="string_205" HPOS="615" VPOS="1169" WIDTH="69" HEIGHT="28" WC="0.96" CONTENT="brott,"/><SP WIDTH="16" VPOS="1169" HPOS="684"/>
							<String ID="string_206" HPOS="700" VPOS="1177" WIDTH="49" HEIGHT="14" WC="0.96" CONTENT="som"/><SP WIDTH="14" VPOS="1177" HPOS="749"/>
							<String ID="string_207" HPOS="763" VPOS="1169" WIDTH="9" HEIGHT="21" WC="0.96" CONTENT="i"/><SP WIDTH="18" VPOS="1169" HPOS="772"/>
							<String ID="string_208" HPOS="790" VPOS="1171" WIDTH="9" HEIGHT="20" WC="0.95" CONTENT="1"/><SP WIDTH="17" VPOS="1171" HPOS="799"/>
							<String ID="string_209" HPOS="816" VPOS="1169" WIDTH="56" HEIGHT="21" WC="0.96" CONTENT="eller"/>
						</TextLine>
						<TextLine ID="line_26" HPOS="120" VPOS="1204" WIDTH="753" HEIGHT="29">
							<String ID="string_210" HPOS="120" VPOS="1205" WIDTH="13" HEIGHT="21" WC="0.92" CONTENT="2"/><SP WIDTH="23" VPOS="1205" HPOS="133"/>
							<String ID="string_211" HPOS="156" VPOS="1206" WIDTH="13" HEIGHT="25" WC="0.81" CONTENT="&amp;"/><SP WIDTH="23" VPOS="1206" HPOS="169"/>
							<String ID="string_212" HPOS="192" VPOS="1205" WIDTH="152" HEIGHT="26" WC="0.92" CONTENT="omförmäles,"/><SP WIDTH="22" VPOS="1205" HPOS="344"/>
							<String ID="string_213" HPOS="366" VPOS="1206" WIDTH="60" HEIGHT="19" WC="0.93" CONTENT="samt"/><SP WIDTH="22" VPOS="1206" HPOS="426"/>
							<String ID="string_214" HPOS="448" VPOS="1204" WIDTH="109" HEIGHT="29" WC="0.93" CONTENT="skingrar"/><SP WIDTH="22" VPOS="1204" HPOS="557"/>
							<String ID="string_215" HPOS="579" VPOS="1204" WIDTH="37" HEIGHT="28" WC="0.96" CONTENT="sig"/><SP WIDTH="18" VPOS="1204" HPOS="616"/>
							<String ID="string_216" HPOS="634" VPOS="1204" WIDTH="27" HEIGHT="29" WC="0.96" CONTENT="ej,"/><SP WIDTH="17" VPOS="1204" HPOS="661"/>
							<String ID="string_217" HPOS="678" VPOS="1204" WIDTH="72" HEIGHT="21" WC="0.93" CONTENT="sedan"/><SP WIDTH="15" VPOS="1204" HPOS="750"/>
							<String ID="string_218" HPOS="765" VPOS="1210" WIDTH="108" HEIGHT="22" WC="0.92" CONTENT="upprors-"/>
						</TextLine>
						<TextLine ID="line_27" HPOS="118" VPOS="1237" WIDTH="753" HEIGHT="30">
							<String ID="string_219" HPOS="118" VPOS="1242" WIDTH="101" HEIGHT="18" WC="0.96" CONTENT="männen"/><SP WIDTH="23" VPOS="1242" HPOS="219"/>
							<String ID="string_220" HPOS="242" VPOS="1239" WIDTH="25" HEIGHT="21" WC="0.95" CONTENT="af"/><SP WIDTH="21" VPOS="1239" HPOS="267"/>
							<String ID="string_221" HPOS="288" VPOS="1239" WIDTH="106" HEIGHT="28" WC="0.93" CONTENT="offentlig"/><SP WIDTH="15" VPOS="1239" HPOS="394"/>
							<String ID="string_222" HPOS="409" VPOS="1239" WIDTH="141" HEIGHT="28" WC="0.96" CONTENT="myndighet"/><SP WIDTH="14" VPOS="1239" HPOS="550"/>
							<String ID="string_223" HPOS="564" VPOS="1239" WIDTH="36" HEIGHT="21" WC="0.96" CONTENT="uti"/><SP WIDTH="16" VPOS="1239" HPOS="600"/>
							<String ID="string_224" HPOS="616" VPOS="1239" WIDTH="46" HEIGHT="21" WC="0.96" CONTENT="den"/><SP WIDTH="15" VPOS="1239" HPOS="662"/>
							<String ID="string_225" HPOS="677" VPOS="1239" WIDTH="8" HEIGHT="20" WC="0.95" CONTENT="i"/><SP WIDTH="17" VPOS="1239" HPOS="685"/>
							<String ID="string_226" HPOS="702" VPOS="1241" WIDTH="11" HEIGHT="20" WC="0.93" CONTENT="7"/><SP WIDTH="16" VPOS="1241" HPOS="713"/>
							<String ID="string_227" HPOS="729" VPOS="1240" WIDTH="13" HEIGHT="25" WC="0.61" CONTENT="&amp;"/><SP WIDTH="17" VPOS="1240" HPOS="742"/>
							<String ID="string_228" HPOS="759" VPOS="1237" WIDTH="112" HEIGHT="29" WC="0.95" CONTENT="stadgade"/>
						</TextLine>
						<TextLine ID="line_28" HPOS="120" VPOS="1271" WIDTH="753" HEIGHT="31">
							<String ID="string_229" HPOS="120" VPOS="1273" WIDTH="100" HEIGHT="29" WC="0.92" CONTENT="ordning"/><SP WIDTH="22" VPOS="1273" HPOS="220"/>
							<String ID="string_230" HPOS="242" VPOS="1275" WIDTH="139" HEIGHT="27" WC="0.92" CONTENT="uppmanats"/><SP WIDTH="15" VPOS="1275" HPOS="381"/>
							<String ID="string_231" HPOS="396" VPOS="1275" WIDTH="36" HEIGHT="20" WC="0.93" CONTENT="att"/><SP WIDTH="15" VPOS="1275" HPOS="432"/>
							<String ID="string_232" HPOS="447" VPOS="1273" WIDTH="119" HEIGHT="29" WC="0.93" CONTENT="ätskiljas;"/><SP WIDTH="18" VPOS="1273" HPOS="566"/>
							<String ID="string_233" HPOS="584" VPOS="1273" WIDTH="91" HEIGHT="22" WC="0.93" CONTENT="straffes"/><SP WIDTH="16" VPOS="1273" HPOS="675"/>
							<String ID="string_234" HPOS="691" VPOS="1273" WIDTH="123" HEIGHT="21" WC="0.92" CONTENT="anstiftare"/><SP WIDTH="15" VPOS="1273" HPOS="814"/>
							<String ID="string_235" HPOS="829" VPOS="1271" WIDTH="44" HEIGHT="23" WC="0.97" CONTENT="och"/>
						</TextLine>
						<TextLine ID="line_29" HPOS="119" VPOS="1308" WIDTH="754" HEIGHT="28">
							<String ID="string_236" HPOS="119" VPOS="1308" WIDTH="106" HEIGHT="21" WC="0.91" CONTENT="anförare"/><SP WIDTH="11" VPOS="1308" HPOS="225"/>
							<String ID="string_237" HPOS="236" VPOS="1308" WIDTH="53" HEIGHT="22" WC="0.93" CONTENT="med"/><SP WIDTH="15" VPOS="1308" HPOS="289"/>
							<String ID="string_238" HPOS="304" VPOS="1308" WIDTH="97" HEIGHT="22" WC="0.92" CONTENT="tukthus"/><SP WIDTH="16" VPOS="1308" HPOS="401"/>
							<String ID="string_239" HPOS="417" VPOS="1308" WIDTH="56" HEIGHT="22" WC="0.93" CONTENT="eller"/><SP WIDTH="15" VPOS="1308" HPOS="473"/>
							<String ID="string_240" HPOS="488" VPOS="1308" WIDTH="106" HEIGHT="28" WC="0.93" CONTENT="fängelse"/><SP WIDTH="15" VPOS="1308" HPOS="594"/>
							<String ID="string_241" HPOS="609" VPOS="1308" WIDTH="9" HEIGHT="21" WC="0.93" CONTENT="i"/><SP WIDTH="15" VPOS="1308" HPOS="618"/>
							<String ID="string_242" HPOS="633" VPOS="1308" WIDTH="71" HEIGHT="28" WC="0.92" CONTENT="högst"/><SP WIDTH="14" VPOS="1308" HPOS="704"/>
							<String ID="string_243" HPOS="718" VPOS="1308" WIDTH="40" HEIGHT="21" WC="0.92" CONTENT="tvä"/><SP WIDTH="15" VPOS="1308" HPOS="758"/>
							<String ID="string_244" HPOS="773" VPOS="1308" WIDTH="26" HEIGHT="20" WC="0.96" CONTENT="är"/><SP WIDTH="15" VPOS="1308" HPOS="799"/>
							<String ID="string_245" HPOS="814" VPOS="1308" WIDTH="59" HEIGHT="20" WC="0.96" CONTENT="samt"/>
						</TextLine>
						<TextLine ID="line_30" HPOS="120" VPOS="1340" WIDTH="754" HEIGHT="31">
							<String ID="string_246" HPOS="120" VPOS="1342" WIDTH="26" HEIGHT="22" WC="0.96" CONTENT="af"/><SP WIDTH="21" VPOS="1342" HPOS="146"/>
							<String ID="string_247" HPOS="167" VPOS="1342" WIDTH="27" HEIGHT="22" WC="0.93" CONTENT="de"/><SP WIDTH="16" VPOS="1342" HPOS="194"/>
							<String ID="string_248" HPOS="210" VPOS="1342" WIDTH="74" HEIGHT="29" WC="0.87" CONTENT="öfrige"/><SP WIDTH="20" VPOS="1342" HPOS="284"/>
							<String ID="string_249" HPOS="304" VPOS="1350" WIDTH="29" HEIGHT="14" WC="0.93" CONTENT="en"/><SP WIDTH="14" VPOS="1350" HPOS="333"/>
							<String ID="string_250" HPOS="347" VPOS="1343" WIDTH="64" HEIGHT="27" WC="0.91" CONTENT="hvar,"/><SP WIDTH="17" VPOS="1343" HPOS="411"/>
							<String ID="string_251" HPOS="428" VPOS="1350" WIDTH="49" HEIGHT="14" WC="0.93" CONTENT="som"/><SP WIDTH="16" VPOS="1350" HPOS="477"/>
							<String ID="string_252" HPOS="493" VPOS="1343" WIDTH="21" HEIGHT="28" WC="0.92" CONTENT="ej"/><SP WIDTH="17" VPOS="1343" HPOS="514"/>
							<String ID="string_253" HPOS="531" VPOS="1342" WIDTH="77" HEIGHT="28" WC="0.90" CONTENT="ätlydt"/><SP WIDTH="15" VPOS="1342" HPOS="608"/>
							<String ID="string_254" HPOS="623" VPOS="1342" WIDTH="183" HEIGHT="28" WC="0.91" CONTENT="uppmaningen,"/><SP WIDTH="15" VPOS="1342" HPOS="806"/>
							<String ID="string_255" HPOS="821" VPOS="1340" WIDTH="53" HEIGHT="22" WC="0.96" CONTENT="med"/>
						</TextLine>
						<TextLine ID="line_31" HPOS="120" VPOS="1376" WIDTH="472" HEIGHT="30">
							<String ID="string_256" HPOS="120" VPOS="1376" WIDTH="105" HEIGHT="29" WC="0.92" CONTENT="fängelse"/><SP WIDTH="17" VPOS="1376" HPOS="225"/>
							<String ID="string_257" HPOS="242" VPOS="1377" WIDTH="20" HEIGHT="29" WC="0.92" CONTENT="ej"/><SP WIDTH="17" VPOS="1377" HPOS="262"/>
							<String ID="string_258" HPOS="279" VPOS="1377" WIDTH="64" HEIGHT="22" WC="0.96" CONTENT="öfver"/><SP WIDTH="15" VPOS="1377" HPOS="343"/>
							<String ID="string_259" HPOS="358" VPOS="1379" WIDTH="34" HEIGHT="20" WC="0.96" CONTENT="ett"/><SP WIDTH="15" VPOS="1379" HPOS="392"/>
							<String ID="string_260" HPOS="407" VPOS="1378" WIDTH="26" HEIGHT="20" WC="0.96" CONTENT="är"/><SP WIDTH="14" VPOS="1378" HPOS="433"/>
							<String ID="string_261" HPOS="447" VPOS="1377" WIDTH="58" HEIGHT="22" WC="0.93" CONTENT="eller"/><SP WIDTH="15" VPOS="1377" HPOS="505"/>
							<String ID="string_262" HPOS="520" VPOS="1377" WIDTH="72" HEIGHT="21" WC="0.92" CONTENT="böter."/>
						</TextLine>
					</TextBlock>
					<TextBlock ID="block_7" HPOS="119" VPOS="1404" WIDTH="754" HEIGHT="70">
						<TextLine ID="line_32" HPOS="189" VPOS="1404" WIDTH="684" HEIGHT="36">
							<String ID="string_263" HPOS="189" VPOS="1404" WIDTH="91" HEIGHT="35" WC="0.93" CONTENT="Ätlyda"/><SP WIDTH="13" VPOS="1404" HPOS="280"/>
							<String ID="string_264" HPOS="293" VPOS="1415" WIDTH="200" HEIGHT="25" WC="0.91" CONTENT="upprorsmännen"/><SP WIDTH="24" VPOS="1415" HPOS="493"/>
							<String ID="string_265" HPOS="517" VPOS="1411" WIDTH="72" HEIGHT="21" WC="0.96" CONTENT="sådan"/><SP WIDTH="18" VPOS="1411" HPOS="589"/>
							<String ID="string_266" HPOS="607" VPOS="1410" WIDTH="154" HEIGHT="29" WC="0.93" CONTENT="uppmaning;"/><SP WIDTH="22" VPOS="1410" HPOS="761"/>
							<String ID="string_267" HPOS="783" VPOS="1408" WIDTH="90" HEIGHT="22" WC="0.84" CONTENT="straffos"/>
						</TextLine>
						<TextLine ID="line_33" HPOS="119" VPOS="1444" WIDTH="754" HEIGHT="30">
							<String ID="string_268" HPOS="119" VPOS="1445" WIDTH="74" HEIGHT="22" WC="0.93" CONTENT="likväl"/><SP WIDTH="23" VPOS="1445" HPOS="193"/>
							<String ID="string_269" HPOS="216" VPOS="1446" WIDTH="121" HEIGHT="22" WC="0.92" CONTENT="anstiftare"/><SP WIDTH="16" VPOS="1446" HPOS="337"/>
							<String ID="string_270" HPOS="353" VPOS="1446" WIDTH="43" HEIGHT="22" WC="0.93" CONTENT="och"/><SP WIDTH="16" VPOS="1446" HPOS="396"/>
							<String ID="string_271" HPOS="412" VPOS="1446" WIDTH="108" HEIGHT="21" WC="0.96" CONTENT="anförare"/><SP WIDTH="16" VPOS="1446" HPOS="520"/>
							<String ID="string_272" HPOS="536" VPOS="1445" WIDTH="53" HEIGHT="22" WC="0.93" CONTENT="med"/><SP WIDTH="15" VPOS="1445" HPOS="589"/>
							<String ID="string_273" HPOS="604" VPOS="1445" WIDTH="105" HEIGHT="29" WC="0.96" CONTENT="fängelse"/><SP WIDTH="15" VPOS="1445" HPOS="709"/>
							<String ID="string_274" HPOS="724" VPOS="1444" WIDTH="8" HEIGHT="22" WC="0.93" CONTENT="i"/><SP WIDTH="15" VPOS="1444" HPOS="732"/>
							<String ID="string_275" HPOS="747" VPOS="1444" WIDTH="71" HEIGHT="28" WC="0.96" CONTENT="högst"/><SP WIDTH="15" VPOS="1444" HPOS="818"/>
							<String ID="string_276" HPOS="833" VPOS="1450" WIDTH="40" HEIGHT="15" WC="0.97" CONTENT="sex"/>
						</TextLine>
					</TextBlock>
				</ComposedBlock>
				<GraphicalElement ID="cblock_3" HPOS="1076" VPOS="93" WIDTH="10" HEIGHT="759"></GraphicalElement >
			</PrintSpace>
		</Page>
	</Layout>
</alto>
