1086 1717
559 145 40 21 N:o
614 145 36 23 36.

498 412 200 41 Förslag

591 482 27 17 till

336 532 141 34 Förordning
497 540 36 20 om
551 534 182 33 verkställighet
750 534 25 26 af
792 533 83 27 straff.

542 687 18 19 1.
585 687 69 23 Kap.

490 733 42 23 Om
548 733 161 23 dödsstraffet.

291 791 11 20 1
319 791 19 26 8.
369 790 121 23 Dödsstraff
503 791 34 22 mä
552 791 19 28 ej
587 791 130 26 verkställas,
733 791 64 21 innan
813 791 75 21 domen
904 790 70 21 derom

220 824 72 22 blifvit
313 824 104 29 Kejsaren
441 825 38 22 och
494 825 130 22 Storfursten
648 825 126 22 understäld.
809 825 44 21 Bör
875 824 100 22 dödsdom

220 857 124 28 fullbordas;
360 859 41 21 låte
417 859 105 28 Kejsaren
538 860 38 21 och
587 859 143 23 Storfurstens
745 858 230 29 befallningshafvande

220 893 88 28 uppläsa
330 893 74 22 domen
421 893 32 22 för
475 894 40 21 den
539 894 74 21 dömde
629 894 7 21 i
651 894 74 22 häktet
740 894 38 21 och
794 893 63 22 sedan
881 893 94 28 kungöra

219 926 78 21 honom
312 927 73 28 dagen,
401 927 26 22 då
442 928 42 21 han
500 928 54 22 skall
568 929 94 28 undergå
677 928 86 23 straffet.

289 962 13 19 2
317 962 20 25 8.
367 961 70 22 Innan
463 963 113 21 dödsstraff
600 963 129 25 verkställes,
759 963 54 21 skall
836 962 40 21 den
898 961 76 22 dömde

219 994 69 29 gifvas
302 995 87 28 lämplig
403 995 32 22 tid
451 999 30 20 att
495 997 77 22 bereda
588 997 32 28 sig
635 997 33 22 till
683 997 74 22 döden.

288 1029 27 28 Ej
332 1029 35 22 må
381 1029 113 23 dödsstraff
507 1031 123 22 verkställas
646 1031 12 22 &
674 1031 84 29 gvinna,
773 1038 44 14 som
828 1035 23 17 är
861 1030 111 26 hafvande,

218 1065 52 20 utan
293 1063 124 29 uppskjutas
439 1065 33 21 till
494 1065 47 22 dess
558 1066 43 21 hon
616 1065 54 22 efter
684 1065 141 22 barnsbörden
841 1064 132 26 tillfrisknat;

218 1097 18 28 ej
261 1098 67 21 heller
350 1098 12 21 å
384 1098 47 27 den,
455 1107 45 14 som
519 1099 33 22 för
571 1099 97 29 sjukdom
683 1100 47 21 icke
746 1100 42 21 kan
804 1099 76 22 bereda
895 1098 31 29 sig
940 1099 33 22 till

217 1131 75 26 döden,
308 1132 65 21 innan
389 1133 42 21 han
447 1134 75 21 varder
536 1134 75 21 bättre.

287 1166 12 21 3
315 1167 20 26 8.
368 1167 43 21 Vill
436 1168 47 24 den,
500 1175 44 14 som
560 1168 70 22 blifvit
645 1168 63 22 dömd
723 1167 33 22 till
771 1167 116 25 dödsstraff,
903 1166 17 29 ej
937 1167 36 21 be-

217 1200 51 21 reda
283 1200 31 28 sig
329 1200 33 22 till
377 1201 82 26 döden
453 1196 11 38 ;
476 1202 53 21 skall
544 1202 82 22 straffet
641 1202 54 22 ändå
709 1202 131 21 verkställas.

286 1234 27 28 Ej
329 1235 40 24 må,
385 1237 51 20 utan
453 1236 76 28 vigtigt
543 1236 52 26 skäl,
612 1237 48 20 med
670 1235 161 29 verkställighet
841 1235 22 22 af
872 1235 99 22 dödsdom

216 1268 123 29 uppehållas
363 1269 52 21 eller
437 1270 41 22 den
501 1270 82 26 dömde,
607 1271 63 21 sedan
686 1271 42 21 han
743 1269 90 23 kommit
848 1269 26 29 på
889 1269 82 23 afrätts-

215 1302 89 28 platsen,
320 1302 100 23 återföras
435 1304 8 21 i
458 1304 81 22 häktet.

284 1338 14 20 4
314 1338 20 26 8.
363 1337 127 29 Afrättning
511 1339 60 25 skall,
596 1338 53 22 efter
671 1338 140 22 förordnande
829 1338 24 22 af
865 1337 105 29 Kejsaren

214 1371 40 21 och
270 1371 141 22 Storfurstens
426 1372 238 29 befallningshafvande,
680 1373 125 21 verkställas
821 1372 66 21 under
897 1372 73 28 tillsyn

214 1404 24 22 af
256 1413 26 13 en
304 1405 127 29 kronofogde
447 1407 52 21 eller
513 1407 119 27 magistrats
647 1407 92 21 ledamot
754 1406 7 22 i
776 1410 89 18 närvaro
881 1406 23 21 af
915 1405 55 22 före-

214 1438 112 23 ståndaren
348 1439 33 23 för
401 1440 81 27 häktet,
505 1440 163 30 fångpredikant
690 1441 52 21 eller
763 1441 48 25 den,
834 1448 45 14 som
897 1440 73 21 beredt
