1086 1717
238 147 30 21 40
541 146 41 22 N:o
596 146 37 22 36.

209 216 49 14 nan
281 208 26 22 af
327 216 86 14 samma
435 208 53 28 kön;
513 208 91 22 straffes
627 208 114 23 hvardera
763 208 54 22 med
835 209 104 29 fängelse
957 209 9 21 i

210 243 72 28 högst
297 244 41 21 två
352 244 31 20 år.

282 278 48 21 Gör
344 278 37 28 sig
394 278 79 28 någon
488 278 96 28 skyldig
599 278 38 22 till
652 278 89 28 tidelag
756 278 57 22 eller
826 278 80 22 försök
916 278 50 22 der-

208 312 52 27 till;
277 312 90 22 straffes
383 314 53 20 med
451 312 106 29 fängelse
572 312 9 22 i
596 312 70 29 högst
682 313 40 21 två
737 313 32 21 år.

282 348 25 20 12
323 348 19 25 8.
371 346 50 22 Har
443 346 52 28 den,
518 354 49 14 som
587 347 61 21 viste
664 347 37 29 sig
715 354 57 15 vara
786 346 112 22 behäftad
912 348 54 21 med

210 381 111 21 venerisk
339 381 130 29 skjukdom,
488 389 85 21 genom
588 382 124 28 lägersmål
727 382 114 21 öfverfört
855 381 111 29 skjukdo-

211 423 55 14 men
288 416 14 21 å
324 423 85 20 annan;
429 416 91 22 straffes
537 416 77 22 derför
628 416 54 22 med
697 416 105 29 fängelse
817 416 9 21 i
841 416 69 29 högst
926 424 40 14 sex

211 450 117 22 månader.

283 486 25 21 13
324 486 20 26 $.
373 485 71 28 Hvar,
455 493 50 15 som
516 485 138 29 offentligen
664 486 117 28 företager
791 485 96 29 otuktig
894 485 73 22 hand-

212 520 53 28 ling
280 519 43 22 och
338 520 135 29 derigenom
487 520 172 22 åstadkommer
669 521 133 28 förargelse,
814 521 91 21 straffes
912 521 54 21 med

211 554 69 22 böter
294 554 57 21 eller
365 554 104 29 fängelse
484 555 9 21 i
507 555 71 28 högst
592 555 41 21 två
648 555 117 21 månader.

281 589 51 28 Lag
348 596 85 15 samma
447 597 62 18 vare,
525 597 37 14 om
575 590 79 27 någon
664 589 125 29 utsprider,
801 589 56 21 eller
867 589 14 21 å
891 589 74 25 ställe,

211 623 93 22 hvilket
327 627 25 18 är
369 623 35 22 för
423 624 157 21 allmänheten
596 623 154 29 tillgängligt,
767 623 78 22 anslår
860 623 56 21 eller
930 625 36 19 ut-

211 657 82 22 ställer
307 658 146 28 tryckalster,
469 658 70 21 skrift
554 658 57 21 eller
624 657 86 30 bildlig
723 657 181 28 framställning,
916 665 50 14 som

210 692 65 21 sårar
289 692 54 21 tukt
358 692 43 22 och
417 693 122 28 sedlighet.

525 795 36 20 21.
585 795 69 23 Kap.

317 847 43 22 Om
374 847 77 28 mord,
467 847 59 28 dråp
541 847 45 22 och
600 854 82 15 annan
698 846 157 23 misshandel.

284 900 10 20 1
310 900 21 25 8.
360 899 58 26 Den,
435 906 55 19 som,
506 899 9 21 i
529 899 86 28 uppsåt
631 900 35 20 att
677 898 67 27 döda,
757 897 55 22 med
821 897 83 21 berädt
913 897 55 21 mod

212 932 110 22 beröfvar
344 940 77 14 annan
442 933 75 27 lifvet,
541 933 61 21 skall
620 933 36 21 för
670 932 67 22 mord
752 932 80 21 dömas
847 931 38 21 till
900 931 68 22 döds-

212 966 71 22 straff
302 967 56 29 eller
380 967 37 21 till
440 967 98 22 tukthus
559 968 31 27 på
612 967 78 21 lifstid
708 966 45 22 och
767 966 86 21 förlust
868 965 25 21 af
905 965 63 22 med-

212 1001 131 28 borgerligt
352 1001 141 23 förtroende.

284 1035 91 22 Försök
389 1036 37 21 till
441 1036 67 21 mord
523 1039 25 18 är
564 1035 127 22 straffbart.

283 1071 47 26 28.
361 1070 49 21 Har
425 1071 84 28 någon,
525 1070 9 21 i
549 1071 87 27 uppsåt
650 1072 36 19 att
702 1069 67 27 döda,
781 1069 26 21 af
815 1068 89 28 hastigt
914 1067 55 22 mod

212 1103 110 22 beröfvat
343 1111 78 14 annan
442 1105 78 26 lifvet;
537 1104 78 21 dömes
630 1104 37 21 för
681 1103 118 29 viljadråp
815 1103 38 21 till
870 1102 98 21 tukthus

212 1138 54 22 från
282 1139 44 21 och
340 1139 54 21 med
409 1140 50 20 åtta
474 1139 38 21 till
526 1138 44 22 och
584 1139 54 21 med
652 1135 46 25 tolf
714 1139 26 20 år
755 1137 57 22 eller
826 1138 31 28 på
871 1137 82 21 lifstid.

283 1173 48 22 Var
346 1173 119 29 dråparen,
481 1176 59 19 utan
554 1181 60 20 egen
630 1173 75 27 skuld,
721 1179 86 21 genom
822 1172 53 21 svår
885 1171 84 21 kränk-

212 1207 60 28 ning
295 1207 57 22 eller
374 1208 122 28 synnerlig
518 1207 147 22 våldsamhet
688 1207 26 21 af
733 1206 46 22 den
798 1206 88 28 dräpne
903 1205 67 22 retad

212 1241 39 21 till
266 1241 78 28 vrede,
360 1242 56 21 eller
432 1246 39 17 äro
487 1242 233 28 omständigheterna
735 1241 69 28 eljest
819 1240 151 28 synnerligen

213 1275 143 29 mildrande;
379 1283 54 15 vare
449 1276 92 22 straffet
555 1276 99 22 tukthus
670 1276 53 22 från
738 1275 45 22 och
797 1274 54 22 med
865 1274 53 28 fyra
932 1274 38 21 till

213 1310 45 22 och
281 1310 53 22 med
357 1311 49 21 åtta
428 1312 32 27 år,
483 1311 62 27 eller,
566 1318 37 14 om
621 1311 8 21 i
645 1310 85 22 sådant
744 1310 43 21 fall
803 1309 83 29 dråpet
900 1308 70 22 föröf-

213 1345 73 21 vades
302 1346 13 20 å
330 1345 139 28 skyldeman
484 1346 9 21 i
507 1347 47 20 rätt
569 1345 159 29 uppstigande
743 1344 39 22 led
797 1344 58 21 eller
870 1344 14 20 å
896 1342 74 28 make,

213 1378 100 22 tukthus
328 1379 53 22 från
396 1380 45 21 och
455 1380 54 21 med
524 1387 41 14 sex
579 1380 39 21 till
633 1379 45 22 och
692 1378 54 22 med
761 1378 48 22 tolf
821 1378 32 21 år.

284 1413 89 22 Försök
388 1414 39 21 till
441 1414 116 29 viljadräp
574 1418 25 17 är
614 1413 127 22 straffbart.

284 1449 12 20 3
312 1449 20 25 $.
362 1448 72 28 Hvar,
457 1456 49 14 som
525 1448 73 22 dödar
613 1455 78 15 annan
705 1448 31 28 på
752 1447 89 21 dennes
857 1453 58 21 egen
930 1446 42 21 all-
