1086 1717
257 144 29 20 90
561 146 41 20 N:o
616 144 37 24 36.

228 206 123 27 anordning
369 206 108 27 utgående
492 207 56 21 vinst
563 207 34 21 till
611 206 67 28 högre
694 207 79 27 belopp
789 207 28 21 än
833 207 42 26 det,
892 213 45 15 som
952 212 32 15 er-

227 240 77 28 bjudes
320 241 22 20 åt
358 246 26 15 en
399 240 54 22 hvar
468 241 24 21 af
505 240 145 28 deltagarene.

296 276 14 19 2
325 276 17 25 8.
372 274 53 27 Den,
445 282 53 19 som,
517 278 53 18 utan
593 275 99 27 behörigt
714 275 106 26 tillstånd,
843 274 141 22 föranstaltar

226 308 108 28 offentligt
357 308 135 27 varulotteri,
515 310 53 21 eller
590 310 72 27 säljer,
680 309 52 21 eller
747 309 69 21 håller
831 308 33 22 till
881 310 46 20 salu
942 309 40 21 lott

229 343 78 25 dertill,
323 343 50 21 böte
388 343 63 28 högst
467 344 122 21 tvåhundra
604 344 68 21 mark.

297 378 13 20 3
326 378 17 26 &.
373 377 64 26 Hvar,
462 385 45 14 som
530 378 70 28 säljer,
622 378 52 21 eller
693 378 69 21 håller
781 378 34 21 till
830 378 48 21 salu
893 377 40 21 lott
949 377 34 21 till

226 411 74 21 lotteri
322 414 59 19 utom
399 412 81 27 landet,
501 412 83 22 straffes
600 414 48 20 med
664 412 62 22 böter
742 412 48 22 från
806 412 40 21 och
861 412 49 21 med
925 411 55 28 fyra-

225 446 87 21 hundra
327 446 33 21 till
375 447 40 20 och
430 448 49 20 med
495 447 110 28 fyratusen
620 447 68 21 mark.

294 481 14 20 4
323 481 17 26 8.
369 481 54 24 Den,
439 488 46 14 som
500 481 68 22 håller
583 481 41 22 hus
639 481 33 22 för
687 481 141 22 bedrifvande
841 481 24 21 af
873 481 107 27 äfventyr-

224 514 40 27 ligt
280 514 52 28 spel,
349 515 51 21 eller
415 516 14 21 å
443 515 105 22 värdshus
564 516 52 21 eller
632 519 68 18 annat
715 515 108 28 offentligt
838 515 62 21 ställe
910 515 70 21 föran-

225 549 78 21 staltar
318 549 78 22 sådant
412 550 51 27 spel,
479 550 83 21 straffes
579 551 48 20 med
643 550 61 21 böter
719 550 52 21 eller
787 549 98 28 fängelse
899 549 7 21 i
917 549 62 26 högst

224 585 32 19 ett
272 584 30 20 år.

293 618 88 22 Tillåter
403 626 63 20 egare
489 619 24 22 af
529 619 51 22 eller
595 619 149 22 föreståndare
760 619 34 21 för
809 618 104 22 värdshus
928 617 52 22 eller

223 655 68 18 annat
311 652 68 28 dylikt
400 653 106 28 offentligt
525 653 68 28 ställe,
609 656 33 19 att
657 653 138 28 äfventyrligt
810 652 46 28 spel
872 653 37 20 der
924 651 55 22 före-

222 686 82 26 hafves,
320 686 50 22 böte
385 687 63 28 högst
463 687 128 22 femhundra
606 688 69 25 mark,
691 688 40 21 och
746 688 73 25 varde,
835 687 35 21 vid
886 686 92 26 återfall,

222 721 110 21 dessutom
347 721 111 22 förklarad
473 721 136 28 oberättigad
624 724 33 19 att
668 722 74 21 utöfva
753 721 52 22 eller
815 721 81 22 förestå
906 721 71 21 värds-

222 754 122 22 husrörelse
360 755 51 22 eller
425 763 72 14 annan
513 757 68 20 sådan
597 756 82 27 näring.

291 789 54 27 Den,
360 789 87 22 hvilken
463 790 113 27 deltager
567 785 13 38 i
587 790 139 28 äfventyrligt
739 789 46 28 spel
796 790 13 21 å
819 789 78 21 sådant
907 789 69 25 ställe,

220 829 47 15 som
282 823 8 21 i
305 825 70 20 denna
391 825 14 26 &
419 824 143 27 omförmäles,
578 825 84 21 straffes
677 825 49 21 med
739 824 62 21 böter
811 823 62 27 högst
885 823 89 21 tvåhun-

220 856 40 21 dra
275 856 68 21 mark.

289 891 123 26 Penningar
434 891 40 22 och
497 894 67 19 annat
582 893 58 26 gods,
658 899 45 14 som
719 891 156 22 öfverkommas
891 892 13 21 å
919 891 54 28 spel-

219 923 77 22 bordet
312 924 51 21 eller
378 925 7 20 i
400 926 141 27 spelbanken,
556 933 50 15 vare
621 926 120 22 förbrutna.

288 960 13 19 5
317 960 17 25 8.
365 959 45 21 Har
426 960 71 26 någon
507 960 7 20 i
525 959 131 28 behandling
672 959 24 22 af
709 961 48 26 eget
769 959 51 22 eller
831 965 83 15 annans
925 959 49 27 djur

218 991 58 26 gjort
292 992 31 27 sig
339 992 83 28 skyldig
437 993 34 21 till
485 993 113 28 uppenbar
618 993 107 28 grymhet;
750 993 84 21 straffes
849 994 49 20 med
913 993 61 21 böter

218 1025 64 28 högst
297 1026 122 23 tvähundra
434 1028 67 22 mark.

288 1061 12 20 6
315 1062 17 25 $.
363 1061 64 26 Hvar,
444 1069 45 14 som
505 1063 12 20 ä
533 1062 79 21 allmän
628 1063 48 26 väg,
686 1064 59 25 gata,
756 1061 52 21 eller
819 1063 68 19 annat
898 1061 74 21 offent-

216 1093 40 28 ligt
272 1095 68 26 ställe,
357 1095 51 22 eller
424 1096 35 21 vid
475 1096 95 27 offentlig
593 1096 131 27 förrättning
747 1095 52 22 eller
821 1095 80 21 allmän
918 1102 54 15 sam-

216 1128 124 22 mankomst
355 1131 24 20 är
394 1130 95 22 drucken
513 1131 39 21 och
574 1131 125 26 derigenom
722 1129 160 22 åstadkommer
904 1129 67 22 förar-

215 1162 67 27 gelse,
297 1163 83 22 straffes
396 1164 33 21 för
445 1165 70 27 fylleri
530 1166 47 20 med
593 1165 61 21 böter
669 1165 64 26 högst
749 1163 118 22 etthundra
882 1163 67 22 mark.

286 1197 43 21 Gör
352 1198 137 27 tjensteman,
504 1199 7 21 i
526 1199 100 28 utöfning
645 1199 25 21 af
686 1198 89 28 sysslan,
792 1198 31 27 sig
839 1197 83 28 skyldig
938 1198 32 21 till

215 1229 77 28 fylleri,
308 1231 83 21 straffes
407 1233 49 20 med
471 1232 62 21 böter
548 1233 47 20 från
611 1233 40 21 och
666 1233 50 20 med
731 1232 74 21 femtio
821 1231 33 22 till
869 1233 40 20 och
922 1233 48 20 med

214 1265 120 21 trehundra
350 1266 67 28 mark,
434 1267 52 21 eller
501 1267 107 28 skiljande
621 1267 48 22 frän
680 1267 107 28 tjenstens
797 1266 106 28 utöfning,
914 1267 52 21 eller

214 1300 40 20 der
269 1301 214 27 omständigheterna
498 1303 37 20 äro
554 1302 136 27 synnerligen
709 1301 148 25 försvärande,
876 1302 48 20 med
940 1302 30 20 af-

214 1334 103 26 sättning.

284 1367 39 21 Om
346 1368 63 22 straff
422 1368 33 22 för
470 1371 59 25 prest
545 1370 7 20 i
568 1368 231 28 evangelisk-luthersk
821 1368 126 28 församling
962 1370 7 20 i

212 1400 82 28 landet,
314 1402 87 22 hvilken
419 1405 40 26 gör
478 1404 31 28 sig
525 1404 83 28 skyldig
624 1404 32 21 till
672 1404 76 27 fylleri,
765 1404 88 27 stadgas
869 1403 7 21 i
892 1403 76 28 kyrko-

211 1434 71 28 lagen.
