1086 1717
82 215 13 17 8
107 215 90 23 Kapitlet.

249 152 27 20 36
449 150 24 22 U.
489 150 24 22 B.
528 163 27 3 —
572 151 64 29 Prop.
652 151 39 23 N:o
708 150 32 24 39.

290 216 30 22 Af
332 216 54 27 skäl,
401 223 46 15 som
461 216 116 23 Utskottet
591 217 37 22 vid
644 219 12 19 3
672 216 12 29 &
701 219 11 19 1
728 217 51 27 kap.
796 216 80 28 anfört,
891 218 41 21 har
941 218 39 22 Ut-

220 250 82 22 skottet
317 250 49 22 fräri
387 252 6 20 3
409 252 97 26 punkten
521 251 100 22 uteslutit
632 252 66 21 orden
710 252 65 27 ,eller
786 252 88 22 dermed
883 252 97 22 likartad

221 284 150 28 förbrytelse*.

289 320 40 21 Uti
344 321 12 20 2
367 326 69 21 mom.
449 320 46 22 deri
504 320 109 22 särskilda
622 320 217 28 preskriptionstider
849 323 37 20 äro
897 322 83 21 utsatta

220 354 35 22 för
274 354 59 22 brott
351 354 8 22 i
373 355 101 27 tjensten,
490 355 66 22 hafva
570 355 51 22 frän
636 355 146 27 preskription
797 355 141 28 undantagits
953 355 27 23 de

221 389 147 27 förbrytelser,
384 390 14 21 å
412 390 75 22 hvilka
503 389 130 28 ovärdighet
648 391 34 20 att
696 389 77 22 vidare
783 390 84 27 nyttjas
877 390 8 21 i
895 390 85 22 landets

221 424 68 28 tjenst
312 424 28 27 (d.
362 430 21 16 v.
403 430 16 16 s.
439 424 130 28 ovärdighet
588 423 36 23 för
642 424 72 27 alltid)
734 424 45 21 kan
798 424 61 28 följa.
888 425 35 22 Då
942 424 38 23 Ut-

221 459 83 22 skottet
324 459 118 22 emellertid
461 459 37 22 vid
519 461 25 19 11
566 460 13 25 &
599 461 13 19 2
628 459 50 26 kap.
694 461 90 20 stannat
799 459 38 22 vid
852 459 37 22 det
903 459 76 28 beslut,

222 495 34 20 att
274 494 70 21 denna
359 493 82 26 påföljd
457 493 77 22 endast
548 493 58 28 finge
621 494 89 21 ädömas
723 493 35 22 för
771 495 60 20 vissa
845 495 32 23 är,
893 495 43 20 kan
950 494 30 22 in-

221 528 183 27 preskribiliteten
424 528 47 22 icke
488 528 76 22 vidare
587 529 107 26 anknytas
717 528 38 22 vid
776 528 95 22 nämnda
890 528 89 28 päföljd,

222 563 40 22 och
283 563 40 21 har
342 563 113 22 Utskottet
474 563 135 22 fördenskull
628 563 115 22 förändrat
761 565 116 20 momentet
893 563 86 28 derhän,

222 599 34 20 att
277 598 59 21 brott
358 597 8 22 i
387 598 100 27 tjensten,
505 599 14 20 å
542 597 76 22 hvilka
637 598 90 21 tukthus
742 597 88 23 utöfver
844 605 38 15 sex
897 599 25 21 är
936 599 44 21 kan

221 632 61 28 följa,
298 635 37 19 äro
350 632 49 22 från
414 633 146 27 preskription
576 633 147 27 undantagna.

291 667 13 22 2
324 669 18 24 8.
372 667 11 22 I
403 667 70 22 denna
492 670 11 23 $
523 668 128 21 bestämmes
669 669 34 20 att
721 667 148 27 preskription
885 668 95 27 afbrytes

222 708 77 21 genom
314 704 35 19 att
363 702 47 26 den,
419 709 45 15 som
479 702 57 22 skall
551 702 97 26 tilltalas,
664 701 73 22 blifvit
751 701 35 22 för
799 702 82 21 brottet
891 702 88 32 häktad,

222 736 54 22 eller
285 736 96 28 lagligen
391 737 74 21 kallad
475 738 34 20 att
523 736 85 28 afgifva
616 736 113 27 svaromål,
739 736 53 22 eller
801 738 33 19 att
843 737 89 21 domstol
939 735 41 23 föt-

222 771 80 21 ordnat
326 771 34 21 till
383 771 54 22 hans
463 771 131 22 inkallande.
630 771 139 22 Sistnämnda
798 771 136 28 bestämning
956 773 25 20 är

223 805 133 22 främmande
378 805 35 22 för
435 806 42 21 den
496 806 126 21 nuvarande
641 805 169 28 lagstiftningen
826 806 39 21 och
880 806 38 21 har
933 805 47 22 icke

223 840 68 21 heller
313 839 25 22 af
357 840 124 22 Utskottets
501 840 113 27 pluralitet
628 841 84 20 kunnat
726 839 72 28 gillas.
828 840 45 21 För
887 842 34 20 att
935 847 46 21 pre-

222 875 108 27 skrirtion
352 875 55 21 skall
427 875 101 27 afbrytas
547 881 64 22 synes
630 875 109 27 nemligen
759 875 110 21 erfordras
883 881 27 16 en
926 877 62 30 emot

221 909 150 27 förbrytarens
386 916 76 20 person
477 909 69 22 riktat
561 909 111 28 handling,
688 915 77 22 genom
780 909 88 22 hvilken
885 910 36 21 det
934 909 47 22 fak-

223 943 59 22 tiska
297 944 99 21 tillständ
411 944 25 21 af
448 943 140 28 strafflöshet,
605 944 62 22 hvari
682 944 43 21 han
740 943 101 22 befunnit
855 944 76 27 sig,sä
948 946 33 19 att

223 980 56 25 säga
300 978 115 27 rättsligen
437 979 107 27 angripes,
568 985 48 15 men
641 979 71 21 denna
735 978 121 27 betingelse
875 979 106 27 uppfylles

222 1012 50 22 icke
292 1019 75 21 genom
385 1015 32 20 ett
435 1013 56 22 blott
506 1013 71 22 beslut
592 1013 24 22 af
629 1013 124 22 domstoleu.
784 1013 114 21 Dessutom
913 1013 68 22 skulle

222 1053 31 15 nu
268 1047 168 28 ifrågavarande
451 1048 143 27 bestämning,
611 1048 28 21 dä
654 1047 147 28 preskription
814 1047 69 28 enligt
893 1049 11 20 3
916 1047 12 28 &
938 1048 43 21 kan

224 1081 101 28 afbrytas
340 1083 54 20 huru
408 1083 80 26 mänga
503 1083 85 26 gänger
602 1089 45 15 som
662 1082 61 27 helst,
736 1082 74 21 kunna
823 1081 93 22 faktiskt
926 1082 56 22 med-

222 1115 51 22 föra
288 1118 32 20 ett
335 1117 130 21 eluderande
479 1116 24 22 af
511 1117 49 22 hela
570 1116 276 28 preskriptionsinstitutet.
870 1116 112 22 Utskottet

223 1151 41 21 har
282 1151 134 22 fördenskull
435 1151 50 22 från
506 1151 31 29 8:s
556 1151 70 22 första
641 1158 61 15 mom.
718 1151 101 22 uteslutit
835 1150 66 22 orden
918 1151 64 27 ,eller

223 1185 93 22 domstol
331 1185 112 22 förordnat
458 1186 34 21 till
506 1187 54 21 hans
575 1187 145 21 inkallande.*

292 1219 15 23 4
326 1222 19 24 8.
374 1220 140 22 Beträffande
533 1221 64 26 vissa,
622 1221 115 22 mestadels
760 1220 89 27 ringare
864 1220 64 27 brott,
944 1219 39 22 der

223 1254 79 21 endast
324 1255 83 21 enskild
428 1257 47 20 rätt
496 1257 25 20 är
543 1255 132 22 omedelbart
694 1255 131 26 förnärmad,
842 1257 25 19 är
881 1254 8 21 i
903 1254 79 27 lagför-

222 1289 84 27 slagets
328 1295 75 16 senare
425 1289 36 22 del
480 1290 114 28 bestämdt,
616 1292 34 20 att
664 1290 46 22 åtal
725 1289 18 28 ej
761 1289 36 22 får
811 1289 84 22 utföras
908 1288 25 22 af
946 1289 37 21 all-

223 1325 50 19 män
296 1324 111 27 åklagare,
430 1324 73 22 derest
525 1326 19 26 ej
567 1325 154 27 målseganden
744 1324 83 22 anmält
848 1324 82 21 brottet
949 1324 33 21 till

224 1358 82 27 åtal").
336 1358 38 22 Uti
391 1358 146 23 förevarande
556 1359 12 29 &
588 1359 120 28 medgifves
727 1358 155 28 målseganden
897 1358 7 22 i
920 1358 62 23 dessa

295 1439 19 22 +)
327 1438 68 23 Dylika
408 1439 33 18 fall
455 1442 40 16 äro:
510 1440 116 21 förledande,
638 1440 29 18 till
680 1440 105 22 äktenskap
799 1444 66 18 genom
878 1439 104 23 bedrägeri,

226 1468 26 16 18:
273 1469 14 20 1;
304 1468 99 22 horsbrott,
422 1470 26 16 19:
467 1470 16 21 3,
501 1472 46 14 samt
562 1469 50 18 vissa
624 1469 41 23 slag
678 1468 28 18 af:
720 1468 115 18 misshandel
847 1470 28 16 21:
890 1470 24 20 15,
927 1468 55 18 frids-
