1086 1717
250 148 28 20 34
453 146 23 22 U.
493 146 24 22 B.
533 159 26 3 —
575 147 65 28 Prop.
656 147 39 23 N:o
708 146 35 23 39.

83 211 12 17 7
107 212 90 22 Kapitlet.
221 212 83 22 skottet
326 212 115 28 anmärkts,
461 213 35 21 att
514 213 69 27 nägot
596 212 76 28 giltigt
687 212 49 22 skäl
751 212 48 22 icke
814 212 115 23 förefinnes
944 215 34 20 att

219 248 54 26 göra
296 247 144 27 nyssnämnda
459 247 121 28 skärpning
595 247 25 22 af
634 248 26 21 de
678 248 90 27 vanliga
782 248 197 28 konkursreglerna

218 281 108 22 beroende
349 281 24 22 af
392 282 107 22 huruvida
523 282 36 22 det
581 288 43 21 nya
644 282 81 22 brottet
740 282 109 22 föröfvats
864 282 46 22 före
924 283 54 21 eller

218 316 57 22 efter
290 316 37 22 det
342 316 47 22 dom
404 316 34 22 för
453 317 27 21 de
495 316 59 22 förra
569 317 87 21 brotten
671 316 64 28 fallit,
751 319 54 19 utan
821 324 51 15 vore
888 316 36 22 det
933 318 43 21 rik-

218 350 72 28 tigare
305 352 33 20 att
358 350 130 23 föreskrifva
501 351 61 27 dylik
576 352 121 27 skärpning
711 351 35 22 för
760 352 77 27 hvarje
852 352 64 24 brott,
931 358 45 15 som

218 385 41 22 den
274 386 100 28 skyldige
389 386 69 28 begår
473 386 56 22 efter
544 386 38 22 det
596 387 43 21 han
654 387 64 21 stälts
733 387 68 21 under
818 387 62 22 tilltal
894 386 35 22 för
939 386 37 22 det

217 420 53 22 eller
285 420 26 23 de
326 420 60 23 förra
399 421 93 27 brotten,
508 421 140 28 hvarigenom
664 422 40 21 ock
720 421 42 22 den
777 421 113 28 möjlighet
904 420 72 23 kunde

216 454 138 29 förebyggas,
365 457 34 20 att
409 462 26 15 en
445 455 83 22 häktad
538 462 84 21 person,
632 462 50 21 som,
694 455 57 22 efter
761 458 34 19 att
805 456 66 22 hafva
879 455 95 23 föröfvat

216 489 146 28 förbrytelser,
385 490 34 22 för
443 491 76 21 hvilka
542 491 43 21 han
608 491 93 27 förskylt
724 491 39 21 det
784 491 91 26 vanliga
896 491 79 26 högsta

215 525 80 21 måttet
310 524 24 22 af
347 524 144 28 frihetsstraff,
506 524 35 23 för
556 525 48 22 dem
618 525 64 22 stälts
693 525 69 22 under
772 525 66 22 tilltal
849 531 48 16 men
907 525 69 22 under

215 559 205 28 ransakningstiden
434 559 78 23 vunnit
527 560 85 21 tillfälle
627 561 34 20 att
670 560 86 21 komma
766 560 29 27 pä
807 559 89 28 flykten,
906 560 69 21 under

214 593 171 28 rymningstiden
406 595 72 21 kunde
499 589 58 33 begå
579 601 27 15 en
628 595 80 27 mängd
730 601 44 20 nya
793 595 64 26 brott,
874 596 51 20 utan
940 596 34 20 att

215 628 63 22 dessa
292 629 69 21 skulle
376 629 96 21 medföra
486 630 74 27 nägon
574 629 117 27 tillökning
705 629 8 21 i
728 628 92 22 straffet.

283 663 77 22 Denna
374 663 143 28 anmärkning
532 664 40 21 har
584 663 67 22 likväl
666 663 48 22 icke
730 663 115 22 omfattats
855 663 25 22 af
888 663 85 28 plurali-

213 699 60 20 teten
295 697 8 22 i
324 698 119 22 Utskottet.
476 698 148 22 Nästanförda
651 698 39 21 fall
717 700 25 19 är
768 697 49 22 icke
839 698 81 27 egnadt
940 700 33 19 att

213 732 47 22 visa
280 732 101 22 behofvet
395 733 25 21 af
433 733 41 22 den
488 733 83 27 yrkade
586 733 128 27 ändringen,
729 735 25 24 ty
770 732 66 22 äfven
850 733 66 21 innan
931 733 41 21 den

212 767 114 27 brottslige
345 767 88 22 kommit
447 767 68 22 under
529 767 66 22 tilltal
610 768 44 21 kan
670 767 36 22 det
720 767 25 27 ju
760 767 78 27 hända,
854 769 35 19 att
903 767 69 27 några

212 801 60 22 brott
295 808 59 15 mera
376 802 52 21 eller
449 802 83 21 mindre
552 802 48 21 icke
619 802 94 22 inverka
731 803 29 26 pä
775 801 91 28 straffet,
883 807 31 16 om
930 801 41 22 den

212 836 100 27 skyldige
333 836 108 27 nemligen
463 835 35 23 för
519 836 48 22 sina
589 836 96 28 tidigare
708 837 60 20 brott
790 836 68 21 redan
880 835 92 28 förskylt

211 871 115 21 maximum
348 870 25 22 af
394 871 98 27 fängelse
514 871 52 22 eller
586 871 90 22 tukthus
696 871 14 21 &
729 871 45 21 viss
795 870 40 22 tid.
865 870 45 22 Och
930 871 40 21 den

211 905 187 28 omständigheten
414 907 34 20 att
462 905 138 28 förbrytaren
615 905 35 22 för
664 905 49 22 sina
728 905 97 28 tidigare
839 905 59 21 brott
907 905 63 21 stälts

210 939 69 22 under
300 939 65 22 tilltal
387 942 24 19 är
433 939 65 23 äfven
512 940 8 21 i
535 940 39 22 och
590 939 35 22 för
640 940 34 27 sig
689 946 27 15 en
730 940 65 27 långt
809 939 82 22 mindre
905 939 66 28 giltig

210 974 72 27 grund
304 976 33 19 att
354 975 46 21 läta
419 975 98 27 stegring
532 974 24 22 af
569 974 164 22 frihetstraffets
748 974 116 21 maximum
879 973 33 22 för
926 980 44 21 nya

210 1009 60 21 brott
283 1009 92 26 inträda,
391 1011 28 19 än
435 1009 42 22 den
487 1009 187 27 omständigheten
685 1011 34 19 att
730 1009 139 26 förbrytaren
879 1008 34 22 för
922 1008 48 22 sina

209 1043 95 28 tidigare
322 1043 59 22 brott
399 1043 72 23 blifvit
490 1044 70 21 dömd.
590 1044 33 27 Ty
638 1050 76 21 genom
731 1043 78 22 domen
823 1043 40 21 har
877 1043 92 22 brottets

209 1078 85 27 påföljd
313 1078 59 21 trädt
392 1078 34 21 för
444 1078 148 27 förbrytarens
613 1078 124 27 åskådning
752 1079 72 20 såsom
840 1079 32 20 ett
886 1077 34 22 till
934 1077 36 22 be-

208 1112 122 22 skaffenhet
349 1112 38 21 och
407 1112 87 28 omfång
508 1113 109 21 bestämdt
632 1113 58 26 ondt,
707 1113 40 20 och
763 1112 42 21 den
820 1111 104 28 psykiska
938 1111 31 22 in-

208 1147 83 21 verkan
312 1146 65 22 häraf
401 1147 44 21 kan
467 1147 8 21 i
493 1147 44 22 viss
556 1147 50 22 män
625 1147 108 21 likställas
752 1146 50 21 med
822 1152 26 15 en
863 1146 105 27 päbörjad

208 1180 229 28 straffverkställighet
452 1183 56 20 samt
523 1181 91 22 likasom
630 1181 70 22 denna
715 1183 56 25 göra
786 1187 26 14 en
828 1179 141 28 förlängning

208 1215 25 22 af
249 1215 172 22 frihetsstraffets
436 1215 114 22 maximum
565 1215 36 22 för
616 1222 25 15 en
658 1215 81 22 efterät
754 1215 116 27 begängen
885 1213 83 28 förbry-

206 1249 56 22 telse
277 1249 130 28 berättigad,
423 1250 114 22 hvarutom
552 1257 28 15 en
596 1251 52 26 laga
662 1249 61 22 kraft
737 1255 89 16 vunnen
844 1249 48 21 dom
902 1249 64 22 äfven

206 1284 64 28 eljest
291 1283 83 23 medför
395 1285 33 21 ett
447 1284 128 22 förändradt
590 1285 113 27 rättsläge.
734 1283 115 22 Utskottet
868 1283 39 21 har
925 1283 43 22 för-

206 1319 99 21 denskull
320 1319 96 27 godkänt
425 1319 153 28 lagförslagets
589 1319 162 22 bestämmelser
761 1318 140 27 härutinnan;
913 1318 53 22 dock

204 1353 68 22 hafva
294 1354 26 21 dei
359 1356 10 18 7
385 1356 12 23 $
413 1354 26 21 af
451 1354 82 28 nådiga
547 1354 162 27 propositionen
723 1353 178 22 förekommande
915 1353 52 21 hän-

204 1388 140 28 visningarne
359 1388 34 22 till
408 1390 13 20 4
437 1389 39 21 och
492 1391 11 19 6
520 1388 25 29 $$
560 1389 120 27 undergätt
695 1388 42 22 den
753 1388 102 27 ändring,
871 1394 44 15 som
930 1388 37 21 be-

205 1422 85 28 tingats
306 1422 25 22 af
344 1423 186 28 omredigeringen
545 1424 25 21 af
583 1424 63 21 dessa
660 1423 33 29 88.
