1086 1717
358 150 22 19 U.
392 150 23 19 B.
427 160 22 4 —
461 150 62 24 Prop.
536 152 36 18 N:o
584 152 30 18 38.
829 154 12 17 3

109 208 12 21 å
137 208 68 21 skilda
222 210 58 20 orter
295 208 71 21 blifvit
381 208 26 27 på
422 209 85 27 mycket
522 210 58 20 olika
599 212 44 19 sätt
661 210 132 27 genomförd,
810 211 53 21 hvil-

109 242 37 21 ket
160 242 62 27 gifvit
236 242 116 27 anledning
366 243 33 21 till
415 243 107 26 klagomål
538 243 46 21 från
601 244 55 21 både
672 244 26 21 de
715 244 148 27 skattdragan-

109 276 38 22 des
162 276 38 21 och
216 277 26 21 de
258 276 32 22 till
306 276 114 28 utskylden
436 277 144 27 berättigades
592 278 52 21 sida.
668 278 44 22 Och
728 279 5 20 i
750 278 115 27 synnerhet

108 311 40 21 har
170 311 40 21 den
229 311 158 26 omständighet
404 311 115 24 framstått
531 312 69 21 såsom
628 312 175 27 behjertansvärd
825 314 39 25 att,

109 345 28 27 på
152 347 42 19 sätt
209 345 62 21 äfven
288 346 4 19 i
309 345 40 22 den
365 345 78 27 nådiga
457 346 159 26 propositionen
639 346 130 27 framhålles,
785 347 79 27 ifråga-

109 379 93 21 varande
218 379 76 27 bidrag
309 379 33 21 till
358 380 157 21 domstolarnes
530 380 27 27 på
572 380 74 21 landet
660 380 111 22 underhåll
783 381 46 21 icke
840 383 25 19 är

110 413 110 27 afpassadt
235 413 55 22 efter
306 414 26 20 de
348 413 167 28 skattskyldiges
530 414 58 21 olika
603 414 121 27 tillgångar,
740 417 51 19 utan
802 415 62 26 skall,

110 448 68 27 enligt
195 455 29 14 nu
244 447 98 28 gällande
361 448 166 27 bestämningar,
546 449 48 20 utaf
613 449 129 27 daglönaren
766 450 99 27 erläggas

110 483 48 21 med
174 484 32 20 ett
226 482 39 21 och
285 488 81 15 samma
384 483 77 26 belopp
483 489 44 15 som
547 483 23 21 af
588 483 40 21 den
648 483 145 26 förmögnaste
811 484 54 21 eller

111 517 48 21 med
175 517 36 21 det
226 517 33 21 för
275 517 39 21 den
331 517 58 20 förre
404 523 42 20 nog
464 517 110 21 kännbara
593 517 101 27 beloppet
714 517 22 21 af
753 517 46 27 fyra
814 518 51 26 kap-

110 557 40 21 par
169 551 102 27 spanmål,
290 551 101 21 hvarmed
411 551 185 27 tingsgästningen
616 552 66 21 redan
705 552 68 21 under
795 551 71 22 sekler

111 585 54 22 varit
181 585 97 21 bestämd
294 587 32 19 att
341 585 39 21 här
394 585 7 21 i
416 585 91 21 Finland
523 585 57 28 utgå.
598 598 27 3 —
641 586 84 27 Frågan
741 592 34 15 om
786 593 29 14 nu
830 587 35 20 be-

105 620 71 21 -rörda
190 619 213 22 missförhällandens
418 620 176 27 undanrödjande
614 620 39 21 har
671 621 65 20 redan
755 621 35 20 vid
811 620 56 21 före-

111 654 82 27 gående
209 654 159 24 ständermöte
384 654 55 21 varit
449 653 90 22 föremål
550 654 34 21 för
594 654 171 27 öfverläggning;
777 655 89 20 sålunda

111 694 52 15 voro
178 689 34 20 vid
229 683 154 32 Jandtdagarne
400 688 54 21 1867
471 688 39 21 och
527 689 141 21 1877—1878
679 689 77 26 nådiga
771 689 96 26 proposi-

112 723 70 20 tioner
197 723 6 20 i
219 724 72 19 ämnet
306 722 111 27 förelagda
434 723 122 26 ständerna,
572 723 106 21 hvardera
693 723 110 27 äsyftande
811 723 55 27 jem-

112 757 35 21 väl
163 759 31 19 att
209 757 79 21 bereda
304 757 40 21 den
360 757 65 20 minst
440 757 125 21 bemedlade
581 757 133 21 folkklassen
729 757 93 27 lindring
836 757 30 21 uti

113 791 196 27 tingsgästningens
324 791 129 27 utgörande;
474 797 47 14 men
537 791 33 21 till
588 791 54 26 följd
662 791 23 21 af
702 791 165 27 bestämningar,

113 831 46 16 som
175 825 47 22 från
237 826 127 21 ständernas
379 825 48 21 sida
441 825 7 21 i
464 825 102 22 afseende
586 826 11 20 å
617 826 48 21 dem
684 826 104 26 vidtogos,
804 826 63 21 ledde

114 860 115 26 desamma,
248 860 28 26 pä
294 861 43 20 sätt
355 859 61 22 äfven
436 860 6 20 i
461 859 147 28 föreliggande
627 860 130 27 proposition
778 860 88 27 erinras,

113 894 48 21 icke
176 894 33 21 till
224 894 66 27 nägot
304 894 96 21 resultat.

177 928 80 21 Vidare
287 928 57 21 afses
370 928 6 21 i
403 929 36 20 det
466 928 94 21 derefter
585 928 95 27 följande
706 928 103 27 förslaget
835 928 33 21 till

113 962 126 27 förordning
261 962 109 27 angäende
391 962 165 27 häradsnämnd,
583 963 27 26 pä
632 963 44 20 sätt
696 962 76 27 jemväl
795 963 7 20 i
828 963 41 20 den

114 997 78 26 nädiga
217 997 159 26 propositionen
405 997 132 26 framhälles,
563 997 59 21 säväl
645 997 180 26 omorganisation
847 997 24 20 af

113 1031 185 22 häradsnämnden
322 1031 86 26 derhän,
431 1033 33 19 att
486 1031 37 21 det
543 1031 103 27 folkeliga
663 1031 114 22 elementet
799 1031 70 21 blefve

113 1066 36 21 vid
165 1066 161 27 lagskipningen
346 1071 58 15 mera
424 1066 180 26 representeradt,
624 1071 44 16 som
690 1065 38 22 ock
744 1065 125 27 ävägabrin-

114 1100 70 27 gande
199 1100 23 21 af
235 1102 98 19 närmare
348 1099 135 27 bestämning
499 1106 34 15 om
544 1100 117 21 nämndens
672 1099 97 27 aflöning.
794 1099 75 22 Säsom

114 1134 67 21 kändt
196 1135 39 20 har
250 1135 106 26 nemligen
372 1133 147 22 förhällandet
533 1134 48 21 med
597 1134 105 21 nämnden
717 1145 27 4 —
760 1133 86 22 hvilken
862 1134 8 20 i

115 1169 74 27 början
206 1168 45 22 blef
266 1169 6 20 i
292 1168 38 21 och
349 1168 32 21 för
400 1168 127 27 pröfningen
548 1168 24 21 af
589 1168 138 26 bevisningen
742 1169 7 20 i
765 1168 105 26 vigtigare

115 1203 43 21 mäl
173 1203 33 20 för
221 1203 83 27 gängen
316 1203 78 20 tillsatt
409 1202 23 21 af
445 1204 101 25 parterne
563 1202 60 26 eller,
635 1202 38 21 der
688 1202 62 21 desse
761 1202 19 27 ej
791 1202 79 27 begag-

115 1237 55 22 nade
186 1237 32 27 sig
234 1237 23 21 af
270 1237 33 21 sin
318 1238 44 19 rätt
377 1237 79 25 dertill,
473 1236 22 21 af
511 1237 109 26 domaren,
640 1243 46 14 men
706 1236 93 21 derefter
814 1236 56 21 smä-

115 1273 86 26 ningom
216 1271 86 28 gjordes
318 1271 91 27 ständig,
425 1271 48 21 med
489 1271 85 27 uppgift
583 1272 32 20 att
625 1271 7 20 i
642 1271 44 21 alla
695 1270 174 22 förekommande

116 1307 42 21 mål
172 1307 66 26 jerhte
258 1307 101 21 domaren
377 1306 87 26 deltaga
481 1306 79 26 jemväl
580 1306 8 20 i
604 1306 74 26 lagens
693 1305 134 27 tillämpning
842 1316 29 4 —

115 1342 33 20 till
164 1340 54 28 följd
234 1340 62 22 häraf
306 1340 112 22 efterhand
430 1340 111 20 utvecklat
553 1340 32 26 sig
596 1339 81 21 derhän
693 1341 37 24 att,
745 1339 35 21 vid
795 1338 75 22 inträf-

116 1376 64 21 fande
192 1374 271 26 nämndemannaledighet,
480 1374 194 26 häradshöfdingen
686 1374 99 26 antingen
796 1379 74 15 ensam

117 1410 54 22 eller
186 1410 55 21 efter
256 1409 113 21 samrådan
385 1408 48 21 med
449 1408 42 21 den
507 1408 152 22 förutvarande
677 1408 104 21 nämnden
799 1408 72 21 besatt

117 1446 40 20 den
177 1444 71 27 lediga
265 1444 92 27 platsen.
390 1443 164 21 Institutionens
572 1443 102 21 karakter
693 1443 39 21 har
750 1442 119 22 emellertid

186 1485 46 20 Lag-
245 1485 29 15 och
286 1483 169 17 Ekonomiutskottets
467 1482 105 17 betänkande
584 1482 36 16 N:o
632 1483 16 15 4.
