1086 1717
338 150 21 21 U.
375 148 22 23 B.
413 159 30 6 —
459 148 61 28 Prop.
537 148 36 22 N:o
589 149 38 22 35.
818 148 13 22 3

103 206 50 22 kort
175 206 62 21 torde
259 206 73 22 kunna
354 208 98 24 emotses,
475 206 89 21 likasom
580 206 112 21 Utskottet
714 205 62 22 äfven
790 205 70 21 funnit

104 242 33 19 att
152 240 26 21 de
193 240 23 21 af
230 240 120 22 Ständerna
364 240 143 27 garanterade
522 240 125 26 länemedel,
667 240 70 22 sävidt
753 240 107 21 desamma

104 274 92 22 behöfva
210 276 62 26 tagas
286 275 7 21 i
309 274 98 28 anspråk,
423 276 38 20 äro
477 274 129 28 tillräckliga
620 274 34 22 för
670 274 128 22 ändamålet.

173 309 101 21 Deremot
296 308 92 28 framgår
403 309 120 27 otvetydigt
538 308 22 22 af
574 310 41 20 den
630 308 28 28 på
673 308 130 22 Ständernas
817 308 44 22 för-

105 342 93 22 berörda
220 343 100 21 anhållan
342 343 124 21 verkstälda
488 343 158 27 undersökning
669 344 33 20 att
725 343 36 21 det
783 343 78 21 ekono-

104 377 69 21 miska
187 377 119 21 tillståndet
321 377 64 21 bland
397 378 222 21 donationsbönderne
634 379 24 19 är
673 377 60 27 långt
748 377 55 21 ifrån
818 377 43 21 till-

104 411 170 21 fredsställande.
304 412 42 21 Det
367 411 69 21 måste
458 412 118 27 medgifvas
598 414 33 18 att
644 411 109 28 Styrelsen
775 410 85 22 erhållit

105 452 26 15 en
146 445 48 22 svår
208 446 88 27 uppgift,
313 446 27 21 då
360 446 36 21 det
411 447 45 26 gält
471 447 34 20 att
519 446 57 27 köpa
591 447 119 26 frälsegods
725 445 24 22 af
761 445 46 22 icke
823 445 38 21 all-

105 480 31 21 tid
151 480 73 27 villiga
246 480 76 27 säljare
345 480 39 21 och
402 481 53 26 sälja
471 487 81 15 samma
567 481 124 26 lägenheter
706 480 70 21 såsom
791 480 70 21 skatte

106 514 32 21 till
153 514 76 27 fattiga
244 515 86 26 köpare,
353 516 52 20 utan
427 517 34 19 att
483 515 129 21 statsverket
630 515 66 27 derpå
711 515 56 26 finge
781 514 80 21 förlora

105 547 71 28 något.
206 549 81 21 Härvid
310 549 38 21 har
371 555 26 15 en
421 555 96 21 noggran
539 549 39 22 och
601 549 95 27 ständigt
718 549 69 21 vaken
808 555 52 20 upp-

105 583 145 21 märksamhet
272 586 54 18 samt
349 585 31 19 ett
402 583 120 28 sorgfälligt
536 584 34 21 val
588 583 23 22 af
624 584 86 27 dugliga
725 584 88 26 agenter
827 589 34 15 er-

105 617 99 27 fordrats,
227 618 89 21 likasom
332 619 36 20 det
383 619 39 21 ock
437 619 56 20 varit
509 619 22 21 af
544 619 69 20 nöden
630 619 37 25 att,
684 618 73 21 derest
771 617 89 21 resulta-

105 653 32 20 tet
160 651 22 22 af
204 652 25 21 de
250 652 100 27 vidtagna
372 652 129 27 åtgärderna
516 653 46 21 icke
578 653 119 26 gestaltade
714 652 30 27 sig
760 652 101 21 tillfreds-

105 687 104 20 ställande
224 686 34 21 för
273 687 138 25 landboarne,
433 687 85 21 hvilkas
539 687 34 21 väl
596 687 107 21 reformen
718 686 66 27 afsåg,
806 686 7 20 i
828 685 32 21 tid

105 721 127 23 föranstalta
256 727 33 15 om
312 721 158 27 nödigbefunna
499 721 150 27 förändringar
673 721 39 20 och
737 720 123 27 lindringar.

105 754 48 21 Den
174 754 23 22 af
217 755 124 27 regeringen
363 762 29 14 nu
414 762 71 15 vunna
499 756 141 26 utredningen
663 761 34 15 om
720 755 141 20 landboarnes

106 788 13 21 3
141 789 264 26 donationslägenheterna
426 790 139 21 ekonomiska
586 789 97 22 tillstånd
706 789 73 27 tyckes
797 788 64 21 hafva

105 823 56 21 varit
176 823 22 21 af
212 823 100 22 behofvet
326 823 107 27 päkallad,
450 823 28 22 dä
494 824 123 21 densamma
631 824 64 27 bragt
717 824 6 20 i
739 823 68 26 dagen
829 824 32 19 att

105 857 60 21 detta
187 857 116 27 ingalunda
324 859 24 20 är
370 858 23 21 sä
408 858 199 21 tillfredsställande
622 865 49 14 man
686 857 47 22 haft
748 857 114 26 anledning

105 893 87 20 emotse.
223 891 339 28 .Undersökningskommissionen
582 893 39 20 har
636 893 33 20 till
684 892 40 21 och
739 891 49 22 med
802 891 60 21 kom-

105 925 39 21 mit
165 925 34 22 till
215 926 36 21 det
265 927 96 25 resultat,
384 928 33 20 att
439 927 62 21 detta
522 927 98 21 tillständ
640 933 29 14 nu
684 933 51 14 vore
750 928 69 19 sämre
834 927 27 19 än

105 959 46 22 före
166 960 183 27 inlösningstiden,
372 961 39 21 och
434 961 71 21 denna
519 961 137 27 uppfattning
671 961 41 21 har
725 960 78 27 jemväl
818 959 43 22 Gu-

105 995 104 20 vernören
231 994 7 21 i
252 995 99 26 Wiborgs
373 995 34 20 län
430 995 30 21 uti
486 995 37 21 sitt
546 996 7 20 i
576 995 65 22 saken
656 995 81 27 afgifna
751 994 110 22 utlätande

105 1030 71 19 ansett
190 1029 32 26 sig
237 1029 53 20 böra
305 1029 91 21 biträda.
426 1029 32 22 De
474 1029 192 28 detalj-uppgifter,
682 1036 45 15 som
742 1029 47 21 frän
805 1029 58 20 olika

105 1061 44 22 häll
164 1062 7 21 i
186 1063 61 21 detta
262 1062 98 23 afseende
375 1063 103 27 erhällits,
503 1066 38 19 äro
559 1064 55 21 dock
630 1064 23 21 sä
668 1064 57 21 olika
741 1063 39 22 och
796 1063 66 21 delvis

105 1096 121 22 hvarandra
240 1098 145 26 motsägande,
407 1099 33 20 att
454 1098 113 21 Utskottet
590 1105 62 14 anser
674 1099 32 26 sig
728 1097 47 22 icke
789 1097 73 21 kunna

105 1131 70 21 uttala
196 1131 70 27 nägon
288 1131 98 22 bestämd
401 1131 56 28 äsigt
472 1133 138 20 härutinnan.
638 1133 50 20 Alla
703 1132 31 21 uti
750 1131 65 22 saken
831 1131 31 21 af-

105 1164 59 27 gifna
178 1165 126 22 utlåtanden
320 1165 191 23 öfverensstämma
525 1167 65 21 likväl
606 1167 70 21 deruti
697 1168 32 19 att
745 1166 29 27 pä
788 1166 27 21 de
829 1166 32 20 in-

106 1199 56 21 lösta
170 1199 193 28 donationsgodsen
373 1200 202 22 missförhällanden
590 1197 121 42 förefinnas,
727 1207 45 15 som
787 1199 76 22 kräfva

106 1234 32 20 ett
153 1233 63 22 snabt
231 1234 40 21 och
286 1234 89 27 kraftigt
390 1235 133 26 ingripande.
553 1236 39 21 Att
614 1235 63 21 dessa
691 1229 51 27 vore
764 1241 27 14 en
808 1233 53 28 följd

107 1267 65 27 deraf,
195 1270 33 19 att
250 1269 193 27 donationsgodsen
459 1269 127 28 öfvertagits
601 1269 23 22 af
638 1271 76 25 staten,
730 1269 63 22 torde
808 1268 55 21 dock

105 1302 48 20 icke
167 1302 49 21 med
231 1302 36 28 fog
281 1303 73 21 kunna
367 1302 79 28 pästäs.
472 1304 99 22 Fastmer
586 1304 40 22 bör
640 1306 62 19 roten
712 1303 72 22 dertill
799 1303 63 21 sökas

105 1336 33 21 uti
152 1336 91 27 tidigare
258 1337 116 22 historiska
383 1338 157 27 förhällanden,
555 1338 84 22 hvilkas
654 1339 127 26 verkningar
795 1338 68 21 under

106 1376 26 14 en
147 1370 49 27 läng
211 1370 32 22 tid
258 1371 78 22 framät
358 1375 52 24 göra
425 1373 32 27 sig
472 1373 101 26 gällande
588 1374 40 21 och
650 1374 47 22 icke
719 1374 73 21 kunna
813 1373 49 43 med

106 1410 37 16 ens
158 1404 158 28 tillintetgöras.

174 1438 112 22 Utskottet
308 1440 39 22 har
369 1440 23 22 af
413 1441 241 27 Finansexpeditionens
676 1442 115 21 berättelse
813 1442 49 20 med

105 1472 78 26 fägnad
198 1472 81 28 erfarit,
302 1476 33 19 att
358 1475 102 27 styrelsen
481 1476 92 26 skyndat
588 1476 32 26 sig
636 1478 32 19 att
682 1478 51 25 taga
748 1476 46 20 sina
808 1475 55 21 mått

175 1511 152 20 Statsutskottets
340 1514 116 17 betänkande
469 1514 38 17 N:o
521 1515 17 16 9.
