1086 1717
821 156 26 20 25

123 224 141 26 lägenheten”
275 224 89 26 medför,
381 224 6 20 i
404 224 36 21 det
459 224 107 27 nämligen
584 230 25 15 en
624 224 125 29 väsendtlig
765 224 114 26 anledning

119 259 33 20 till
177 258 25 21 de
226 258 125 27 långvariga
374 259 77 21 tvister
475 259 38 21 och
537 258 147 27 rättegångar,
702 258 175 26 bolagslefnaden

120 292 46 21 ofta
181 292 131 26 framkallat,
328 292 124 27 härigenom
469 292 114 27 aflägsnas.

188 326 104 27 Samtliga
309 326 157 22 ofvanberörda
483 327 23 21 af
515 327 169 21 kommissionen
696 326 127 22 framhällna
835 333 43 15 om-

121 361 155 26 ständigheter,
299 361 69 25 hafva,
392 362 67 26 enligt
483 362 179 20 kommissionens
682 360 145 28 uppfattning,
843 367 35 21 ge-

120 399 106 17 mensamt
249 396 124 20 framkallat
392 396 40 20 den
449 396 141 20 ekonomiska
605 396 53 25 kris,
676 396 60 20 hvari
753 396 123 20 donations-

120 430 106 27 allmogen
244 430 12 21 å
272 430 26 21 de
321 430 79 21 inlösta
424 430 81 27 godsen
522 431 68 26 enligt
605 430 180 21 kommissionens
801 430 78 21 förme-

121 465 68 20 nande
212 465 34 20 för
266 465 133 20 närvarande
415 465 93 21 befunne
525 465 33 26 sig
574 465 39 21 och
629 465 67 20 hvarå
712 464 166 21 kommissionen

120 499 104 26 åberopat
248 499 36 20 det
308 499 94 26 sorgliga
425 500 103 26 exempel,
553 501 31 19 att
600 499 48 21 icke
664 499 83 21 mindre
763 501 26 18 än
806 499 26 20 25
849 499 29 20 lä-

119 533 103 26 genheter
238 534 6 19 i
262 533 72 21 Mohla
358 533 77 21 socken
460 534 85 26 nyligen
571 533 71 21 blifvit
666 533 100 21 anmälda
781 533 33 21 till
831 539 47 15 exe-

120 567 60 21 kutiv
196 568 128 25 försäljning
340 567 32 21 för
389 568 133 21 betäckande
539 567 21 22 af
568 568 96 26 oguldna
675 567 120 27 utskylder.
816 567 63 21 Hvad

121 601 104 22 särskildt
245 602 101 21 beträffar
366 602 60 21 detta
442 603 96 26 exempel
555 602 61 21 torde
634 603 53 20 böra
703 602 120 25 anmärkas,
840 603 38 24 att,

120 636 66 24 enlist
210 636 56 21 hvad
290 636 139 21 Guvernören
445 637 7 20 i
468 636 102 27 Wiborgs
587 637 34 20 län
639 637 31 20 uti
687 636 122 21 infordradt
824 636 55 21 utlä-

121 671 64 20 tande
206 671 87 23 anmält,
310 671 11 20 9
338 670 23 21 af
375 671 94 20 äboarne
486 671 12 20 &
515 671 63 20 dessa
603 671 27 20 25
649 671 124 26 lägenheter
792 676 88 15 numera

120 705 32 20 till
177 704 52 21 fullo
254 705 68 26 erlagt
346 705 25 20 de
388 707 139 24 ränterester,
544 705 33 20 för
593 705 75 20 hvilka
684 705 109 20 desamma
808 705 71 20 blifvit

120 739 132 20 antecknade
277 741 55 18 samt
348 741 32 18 att
396 739 111 21 dessutom
523 746 25 14 en
565 740 59 26 gjort
640 739 159 26 afbetalningar
815 739 12 20 å
844 739 35 20 de-

121 779 87 14 samma.
239 773 32 21 De
296 773 68 26 öfriga
389 775 24 19 15
436 774 280 25 lägenhetsinnehafvarene
739 773 56 21 hade
819 773 60 21 dere-

119 810 51 21 mot,
187 807 68 21 ehuru
272 808 25 20 de
314 808 65 20 redan
395 808 93 25 tidigare
505 807 41 22 fått
562 809 32 25 sig
612 808 149 21 efterskänkta
773 808 46 20 sina
830 809 48 19 rän-

120 843 92 19 terester
227 842 33 20 för
276 842 24 20 år
318 842 59 23 1882,
394 842 47 21 icke
458 842 57 21 visat
531 843 39 20 den
588 843 96 25 ringaste
696 842 65 26 afsigt
772 843 32 20 att
814 842 65 26 gälda

119 876 26 21 de
162 876 47 20 dem
225 876 33 21 för
275 876 50 21 åren
344 877 53 20 1883
413 877 39 20 och
472 877 53 20 1884
542 876 114 27 åliggande
672 877 77 20 krono-
766 876 38 21 och
816 876 60 21 kom-

118 911 86 20 munala
227 911 112 26 utskyldor
363 913 55 18 samt
441 911 112 20 dessutom
577 911 90 20 alldeles
692 911 106 20 åsidosatt
823 910 55 21 häll-

119 945 122 26 skjutsning
261 945 38 20 och
317 945 166 26 vägaunderhäll
501 945 109 21 äfvensom
629 945 80 21 lemnat
725 945 92 20 äkrarna
828 945 49 20 obe-

119 979 67 21 sädda
209 979 39 20 och
273 981 95 24 ängarna
391 979 110 26 orödjade.
533 979 49 21 Med
599 979 102 21 afseende
718 979 52 21 härä
786 979 39 21 och
843 979 32 26 dä,

119 1013 67 26 enligt
201 1013 55 20 hvad
273 1012 139 22 Guvernören
427 1014 80 25 jemväl
524 1013 192 26 vidhandengifvit,
733 1014 26 20 de
776 1013 101 26 lägenhe-

118 1050 61 18 terna
202 1047 117 26 ätföljande
340 1047 113 27 utskylder
469 1047 47 21 icke
533 1048 72 21 kunna
621 1054 64 15 anses
702 1048 63 21 hafva
781 1048 96 21 medver-

119 1082 38 21 kat
172 1082 32 20 till
225 1081 105 21 äboarnes
348 1081 139 22 ekonomiska
505 1082 112 26 obeständ,
635 1083 45 25 har,
696 1083 7 20 i
720 1082 94 27 enlighet
829 1082 47 21 med

117 1116 55 21 hvad
200 1115 139 22 Guvernören
367 1116 77 27 jemväl
471 1116 119 27 föreslagit,
620 1117 67 26 några
712 1117 74 20 vidare
812 1116 64 21 efter-

117 1150 65 27 gifter
206 1150 133 21 beträftande
362 1151 65 26 sagde
451 1150 113 27 utskylder
585 1151 47 20 icke
651 1153 82 19 ansetts
749 1151 54 21 böra
818 1150 58 21 med-

118 1185 74 26 gifvas.

187 1253 28 20 Af
238 1253 36 20 det
294 1253 135 21 förestående
446 1253 63 21 torde
525 1253 83 26 framgå
624 1255 39 24 att,
681 1260 32 14 om
725 1253 40 21 ock
776 1253 40 21 den
826 1253 51 21 eko-

119 1287 99 21 nomiska
242 1287 129 27 ställningen
387 1288 28 26 på
430 1287 51 21 flere
498 1287 23 21 af
536 1287 198 27 donationsgodsen
750 1287 34 22 för
800 1289 77 19 närva-

117 1322 65 20 rande
202 1324 24 18 är
243 1322 105 26 betryckt,
366 1322 23 20 så
405 1322 68 21 måste
491 1322 78 20 sådant
585 1328 63 14 anses
665 1328 51 15 vara
732 1322 144 26 öfvergående

116 1356 39 20 och
175 1356 118 20 orsakerna
309 1356 33 20 till
359 1356 59 20 detta
434 1356 90 26 betryck
541 1356 46 21 icke
604 1358 33 19 att
654 1356 54 21 söka
724 1356 31 21 uti
771 1356 26 21 de
813 1356 6 20 i
837 1356 39 21 och

115 1390 34 20 för
172 1390 93 26 godsens
288 1390 84 20 inlösen
388 1390 39 20 och
444 1390 122 21 desammas
583 1390 149 21 öfverlåtande
747 1390 23 21 åt
786 1390 91 21 landbo-

115 1430 52 15 arne
190 1424 102 26 vidtagna
314 1424 152 26 anordningar,
492 1426 51 19 utan
568 1424 65 21 hafva
649 1424 89 22 fastmer
755 1425 32 20 sin
805 1424 69 26 grund

115 1458 46 21 dels
177 1459 7 20 i
199 1458 95 27 tidigare
309 1458 211 26 missförhållanden,
537 1459 47 21 dem
602 1458 110 27 Styrelsen
729 1459 47 21 icke
792 1458 83 21 kunnat

114 1492 118 27 förebygga
256 1492 39 21 och
310 1492 85 21 hvilkas
411 1492 131 27 verkningar
558 1493 56 21 först
630 1493 55 21 efter
701 1499 25 15 en
741 1493 55 26 följd
812 1492 23 21 af
849 1492 25 21 år
