1086 1717
405 154 51 28 Prop.
472 154 31 22 N:o
519 154 29 22 34.
795 155 28 21 29

165 218 20 21 2.
215 218 46 21 Har
278 217 314 27 bränvinstillverkningsafgift
603 218 68 26 jemte
685 217 62 22 böter
762 217 90 27 ådömts,

97 251 41 27 må,
157 252 39 21 der
210 252 90 26 tillgång
314 252 79 21 saknas
408 252 34 21 till
456 251 106 27 gäldande
578 251 22 21 af
613 251 89 27 afgiften
717 252 52 21 eller
783 251 70 26 någon

97 286 35 20 del
153 285 66 27 deraf,
242 286 90 21 böterna
350 286 19 26 ej
387 286 8 20 i
413 286 118 26 penningar
549 286 103 26 erläggas,
671 287 52 19 utan
742 285 55 21 skall
811 285 42 21 den

96 319 97 21 sakfälde
208 320 7 20 i
230 320 72 20 stället
316 320 96 26 undergå
426 320 152 20 motsvarande
592 319 214 27 förvandlingsstraff.

444 388 11 27 $
471 388 35 22 61.

166 428 30 21 Af
208 428 68 26 böter,
292 434 46 15 som
353 428 67 27 enligt
435 428 70 21 denna
519 428 126 27 förordning
660 428 94 26 ådömas,
770 427 84 22 tillfalle

98 461 37 22 två
148 462 129 27 tredjedelar
292 462 115 27 åklagaren
423 463 40 20 och
477 469 28 23 en
520 462 105 27 tredjedel
640 462 129 27 angifvaren,
785 462 27 21 då
827 462 28 21 de

99 498 133 24 gemensamt
247 496 68 21 beifra
328 497 149 26 förbrytelsen,
493 503 49 15 men
553 496 116 27 åklagaren
680 496 93 26 odeladt,
785 496 7 21 i
802 496 52 21 hän-

99 530 59 21 delse
173 530 42 21 han
230 537 73 14 ensam
317 530 58 21 utför
390 530 71 21 målet.

168 564 31 21 På
221 564 113 21 enahanda
356 566 43 19 sätt
421 565 90 20 förfares
533 565 49 21 med
604 565 76 20 värdet
701 564 33 21 för
756 564 97 27 redskap,

99 598 90 22 bränvin
212 599 41 21 och
275 605 71 15 annan
367 599 110 26 egendom,
503 605 46 15 som
570 599 116 21 förklarats
707 599 116 25 förbrutne,
847 598 8 21 i

100 633 82 22 hvilket
204 633 100 22 afseende
327 633 76 22 sådant
422 633 138 27 beslagsgods
575 633 46 26 bör,
637 639 77 20 genom
728 633 127 26 åklagarens

99 667 89 26 försorg,
204 667 12 21 å
232 667 94 27 offentlig
349 667 89 21 auktion
456 667 97 27 försäljas
568 668 56 20 samt
638 667 130 26 protokollet
786 667 69 21 deröf-

99 707 38 15 ver
151 701 39 21 hos
206 701 119 22 domstolen
340 701 86 26 företes,
434 701 27 27 på
469 701 37 22 det
514 701 213 27 auktionsskillingen
738 701 35 21 må
782 701 73 21 kunna

99 735 8 20 i
122 735 180 27 saköreslängden
316 735 33 22 till
364 735 137 27 redovisning
516 737 111 25 upptagas.

451 803 11 28 8
478 804 35 21 62.

168 839 41 36 Det
224 843 82 28 belopp
326 843 23 22 af
361 843 8 21 i
384 843 69 22 denna
468 844 125 26 förordning
608 843 103 27 stadgade
725 843 68 26 böter,
809 849 46 15 som

100 877 24 28 ej,
138 877 43 21 kan
203 877 62 26 utfås,
284 877 122 22 förvandlas
425 878 33 21 till
479 877 102 28 fängelse,
604 878 89 21 hvarvid
715 877 46 28 fyra
779 877 76 27 dagars

100 911 93 27 fängelse
208 917 74 16 svarar
296 913 46 20 mot
356 912 62 21 böter
433 912 33 21 till
482 912 40 21 och
537 913 49 20 med
600 912 61 27 tjugu
675 912 68 21 mark.
773 911 33 22 Gå
817 911 38 21 bö-

100 947 66 25 terna!
180 945 98 22 deröfver
296 946 32 21 till
351 946 39 21 och
413 946 49 21 med
484 946 116 21 etthundra
617 946 68 26 mark,
705 946 50 21 ökes
774 945 82 22 straffet

101 980 48 21 med
165 986 26 15 en
206 980 52 27 dags
276 980 95 27 fängelse
388 980 34 21 för
440 980 74 27 hvarje
532 980 49 21 fullt
598 980 79 27 belopp
696 980 23 21 af
731 980 42 21 fem
787 979 68 22 mark.

101 1013 61 27 Stiga
181 1014 91 21 böterna
294 1014 58 21 öfver
370 1015 117 20 etthundra
505 1015 67 25 mark,
592 1015 52 20 ökes
663 1014 81 21 straffet
763 1014 48 21 med
829 1020 26 15 en

101 1048 52 27 dags
168 1048 94 27 fängelse
276 1048 33 21 för
324 1048 73 27 hvarje
412 1049 49 20 fullt
475 1049 79 26 belopp
568 1048 24 22 af
604 1049 30 20 tio
651 1048 67 26 mark,
730 1055 46 14 som
788 1048 68 21 öfver-

101 1082 81 27 skjuter
198 1082 115 21 etthundra
327 1083 66 26 mark,
415 1083 55 20 dock
489 1084 32 19 att
539 1082 155 27 fängelsetiden
708 1082 47 22 icke
769 1082 8 21 i
791 1082 66 27 något

101 1116 38 21 fall
153 1117 35 20 må
202 1118 67 19 sättas
284 1117 80 26 längre,
381 1119 28 19 än
423 1117 64 20 nittio
503 1116 73 27 dagar.

417 1209 57 24 Art.
496 1209 45 24 VL

130 1276 163 27 Föreskrifter
310 1277 10 25 i
337 1276 114 27 afseende
469 1275 14 27 &
501 1276 188 33 verkställighet
707 1277 27 25 af
749 1276 78 26 denna

405 1322 150 33 förordning.

449 1384 12 27 8
477 1384 34 22 63.

171 1429 148 27 Länestyrelse
341 1430 57 20 hälle
420 1431 73 25 sträng
515 1430 73 26 tillsyn
607 1429 58 21 öfver
681 1429 138 27 iakttagande
837 1428 23 22 af

101 1463 58 22 hvad
173 1464 8 20 i
196 1463 70 21 denna
280 1463 125 27 författning
421 1464 100 26 stadgadt
537 1466 30 19 är.
