1086 1717
240 152 28 21 70
374 171 2 2 .
447 163 5 4 :
513 152 53 28 Prop.
582 152 31 22 N:o
628 151 31 22 34.

210 214 79 21 honom
303 214 104 22 tillstädes
422 214 36 22 vid
472 214 8 21 i
494 215 176 27 nästföregående
686 215 11 27 $
713 214 139 22 omförmälda
867 216 97 25 uppmät-

210 248 50 27 ning
276 248 40 21 och
330 248 104 28 profning,
450 249 35 21 må
499 247 157 30 förrättningen
672 249 61 21 deraf
746 249 18 27 ej
780 248 130 28 uppehållas.

278 283 20 21 2.
329 282 10 21 I
357 283 100 21 händelse
476 284 67 21 vittne
562 284 114 22 uteblifver
694 283 48 21 från
765 283 91 21 berörda
878 282 85 22 förrätt-

209 316 57 27 ning,
285 316 53 22 skall
358 313 147 53 Eontrollören
523 324 71 16 annan
614 318 86 27 lämplig
719 324 77 21 person
812 318 70 20 såsom
896 317 67 22 vittne

210 350 98 22 tillkalla.

556 381 12 27 $
584 382 34 21 30.

281 421 18 21 1.
328 421 125 23 Kontrollör
471 421 55 22 skall
544 421 124 22 förmedelst
686 420 85 27 dagliga
789 420 144 27 besigtningar
951 420 13 21 å

210 455 26 21 de
255 455 24 21 af
294 455 79 22 honom
391 456 90 23 tillsatta
500 456 31 21 lås
549 456 41 21 och
607 456 140 26 förseglingar
763 455 108 27 öfvertyga
886 455 31 26 sig
932 456 32 19 att

210 489 108 22 desamma
343 490 102 21 förblifvit
469 490 116 27 orubbade,
612 490 70 21 såsom
705 489 40 22 ock
767 491 32 19 att
821 489 12 21 å
855 489 107 27 imkylare,

209 524 63 27 sprit-
291 524 40 21 och
349 524 76 21 luftrör
443 527 56 19 samt
516 525 60 26 lykta
594 525 40 21 och
649 524 138 29 sprithållare
801 523 47 22 icke
863 523 100 26 anbragts

210 558 98 21 otillåtna
330 559 113 26 tillgångar
466 559 32 21 till
521 559 102 21 bränvins
645 558 138 27 uttappande.
821 558 9 21 I
853 557 111 22 enahanda

209 593 100 21 afseende
331 593 54 22 skall
407 593 40 22 ock
469 594 151 26 rörledningen
643 593 78 22 mellan
739 592 224 27 afverkningsredska-

208 624 42 30 pen
270 627 39 22 och
328 627 117 28 imkylaren
464 628 98 27 dagligen
580 628 41 21 och
640 629 121 26 noggrannt
779 627 23 21 af
817 627 145 21 kontrollören

208 661 124 28 besigtigas.

202 725 2 2 |
278 697 20 20 2.
328 697 124 21 Kontrollör
467 697 45 26 bör,
528 697 28 21 då
570 697 123 22 tillverkare
708 697 77 21 sådant
797 696 84 26 önskar,
894 696 69 21 lemna

208 730 80 21 honom
306 730 93 21 tillträde
418 731 33 20 till
470 731 135 26 sprithållare
625 732 51 21 eller
694 731 34 22 till
747 731 70 26 någon
829 731 37 20 del
881 730 22 21 af
916 730 46 21 red-

208 764 87 27 skapen,
312 771 45 14 som
372 767 24 18 är
410 765 67 21 under
491 765 116 26 försegling
622 766 51 21 eller
684 765 120 22 kontrollås
814 765 85 26 försatt;
908 764 55 22 dock

208 799 55 20 skall
278 799 119 21 kontrollör
412 799 61 21 alltid
488 799 74 21 dervid
577 799 163 21 tillstädesvara.

277 833 20 21 3.
327 833 125 21 Kontrollör
478 833 54 22 skall
558 833 146 26 omsorgsfullt
729 833 85 21 förvara
840 832 46 21 icke
908 832 55 21 blott

208 867 157 26 tillverknings-
384 867 40 21 och
441 867 220 28 nederlagsjournaler
677 867 67 28 jemte
759 867 68 26 öfriga
841 867 121 20 kontrollen

208 901 36 21 vid
262 901 122 22 bränneriet
402 902 91 21 rörande
515 902 133 27 handlingar,
672 901 290 26 bränvinsprofningsinstru-

208 937 88 24 råenter,
316 936 26 21 de
361 936 46 21 icke
425 936 124 27 begagnade
568 936 59 21 låsen
646 938 55 19 samt
720 935 67 27 öfriga
805 932 157 27 kontrolleffek-

207 972 40 25 ter,
266 970 24 21 så
308 972 33 26 att
359 971 62 26 ingen
440 971 102 26 obehörig
560 977 78 20 person
653 970 34 21 må
703 970 32 21 till
751 970 48 21 dem
814 975 39 21 ega
867 969 94 27 tillgång,

207 1006 53 19 utan
278 1004 40 21 ock
336 1004 116 27 nycklarna
471 1005 32 21 till
522 1005 26 21 de
566 1005 23 21 af
606 1005 78 21 honom
702 1005 7 20 i
727 1003 124 22 bränneriet
869 1003 39 21 och
929 1003 33 21 för

207 1039 230 26 nederlagsmagasinet
463 1039 104 26 anbragta
588 1039 32 21 lås
642 1041 56 19 samt
720 1039 37 20 det
779 1038 61 27 sigill,
863 1037 42 22 han
927 1038 35 21 vid

207 1073 129 22 föreskrifna
350 1073 139 27 förseglingar
504 1073 114 27 begagnar.

274 1149 2 2 :
554 1136 11 27 8
581 1137 34 21 31.

278 1176 18 21 1.
326 1170 19 27 Å
367 1155 121 48 söcknedag
510 1176 40 21 bör
571 1176 121 21 kontrollör
711 1175 7 21 i
736 1175 117 21 allmänhet
870 1174 46 22 icke
931 1174 31 21 af-

207 1209 75 27 lägsna
299 1210 33 27 sig
349 1210 47 21 från
415 1210 128 21 bränneriet.
572 1210 153 21 Förekommer
743 1209 55 22 dock
817 1209 71 21 dertill
902 1209 60 26 giltig

208 1244 120 27 anledning,
348 1245 34 20 må
399 1245 43 20 han
458 1245 18 26 ej
491 1245 34 20 för
539 1245 73 27 längre
627 1245 33 20 tid
674 1246 28 19 än
718 1246 33 19 tre
766 1244 85 21 timmar
865 1243 8 21 i
887 1243 75 22 sender

206 1285 53 15 vara
273 1278 63 22 borta
351 1279 46 21 från
411 1279 179 21 bränneristället.
612 1278 113 27 Aflägsnar
740 1278 43 21 han
797 1278 32 26 sig
841 1277 12 21 å
865 1277 95 27 helgdag,

207 1312 54 22 skall
276 1313 43 21 han
334 1313 46 21 åter
394 1313 192 22 tillstädeskomma
601 1313 45 21 före
662 1314 41 20 den
715 1313 38 26 tid,
765 1312 196 21 bränvinstillverk-

207 1347 78 27 ningen
300 1347 54 27 ånyo
369 1348 32 21 får
416 1348 92 26 vidtaga.

180 1389 3 3 J
276 1382 20 21 2.
326 1382 131 26 Kontrollör,
476 1388 46 19 som
544 1382 105 27 aflägsnar
668 1382 32 26 sig
719 1381 47 21 frän
783 1358 177 54 bränneristället,

207 1416 55 21 skall
280 1416 7 21 i
306 1416 32 21 sin
356 1416 77 22 bostad
451 1416 110 22 derstädes
579 1417 70 21 lemna
666 1415 157 22 underrättelse
845 1415 60 28 hvar
918 1414 43 22 han

207 1450 68 22 under
289 1450 60 22 tiden
363 1450 43 22 kan
421 1451 80 21 träffas.
639 1445 35 15 =
