1086 1717
234 150 27 20 12

408 150 81 23 Ständ.
505 151 37 23 Sv.
560 164 24 3 —
602 151 71 33 Prop.
689 151 38 21 N:o
743 150 34 22 34.

342 213 34 20 två
392 214 109 26 terminer,
517 220 45 14 som
584 213 112 26 berkänas,
713 213 40 21 den
765 213 69 27 förra
845 213 59 27 från
920 211 38 22 och

341 247 47 21 med
403 247 71 24 första
489 248 95 27 helgfria
606 248 42 26 dag
664 248 8 20 i
688 246 104 27 Januari,
809 247 90 21 klockan
914 246 48 27 tolf

340 281 95 27 middag,
460 282 59 20 intill
541 282 39 20 den
604 284 12 18 1
637 281 56 21 Juni
710 288 83 14 samma
809 281 38 25 tid,
864 280 37 22 och
917 281 40 20 den

342 315 70 20 andra
423 315 57 27 från
497 316 36 20 och
550 316 47 20 med
612 316 40 20 den
669 316 27 20 15
715 315 121 27 September
851 315 52 21 eller
914 314 43 27 för-

340 351 34 18 sta
397 349 96 28 helgfria
516 350 42 27 dag
580 350 100 26 derefter,
698 349 88 21 klockan
803 349 46 27 tolf
859 349 97 27 middag,

341 383 35 20 till
390 390 82 14 samma
489 384 32 20 tid
536 384 40 21 den
592 385 28 20 31
636 383 119 22 December.
779 382 179 22 Bränvinsbrän-

340 417 53 28 ning
409 418 145 27 (destillering
571 425 27 14 ur
613 418 71 27 mäsk)
699 418 34 20 må
749 417 53 21 dock
818 418 19 27 ej
849 417 108 21 anställas

336 451 57 26 från
410 451 90 22 klockan
517 459 37 14 sex
570 452 146 27 eftermiddag
731 454 50 18 näst
789 453 52 26 före
852 454 45 19 sön-
906 452 52 21 eller

340 485 91 28 helgdag
455 487 35 20 till
511 486 91 21 klockan
622 486 47 27 fem
689 486 54 26 före
759 486 116 27 middagen
892 488 64 19 nästa

340 519 96 28 helgfria
460 521 49 26 dag,
531 521 84 20 hvadan
632 520 191 26 tillverkningstid,
839 520 52 27 ifall
906 521 51 20 den-

340 560 81 15 samma
446 555 157 26 tilländalöper
626 555 12 20 å
659 557 47 18 sön-
722 554 51 21 eller
788 555 100 26 helgdag,
904 561 53 20 upp-

340 588 39 20 hör
402 589 182 27 nästföregäende
606 588 201 28 söcknedagsafton.
839 588 31 28 Ej
891 589 66 21 heller

340 623 34 20 må
398 623 145 27 inmäskning,
560 623 101 20 hvarmed
677 623 227 21 bränvinstillverkare
912 623 44 27 får

340 657 87 26 vidtaga
439 657 47 26 fem
502 657 70 27 dagar
582 659 52 26 före
649 657 40 20 den
701 657 41 27 för
757 656 199 22 bränvinstillverk-

340 691 80 27 ningen
436 691 112 27 medgifna
564 691 38 26 tid,
619 691 108 21 anställas
743 691 12 20 å
771 693 51 18 sön-
837 691 51 22 eller
897 691 57 28 helg-

340 725 48 27 dag,
412 725 77 20 medan
513 725 101 21 sabbaten
632 726 85 27 påstår,
733 725 36 21 vid
785 725 35 21 bot
835 732 44 14 som
894 726 9 19 i
918 725 37 28 lag

339 759 102 27 stadgas;
465 759 52 21 dock
540 761 26 19 är
582 759 168 28 jästberedning
773 760 8 20 i
800 760 58 21 detta
869 759 86 27 förbud

339 793 44 20 icke
400 793 131 28 inbegripen.

407 835 21 19 2.
463 833 72 20 Under
557 833 58 21 tiden
634 833 57 27 från
713 833 40 20 den
771 834 12 19 1
795 833 54 27 juni
865 833 34 20 till
914 833 40 20 den

340 867 26 20 15
389 867 116 26 september
530 868 34 19 må
588 867 67 21 likväl
681 867 244 27 bränvinstillverkning
947 867 8 20 i

339 901 158 27 sammanhang
512 901 48 21 med
571 901 230 27 pressjästberedning
815 901 28 27 af
849 901 105 21 Senatens

339 935 291 27 Ekononomiedepartement
654 935 127 27 wmedgifvas,
804 937 55 18 emot
877 935 76 26 vilkor,

338 976 44 13 som
399 969 45 20 dels
460 969 8 20 i
483 969 70 20 denna
569 969 137 27 förordning
722 969 37 20 och
773 969 8 20 i
790 969 164 27 ordningsstad-

338 1010 43 20 gan
397 1005 46 24 äro,
459 1003 9 20 i
483 1003 101 26 afseende
600 1004 13 19 å
630 1003 251 26 bränvinstillverkning,
894 1003 61 26 före-

338 1037 95 26 skrifna,
457 1037 44 21 dels
517 1037 37 20 ock
570 1037 27 28 af
613 1037 95 20 bemälde
724 1037 153 27 Departement
890 1037 64 27 pröf-

337 1077 37 14 vas
389 1071 129 27 ytterligare
533 1071 87 27 nödiga.

405 1107 20 18 3.
459 1105 44 20 Sur
519 1105 155 28 tillmäskning,
690 1105 79 20 beredd
783 1105 48 20 med
846 1105 53 21 malt
914 1105 39 20 och

332 1139 55 28 jäst,
411 1139 52 20 eller
485 1139 127 21 annorledes
636 1139 142 28 tjenliggjord
795 1139 42 27 för
857 1138 97 22 tillverk-

337 1174 54 26 ning
413 1173 28 28 af
461 1173 98 26 bränvin,
582 1174 35 20 mä
640 1173 46 21 icke
696 1173 79 27 finnas
791 1173 38 20 hos
845 1173 47 26 den,
908 1179 45 14 som

337 1207 198 27 lillverkningsrätt
558 1215 54 20 eger,
638 1208 70 20 under
729 1214 74 13 annan
823 1207 38 25 tid,
879 1209 28 18 än
923 1207 30 20 dä

337 1240 244 29 bränvinstillverkning
594 1242 79 27 pågår,
690 1241 37 21 och
737 1240 44 27 får
795 1241 29 26 af
832 1236 66 37 annan
914 1241 39 20 all-

337 1274 57 21 deles
410 1275 46 21 icke
471 1275 135 27 innehafvas.

619 1338 15 27 $
648 1339 20 19 5.

408 1376 149 28 Tillverkning
579 1377 31 27 af
621 1378 91 20 bränvin
727 1377 50 21 sker
791 1377 70 20 under
876 1376 76 28 tillsyn

336 1410 27 28 af
383 1411 106 21 särskildt
512 1414 97 30 antagen
622 1411 203 27 kontrollpersonal,
837 1411 33 27 pä
884 1412 45 19 sätt
944 1410 9 20 i
