1086 1717
248 156 29 23 98
556 156 40 22 N:o
612 156 35 22 36.

288 221 14 21 3
318 221 21 26 8.
369 219 26 29 Ej
416 219 35 23 må
465 219 70 29 fånge,
550 219 33 22 för
598 220 36 22 det
651 220 43 21 han
708 220 69 22 under
791 220 118 22 strafftiden
924 218 55 23 varit

220 255 55 29 sjuk,
292 254 54 22 ändå
361 256 31 20 att
406 254 43 21 han
464 254 85 22 vårdats
559 256 59 20 utom
628 254 173 27 straffanstalten,
812 253 118 30 qvarhållas
940 253 38 23 der

221 290 79 28 längre,
316 293 27 17 än
358 288 7 22 i
380 288 77 22 domen
471 288 149 22 föreskrifvits.

289 323 76 22 Kallas
383 322 64 29 fånge
467 322 34 22 till
519 322 89 22 domstol
627 324 31 21 att
673 322 68 22 vittna
756 323 52 21 eller
823 322 93 28 undergå
931 330 48 14 ran-

220 358 100 28 sakning;
344 357 123 21 ankommer
489 356 13 22 å
524 356 93 23 Senaten
640 359 31 20 att
684 356 99 23 förordna
798 365 35 14 om
847 357 40 22 och
901 356 8 22 i
923 357 56 21 hvad

222 392 50 22 mån
295 392 41 21 den
358 391 37 27 tid,
418 391 78 29 fången
518 391 24 22 af
561 390 65 23 sådan
648 391 62 22 orsak
725 391 71 23 hållits
810 394 59 20 utom
883 391 95 22 straffan-

221 426 84 27 stalten,
322 425 54 23 skall
390 426 13 22 å
417 426 54 21 hans
486 425 91 23 strafftid
592 425 105 23 afräknas.

289 460 105 29 Rymmer
415 460 72 29 fånge;
511 460 36 22 må
562 460 60 22 tiden
638 460 46 22 från
700 461 40 21 den
756 460 47 29 dag,
818 460 27 22 då
859 461 42 21 han
915 461 63 27 rymt,

222 495 33 22 till
277 495 40 21 och
339 494 49 22 med
407 495 47 26 den,
471 494 26 22 då
512 495 42 21 han
569 494 142 23 återkommer
725 495 34 22 till
773 495 169 25 straffanstalten,
958 493 19 30 ej

219 529 101 22 inräknas
335 529 9 21 i
358 529 124 22 strafftiden.

290 564 15 21 4
320 565 21 25 8.
372 557 29 29 Åt
421 563 74 28 hvarje
510 563 62 29 fånge
587 563 54 22 skall
656 571 64 21 egnas
735 563 103 30 själavård
853 565 54 20 samt
921 562 57 23 med-

222 598 58 22 delas
296 597 153 30 undervisning
463 598 40 22 och
518 598 42 26 råd,
577 599 55 21 huru
648 598 41 22 han
705 598 34 22 må
749 598 72 22 kunna
831 597 101 22 förbättra
941 597 37 22 sitt

221 632 97 29 sinnelag
334 633 38 21 och
388 632 99 22 lefverne.

292 667 13 21 I
320 667 138 22 straffanstalt
479 667 38 21 bör
532 667 66 22 hållas
613 667 118 28 gudstjenst
746 667 13 22 å
773 671 44 18 sön-
832 667 39 21 och
886 665 92 30 högtids-

222 701 64 28 dagar
300 703 55 20 samt
370 701 164 34 andaktsöfning
548 701 64 22 äfven
626 701 13 22 &
654 701 65 22 andra
733 701 84 28 dagar
811 697 11 42 i
834 701 87 22 veckan.

288 736 14 21 5
314 731 25 46 8.
368 731 31 26 Är
413 735 63 29 fånge
491 735 63 22 dömd
569 735 33 22 till
617 735 156 26 tukthusstraff,
789 735 51 22 eller
854 735 33 22 till
897 735 79 28 fängel-

219 769 85 22 sestraff
321 769 9 22 i
345 770 72 28 längre
432 769 37 26 tid,
486 774 27 17 än
528 772 32 19 tre
575 769 109 27 mänader;
701 770 54 21 skall
770 770 77 21 honom
861 769 68 29 gifvas
940 777 36 14 un-

219 803 123 29 dervisning
363 804 8 21 i
393 803 88 29 religion
497 804 38 21 och
550 811 70 14 annan
636 804 150 29 skolkunskap,
803 803 23 22 sä
840 804 39 21 och
894 803 8 22 i
917 803 58 29 yrke,

218 838 84 22 hvilket
317 838 48 21 med
380 837 163 22 straffanstalten
559 842 23 17 är
596 837 105 30 förenligt,
718 838 147 22 företrädesvis
876 837 8 22 i
894 837 80 26 sädant,

218 879 46 14 som
279 871 187 22 öfverenstämmer
479 872 49 22 med
537 872 53 22 hans
600 872 102 22 fallenhet
712 873 39 21 och
761 872 110 22 sannolika
880 872 94 28 närings-

218 905 52 29 fäng
285 905 53 22 efter
353 905 115 29 frigifning.

286 939 82 23 Finnes
382 940 69 29 fånge,
467 941 63 21 hvars
544 940 91 23 strafftid
650 945 24 17 är
688 941 89 26 kortare,
797 948 51 14 vara
857 940 8 21 i
875 939 66 23 behof
953 939 23 22 af

218 974 159 29 undervisning,
393 975 52 21 eller
460 974 63 29 begär
537 975 42 21 han
595 974 50 29 sjelf
658 974 73 27 sådan;
746 974 113 22 ankomme
869 973 27 30 på
905 973 68 23 straff-

218 1008 116 22 anstaltens
351 1007 142 23 föreståndare
510 1010 37 24 att,
558 1008 54 23 efter
622 1008 98 29 pröfning
730 1008 24 22 af
761 1008 212 29 omständigheterna,

217 1042 73 22 derom
305 1042 104 22 förordna.

287 1076 49 22 Har
357 1076 63 29 fånge
438 1076 42 29 fylt
493 1076 77 29 fyratio
585 1077 23 22 år
624 1077 52 21 eller
690 1077 35 22 väl
740 1077 105 22 inhemtat
859 1076 113 23 folkskolas

218 1110 61 27 kurs;
296 1110 34 22 må
345 1111 42 21 han
402 1110 19 29 ej
437 1111 83 28 tvingas
535 1111 33 21 till
582 1111 107 28 skolgång.

286 1145 14 21 6
316 1145 20 26 8.
366 1145 65 22 Hvad
445 1144 63 28 fånge
519 1145 23 21 af
549 1145 33 22 sin
592 1145 131 28 tillhörighet
733 1145 91 22 medfört
834 1145 33 22 till
877 1145 95 22 straffan-

217 1177 50 22 stalt
277 1179 40 20 och
332 1179 67 28 enligt
413 1179 70 22 denna
497 1179 123 28 förordning
630 1179 19 28 ej
661 1179 32 22 får
702 1187 35 14 om
747 1179 82 22 händer
838 1179 69 25 hafva,
918 1179 55 22 skall

216 1212 80 21 honom
318 1213 36 22 vid
375 1212 125 23 ankomsten
523 1213 31 22 dit
571 1213 106 28 fråntagas
692 1213 39 22 och
745 1213 37 22 vid
796 1212 110 30 frigifning
920 1213 53 22 åter-

216 1247 72 21 ställas
310 1246 22 23 åt
354 1247 83 21 honom.
467 1243 31 26 Är
520 1247 36 22 det
578 1247 122 29 penningar,
724 1247 52 22 eller
797 1247 84 22 tillfalla
895 1246 77 29 fången

215 1280 119 29 penningar
356 1281 7 21 i
378 1281 173 27 straffanstalten;
568 1282 59 22 skola
642 1282 26 22 de
682 1281 117 23 bokföras
791 1276 13 39 i
815 1281 115 23 anstaltens
939 1285 32 18 rä-

215 1314 121 30 kenskaper
358 1316 39 21 och
419 1315 8 22 i
449 1316 90 22 särskild
560 1316 24 22 af
597 1316 78 28 fången
690 1316 98 22 förvarad
803 1316 92 24 motbok,
910 1318 61 24 samt,

215 1349 24 21 så
254 1349 46 22 vidt
315 1349 82 29 möjligt
411 1354 29 22 är,
456 1350 8 21 i
479 1350 61 22 säker
554 1350 57 22 bank
621 1350 104 22 förräntas
734 1350 33 22 för
777 1350 88 28 fångens
874 1349 96 29 räkning.

285 1384 12 20 7
314 1384 20 26 8.
364 1384 71 28 Begär
451 1384 69 28 fånge,
536 1392 44 14 som
596 1392 49 21 eger
659 1385 52 27 gods
725 1384 12 22 å
751 1392 71 14 annan
837 1386 38 24 ort,
891 1385 31 21 att
938 1384 34 22 för

215 1416 80 22 vården
320 1418 71 21 derom
419 1418 79 22 erhålla
521 1418 93 27 biträde;
639 1418 117 29 ombesörje
781 1418 133 22 direktionen
938 1417 34 22 för

212 1450 170 27 straffanstalten,
399 1454 31 20 att
444 1452 134 29 förmyndare
594 1453 8 21 i
616 1453 47 28 laga
677 1452 90 29 ordning
775 1455 58 20 utses
843 1452 33 22 för
885 1452 86 22 förvalt-
