1086 1717
226 158 13 19 8
435 156 23 22 U.
474 157 23 22 B.
514 170 27 3 —
558 158 65 28 Prop.
639 158 39 22 N:o
692 157 31 23 41.

197 221 54 21 teler
266 221 57 21 färre
339 223 120 26 antagligen
475 223 85 21 komma
568 224 32 20 att
610 230 75 20 genom
697 223 92 22 dödsfall
799 224 52 21 eller
861 224 94 22 afskeds-

197 255 91 27 lagande
304 255 79 28 årligen
401 256 55 28 afgå,
473 259 24 19 är
507 258 85 21 tillfälle
602 258 72 21 städse
685 258 76 21 beredt
770 258 34 21 för
814 258 59 22 äldre
882 258 71 22 subal-

196 292 74 18 terner
291 290 36 21 vid
349 290 92 27 aktiven,
465 297 46 15 som
525 292 47 21 icke
588 292 38 21 der
640 292 74 21 kunna
727 292 97 27 påräkna
838 292 115 22 befordran

196 324 33 20 till
252 324 66 27 högre
341 326 58 26 grad,
422 326 6 21 i
451 326 87 21 hvilken
558 326 26 21 de
599 326 56 27 finge
671 326 87 27 qvarstå
773 326 33 22 till
821 327 28 21 60
864 326 24 22 år
903 327 51 21 eller

197 358 129 27 derutöfver,
344 361 31 19 att
390 362 108 25 emottaga
513 360 306 28 kompanichefsbefattningar
833 361 35 21 vid
884 368 66 14 reser-

196 399 40 15 ven
252 394 40 20 och
306 394 109 21 bibehålla
429 395 63 21 dessa
506 395 33 21 till
554 395 60 27 fylda
626 395 28 21 55
664 395 53 21 eller
726 396 29 20 60
765 395 30 27 år,
807 395 27 21 då
844 395 109 22 officerare

197 428 23 21 af
240 427 92 28 kaptens
354 429 51 22 eller
420 429 59 28 lägre
493 430 78 27 grader
586 436 50 15 vore
651 430 124 21 nödsakade
791 431 32 20 att
838 430 46 21 från
898 430 53 27 tjen-

196 465 47 19 sten
254 462 56 27 afgå,
326 463 39 21 och
380 463 48 22 från
445 464 70 21 denna
530 463 60 22 ålder
604 471 51 14 vore
670 466 70 19 staten
756 464 83 27 skyldig
854 466 32 19 att
901 465 51 20 ovil-

196 497 98 27 korligen
315 498 33 21 till
371 499 46 20 dem
441 499 97 21 utbetala
552 499 95 27 pension.
679 498 138 22 Stabsofficer
831 499 35 21 vid
880 499 72 21 aktiva

196 532 107 21 militären
319 533 39 21 och
374 533 232 22 distriktsstabsofficer
621 533 35 22 vid
672 539 98 15 reserven
785 533 56 27 finge
857 533 95 21 deremot

196 567 58 27 tjena
273 567 33 21 till
325 567 58 28 fylda
403 568 30 21 60
447 568 52 21 eller
513 569 28 20 65
556 567 30 28 är,
603 568 68 21 under
686 568 36 21 det
737 569 32 20 att
785 567 33 22 för
833 567 119 22 stabchefer

197 602 39 21 och
252 601 270 28 bataljonskommendörer
537 603 63 26 ingen
615 602 134 27 äldersgräns
764 602 76 21 funnes
848 602 103 21 bestämd.

196 637 119 26 Ovilkorlig
336 638 149 27 pensionering
505 638 22 21 af
542 637 109 22 officerare
667 637 83 22 komme
765 637 88 26 således,
870 638 58 20 utom
946 637 7 20 i

196 671 99 21 enskilda
310 672 163 27 undantagsfall,
489 673 7 20 i
512 672 62 27 fråga
588 672 55 21 först
658 672 35 21 vid
708 671 100 28 uppnådd
817 671 82 27 ganska
909 671 42 27 hög

197 705 66 22 ålder.
286 706 114 21 Dessutom
415 709 38 19 äro
469 707 141 27 pensionerna
625 707 34 21 för
674 707 26 20 de
715 705 149 22 förafskedade
880 705 70 22 office-

196 746 76 15 rarene
284 740 87 21 afsedda
381 743 33 19 att
424 741 53 27 utgå
487 741 47 21 från
544 741 253 27 Krigsmanshusfonden,
809 741 63 20 hvars
882 740 70 21 blotta

196 776 75 19 räntor
292 775 47 21 icke
361 781 38 15 ens
418 776 170 21 tillnärmelsevis
611 775 61 22 torde
695 775 85 21 komma
795 777 32 18 att
841 775 34 21 för
890 775 61 21 dessa

196 809 114 26 pensioner
324 811 61 26 tagas
400 811 6 20 i
423 810 98 27 anspråk.

265 843 35 22 Då
314 844 43 21 alla
371 844 100 21 fackmän
485 850 63 21 synas
562 851 53 14 vara
630 849 50 16 ense
692 850 33 15 om
735 843 184 27 nödvändigheten
930 842 22 22 af

195 878 147 27 föreliggande
362 879 87 26 förslag,
468 885 51 15 anse
533 879 20 20 vi
569 885 35 15 oss
619 879 46 20 icke
680 879 73 20 kunna
768 877 94 22 bestrida
877 877 73 27 riktig-

195 913 64 21 heten
275 913 23 20 af
312 913 25 21 de
352 913 185 27 förutsättningar,
554 913 81 27 hvarpå
650 913 118 21 detsamma
782 912 75 26 hvilar,
868 912 39 21 och
922 911 28 22 då

194 948 21 20 vi
230 947 48 21 icke
293 947 67 21 heller
374 948 36 20 vid
425 948 158 26 granskningen
598 947 24 21 af
631 947 251 27 detaljbestämningarne
892 947 6 20 i
909 946 40 21 den

195 981 123 27 föreslagna
336 981 152 28 förordningen
503 982 70 21 funnit
588 982 46 21 skäl
650 982 33 21 till
699 981 67 27 några
779 980 169 27 anmärkningar,

194 1015 56 27 våga
265 1017 21 20 vi
301 1017 110 20 vördsamt
427 1016 88 21 föreslå:

334 1070 31 19 att
385 1067 120 22 Ständerna
520 1068 9 21 i
544 1068 38 21 sitt
596 1074 50 15 svar
656 1068 35 27 på
705 1067 40 22 den
759 1067 80 26 nådiga
849 1066 99 27 proposi-

299 1103 69 20 tionen
383 1102 46 21 ville
443 1103 34 26 för
492 1102 62 22 Hans
569 1101 121 28 Kejserliga
703 1102 104 26 Majestät
818 1101 90 24 anmäla,
920 1102 31 20 att

300 1136 121 22 Ständerna
437 1137 81 26 antagit
533 1137 34 21 det
578 1137 45 20 dem
632 1136 109 27 förelagda
751 1135 133 28 lagförslaget
895 1135 55 26 oför-

299 1171 98 22 ändradt.

264 1223 62 20 Emot
342 1223 36 20 det
393 1223 160 27 propositionen
568 1222 100 27 bifogade
684 1222 80 26 förslag
774 1221 33 22 till
817 1221 133 26 kungörelse,

193 1257 148 21 innefattande
361 1257 106 22 särskilda
485 1257 69 22 vilkor
570 1257 39 21 och
624 1257 160 26 bestämningar
799 1256 90 21 rörande
904 1254 46 21 offi-

194 1298 84 14 cerares
301 1291 78 27 afgång
396 1299 26 14 ur
441 1292 91 27 tjensten
547 1292 35 21 vid
597 1292 43 20 viss
656 1291 66 27 ålder,
738 1289 65 23 hafva
816 1290 21 21 vi
852 1289 17 27 ej
885 1288 65 28 något

194 1328 32 19 att
241 1325 107 27 påminna.

296 1366 79 23 Alfred
391 1366 113 23 Norrmén.
657 1365 23 23 L.
695 1365 75 28 Prytz.

297 1401 24 21 E.
336 1401 27 21 V.
379 1401 123 22 Petterson.
653 1400 27 22 A.
696 1400 22 22 0.
734 1398 110 23 Törnudd.

464 1435 68 22 Ernst
546 1434 140 29 Tegengren.

267 1493 123 23 Helsingfors,
403 1494 70 17 Finska
485 1492 230 22 Litteratur-Sällskapets
728 1491 87 23 tryckeri,
828 1492 49 16 1885.
