1086 1717
230 134 29 20 34

414 133 79 23 Ständ.
509 134 35 21 Sv.
561 146 25 2 —
604 133 68 27 Prop.
689 133 37 21 N:o
742 133 33 21 34.

339 196 76 21 dervid
438 196 117 27 iakttagas,
577 198 33 18 att
634 196 28 20 då
683 196 86 20 böterne
792 196 21 26 ej
836 196 59 27 utgå,
907 195 48 28 för-

338 230 106 27 vandling
467 230 31 26 af
517 231 46 19 dem
586 230 35 20 till
639 230 151 20 motsvarande
806 233 69 17 annat
890 229 70 27 straff

335 264 42 26 för
391 264 46 20 alla
449 264 173 28 förbrytelserne
635 265 31 26 på
683 271 25 13 en
722 264 59 26 gång
795 266 98 18 utsättes.

618 309 15 27 8
648 310 35 20 60.

409 344 18 20 1.
451 343 185 27 Böter,somefter
647 344 66 20 denna
724 343 130 28 förordning
861 343 94 21 ådömda

339 379 46 24 äro,
401 378 60 20 skola
478 380 89 24 uttagas
584 378 26 26 af
619 378 40 20 den
670 378 111 24 sakfäldes
790 378 166 26 egendom
893 374 10 34 i
913 378 43 26 löst

340 412 36 20 och
387 412 56 27 fast,
460 412 24 20 så
501 412 60 27 långt
580 412 93 27 tillgång
684 411 81 28 finnes,
781 414 56 18 samt
851 410 105 27 förvand-

339 445 46 27 ling
400 452 37 20 ega
455 452 48 13 rum
519 445 75 20 endast
605 445 41 27 för
662 445 41 25 det,
720 452 41 13 som
775 445 75 20 dervid
860 445 44 20 icke
912 444 43 20 kan

338 479 68 26 utfås.

406 515 20 19 2.
450 513 51 21 Har
517 513 397 28 bränvinstillverkningsafgift
857 508 59 37 jemte
924 512 32 21 bö-

340 551 32 17 ter
387 548 92 25 ådömts,
496 548 40 24 må,
553 548 38 20 der
607 548 92 27 tillgång
710 548 81 20 saknas
803 548 34 20 till
845 547 109 27 gäldande

339 581 30 26 af
388 581 96 27 afgiften
505 581 52 20 eller
578 582 72 26 någon
673 581 35 20 del
723 581 70 27 deraf,
810 581 87 20 böterna
913 582 19 26 ej
948 581 8 20 i

336 616 126 26 penningar
485 615 108 27 erläggas,
618 618 53 17 utan
691 615 57 20 skall
770 616 41 19 den
831 615 124 27 sakfälde
944 611 14 35 i

338 649 73 21 stället
426 649 97 27 undergå
539 649 150 20 motsvarande
704 649 226 27 förvandlingsstraf.

615 695 15 26 $
645 696 34 19 61.

408 729 36 26 Af
457 729 63 24 böter,
535 735 43 14 som
596 729 66 27 enligt
680 729 70 20 denna
764 728 128 28 förordning
901 729 53 20 ådö-

339 770 52 19 mas,
415 762 92 27 tillfalla
531 763 34 20 två
589 763 130 27 tredjedelar
739 763 120 27 åklagaren
876 763 36 20 och
929 770 24 14 en

340 797 103 27 tredjedel
459 797 137 26 angifvaren,
614 797 28 20 då
654 797 25 20 de
688 800 131 23 gemensamt
831 797 68 26 beifra
906 796 50 27 för-

340 831 111 27 brytelsen,
469 838 46 13 men
531 831 119 26 åklagaren
667 831 93 21 odeladt.
778 831 7 20 i
800 831 100 20 händelse
911 831 43 20 han

340 872 71 13 ensam
428 865 60 26 utför
504 865 71 20 målet.

407 899 35 20 På
459 899 115 20 enahanda
590 901 44 18 sätt
644 899 105 26 förfares
764 899 48 20 med
828 899 76 20 värdet
914 899 41 27 för

340 933 101 26 redskap,
466 933 92 20 bränvin
581 933 37 20 och
638 940 74 13 annan
728 934 107 26 egendom,
851 940 44 13 som
906 933 51 28 för-

340 966 83 21 klarats
443 966 125 27 förbrutne,
592 967 8 18 i
616 966 77 21 hvilket
710 967 102 26 afseende
828 967 78 20 sådant
922 967 32 21 be-

338 1001 114 26 slagsgods
469 1001 43 24 bör,
523 1007 74 20 genom
608 1000 132 27 åklagarens
751 1001 95 27 försorg,
858 1001 13 20 å
880 1001 72 26 offent-

339 1035 30 25 lig
393 1034 89 21 auktion
497 1033 110 28 försäljas
628 1037 56 17 samt
703 1034 129 27 protokollet
855 1035 99 27 deröfver

338 1067 38 20 hos
399 1068 117 20 domstolen
532 1068 90 27 företes,
635 1069 32 26 på
683 1069 35 20 det
733 1068 221 28 auktionsskillingen

338 1102 35 19 må
389 1101 75 21 kunna
479 1103 8 18 i
502 1102 180 27 saköreslängden
699 1103 34 20 till
749 1103 137 27 redovisning
901 1110 53 20 upp-

339 1138 69 24 tagas.

615 1165 15 26 $
646 1166 34 19 62.

407 1197 42 21 Det
473 1197 75 28 belopp
571 1199 29 26 af
619 1200 7 18 i
650 1200 70 19 denna
739 1199 136 28 förordning
895 1200 59 20 stad-

338 1231 55 27 gade
413 1232 65 26 böter,
503 1239 43 14 som
570 1234 20 23 ej
614 1233 42 20 kan
680 1233 65 26 utfås,
765 1233 133 27 förvandlas
921 1234 35 20 till

334 1265 107 28 fängelse,
458 1266 90 20 hvarvid
556 1267 58 27 fyra
625 1267 81 27 dagars
715 1267 100 27 fängelse
826 1274 78 14 svarar
912 1271 43 17 mot

340 1299 58 21 böter
413 1300 36 20 till
465 1300 36 20 och
516 1301 47 19 med
580 1302 62 26 tjugu
660 1301 67 20 mark.
759 1301 33 20 Gå
809 1301 87 21 böterna
909 1302 47 20 der-

338 1333 61 26 öfver
415 1334 35 20 till
471 1334 37 20 och
524 1334 46 20 med
586 1334 116 21 etthundra
719 1334 67 26 mark,
802 1335 51 20 ökas
869 1336 87 26 strafet

338 1368 47 19 med
401 1369 25 18 én
441 1368 54 26 dags
506 1368 101 27 fängelse
626 1369 42 26 för
682 1368 76 28 hvarje
767 1369 58 27 fullt
841 1369 73 27 belopp
930 1369 29 27 af

334 1395 49 26 fem
399 1396 68 20 mark.
501 1397 61 26 Stiga
578 1396 88 21 böterna
682 1396 59 27 öfver
757 1398 117 20 etthundra
887 1398 68 24 mark,

339 1428 51 21 ökas
413 1430 86 26 straffet
522 1430 47 20 med
592 1438 24 12 en
640 1432 54 26 dags
709 1431 102 27 fängelse
823 1432 42 24 för
880 1431 76 27 hvarje
