1086 1717
341 152 24 22 U.
381 152 24 21 B.
421 164 27 2 —
464 152 65 28 Prop.
544 151 38 23 N:o
598 150 33 23 39.
813 152 28 20 69

179 216 107 23 Föröfvar
301 217 67 27 fånge
383 219 59 19 utom
456 216 71 22 straff-
541 217 52 21 eller
603 216 196 28 arbetsinrättning
809 216 59 22 brott
890 215 12 17 2
913 214 95 23 Kapitlet.

111 252 157 27 (uteslutning);
282 252 66 21 varde
363 252 71 26 derför
449 251 64 22 dömd
528 250 24 22 af
566 251 96 27 domstol,
678 250 148 28 lifstidsfänge
836 251 33 21 sä-

110 292 44 15 som
169 286 8 22 i
192 288 16 20 2.
220 292 61 16 mom.
296 286 96 28 stadgas,
409 286 39 21 och
464 292 72 15 annan
551 286 67 27 fånge
633 285 56 23 efter
703 286 59 22 hvad
776 286 8 21 i
796 287 10 19 7
818 286 50 26 kap.

109 316 147 35 föreskrifves.
647 343 3 3 N

130 383 2 2 =
179 355 23 22 M
226 356 20 26 8.
276 356 35 21 Då
334 356 58 21 brott
411 355 69 27 enligt
494 356 38 26 lag
546 355 83 22 medför
644 355 78 22 förlust
737 354 25 22 af
774 354 95 22 medbor-

110 390 82 28 gerligt
206 389 134 28 förtroende;
356 390 56 22 skall
427 390 42 22 den
483 390 99 27 skyldige
598 390 67 22 under
680 390 57 21 tiden
751 390 34 26 för
800 389 70 21 sädan

108 424 86 28 påföljd
211 432 52 15 vara
282 426 115 26 utestängd
410 425 52 27 från
477 425 26 21 de
517 425 123 27 rättigheter
656 424 36 22 och
706 424 114 27 förmåner,
836 424 34 26 för

111 460 79 21 hvilkas
214 460 187 27 tillgodonjutande
425 460 107 27 erfordras
552 460 44 27 god
616 459 65 28 fräjd.
712 459 94 21 Innehar
827 458 44 21 han

110 494 69 27 tjenst
200 493 53 22 eller
275 500 71 15 annan
369 494 79 21 allmän
465 493 133 28 befattning;
614 494 60 27 hafve
690 493 123 22 densamma
827 491 42 22 för-

110 529 85 21 verkat.

179 563 43 21 Till
236 563 78 22 förlust
324 562 25 22 af
357 563 170 27 medborgerligt
536 562 124 22 förtroende
670 563 79 26 dömes,
761 563 36 21 der
807 561 63 22 döds-

111 597 66 27 straff
196 597 48 22 eller
268 598 86 21 tukthus
375 599 30 25 pä
426 598 71 27 lifstid
510 598 67 21 tillika
593 598 36 21 bör
644 597 51 28 följa
712 598 13 20 &
740 597 80 26 brottet,
836 596 34 27 för

112 632 65 27 alltid,
196 639 47 14 men
258 633 8 20 i
282 639 71 15 annan
368 633 99 21 händelse
481 634 32 25 pä
526 633 44 21 viss
587 633 37 25 tid,
641 633 18 26 ej
674 632 67 21 under
757 634 29 19 ett
801 631 36 22 och
853 631 18 26 cj

111 667 57 26 öfver
184 667 28 21 tio
228 668 32 20 år.
290 667 36 21 Då
340 666 79 22 förlust
434 667 25 21 af
471 667 169 27 medborgerligt
655 666 124 22 förtroende
793 667 25 20 är
829 664 41 22 för-

112 700 55 22 enad
179 699 52 23 med
245 701 142 22 frihetsstraff
400 701 28 27 pä
443 701 46 22 viss
502 701 38 28 tid,
551 701 57 22 skall
618 701 70 22 sädan
698 701 77 26 förlust
784 699 87 22 utöfver

111 735 61 22 tiden
190 735 35 22 för
240 735 163 22 frihetsstraffet
417 735 93 22 fortfara
525 735 68 22 under
608 735 41 22 den
664 735 8 22 i
687 735 75 22 domen
777 733 35 22 för
826 734 43 27 för-

112 770 68 21 lusten
195 771 85 20 utsatta
294 769 40 22 tid.

180 803 30 28 15,
226 804 24 22 16
266 805 39 21 och
320 804 21 22 17
357 805 34 26 $$.
421 805 11 20 TI
449 804 221 23 öfverensstämmelse
685 804 48 21 med
748 803 51 22 nåd.
810 809 61 21 prop.

181 838 23 23 18
228 840 12 25 8
264 839 54 28 (ny).
349 839 15 21 I
382 840 69 26 några
473 840 39 26 fall
531 840 89 25 straffas
635 840 55 21 brott
705 839 47 21 med
763 837 108 28 påföljder

112 875 58 20 utom
185 873 53 27 dem,
255 880 45 15 som
315 881 29 14 nu
360 875 39 20 äro
414 874 73 27 sagda,
505 874 50 27 efter
570 873 55 22 hvad
640 874 70 21 derom
725 874 8 20 i
749 873 60 26 lagen
824 873 47 20 sär-

112 908 64 21 skildt
190 908 70 26 finnes
275 908 106 27 stadgadi.

424 1029 26 20 3
467 1029 101 26 Kap.

157 1085 37 22 Om
209 1085 107 28 grunder,
332 1091 44 16 som
392 1086 99 22 utesluta
507 1086 55 22 eller
576 1086 87 22 minska
678 1086 153 23 straffbharhet.

180 1148 45 27 18.
257 1151 11 18 1
283 1149 39 21 och
338 1151 12 19 2
366 1155 61 15 mom.
443 1149 46 21 lika
503 1149 48 22 med
566 1149 50 22 nåd.
632 1155 59 22 prop.

181 1183 55 27 Den,
258 1189 44 16 som
317 1183 74 22 blifvit
403 1183 69 22 insatt
487 1183 8 22 i
510 1183 235 28 uppfostringsanstalt,
761 1183 57 22 skall
833 1183 39 22 der

111 1217 71 22 hällas
204 1218 26 21 sä
249 1217 65 28 länge
330 1218 42 21 den
387 1218 132 27 myndighet,
535 1218 88 22 hvilken
638 1219 40 21 har
693 1219 102 21 inseende
811 1217 60 23 öfver

112 1251 116 28 anstalten,
251 1252 69 21 finner
341 1252 34 21 för
398 1253 77 21 honom
490 1253 82 27 nödigt,
588 1253 55 21 dock
658 1253 19 27 ej
693 1253 76 27 längre
785 1255 28 19 än
828 1252 44 22 tills

93 1301 2 2 -
111 1287 44 21 han
169 1285 43 28 fylt
226 1286 91 22 aderton
334 1287 25 21 är
374 1287 155 28 (uteslutning).

181 1320 13 22 2
214 1320 20 29 8.
264 1321 73 27 Begäs
356 1322 59 21 brott
435 1321 25 22 af
478 1322 47 26 den,
541 1328 45 15 som
601 1322 41 27 fylt
657 1321 87 29 femton,
760 1328 49 16 men
824 1321 49 22 icke

112 1355 90 21 aderton
218 1356 35 26 är;
269 1356 62 27 skall,
347 1358 40 19 när
402 1356 119 22 dödsstraff
533 1356 53 22 eller
600 1356 90 22 tukthus
705 1357 29 27 pä
743 1356 70 22 lifstid
823 1356 50 21 bort

111 1388 56 28 följa
181 1390 15 20 &
210 1389 88 26 brottet,
316 1390 73 22 dömas
403 1390 35 21 till
453 1390 90 22 tukthus
558 1390 50 22 från
623 1391 39 21 och
676 1391 49 21 med
739 1391 38 22 två
789 1390 34 22 till
833 1390 40 22 och

111 1424 49 21 med
182 1424 43 21 tolf
245 1424 31 22 är.
306 1425 11 21 I
340 1424 71 28 öfriga
433 1424 39 22 fall
493 1432 51 15 vare
559 1425 86 22 straffet
659 1426 8 21 i
682 1426 79 21 allmän
775 1424 98 23 straffart

111 1458 125 28 lindrigare,
253 1461 35 19 än'
296 1459 58 22 hvad
369 1459 7 21 i
391 1460 38 26 lag
443 1460 35 21 för
493 1461 81 21 brottet
590 1462 24 20 är
629 1460 110 28 stadgadt,
756 1460 55 22 dock
825 1459 48 22 icke
