<?xml version="1.0" encoding="UTF-8"?>
<alto xmlns="http://www.loc.gov/standards/alto/ns-v3#" xmlns:xlink="http://www.w3.org/1999/xlink" xmlns:xsi="http://www.w3.org/2001/XMLSchema-instance" xsi:schemaLocation="http://www.loc.gov/standards/alto/ns-v3# http://www.loc.gov/alto/v3/alto-3-0.xsd">
	<Description>
		<MeasurementUnit>pixel</MeasurementUnit>
		<sourceImageInformation>
			<fileName>/tmp/tess_4xbp66s5_input.PNG</fileName>
		</sourceImageInformation>
		<OCRProcessing ID="OCR_0">
			<ocrProcessingStep>
				<processingSoftware>
					<softwareName>tesseract 5.3.4</softwareName>
				</processingSoftware>
			</ocrProcessingStep>
		</OCRProcessing>
	</Description>
	<Layout>
		<Page WIDTH="1086" HEIGHT="1717" PHYSICAL_IMG_NR="0" ID="page_0">
			<PrintSpace HPOS="0" VPOS="0" WIDTH="1086" HEIGHT="1717">
				<ComposedBlock ID="cblock_0" HPOS="307" VPOS="149" WIDTH="369" HEIGHT="28">
					<TextBlock ID="block_0" HPOS="307" VPOS="149" WIDTH="369" HEIGHT="28">
						<TextLine ID="line_0" HPOS="307" VPOS="149" WIDTH="369" HEIGHT="28">
							<String ID="string_0" HPOS="307" VPOS="150" WIDTH="78" HEIGHT="22" WC="0.92" CONTENT="Ständ."/><SP WIDTH="17" VPOS="150" HPOS="385"/>
							<String ID="string_1" HPOS="402" VPOS="150" WIDTH="38" HEIGHT="22" WC="0.91" CONTENT="Sv."/><SP WIDTH="19" VPOS="150" HPOS="440"/>
							<String ID="string_2" HPOS="459" VPOS="162" WIDTH="22" HEIGHT="3" WC="0.92" CONTENT="—"/><SP WIDTH="18" VPOS="162" HPOS="481"/>
							<String ID="string_3" HPOS="499" VPOS="150" WIDTH="69" HEIGHT="27" WC="0.96" CONTENT="Prop."/><SP WIDTH="16" VPOS="150" HPOS="568"/>
							<String ID="string_4" HPOS="584" VPOS="150" WIDTH="40" HEIGHT="21" WC="0.96" CONTENT="N:o"/><SP WIDTH="16" VPOS="150" HPOS="624"/>
							<String ID="string_5" HPOS="640" VPOS="149" WIDTH="36" HEIGHT="21" WC="0.96" CONTENT="40."/>
						</TextLine>
					</TextBlock>
				</ComposedBlock>
				<ComposedBlock ID="cblock_1" HPOS="322" VPOS="454" WIDTH="551" HEIGHT="188">
					<TextBlock ID="block_1" HPOS="322" VPOS="454" WIDTH="551" HEIGHT="188">
						<TextLine ID="line_1" HPOS="358" VPOS="454" WIDTH="514" HEIGHT="27">
							<String ID="string_6" HPOS="358" VPOS="454" WIDTH="117" HEIGHT="22" WC="0.93" CONTENT="Finlands"/><SP WIDTH="19" VPOS="454" HPOS="475"/>
							<String ID="string_7" HPOS="494" VPOS="454" WIDTH="118" HEIGHT="22" WC="0.92" CONTENT="Ständers"/><SP WIDTH="17" VPOS="454" HPOS="612"/>
							<String ID="string_8" HPOS="629" VPOS="454" WIDTH="173" HEIGHT="27" WC="0.91" CONTENT="underdäniga"/><SP WIDTH="15" VPOS="454" HPOS="802"/>
							<String ID="string_9" HPOS="817" VPOS="459" WIDTH="55" HEIGHT="16" WC="0.96" CONTENT="svar"/>
						</TextLine>
						<TextLine ID="line_2" HPOS="324" VPOS="494" WIDTH="548" HEIGHT="27">
							<String ID="string_10" HPOS="324" VPOS="495" WIDTH="5" HEIGHT="20" WC="0.92" CONTENT="i"/><SP WIDTH="17" VPOS="495" HPOS="329"/>
							<String ID="string_11" HPOS="346" VPOS="495" WIDTH="109" HEIGHT="26" WC="0.92" CONTENT="anledning"/><SP WIDTH="21" VPOS="495" HPOS="455"/>
							<String ID="string_12" HPOS="476" VPOS="495" WIDTH="21" HEIGHT="21" WC="0.96" CONTENT="af"/><SP WIDTH="19" VPOS="495" HPOS="497"/>
							<String ID="string_13" HPOS="516" VPOS="495" WIDTH="54" HEIGHT="21" WC="0.93" CONTENT="Hans"/><SP WIDTH="16" VPOS="495" HPOS="570"/>
							<String ID="string_14" HPOS="586" VPOS="494" WIDTH="114" HEIGHT="27" WC="0.92" CONTENT="Kejserliga"/><SP WIDTH="16" VPOS="494" HPOS="700"/>
							<String ID="string_15" HPOS="716" VPOS="494" WIDTH="106" HEIGHT="27" WC="0.92" CONTENT="Majestäts"/><SP WIDTH="16" VPOS="494" HPOS="822"/>
							<String ID="string_16" HPOS="838" VPOS="494" WIDTH="34" HEIGHT="21" WC="0.93" CONTENT="nä-"/>
						</TextLine>
						<TextLine ID="line_3" HPOS="324" VPOS="534" WIDTH="549" HEIGHT="28">
							<String ID="string_17" HPOS="324" VPOS="535" WIDTH="46" HEIGHT="26" WC="0.92" CONTENT="diga"/><SP WIDTH="23" VPOS="535" HPOS="370"/>
							<String ID="string_18" HPOS="393" VPOS="535" WIDTH="126" HEIGHT="26" WC="0.93" CONTENT="proposition"/><SP WIDTH="22" VPOS="535" HPOS="519"/>
							<String ID="string_19" HPOS="541" VPOS="535" WIDTH="106" HEIGHT="27" WC="0.90" CONTENT="angäende"/><SP WIDTH="17" VPOS="535" HPOS="647"/>
							<String ID="string_20" HPOS="664" VPOS="534" WIDTH="101" HEIGHT="22" WC="0.92" CONTENT="lättnader"/><SP WIDTH="16" VPOS="534" HPOS="765"/>
							<String ID="string_21" HPOS="781" VPOS="534" WIDTH="4" HEIGHT="21" WC="0.93" CONTENT="i"/><SP WIDTH="16" VPOS="534" HPOS="785"/>
							<String ID="string_22" HPOS="801" VPOS="535" WIDTH="72" HEIGHT="20" WC="0.93" CONTENT="värne-"/>
						</TextLine>
						<TextLine ID="line_4" HPOS="324" VPOS="574" WIDTH="548" HEIGHT="28">
							<String ID="string_23" HPOS="324" VPOS="575" WIDTH="87" HEIGHT="26" WC="0.82" CONTENT="pligtens"/><SP WIDTH="26" VPOS="575" HPOS="411"/>
							<String ID="string_24" HPOS="437" VPOS="575" WIDTH="128" HEIGHT="27" WC="0.95" CONTENT="fullgörande"/><SP WIDTH="23" VPOS="575" HPOS="565"/>
							<String ID="string_25" HPOS="588" VPOS="575" WIDTH="32" HEIGHT="21" WC="0.93" CONTENT="för"/><SP WIDTH="22" VPOS="575" HPOS="620"/>
							<String ID="string_26" HPOS="642" VPOS="575" WIDTH="66" HEIGHT="21" WC="0.96" CONTENT="finske"/><SP WIDTH="23" VPOS="575" HPOS="708"/>
							<String ID="string_27" HPOS="731" VPOS="574" WIDTH="141" HEIGHT="27" WC="0.83" CONTENT="medborgare,"/>
						</TextLine>
						<TextLine ID="line_5" HPOS="322" VPOS="615" WIDTH="268" HEIGHT="27">
							<String ID="string_28" HPOS="322" VPOS="619" WIDTH="44" HEIGHT="17" WC="0.93" CONTENT="som"/><SP WIDTH="17" VPOS="619" HPOS="366"/>
							<String ID="string_29" HPOS="383" VPOS="615" WIDTH="64" HEIGHT="22" WC="0.92" CONTENT="vistas"/><SP WIDTH="16" VPOS="615" HPOS="447"/>
							<String ID="string_30" HPOS="463" VPOS="615" WIDTH="4" HEIGHT="21" WC="0.96" CONTENT="i"/><SP WIDTH="19" VPOS="615" HPOS="467"/>
							<String ID="string_31" HPOS="486" VPOS="615" WIDTH="104" HEIGHT="27" WC="0.96" CONTENT="Ryssland."/>
						</TextLine>
					</TextBlock>
				</ComposedBlock>
				<ComposedBlock ID="cblock_2" HPOS="207" VPOS="683" WIDTH="576" HEIGHT="62">
					<TextBlock ID="block_2" HPOS="207" VPOS="683" WIDTH="576" HEIGHT="62">
						<TextLine ID="line_6" HPOS="207" VPOS="683" WIDTH="576" HEIGHT="28">
							<String ID="string_32" HPOS="207" VPOS="683" WIDTH="214" HEIGHT="28" WC="0.91" CONTENT="Stormäktigste,"/><SP WIDTH="17" VPOS="683" HPOS="421"/>
							<String ID="string_33" HPOS="438" VPOS="683" WIDTH="218" HEIGHT="28" WC="0.91" CONTENT="Allernädigste,"/><SP WIDTH="17" VPOS="683" HPOS="656"/>
							<String ID="string_34" HPOS="673" VPOS="683" WIDTH="110" HEIGHT="28" WC="0.91" CONTENT="Kejsare"/>
						</TextLine>
						<TextLine ID="line_7" HPOS="390" VPOS="722" WIDTH="243" HEIGHT="23">
							<String ID="string_35" HPOS="390" VPOS="723" WIDTH="44" HEIGHT="21" WC="0.93" CONTENT="och"/><SP WIDTH="17" VPOS="723" HPOS="434"/>
							<String ID="string_36" HPOS="451" VPOS="723" WIDTH="145" HEIGHT="22" WC="0.79" CONTENT="Storfuste."/>
						</TextLine>
					</TextBlock>
				</ComposedBlock>
				<ComposedBlock ID="cblock_3" HPOS="119" VPOS="789" WIDTH="754" HEIGHT="675">
					<TextBlock ID="block_3" HPOS="119" VPOS="789" WIDTH="754" HEIGHT="471">
						<TextLine ID="line_8" HPOS="187" VPOS="789" WIDTH="685" HEIGHT="30">
							<String ID="string_37" HPOS="187" VPOS="790" WIDTH="49" HEIGHT="21" WC="0.92" CONTENT="Med"/><SP WIDTH="16" VPOS="790" HPOS="236"/>
							<String ID="string_38" HPOS="252" VPOS="790" WIDTH="97" HEIGHT="21" WC="0.91" CONTENT="afseende"/><SP WIDTH="15" VPOS="790" HPOS="349"/>
							<String ID="string_39" HPOS="364" VPOS="790" WIDTH="12" HEIGHT="21" WC="0.93" CONTENT="&amp;"/><SP WIDTH="16" VPOS="790" HPOS="376"/>
							<String ID="string_40" HPOS="392" VPOS="791" WIDTH="25" HEIGHT="20" WC="0.93" CONTENT="de"/><SP WIDTH="16" VPOS="791" HPOS="417"/>
							<String ID="string_41" HPOS="433" VPOS="790" WIDTH="130" HEIGHT="29" WC="0.96" CONTENT="svårigheter"/><SP WIDTH="15" VPOS="790" HPOS="563"/>
							<String ID="string_42" HPOS="578" VPOS="791" WIDTH="39" HEIGHT="20" WC="0.93" CONTENT="och"/><SP WIDTH="17" VPOS="791" HPOS="617"/>
							<String ID="string_43" HPOS="634" VPOS="790" WIDTH="149" HEIGHT="28" WC="0.96" CONTENT="uppoffringar,"/><SP WIDTH="16" VPOS="790" HPOS="783"/>
							<String ID="string_44" HPOS="799" VPOS="789" WIDTH="73" HEIGHT="22" WC="0.96" CONTENT="hvilka"/>
						</TextLine>
						<TextLine ID="line_9" HPOS="119" VPOS="823" WIDTH="752" HEIGHT="30">
							<String ID="string_45" HPOS="119" VPOS="824" WIDTH="84" HEIGHT="29" WC="0.95" CONTENT="uppbåd"/><SP WIDTH="23" VPOS="824" HPOS="203"/>
							<String ID="string_46" HPOS="226" VPOS="824" WIDTH="151" HEIGHT="22" WC="0.96" CONTENT="underkastade"/><SP WIDTH="23" VPOS="824" HPOS="377"/>
							<String ID="string_47" HPOS="400" VPOS="825" WIDTH="68" HEIGHT="21" WC="0.96" CONTENT="finske"/><SP WIDTH="17" VPOS="825" HPOS="468"/>
							<String ID="string_48" HPOS="485" VPOS="825" WIDTH="141" HEIGHT="28" WC="0.96" CONTENT="medborgare,"/><SP WIDTH="18" VPOS="825" HPOS="626"/>
							<String ID="string_49" HPOS="644" VPOS="832" WIDTH="44" HEIGHT="14" WC="0.92" CONTENT="som"/><SP WIDTH="16" VPOS="832" HPOS="688"/>
							<String ID="string_50" HPOS="704" VPOS="824" WIDTH="64" HEIGHT="21" WC="0.95" CONTENT="vistas"/><SP WIDTH="15" VPOS="824" HPOS="768"/>
							<String ID="string_51" HPOS="783" VPOS="824" WIDTH="7" HEIGHT="21" WC="0.92" CONTENT="i"/><SP WIDTH="15" VPOS="824" HPOS="790"/>
							<String ID="string_52" HPOS="805" VPOS="823" WIDTH="66" HEIGHT="28" WC="0.92" CONTENT="Ryss-"/>
						</TextLine>
						<TextLine ID="line_10" HPOS="119" VPOS="858" WIDTH="753" HEIGHT="29">
							<String ID="string_53" HPOS="119" VPOS="859" WIDTH="55" HEIGHT="25" WC="0.93" CONTENT="land,"/><SP WIDTH="23" VPOS="859" HPOS="174"/>
							<String ID="string_54" HPOS="197" VPOS="858" WIDTH="21" HEIGHT="22" WC="0.89" CONTENT="f&amp;"/><SP WIDTH="22" VPOS="858" HPOS="218"/>
							<String ID="string_55" HPOS="240" VPOS="858" WIDTH="116" HEIGHT="22" WC="0.88" CONTENT="vidkännas"/><SP WIDTH="19" VPOS="858" HPOS="356"/>
							<String ID="string_56" HPOS="375" VPOS="858" WIDTH="31" HEIGHT="22" WC="0.96" CONTENT="för"/><SP WIDTH="15" VPOS="858" HPOS="406"/>
							<String ID="string_57" HPOS="421" VPOS="861" WIDTH="32" HEIGHT="19" WC="0.93" CONTENT="att"/><SP WIDTH="12" VPOS="861" HPOS="453"/>
							<String ID="string_58" HPOS="465" VPOS="859" WIDTH="85" HEIGHT="28" WC="0.93" CONTENT="jemlikt"/><SP WIDTH="16" VPOS="859" HPOS="550"/>
							<String ID="string_59" HPOS="566" VPOS="859" WIDTH="40" HEIGHT="21" WC="0.96" CONTENT="den"/><SP WIDTH="15" VPOS="859" HPOS="606"/>
							<String ID="string_60" HPOS="621" VPOS="858" WIDTH="32" HEIGHT="22" WC="0.96" CONTENT="för"/><SP WIDTH="15" VPOS="858" HPOS="653"/>
							<String ID="string_61" HPOS="668" VPOS="858" WIDTH="93" HEIGHT="21" WC="0.96" CONTENT="Finland"/><SP WIDTH="14" VPOS="858" HPOS="761"/>
							<String ID="string_62" HPOS="775" VPOS="858" WIDTH="97" HEIGHT="28" WC="0.96" CONTENT="gällande"/>
						</TextLine>
						<TextLine ID="line_11" HPOS="120" VPOS="892" WIDTH="752" HEIGHT="29">
							<String ID="string_63" HPOS="120" VPOS="892" WIDTH="161" HEIGHT="28" WC="0.85" CONTENT="värnepligtslag"/><SP WIDTH="23" VPOS="892" HPOS="281"/>
							<String ID="string_64" HPOS="304" VPOS="893" WIDTH="93" HEIGHT="28" WC="0.88" CONTENT="undergå"/><SP WIDTH="23" VPOS="893" HPOS="397"/>
							<String ID="string_65" HPOS="420" VPOS="893" WIDTH="119" HEIGHT="28" WC="0.89" CONTENT="besigtning"/><SP WIDTH="22" VPOS="893" HPOS="539"/>
							<String ID="string_66" HPOS="561" VPOS="893" WIDTH="38" HEIGHT="20" WC="0.93" CONTENT="och"/><SP WIDTH="16" VPOS="893" HPOS="599"/>
							<String ID="string_67" HPOS="615" VPOS="892" WIDTH="90" HEIGHT="28" WC="0.95" CONTENT="lottning"/><SP WIDTH="17" VPOS="892" HPOS="705"/>
							<String ID="string_68" HPOS="722" VPOS="892" WIDTH="35" HEIGHT="21" WC="0.93" CONTENT="vid"/><SP WIDTH="16" VPOS="892" HPOS="757"/>
							<String ID="string_69" HPOS="773" VPOS="892" WIDTH="99" HEIGHT="21" WC="0.92" CONTENT="vederbö-"/>
						</TextLine>
						<TextLine ID="line_12" HPOS="120" VPOS="926" WIDTH="752" HEIGHT="29">
							<String ID="string_70" HPOS="120" VPOS="926" WIDTH="62" HEIGHT="22" WC="0.92" CONTENT="rande"/><SP WIDTH="16" VPOS="926" HPOS="182"/>
							<String ID="string_71" HPOS="198" VPOS="926" WIDTH="179" HEIGHT="28" WC="0.88" CONTENT="uppbädsrämnd,"/><SP WIDTH="16" VPOS="926" HPOS="377"/>
							<String ID="string_72" HPOS="393" VPOS="927" WIDTH="38" HEIGHT="20" WC="0.92" CONTENT="har"/><SP WIDTH="23" VPOS="927" HPOS="431"/>
							<String ID="string_73" HPOS="454" VPOS="927" WIDTH="87" HEIGHT="21" WC="0.92" CONTENT="Eders"/><SP WIDTH="22" VPOS="927" HPOS="541"/>
							<String ID="string_74" HPOS="563" VPOS="926" WIDTH="160" HEIGHT="29" WC="0.91" CONTENT="Kejserliga"/><SP WIDTH="18" VPOS="926" HPOS="723"/>
							<String ID="string_75" HPOS="741" VPOS="926" WIDTH="131" HEIGHT="28" WC="0.92" CONTENT="Majestät"/>
						</TextLine>
						<TextLine ID="line_13" HPOS="120" VPOS="959" WIDTH="752" HEIGHT="30">
							<String ID="string_76" HPOS="120" VPOS="960" WIDTH="47" HEIGHT="22" WC="0.92" CONTENT="lätit"/><SP WIDTH="14" VPOS="960" HPOS="167"/>
							<String ID="string_77" HPOS="181" VPOS="961" WIDTH="95" HEIGHT="21" WC="0.96" CONTENT="utarbeta"/><SP WIDTH="16" VPOS="961" HPOS="276"/>
							<String ID="string_78" HPOS="292" VPOS="961" WIDTH="37" HEIGHT="21" WC="0.96" CONTENT="och"/><SP WIDTH="17" VPOS="961" HPOS="329"/>
							<String ID="string_79" HPOS="346" VPOS="960" WIDTH="7" HEIGHT="21" WC="0.93" CONTENT="i"/><SP WIDTH="11" VPOS="960" HPOS="353"/>
							<String ID="string_80" HPOS="364" VPOS="960" WIDTH="63" HEIGHT="29" WC="0.93" CONTENT="nädig"/><SP WIDTH="11" VPOS="960" HPOS="427"/>
							<String ID="string_81" HPOS="438" VPOS="961" WIDTH="128" HEIGHT="28" WC="0.96" CONTENT="proposition"/><SP WIDTH="10" VPOS="961" HPOS="566"/>
							<String ID="string_82" HPOS="576" VPOS="960" WIDTH="32" HEIGHT="22" WC="0.92" CONTENT="till"/><SP WIDTH="9" VPOS="960" HPOS="608"/>
							<String ID="string_83" HPOS="617" VPOS="960" WIDTH="128" HEIGHT="22" WC="0.92" CONTENT="Ständernas"/><SP WIDTH="10" VPOS="960" HPOS="745"/>
							<String ID="string_84" HPOS="755" VPOS="959" WIDTH="117" HEIGHT="28" WC="0.96" CONTENT="antagande"/>
						</TextLine>
						<TextLine ID="line_14" HPOS="120" VPOS="993" WIDTH="752" HEIGHT="30">
							<String ID="string_85" HPOS="120" VPOS="994" WIDTH="36" HEIGHT="22" WC="0.96" CONTENT="vid"/><SP WIDTH="22" VPOS="994" HPOS="156"/>
							<String ID="string_86" HPOS="178" VPOS="995" WIDTH="68" HEIGHT="20" WC="0.93" CONTENT="denna"/><SP WIDTH="23" VPOS="995" HPOS="246"/>
							<String ID="string_87" HPOS="269" VPOS="995" WIDTH="98" HEIGHT="27" WC="0.92" CONTENT="landtdag"/><SP WIDTH="15" VPOS="995" HPOS="367"/>
							<String ID="string_88" HPOS="382" VPOS="994" WIDTH="140" HEIGHT="22" WC="0.79" CONTENT="öfverlemnat"/><SP WIDTH="15" VPOS="994" HPOS="522"/>
							<String ID="string_89" HPOS="537" VPOS="995" WIDTH="77" HEIGHT="28" WC="0.96" CONTENT="förslag"/><SP WIDTH="14" VPOS="995" HPOS="614"/>
							<String ID="string_90" HPOS="628" VPOS="995" WIDTH="33" HEIGHT="21" WC="0.93" CONTENT="till"/><SP WIDTH="15" VPOS="995" HPOS="661"/>
							<String ID="string_91" HPOS="676" VPOS="994" WIDTH="121" HEIGHT="28" WC="0.93" CONTENT="förordning"/><SP WIDTH="15" VPOS="994" HPOS="797"/>
							<String ID="string_92" HPOS="812" VPOS="993" WIDTH="60" HEIGHT="28" WC="0.86" CONTENT="angä-"/>
						</TextLine>
						<TextLine ID="line_15" HPOS="120" VPOS="1027" WIDTH="752" HEIGHT="30">
							<String ID="string_93" HPOS="120" VPOS="1028" WIDTH="53" HEIGHT="21" WC="0.90" CONTENT="ende"/><SP WIDTH="20" VPOS="1028" HPOS="173"/>
							<String ID="string_94" HPOS="193" VPOS="1028" WIDTH="103" HEIGHT="22" WC="0.90" CONTENT="lättnader"/><SP WIDTH="15" VPOS="1028" HPOS="296"/>
							<String ID="string_95" HPOS="311" VPOS="1028" WIDTH="7" HEIGHT="21" WC="0.93" CONTENT="i"/><SP WIDTH="16" VPOS="1028" HPOS="318"/>
							<String ID="string_96" HPOS="334" VPOS="1028" WIDTH="155" HEIGHT="28" WC="0.92" CONTENT="värnepligtens"/><SP WIDTH="16" VPOS="1028" HPOS="489"/>
							<String ID="string_97" HPOS="505" VPOS="1028" WIDTH="130" HEIGHT="29" WC="0.92" CONTENT="fullgörande"/><SP WIDTH="16" VPOS="1028" HPOS="635"/>
							<String ID="string_98" HPOS="651" VPOS="1028" WIDTH="32" HEIGHT="21" WC="0.93" CONTENT="för"/><SP WIDTH="15" VPOS="1028" HPOS="683"/>
							<String ID="string_99" HPOS="698" VPOS="1028" WIDTH="67" HEIGHT="21" WC="0.93" CONTENT="finske"/><SP WIDTH="15" VPOS="1028" HPOS="765"/>
							<String ID="string_100" HPOS="780" VPOS="1027" WIDTH="92" HEIGHT="22" WC="0.92" CONTENT="medbor-"/>
						</TextLine>
						<TextLine ID="line_16" HPOS="120" VPOS="1062" WIDTH="753" HEIGHT="28">
							<String ID="string_101" HPOS="120" VPOS="1070" WIDTH="54" HEIGHT="20" WC="0.93" CONTENT="gare,"/><SP WIDTH="16" VPOS="1070" HPOS="174"/>
							<String ID="string_102" HPOS="190" VPOS="1069" WIDTH="44" HEIGHT="14" WC="0.93" CONTENT="som"/><SP WIDTH="16" VPOS="1069" HPOS="234"/>
							<String ID="string_103" HPOS="250" VPOS="1062" WIDTH="64" HEIGHT="22" WC="0.92" CONTENT="vistas"/><SP WIDTH="16" VPOS="1062" HPOS="314"/>
							<String ID="string_104" HPOS="330" VPOS="1062" WIDTH="6" HEIGHT="21" WC="0.96" CONTENT="i"/><SP WIDTH="16" VPOS="1062" HPOS="336"/>
							<String ID="string_105" HPOS="352" VPOS="1062" WIDTH="113" HEIGHT="28" WC="0.93" CONTENT="Ryssland,"/><SP WIDTH="17" VPOS="1062" HPOS="465"/>
							<String ID="string_106" HPOS="482" VPOS="1062" WIDTH="117" HEIGHT="28" WC="0.92" CONTENT="hvarjemte"/><SP WIDTH="15" VPOS="1062" HPOS="599"/>
							<String ID="string_107" HPOS="614" VPOS="1064" WIDTH="30" HEIGHT="19" WC="0.92" CONTENT="ett"/><SP WIDTH="10" VPOS="1064" HPOS="644"/>
							<String ID="string_108" HPOS="654" VPOS="1062" WIDTH="87" HEIGHT="21" WC="0.91" CONTENT="härmed"/><SP WIDTH="10" VPOS="1062" HPOS="741"/>
							<String ID="string_109" HPOS="751" VPOS="1062" WIDTH="8" HEIGHT="21" WC="0.93" CONTENT="i"/><SP WIDTH="10" VPOS="1062" HPOS="759"/>
							<String ID="string_110" HPOS="769" VPOS="1069" WIDTH="104" HEIGHT="15" WC="0.91" CONTENT="samman-"/>
						</TextLine>
						<TextLine ID="line_17" HPOS="121" VPOS="1096" WIDTH="752" HEIGHT="29">
							<String ID="string_111" HPOS="121" VPOS="1096" WIDTH="55" HEIGHT="28" WC="0.82" CONTENT="hang"/><SP WIDTH="22" VPOS="1096" HPOS="176"/>
							<String ID="string_112" HPOS="198" VPOS="1096" WIDTH="86" HEIGHT="22" WC="0.96" CONTENT="stående"/><SP WIDTH="22" VPOS="1096" HPOS="284"/>
							<String ID="string_113" HPOS="306" VPOS="1096" WIDTH="76" HEIGHT="29" WC="0.95" CONTENT="förslag"/><SP WIDTH="23" VPOS="1096" HPOS="382"/>
							<String ID="string_114" HPOS="405" VPOS="1097" WIDTH="32" HEIGHT="20" WC="0.93" CONTENT="till"/><SP WIDTH="24" VPOS="1097" HPOS="437"/>
							<String ID="string_115" HPOS="461" VPOS="1096" WIDTH="130" HEIGHT="28" WC="0.96" CONTENT="kungörelse,"/><SP WIDTH="17" VPOS="1096" HPOS="591"/>
							<String ID="string_116" HPOS="608" VPOS="1096" WIDTH="148" HEIGHT="21" WC="0.96" CONTENT="innehållande"/><SP WIDTH="15" VPOS="1096" HPOS="756"/>
							<String ID="string_117" HPOS="771" VPOS="1096" WIDTH="102" HEIGHT="22" WC="0.96" CONTENT="särskilda"/>
						</TextLine>
						<TextLine ID="line_18" HPOS="120" VPOS="1129" WIDTH="753" HEIGHT="29">
							<String ID="string_118" HPOS="120" VPOS="1129" WIDTH="129" HEIGHT="22" WC="0.93" CONTENT="föreskrifter"/><SP WIDTH="22" VPOS="1129" HPOS="249"/>
							<String ID="string_119" HPOS="271" VPOS="1130" WIDTH="31" HEIGHT="21" WC="0.93" CONTENT="för"/><SP WIDTH="24" VPOS="1130" HPOS="302"/>
							<String ID="string_120" HPOS="326" VPOS="1130" WIDTH="230" HEIGHT="28" WC="0.82" CONTENT="uppbädsnämnderna,"/><SP WIDTH="24" VPOS="1130" HPOS="556"/>
							<String ID="string_121" HPOS="580" VPOS="1131" WIDTH="191" HEIGHT="27" WC="0.16" CONTENT="pastorsembetena"/><SP WIDTH="14" VPOS="1131" HPOS="771"/>
							<String ID="string_122" HPOS="785" VPOS="1130" WIDTH="39" HEIGHT="21" WC="0.93" CONTENT="och"/><SP WIDTH="15" VPOS="1130" HPOS="824"/>
							<String ID="string_123" HPOS="839" VPOS="1130" WIDTH="34" HEIGHT="21" WC="0.93" CONTENT="hä-"/>
						</TextLine>
						<TextLine ID="line_19" HPOS="121" VPOS="1163" WIDTH="752" HEIGHT="30">
							<String ID="string_124" HPOS="121" VPOS="1163" WIDTH="177" HEIGHT="22" WC="0.92" CONTENT="radsskrifvarene"/><SP WIDTH="23" VPOS="1163" HPOS="298"/>
							<String ID="string_125" HPOS="321" VPOS="1164" WIDTH="7" HEIGHT="21" WC="0.96" CONTENT="i"/><SP WIDTH="23" VPOS="1164" HPOS="328"/>
							<String ID="string_126" HPOS="351" VPOS="1165" WIDTH="71" HEIGHT="20" WC="0.96" CONTENT="landet"/><SP WIDTH="23" VPOS="1165" HPOS="422"/>
							<String ID="string_127" HPOS="445" VPOS="1166" WIDTH="54" HEIGHT="20" WC="0.96" CONTENT="samt"/><SP WIDTH="22" VPOS="1166" HPOS="499"/>
							<String ID="string_128" HPOS="521" VPOS="1165" WIDTH="67" HEIGHT="20" WC="0.93" CONTENT="finska"/><SP WIDTH="18" VPOS="1165" HPOS="588"/>
							<String ID="string_129" HPOS="606" VPOS="1164" WIDTH="197" HEIGHT="29" WC="0.92" CONTENT="passexpeditionen"/><SP WIDTH="16" VPOS="1164" HPOS="803"/>
							<String ID="string_130" HPOS="819" VPOS="1164" WIDTH="7" HEIGHT="21" WC="0.96" CONTENT="i"/><SP WIDTH="15" VPOS="1164" HPOS="826"/>
							<String ID="string_131" HPOS="841" VPOS="1163" WIDTH="32" HEIGHT="22" WC="0.94" CONTENT="S:t"/>
						</TextLine>
						<TextLine ID="line_20" HPOS="120" VPOS="1197" WIDTH="753" HEIGHT="29">
							<String ID="string_132" HPOS="120" VPOS="1198" WIDTH="128" HEIGHT="28" WC="0.91" CONTENT="Petersburg"/><SP WIDTH="22" VPOS="1198" HPOS="248"/>
							<String ID="string_133" HPOS="270" VPOS="1197" WIDTH="69" HEIGHT="22" WC="0.89" CONTENT="blifvit"/><SP WIDTH="22" VPOS="1197" HPOS="339"/>
							<String ID="string_134" HPOS="361" VPOS="1198" WIDTH="119" HEIGHT="21" WC="0.92" CONTENT="Ständerna"/><SP WIDTH="21" VPOS="1198" HPOS="480"/>
							<String ID="string_135" HPOS="501" VPOS="1199" WIDTH="118" HEIGHT="21" WC="0.91" CONTENT="meddeladt"/><SP WIDTH="15" VPOS="1199" HPOS="619"/>
							<String ID="string_136" HPOS="634" VPOS="1198" WIDTH="32" HEIGHT="22" WC="0.96" CONTENT="för"/><SP WIDTH="15" VPOS="1198" HPOS="666"/>
							<String ID="string_137" HPOS="681" VPOS="1201" WIDTH="30" HEIGHT="19" WC="0.96" CONTENT="att"/><SP WIDTH="14" VPOS="1201" HPOS="711"/>
							<String ID="string_138" HPOS="725" VPOS="1199" WIDTH="36" HEIGHT="21" WC="0.93" CONTENT="vid"/><SP WIDTH="16" VPOS="1199" HPOS="761"/>
							<String ID="string_139" HPOS="777" VPOS="1198" WIDTH="96" HEIGHT="22" WC="0.93" CONTENT="ärendets"/>
						</TextLine>
						<TextLine ID="line_21" HPOS="120" VPOS="1232" WIDTH="395" HEIGHT="28">
							<String ID="string_140" HPOS="120" VPOS="1232" WIDTH="126" HEIGHT="28" WC="0.93" CONTENT="behandling"/><SP WIDTH="15" VPOS="1232" HPOS="246"/>
							<String ID="string_141" HPOS="261" VPOS="1232" WIDTH="57" HEIGHT="28" WC="0.92" CONTENT="tjena"/><SP WIDTH="14" VPOS="1232" HPOS="318"/>
							<String ID="string_142" HPOS="332" VPOS="1232" WIDTH="33" HEIGHT="21" WC="0.93" CONTENT="till"/><SP WIDTH="16" VPOS="1232" HPOS="365"/>
							<String ID="string_143" HPOS="381" VPOS="1232" WIDTH="134" HEIGHT="28" WC="0.90" CONTENT="upplysning."/>
						</TextLine>
					</TextBlock>
					<TextBlock ID="block_4" HPOS="120" VPOS="1265" WIDTH="752" HEIGHT="97">
						<TextLine ID="line_22" HPOS="187" VPOS="1265" WIDTH="684" HEIGHT="29">
							<String ID="string_144" HPOS="187" VPOS="1266" WIDTH="44" HEIGHT="22" WC="0.96" CONTENT="Vid"/><SP WIDTH="22" VPOS="1266" HPOS="231"/>
							<String ID="string_145" HPOS="253" VPOS="1265" WIDTH="155" HEIGHT="29" WC="0.96" CONTENT="behandlingen"/><SP WIDTH="23" VPOS="1265" HPOS="408"/>
							<String ID="string_146" HPOS="431" VPOS="1266" WIDTH="24" HEIGHT="21" WC="0.94" CONTENT="af"/><SP WIDTH="20" VPOS="1266" HPOS="455"/>
							<String ID="string_147" HPOS="475" VPOS="1266" WIDTH="40" HEIGHT="21" WC="0.93" CONTENT="den"/><SP WIDTH="24" VPOS="1266" HPOS="515"/>
							<String ID="string_148" HPOS="539" VPOS="1266" WIDTH="74" HEIGHT="28" WC="0.92" CONTENT="nädiga"/><SP WIDTH="23" VPOS="1266" HPOS="613"/>
							<String ID="string_149" HPOS="636" VPOS="1266" WIDTH="154" HEIGHT="28" WC="0.93" CONTENT="propositionen"/><SP WIDTH="19" VPOS="1266" HPOS="790"/>
							<String ID="string_150" HPOS="809" VPOS="1266" WIDTH="62" HEIGHT="21" WC="0.91" CONTENT="hafva"/>
						</TextLine>
						<TextLine ID="line_23" HPOS="121" VPOS="1297" WIDTH="751" HEIGHT="31">
							<String ID="string_151" HPOS="121" VPOS="1297" WIDTH="117" HEIGHT="25" WC="0.89" CONTENT="Ständerna"/><SP WIDTH="20" VPOS="1297" HPOS="238"/>
							<String ID="string_152" HPOS="258" VPOS="1299" WIDTH="46" HEIGHT="22" WC="0.96" CONTENT="icke"/><SP WIDTH="16" VPOS="1299" HPOS="304"/>
							<String ID="string_153" HPOS="320" VPOS="1300" WIDTH="72" HEIGHT="21" WC="0.96" CONTENT="tvekat"/><SP WIDTH="15" VPOS="1300" HPOS="392"/>
							<String ID="string_154" HPOS="407" VPOS="1302" WIDTH="30" HEIGHT="20" WC="0.96" CONTENT="att"/><SP WIDTH="15" VPOS="1302" HPOS="437"/>
							<String ID="string_155" HPOS="452" VPOS="1300" WIDTH="7" HEIGHT="21" WC="0.93" CONTENT="i"/><SP WIDTH="16" VPOS="1300" HPOS="459"/>
							<String ID="string_156" HPOS="475" VPOS="1300" WIDTH="120" HEIGHT="22" WC="0.93" CONTENT="hufvudsak"/><SP WIDTH="15" VPOS="1300" HPOS="595"/>
							<String ID="string_157" HPOS="610" VPOS="1301" WIDTH="111" HEIGHT="27" WC="0.93" CONTENT="godkänna"/><SP WIDTH="14" VPOS="1301" HPOS="721"/>
							<String ID="string_158" HPOS="735" VPOS="1300" WIDTH="137" HEIGHT="22" WC="0.78" CONTENT="omförmälda"/>
						</TextLine>
						<TextLine ID="line_24" HPOS="120" VPOS="1333" WIDTH="216" HEIGHT="29">
							<String ID="string_159" HPOS="120" VPOS="1333" WIDTH="216" HEIGHT="29" WC="0.90" CONTENT="författningsförslag."/>
						</TextLine>
					</TextBlock>
					<TextBlock ID="block_5" HPOS="121" VPOS="1368" WIDTH="752" HEIGHT="96">
						<TextLine ID="line_25" HPOS="189" VPOS="1368" WIDTH="684" HEIGHT="28">
							<String ID="string_160" HPOS="189" VPOS="1368" WIDTH="135" HEIGHT="21" WC="0.92" CONTENT="Beträffande"/><SP WIDTH="16" VPOS="1368" HPOS="324"/>
							<String ID="string_161" HPOS="340" VPOS="1368" WIDTH="45" HEIGHT="21" WC="0.92" CONTENT="äter"/><SP WIDTH="15" VPOS="1368" HPOS="385"/>
							<String ID="string_162" HPOS="400" VPOS="1368" WIDTH="159" HEIGHT="28" WC="0.92" CONTENT="förordningens"/><SP WIDTH="17" VPOS="1368" HPOS="559"/>
							<String ID="string_163" HPOS="576" VPOS="1368" WIDTH="219" HEIGHT="28" WC="0.92" CONTENT="detaljbestämningar"/><SP WIDTH="14" VPOS="1368" HPOS="795"/>
							<String ID="string_164" HPOS="809" VPOS="1368" WIDTH="64" HEIGHT="21" WC="0.92" CONTENT="hafva"/>
						</TextLine>
						<TextLine ID="line_26" HPOS="122" VPOS="1401" WIDTH="751" HEIGHT="29">
							<String ID="string_165" HPOS="122" VPOS="1401" WIDTH="117" HEIGHT="21" WC="0.88" CONTENT="Ständerna"/><SP WIDTH="22" VPOS="1401" HPOS="239"/>
							<String ID="string_166" HPOS="261" VPOS="1402" WIDTH="47" HEIGHT="21" WC="0.88" CONTENT="icke"/><SP WIDTH="23" VPOS="1402" HPOS="308"/>
							<String ID="string_167" HPOS="331" VPOS="1402" WIDTH="70" HEIGHT="22" WC="0.92" CONTENT="funnit"/><SP WIDTH="23" VPOS="1402" HPOS="401"/>
							<String ID="string_168" HPOS="424" VPOS="1402" WIDTH="45" HEIGHT="22" WC="0.96" CONTENT="skäl"/><SP WIDTH="20" VPOS="1402" HPOS="469"/>
							<String ID="string_169" HPOS="489" VPOS="1402" WIDTH="33" HEIGHT="22" WC="0.96" CONTENT="till"/><SP WIDTH="15" VPOS="1402" HPOS="522"/>
							<String ID="string_170" HPOS="537" VPOS="1402" WIDTH="64" HEIGHT="22" WC="0.93" CONTENT="andra"/><SP WIDTH="15" VPOS="1402" HPOS="601"/>
							<String ID="string_171" HPOS="616" VPOS="1402" WIDTH="163" HEIGHT="28" WC="0.92" CONTENT="anmärkningar"/><SP WIDTH="15" VPOS="1402" HPOS="779"/>
							<String ID="string_172" HPOS="794" VPOS="1406" WIDTH="27" HEIGHT="17" WC="0.96" CONTENT="än"/><SP WIDTH="15" VPOS="1406" HPOS="821"/>
							<String ID="string_173" HPOS="836" VPOS="1404" WIDTH="37" HEIGHT="24" WC="0.96" CONTENT="att,"/>
						</TextLine>
						<TextLine ID="line_27" HPOS="121" VPOS="1435" WIDTH="751" HEIGHT="29">
							<String ID="string_174" HPOS="121" VPOS="1436" WIDTH="87" HEIGHT="20" WC="0.93" CONTENT="emedan"/><SP WIDTH="22" VPOS="1436" HPOS="208"/>
							<String ID="string_175" HPOS="230" VPOS="1435" WIDTH="183" HEIGHT="29" WC="0.92" CONTENT="bestämningarne"/><SP WIDTH="22" VPOS="1435" HPOS="413"/>
							<String ID="string_176" HPOS="435" VPOS="1436" WIDTH="8" HEIGHT="20" WC="0.70" CONTENT="i"/><SP WIDTH="16" VPOS="1436" HPOS="443"/>
							<String ID="string_177" HPOS="459" VPOS="1436" WIDTH="11" HEIGHT="21" WC="0.70" CONTENT="7"/><SP WIDTH="18" VPOS="1436" HPOS="470"/>
							<String ID="string_178" HPOS="488" VPOS="1437" WIDTH="13" HEIGHT="25" WC="0.78" CONTENT="&amp;"/><SP WIDTH="17" VPOS="1437" HPOS="501"/>
							<String ID="string_179" HPOS="518" VPOS="1436" WIDTH="42" HEIGHT="22" WC="0.93" CONTENT="afse"/><SP WIDTH="16" VPOS="1436" HPOS="560"/>
							<String ID="string_180" HPOS="576" VPOS="1436" WIDTH="41" HEIGHT="21" WC="0.96" CONTENT="alla"/><SP WIDTH="15" VPOS="1436" HPOS="617"/>
							<String ID="string_181" HPOS="632" VPOS="1436" WIDTH="7" HEIGHT="20" WC="0.96" CONTENT="i"/><SP WIDTH="16" VPOS="1436" HPOS="639"/>
							<String ID="string_182" HPOS="655" VPOS="1436" WIDTH="106" HEIGHT="27" WC="0.93" CONTENT="Ryssland"/><SP WIDTH="16" VPOS="1436" HPOS="761"/>
							<String ID="string_183" HPOS="777" VPOS="1436" WIDTH="95" HEIGHT="22" WC="0.91" CONTENT="vistande"/>
						</TextLine>
					</TextBlock>
				</ComposedBlock>
				<GraphicalElement ID="cblock_4" HPOS="1081" VPOS="676" WIDTH="5" HEIGHT="399"></GraphicalElement >
			</PrintSpace>
		</Page>
	</Layout>
</alto>
