1086 1717
306 136 78 23 Ständ.
403 136 35 22 Sv.
456 148 28 3 —
499 136 69 27 Prop.
586 135 39 22 N:o
640 135 33 22 33.
819 137 12 20 9

246 198 78 27 öfning
347 198 29 27 af
394 199 38 20 sitt
455 198 146 26 domarevärf,
621 199 9 19 i
650 198 85 21 hvilken
759 198 101 21 händelse

245 232 68 21 åtalet
329 232 38 21 bör
381 232 36 21 ske
433 233 8 19 i
456 232 91 27 hofrätt.

310 266 159 26 Nämndeman,
486 272 45 14 som
542 266 42 26 för
600 266 109 26 tjenstefel
720 266 51 20 eller
783 273 76 14 annan

236 300 139 27 förbrytelse
387 300 101 26 tilltalas,
507 300 35 20 må
553 300 68 20 under
630 299 230 28 ransakningen
810 295 55 36 från

244 335 105 26 tjenstens
364 334 102 27 utöfning
482 333 106 27 afhållas,
606 340 32 14 om
654 333 48 21 skäl
719 334 75 20 dertill
806 334 54 26 före-

241 368 102 21 kommer.

525 397 12 25 $
548 397 26 25 6.

313 444 63 31 Öfver
392 448 140 21 häradsrätts
548 449 81 26 ätgärd
644 449 8 19 i
664 448 89 27 frägor,
771 448 88 21 hvarom

245 483 71 21 denna
326 483 138 27 förordning
483 482 103 24 handlar,
602 483 35 20 mä
653 482 74 21 besvär
743 483 8 20 i
766 483 93 27 stadgad

244 517 95 27 ordning
354 516 94 27 anföras
465 517 8 19 i
487 515 93 28 hofrätt.

526 569 15 26 $
556 570 19 19 7.

311 613 124 21 Nämndens
451 613 98 28 aflöning
561 613 126 27 fastställes
704 614 12 19 ä
727 613 132 21 kommunal-

241 649 92 19 stämma
360 648 35 20 till
418 647 45 21 lika
479 647 75 28 belopp
566 647 40 27 för
622 647 75 28 hvarje
713 647 145 21 nämndeman

242 680 36 21 och
296 681 66 27 utgår
385 681 72 20 denna
480 681 99 27 aflöning
602 681 30 26 af
650 681 74 26 medel,
741 687 44 14 som
801 681 57 20 inom

241 714 128 21 kommunen
385 715 54 26 efter
455 715 111 20 skattören
581 717 121 18 uttaxeras.

533 773 15 26 $
563 773 19 20 8.

310 817 160 27 Härförinnan
485 821 93 24 antagen
599 818 142 21 nämndeman
758 825 52 14 vare
827 819 30 20 be-

244 852 100 27 rättigad
367 854 38 23 att,
423 859 32 13 om
470 852 80 20 sådant
566 855 52 17 utan
635 852 112 27 olägenhet
763 852 35 20 ske
815 852 42 21 kan

244 886 38 20 och
304 886 65 27 giltig
386 886 120 27 anledning
529 887 35 20 till
587 886 54 21 hans
664 887 150 26 entledigande
838 887 21 26 ej

238 919 131 28 Jörefinnes,
394 920 37 20 vid
453 921 34 19 sin
511 919 123 28 befattning
657 921 88 26 gvarstä
761 921 8 19 i
785 923 31 17 tre
833 921 26 19 år

242 953 57 28 efter
314 955 35 19 det
364 954 71 21 denna
442 955 138 26 förordning
592 955 61 19 trädt
662 955 8 19 i
677 954 103 27 gällande
789 954 69 27 kraft,

244 988 48 20 med
307 988 131 27 åtnjutande
455 988 29 27 af
495 988 41 21 den
547 989 8 19 i
565 989 36 26 $7
610 988 110 21 bestämda
729 988 128 27 ersättning.

533 1040 15 27 $
564 1041 19 19 9.

310 1085 81 21 Denna
401 1085 138 27 förordning
550 1085 58 21 skall
617 1085 67 26 blifva
696 1085 99 28 gällande
807 1085 52 25 frän

242 1121 40 20 den
299 1123 13 18 1
328 1120 99 21 Januari
442 1121 43 19 188

172 1162 12 21 I
199 1161 154 27 sammanhang
371 1159 88 22 härmed
474 1159 38 21 har
527 1159 129 22 Ständernas
672 1159 187 28 uppmärksamhet

105 1196 51 21 fästs
171 1195 63 28 derpä
249 1198 30 19 att
296 1195 39 21 den
352 1194 64 21 frihet
430 1193 47 22 frän
488 1193 232 28 skjutsningsbesväret,
730 1201 43 13 som
782 1201 75 20 genom

105 1230 70 27 kongl.
190 1229 87 22 brefven
295 1229 39 21 den
351 1229 26 20 27
395 1227 52 22 Juni
464 1228 54 21 1791
534 1228 38 21 och
588 1227 40 22 den
644 1228 12 21 7
672 1227 119 22 December
803 1228 55 21 1796

104 1263 118 23 tillerkänts
238 1263 219 22 häradsnämndemän
473 1262 33 21 för
521 1262 41 21 den
584 1261 145 22 hemmansdel
743 1261 26 21 de
783 1261 75 28 sjelfva

105 1299 52 21 bebo
173 1298 7 20 i
195 1298 75 27 nädiga
287 1297 149 28 förordningen
452 1296 23 22 af
489 1296 39 22 den
541 1298 26 19 12
576 1296 122 22 November
707 1296 54 21 1883
770 1296 87 27 angäen-

105 1331 191 29 skjutshälluingen
312 1332 39 20 och
367 1331 173 28 gästgifverierne
557 1330 128 22 fortfarande
700 1335 23 17 är
733 1330 125 21 bibehällen.

105 1367 13 21 I
133 1366 103 22 anseende
252 1366 33 21 till
301 1366 25 20 de
342 1365 124 21 förändrade
482 1364 156 28 bestämningar
652 1364 129 22 beträffande
797 1367 62 19 sättet

105 1401 33 21 för
160 1400 196 21 nämndemännens
371 1399 115 25 aflönande,
503 1407 51 18 som,
571 1399 6 21 i
593 1399 100 21 händelse
708 1398 150 22 ofvanstäende

105 1434 111 28 lagförslag
232 1434 7 20 i
256 1434 64 21 näder
335 1433 118 25 stadfästas,
470 1433 84 21 komme
569 1436 30 18 att
614 1433 60 27 gälla,
691 1440 48 14 vore
749 1432 36 22 det
795 1432 63 22 emel-
