1086 1717
415 138 52 28 Prop.
484 138 31 22 N:o
531 138 30 22 34.
808 136 43 25 39

109 208 47 16 som
170 204 24 19 är
208 202 120 26 berättigad
344 198 32 25 till
391 201 67 22 sådan
473 202 132 27 försäljning,
620 208 77 21 genom
713 202 79 21 ombud
804 202 12 21 å
827 208 38 14 an-
883 213 2 2 -

109 238 38 20 nat
161 236 62 21 ställe
238 237 27 20 än
280 236 42 27 det,
338 236 38 25 der
387 236 44 21 han
443 236 33 21 sin
487 236 182 27 försäljningsrätt
679 236 92 26 utöfvar,
783 236 34 22 till
827 236 38 21 kö-

109 276 52 22 pare
175 270 94 22 utlemna
283 270 117 27 spritvaror
415 270 33 21 till
463 270 84 22 mindre
563 270 78 27 belopp
658 272 27 20 än
696 271 168 21 etthundrafem-

109 305 31 21 tio
155 304 89 22 kannor.

224 346 2 3 :
455 339 11 27 8
484 339 33 21 16.

178 379 99 26 Bränvin,
297 385 45 15 som
361 379 36 21 vid
415 379 149 27 minuthandel
583 379 51 21 eller
650 379 145 27 utskänkning
810 381 55 19 samt

109 414 36 21 vid
159 412 129 29 försäljning.
302 413 22 22 af
339 413 83 22 mindre
438 413 79 27 belopp
533 415 27 20 än
576 414 191 21 etthundrafemtio
782 413 83 22 kannor

109 448 49 22 från
179 448 99 21 bränneri
297 448 51 21 eller
366 448 197 27 destilleringsverk
582 448 33 21 till
634 449 47 20 salu
700 448 73 26 hålles,
789 448 54 21 skall
858 448 8 21 i

111 483 73 27 styrka
198 482 70 28 uppgå
282 483 33 20 till
330 483 64 20 minst
408 482 117 27 fyratiotvå
541 483 45 26 (42)
602 484 101 25 procents
718 483 87 21 alkohol
820 483 45 20 halt

111 517 36 21 vid
161 518 27 29 +
209 517 26 21 15
252 517 76 26 grader
347 517 13 21 å
379 517 63 21 Celsii
461 518 138 20 termometer
618 519 56 20 samt
692 523 51 15 vara
757 517 47 22 fritt
818 517 47 21 från

111 551 108 27 finkelolja
235 551 36 21 och
282 551 77 21 -andra
377 551 97 27 skadliga
489 553 84 20 ämnen.
602 551 140 30 Sistnämnda
757 551 109 22 föreskrift

111 586 56 21 skall
180 586 106 27 tillämpas
302 585 78 28 jemväl
398 586 28 27 på
441 585 49 22 med
506 581 53 32 sprit
574 586 102 27 tillagade
692 586 96 27 drycker,
804 585 61 22 äfven

111 627 36 15 om
162 620 61 21 deras
239 620 132 21 alkoholhalt
389 620 47 21 icke
455 619 84 29 uppgår
556 620 33 21 till
608 620 36 21 det
662 620 7 21 i
684 620 12 27 &
712 621 26 21 51
755 620 110 21 bestämda

112 655 126 26 procenttal.

454 689 11 27 $
484 689 33 21 17.
834 718 2 2 |

182 729 18 21 1.
230 729 148 21 Minuthandel
396 729 48 21 med
463 729 90 21 bränvin
572 729 51 21 eller
640 729 145 27 utskänkning
807 729 61 21 deraf

112 763 35 22 må
162 763 19 27 ej
196 763 62 21 idkas
272 763 13 21 å
300 765 65 20 annat
379 765 28 19 än
422 763 72 22 derför
510 763 107 22 bestämdt
628 764 68 27 ställe,
708 770 46 15 som
765 764 40 21 bör
815 770 51 15 vara

112 797 95 22 utmärkt
222 798 48 21 med
280 797 63 28 skylt,
356 797 65 22 hvarå
436 798 105 27 säljarens
556 804 64 15 namn
635 798 67 21 finnes
714 799 96 26 anbragt,
827 798 39 21 och

111 832 20 27 ej
155 832 66 21 heller
243 831 83 22 utöfvas
348 832 8 21 i
373 831 65 27 lokal,
458 832 39 21 der
516 832 78 21 handel
613 832 61 24 idkas
692 833 48 20 med
759 834 66 20 annat
839 834 27 19 än

112 865 151 28 spritdrycker,
278 866 41 27 vin,
335 865 82 22 frukter
433 864 39 23 och
489 867 68 20 andra
571 867 208 21 lifsförnödenheter.

182 901 20 20 2.
231 900 10 21 I
256 900 194 27 försäljningslokal
464 901 57 26 skall
537 902 31 20 ett
582 901 108 27 exemplar
705 901 23 22 af
740 901 70 22 denna
825 901 42 21 för-

112 934 91 27 ordning
217 934 68 21 finnas
300 936 32 20 att
347 935 65 26 tillgå.

100 983 2 2 i
455 975 12 27 8
485 975 34 21 18.

181 1015 210 26 Försäljningsställe
413 1015 55 22 skall
491 1021 52 16 vara
564 1015 86 28 beläget
668 1016 36 21 vid
722 1018 69 25 öppen
810 1018 56 25 gata,

112 1051 49 24 torg
176 1049 51 21 eller
242 1047 77 23 allmän
334 1051 46 25 väg,
396 1050 49 21 med
460 1049 82 28 utgång
558 1050 77 21 dertill.

189 1120 7 9 .
456 1107 12 27 8
485 1107 34 21 19.

182 1145 47 22 Den
251 1145 64 27 lokal,
338 1146 37 21 der
398 1146 146 27 utskänkning
566 1147 7 20 i
590 1147 49 21 stad
657 1147 68 26 idkas,
744 1147 55 22 skall
817 1154 51 15 vara

113 1179 48 28 ljus,
176 1179 69 28 luftig,
260 1180 85 26 försedd
361 1181 48 20 med
424 1185 81 22 snygga
520 1181 82 21 möbler
617 1181 41 22 och
672 1182 130 21 inventarier
813 1184 55 20 samt

113 1214 64 21 hafva
199 1220 26 15 en
247 1214 7 21 i
276 1214 133 22 förhållande
430 1215 33 21 till
482 1215 107 22 rörelsens
608 1215 127 28 omfattning
753 1217 115 26 tillräcklig

93 1249 2 2 *
113 1247 87 22 storlek.
230 1248 225 27 Utskänkningsställe
473 1249 57 22 skall
548 1249 90 28 derföre,
654 1250 64 21 innan
733 1251 37 21 det
784 1251 33 21 får
832 1251 37 21 be-

113 1288 86 21 gagnas,
218 1283 142 21 underkastas
378 1283 123 29 besigtning
519 1284 23 21 af
558 1284 201 28 magistratsperson
777 1287 56 20 samt
848 1285 23 21 af

113 1316 139 27 magistraten
270 1317 34 22 för
319 1318 121 21 ändamälet
455 1318 132 27 godkännas.
827 1317 2 2 |

457 1375 12 27 8
485 1376 36 21 20.

184 1414 18 21 1.
232 1414 111 27 Rättighet
355 1415 43 21 till
420 1415 150 22 minuthandel
592 1416 48 21 med
659 1416 88 22 bränvin
766 1417 52 21 eller
836 1419 40 19 ut-:

114 1448 120 26 skänkning
252 1448 63 22 deraf
331 1449 33 21 får
382 1449 19 27 ej
427 1449 6 21 &
452 1456 72 15 annan
542 1456 77 21 person
634 1450 119 27 öfverlätas,
769 1453 53 19 utan
837 1453 32 19 att
