1086 1717
455 146 34 21 N:o
505 146 37 22 40.
837 146 13 20 3

121 215 146 27 ansökningar
290 220 36 16 om
345 214 97 27 eftergift
456 214 8 21 i
478 214 160 27 värnepligtens
654 214 135 27 fullgörande
805 214 74 21 äfven-

122 256 46 15 som
182 249 136 22 läkarebevis
333 248 60 22 öfver
412 248 112 28 duglighet
539 248 34 22 till
588 249 133 27 krigstjenst,
746 250 53 20 utan
815 248 63 22 äfven

121 283 107 28 skriftliga
252 283 149 27 anmälningar
425 289 34 15 om
482 283 83 21 önskan
585 285 32 19 att
636 285 78 25 utgöra
728 284 149 26 värnepligten

122 320 72 20 såsom
216 318 108 27 frivillige.
361 318 32 22 De
412 318 108 22 särskilda
539 318 139 26 föreskrifter,
697 318 182 27 författningsför-

119 354 74 26 slaget
215 353 34 21 för
269 352 66 28 öfrigt
349 354 113 26 upptager,
479 353 87 21 ansluta
581 353 33 26 sig
628 353 34 21 till
677 353 94 21 nämnda
786 352 93 22 bestäm-

122 388 78 26 ningar
219 388 40 21 och
277 387 67 21 hafva
361 387 34 21 till
415 387 100 21 ändamål
531 388 32 20 att
578 387 127 27 möjliggöra
720 387 159 27 värnepligtens

121 422 120 27 utgörande
256 423 53 20 utan
324 422 140 27 rubbningar.

190 457 38 21 Uti
247 457 95 21 nämnda
360 456 82 27 förslag
461 456 33 21 till
509 456 126 27 förordning
650 456 62 27 ingår
728 458 32 20 ett
775 457 104 21 slutstad-

123 492 70 27 gande
216 491 24 22 af
262 491 101 26 innehåll,
387 493 32 19 att
443 491 22 21 åt
489 491 93 22 Senaten
601 491 70 22 skulle
687 491 143 22 öfverlemnas
846 493 34 19 att

123 532 77 21 genom
216 526 96 21 särskild
326 525 127 28 författning
469 526 99 21 meddela
583 526 26 21 de
624 528 100 19 närmare
735 525 143 27 föreskrifter,

123 567 46 15 som
184 561 33 20 för
232 560 165 27 tillämpningen
414 560 23 21 af
451 560 41 21 den
507 560 122 27 föreslagna
644 560 153 27 förordningen
808 560 71 22 blefve

120 595 88 27 nödiga.
237 595 51 21 Med
310 595 86 26 hänsigt
418 595 75 21 härtill
511 595 40 21 har
569 595 113 27 uppgjorts
700 597 32 20 ett
749 595 82 27 förslag
845 595 34 21 till

121 630 138 27 kungörelse,
271 630 153 21 innehållande
440 630 136 22 föreskrifter
591 630 33 21 för
639 630 239 27 uppbådsnämnderna,

122 665 202 26 pastorsembetena
339 665 39 20 och
393 665 215 21 häradsskrifvarene
624 665 8 21 i
647 665 74 21 landet
732 666 55 20 samt
797 665 82 20 Finska

122 699 206 26 Passexpeditionen
350 699 7 21 i
380 699 32 21 S:t
435 699 129 27 Petersburg
586 699 48 22 med
657 699 102 22 afseende
779 699 13 22 å
810 699 69 22 finske

123 733 163 28 värnepligtige,
302 740 45 15 som
363 733 117 28 uppehålla
495 735 32 26 sig
541 734 58 21 inom
614 734 113 27 Ryssland,
743 734 83 21 hvilket
836 734 43 21 för-

122 768 49 27 slag
192 768 112 21 meddelas
327 768 122 21 Ständerna
471 769 34 20 till
527 768 130 27 upplysning
676 769 35 20 vid
727 769 100 21 ärendets
843 769 36 21 be-

121 803 110 26 handling.

192 837 148 22 Omförmälda
358 839 77 20 tvenne
455 837 221 28 författningsförslag
694 839 38 20 äro
748 837 23 22 af
784 837 95 28 följande

121 872 93 27 lydelse:

312 935 128 34 Förslag
458 934 43 27 till
513 935 152 34 förordning,
679 935 127 34 angående
818 935 60 27 lätt-

260 975 77 27 nader
349 975 10 26 i
371 975 190 34 värnepligtens
577 975 158 34 fullgörande
747 975 40 28 för
799 975 80 28 finske

260 1015 167 34 medborgare,
447 1023 52 19 som
517 1016 82 27 vistas
617 1016 10 27 i
645 1017 132 32 Ryssland.

477 1074 47 27 81.

192 1113 66 22 Finsk
274 1113 147 28 medborgare,
433 1120 46 15 som
495 1115 36 21 vid
546 1115 96 21 inträdet
652 1114 7 21 i
670 1114 209 27 värnepligtsäldern

122 1147 128 28 uppehäller
269 1148 33 27 sig
320 1149 57 21 inom
396 1149 109 26 Ryssland
525 1150 27 26 pä
572 1149 69 27 grund
657 1149 23 21 af
694 1155 55 21 pass,
766 1149 114 22 utfärdadt

122 1181 25 22 af
164 1182 81 21 Finska
263 1183 208 26 Passexpeditionen
489 1183 8 21 i
516 1183 31 22 S:t
562 1183 137 27 Petersburg,
716 1185 24 19 är
755 1183 125 27 berättigad

122 1217 39 25 att,
182 1217 4 20 i
202 1217 41 21 den
259 1217 93 27 ordning
361 1217 40 22 här
411 1218 72 21 nedan
493 1217 145 26 föreskrifves,
649 1218 7 21 i
666 1217 101 22 afseende
779 1219 13 20 å
802 1219 77 20 värne-

121 1251 84 27 pligten
228 1251 66 22 blifva
316 1252 93 21 hänförd
431 1253 33 20 till
485 1254 32 20 ett
532 1252 104 21 särskildt
651 1252 107 27 uppbäds-
773 1252 41 21 och
829 1252 50 21 lott-

122 1285 154 27 ningsomräde
298 1287 49 21 med
365 1287 162 27 samlingsplats
548 1287 2 21 i
565 1287 100 27 Wiborgs
681 1287 49 21 stad
745 1287 40 22 och
800 1287 79 21 under-

122 1320 96 28 lydande
233 1321 100 27 Wiborgs
348 1322 48 21 läns
411 1322 71 22 första
496 1322 166 28 uppbädskrets.

477 1385 48 28 82

192 1424 95 28 Enhvar,
310 1432 46 15 som
377 1425 39 22 vill
439 1426 99 26 begagna
552 1426 33 26 sig
600 1426 24 21 af
638 1426 40 21 den
693 1426 7 20 i
716 1426 11 27 $
744 1427 9 19 1
771 1424 109 28 medgifna

121 1458 112 28 rättighet,
256 1460 39 21 bör
317 1460 46 22 före
386 1460 41 22 den
453 1461 26 21 15
502 1460 92 22 Januari
612 1460 37 22 det
664 1461 31 25 är,
711 1460 28 22 dä
753 1460 44 22 han
812 1460 69 26 enligt
