1086 1717
333 134 23 24 U.
371 134 23 24 B.
409 146 30 9 —
455 134 61 29 Prop.
533 134 37 23 N:o
586 135 38 23 34.
818 136 12 20 7

98 192 83 21 bruket
203 192 23 22 af
247 192 73 22 starka
342 192 90 28 drycker
455 192 68 22 skulle
546 194 87 26 trängas
655 193 58 21 inom
736 192 23 22 så
784 192 77 27 trånga

99 228 91 26 gränser
212 233 45 15 som
280 226 88 28 möjligt,
393 226 164 28 tillverkningen
580 227 22 21 af
622 227 89 21 bränvin
729 226 132 22 inskränkas

104 261 35 21 till
161 260 84 27 hälften
268 261 81 21 mindre
372 263 26 19 än
422 261 77 21 hittills
521 261 126 27 tillverkats,
674 260 188 22 bränvinsskatten

97 294 134 27 fördubblas
247 296 41 20 och
303 296 66 20 tullen
384 296 28 26 på
427 295 115 22 utländska
558 296 73 21 starka
647 296 91 27 drycker
752 295 63 28 höjas
827 295 36 21 till

102 332 35 18 tre
151 330 82 27 gånger
248 332 70 19 större
333 332 27 19 än
375 330 77 21 hittills
468 330 97 21 betalats.

175 365 47 20 10:0
234 364 24 26 af
264 364 40 20 hrr
312 364 84 28 August
403 364 120 21 Lemström
539 364 37 20 och
587 364 22 21 J.
622 364 26 22 E.
664 364 121 27 Rosenberg
801 364 21 27 a)
831 365 32 20 att

106 398 165 28 tillverkningen
295 398 22 21 af
338 398 94 27 bränvin,
457 400 74 26 porter
554 398 40 22 och
616 399 21 21 öl
662 399 7 20 i
694 399 96 27 betydlig
814 398 50 22 män

106 432 139 27 inskränkes;
267 433 23 28 b)
307 435 31 20 att
354 433 83 21 skatter
453 432 12 23 å
481 439 80 16 samma
576 433 163 28 tillverkningar
753 434 7 20 i
775 439 89 22 propor-

105 467 47 21 tion
161 467 115 28 förhöjes;
291 468 19 27 c)
327 470 31 19 att
369 470 114 25 strängare
497 468 95 21 kontroll
607 467 60 28 öfver
684 468 181 27 utminuteringen

106 501 138 22 handhafves.

178 538 48 19 11:0
257 537 29 26 af
296 537 26 20 hr
337 537 22 21 J.
377 537 28 21 H.
423 537 94 21 Luoma:
534 539 32 20 att
581 537 144 27 tillverkning,
741 537 126 26 försäljning

106 571 90 26 forsling
212 571 39 21 och
267 572 79 27 upplag
361 572 23 21 af
397 571 73 22 starka
486 572 90 27 drycker
592 572 68 21 skulle
683 571 130 22 inskränkas
833 571 34 21 till

105 605 38 21 det
159 606 79 20 minsta
254 605 82 28 belopp,
352 612 45 15 som
412 606 141 21 helsovärden
568 606 92 22 kräfver.

179 641 47 20 12:0
240 639 28 27 uf
282 640 27 21 hr
322 640 25 21 G.
358 641 27 21 A.
402 641 120 20 Raitanen:
539 641 21 26 a)
576 642 32 20 att
620 640 248 27 tillverkningsbeloppet

107 674 26 21 af
145 674 91 21 bränvin
252 674 67 21 skulle
336 675 94 20 minskas
446 675 47 20 med
508 675 83 25 hälften
607 675 40 21 och
661 675 86 21 skatten
758 674 52 21 ökas
821 674 47 21 med

108 708 86 27 hälften
212 708 24 21 af
250 709 48 21 dess
313 709 133 21 närvarande
462 709 86 27 belopp;
572 709 22 27 b)
611 711 31 20 att
659 709 67 21 tullen
745 709 28 26 pä
796 708 73 22 starka

109 743 97 27 drycker,
223 749 45 15 som
279 743 79 21 införas
373 744 7 20 i
395 744 79 25 landet,
491 744 68 21 skulle
574 743 64 28 höjas
654 744 34 20 till
699 743 85 27 hälften
795 743 75 28 högre;

108 777 23 28 €)
142 779 33 20 att
189 777 140 22 maltskatten
344 778 67 21 skulle
427 778 106 27 förhöjas;
549 779 22 26 d)
588 779 32 20 att
635 778 89 21 bränvin
741 778 39 21 och
796 777 74 21 starka

108 812 93 27 drycker
223 812 47 21 icke
292 812 54 27 finge
369 812 71 26 säljas
463 813 84 20 mindre
562 814 28 19 än
600 812 49 27 fem
666 812 85 21 kannor
765 813 8 20 i
787 812 84 27 gängen

109 846 43 21 och
167 847 23 20 af
205 847 145 26 maltdrycker
371 847 46 21 icke
441 847 82 21 mindre
546 849 26 19 än
596 853 26 15 en
644 847 62 27 korg:
730 847 20 26 e)
773 848 33 19 att
829 846 42 21 alla

104 880 235 27 försäljninysställen
354 881 68 21 skulle
437 883 90 26 stängas
538 881 58 27 från
612 888 115 21 morgonen
738 881 71 28 dagen
823 880 49 25 före

112 916 48 20 sön-
182 915 52 20 eller
255 915 130 28 högtidsdag
401 916 34 20 till
445 915 106 27 följande
566 915 213 28 söknedagsmiddag.
810 915 63 22 Lika-

112 949 60 22 ledes
188 949 67 22 under
270 949 131 22 marknader
416 949 38 21 och
471 950 119 27 torgdagar
612 952 55 19 samt
690 950 121 26 allestädes,
835 950 38 21 der

112 983 108 28 menighet
236 983 73 26 blifvit
323 984 182 21 sammankallad.

184 1019 48 20 13:0
263 1018 29 26 af
304 1018 38 21 hrr
357 1018 55 21 Erik
428 1019 138 24 Tensikkala,
583 1019 59 21 Karl
660 1018 83 28 Ojanen
761 1018 39 21 och
815 1018 58 21 Juho

116 1052 86 21 Klami:
225 1053 21 26 a)
271 1055 32 18 att
326 1053 36 21 det
383 1059 29 15 nu
434 1053 33 21 för
491 1054 139 27 tillverkning
652 1053 107 27 medgifna
774 1053 101 27 beloppet

113 1087 91 20 bränvin
217 1087 68 21 mätte
300 1087 130 21 inskränkas
447 1088 35 20 till
496 1087 86 27 hälften
598 1088 39 21 och
652 1087 84 21 skatten
752 1087 13 22 &
780 1087 95 22 tillverk-

114 1121 79 26 ningen
209 1121 51 21 ökas
277 1121 33 21 till
327 1122 34 20 det
375 1121 80 22 dubbla
471 1121 22 22 af
507 1129 29 14 nu
550 1122 98 27 gällande
664 1122 68 26 skatt;
749 1122 22 27 b)
787 1123 33 20 att
835 1121 41 22 den

114 1155 35 21 för
172 1151 42 25 alla
237 1156 128 27 rusdrycker
387 1156 22 21 af
430 1156 57 21 hvad
503 1162 64 15 namn
583 1157 25 20 de
624 1163 52 14 vara
694 1156 41 26 mä,
760 1162 45 15 som
828 1155 48 22 frän

116 1189 98 22 utlandet
229 1189 87 27 införas,
336 1191 68 20 under
418 1197 65 14 namn
498 1191 23 21 af
536 1190 112 28 tullafgift
663 1191 113 26 uppburna
791 1190 86 21 skatten

116 1223 70 22 skulle
201 1223 135 28 fördubblas,
352 1225 76 20 hvaraf
441 1224 86 27 hälften
542 1225 69 20 skulle
626 1227 76 25 utgöra
715 1224 112 28 tullafgift
841 1224 36 21 och

115 1258 75 21 andra
205 1258 85 24 hälften
307 1259 124 27 bevillning;
455 1259 19 26 c)
491 1261 32 19 att
543 1259 130 27 rättigheten
697 1261 32 19 att
750 1259 59 27 sälja
832 1265 47 14 rus-

117 1293 91 27 drycker
232 1293 69 21 skulle
324 1293 126 21 inskränkas
466 1293 23 21 sä
504 1294 85 26 mycket
605 1300 45 14 som
665 1294 82 26 möjligt
764 1295 55 20 samt
834 1293 45 21 helt

117 1328 41 20 och
182 1327 67 26 hållet
271 1327 116 28 förbjudas
410 1328 68 21 under
493 1328 139 27 marknader,
655 1328 120 27 torgdagar
790 1328 39 20 och
845 1327 34 21 bo-

115 1361 262 28 skapsmarknadsdagar
391 1362 40 21 och
446 1362 47 21 frän
508 1363 146 26 lördagsafton
673 1362 91 22 klockan
787 1368 37 15 sex
846 1362 33 20 till

117 1396 196 27 mändagsmorgon
328 1396 91 22 klockan
435 1402 36 15 sex
487 1399 56 19 samt
558 1397 104 21 likaledes
678 1397 67 21 under
755 1396 124 27 helgdagar,

119 1430 109 22 äfvensom
244 1432 32 20 att
292 1431 59 21 detta
368 1431 77 21 förbud
469 1431 69 21 skulle
560 1431 58 27 gälla
640 1431 65 21 ocksä
727 1433 73 19 ortens
822 1432 58 25 gäst-

116 1464 106 28 gifverier
238 1465 68 21 under
320 1465 124 21 marknads-
460 1465 39 21 och
515 1466 123 26 torgdagar.

188 1504 189 18 Ekonomiutskottets
391 1504 116 17 betänkande
521 1505 37 17 N:o
571 1504 17 16 5.
