1086 1717
347 154 22 23 U.
385 154 22 24 B.
424 163 30 9 —
470 154 61 30 Prop.
546 156 40 24 N:o
602 157 39 22 34.
818 158 26 20 27

323 214 21 20 2.
373 212 91 22 Besluta
486 214 200 28 stadsfullmäktige
706 215 51 20 eller
780 214 94 21 vädhus-

255 249 98 23 stämma,
369 250 31 18 att
416 248 157 28 utminutering
596 248 52 21 eller
663 248 149 28 utskänkning
827 248 47 21 icke

255 280 57 22 skall
327 284 42 24 äga
383 289 55 19 rum,
455 283 52 20 eller
522 285 26 18 är
563 284 116 26 magistrat
694 283 48 21 med
757 282 118 28 stadsfull-

255 315 93 28 mäktige
370 317 52 20 eller
444 316 176 22 rådhusstämma
643 324 48 14 ense
714 317 111 27 angående
840 319 35 18 ut-

255 350 169 28 minuteringens
457 351 51 21 eller
540 351 186 27 utskänkningens
755 351 118 26 ordnande,

255 384 65 27 Vlifve
336 384 75 22 dervid
427 385 108 21 beroende.
565 386 17 20 I
594 388 68 18 annat
668 386 48 27 fall
727 386 148 27 öfverlemnar

255 419 140 27 magistraten
419 420 88 20 ärendet
527 420 35 21 till
584 421 159 27 länestyrelsen,
767 427 44 14 som
827 426 48 21 eger

255 453 47 20 deri
319 453 93 26 besluta;
427 454 55 21 dock
497 455 35 20 mä
541 455 82 20 antalet
634 455 177 27 utminuterings-
823 455 51 20 eller

254 487 286 29 utskänkningsrättigheter
564 489 22 27 ej
608 489 127 21 bestämmas
757 489 64 28 högre
845 491 28 18 än

255 522 198 28 stadsfullmäktige
489 523 52 21 eller
576 523 176 21 rädhusstämma
770 518 9 36 —
783 523 91 27 pröfvat

256 557 106 27 lämpligt.

324 592 20 19 3.
374 591 238 22 Bränvinstillverkare
635 592 38 21 och
690 591 143 28 innehafrvare
849 591 30 27 af

255 625 197 28 destilleringsverk
467 627 35 20 mä
519 626 45 21 icke
583 626 87 27 deltaga
686 627 7 20 i
709 626 165 27 öyverläggning

255 659 52 21 eller
330 659 71 27 beslut,
432 660 29 21 då
491 660 80 21 ärende
598 661 112 27 angående
729 660 144 28 försäljning

255 694 52 21 eller
328 694 149 28 utskänkning
499 695 30 27 af
548 695 92 20 bränvin
663 695 38 21 och
725 694 149 28 spritdrycker

255 728 132 27 handlägges
417 729 29 27 af
471 729 200 28 stadsfullmäktige
701 729 51 20 eller
780 728 94 21 vädhus-

255 765 98 18 stämma.

540 856 14 27 $
565 841 25 47 7.

323 901 55 22 Den,
401 908 45 14 som
469 901 81 21 önskar
568 902 124 27 förvärfva
710 903 33 26 sig
758 902 117 20 utminute-

256 936 72 27 rings-
344 936 51 20 eller
417 936 262 28 utskänkningsrättighet
700 937 8 20 i
723 937 56 25 stad,
795 935 80 21 ansöke

255 970 71 20 derom
350 970 125 27 skriftligen
491 970 38 21 hos
548 971 142 27 magistraten
706 971 13 20 &
735 971 38 26 tid,
789 977 43 14 som
850 969 30 28 af

255 1005 140 26 magistraten
419 1004 131 27 bestämmes,
575 1005 37 20 och
636 1005 70 28 bifoge
725 1005 150 26 ansökningen

250 1038 137 28 Jrejdebetyg
402 1041 56 18 samt
474 1039 90 28 uppgift
576 1040 31 26 på
623 1040 77 25 stället,
718 1040 37 20 der
770 1038 105 28 rättighe-

255 1075 33 18 ten
306 1075 25 18 är
350 1073 79 27 afsedd
444 1076 31 18 att
487 1073 112 28 begagnas.
618 1073 149 28 Magistraten,
779 1080 45 14 som
834 1073 41 20 har

254 1109 32 18 att
306 1107 93 21 inhemta
415 1108 60 27 öfver
493 1108 149 27 ansökningen
663 1107 212 28 stadsfullmäktiges

255 1141 51 21 eller
325 1141 186 22 rädhusstämmas
529 1142 107 27 yttrande,
655 1142 78 27 pröfve
748 1142 127 21 densamma

254 1176 48 20 med
310 1175 96 22 särskild
414 1176 82 28 hänsyn
504 1177 35 20 till
546 1177 30 26 $$
584 1178 101 25 2,4,5,6,8
692 1177 55 20 och
753 1178 29 19 18
793 1177 5 19 i
803 1175 72 21 denna

248 1210 145 27 förordning.
424 1211 85 20 Finner
533 1212 139 26 magistraten
688 1211 51 27 godt
755 1210 121 21 ansöknin-

253 1251 41 20 gen
310 1245 85 27 bifalla,
413 1245 89 28 utfärde
525 1245 100 27 deröfver
644 1245 169 21 tillständsbevis
828 1244 48 21 med

254 1279 123 21 utsättande
393 1280 30 27 af
434 1279 41 21 den
491 1280 40 25 tid,
554 1280 122 20 hvarunder
699 1280 36 20 och
753 1280 41 20 den
810 1279 65 30 lokal,

254 1314 8 20 i
285 1314 85 20 hvilken
400 1315 95 20 rörelsen
525 1315 33 20 mä
589 1314 92 27 utöfvas,
714 1314 111 27 äfvensom
851 1314 25 20 de

254 1348 75 27 öfriga
340 1348 155 27 föreskrifter,
512 1356 43 13 som
573 1349 34 20 till
614 1349 43 27 god
668 1349 104 27 ordnings
781 1348 95 27 befräm-

250 1382 71 27 jande
344 1382 75 21 kunna
430 1383 45 27 för
498 1382 112 21 särskilda
625 1384 47 26 fall
688 1390 52 13 vara
757 1382 30 28 af
799 1382 76 20 nöden.

258 1416 43 21 Vid
316 1416 130 27 beviljandet
463 1417 30 27 af
503 1416 263 28 utskänkuningsrättighet
782 1416 37 20 bör
830 1423 47 13 ma-

253 1452 118 26 gistratens
393 1452 72 26 utslag
482 1452 56 20 inom
556 1452 70 20 trettio
647 1451 70 27 dagar
732 1451 95 27 derefter
843 1451 34 19 in-

254 1485 82 21 sändas
352 1486 35 20 till
403 1486 155 26 länestyrelsen
574 1486 7 19 i
597 1486 101 26 afseende
710 1486 13 20 ä
729 1485 147 27 fastställelse

185 1525 190 17 Ekonomiutskottets
389 1524 116 18 betänkande
519 1525 37 17 N:o
569 1525 17 17 5.
