1086 1717
212 168 42 36 100
517 173 41 22 N:o
573 172 35 22 36.

253 236 20 20 2.
302 243 34 14 om
351 235 77 29 fången
442 236 72 22 hållits
533 236 4 22 i
551 236 160 28 gemensamhet
725 236 49 22 med
785 237 64 22 andra
859 236 67 28 fånga

181 270 49 22 med
245 269 64 29 något
323 269 74 23 sådant
411 270 65 26 straff,
492 278 44 14 som
552 270 7 22 i
577 272 9 20 1
603 270 97 29 punkten
715 275 94 22 nämnes,
825 271 51 21 eller
891 278 33 14 me

180 304 121 22 insättande
326 304 8 22 i
356 303 41 25 ljus
419 304 40 22 cell
478 304 61 29 högst
554 304 78 29 fjorton
648 305 63 28 dygn,
727 305 52 22 eller
792 305 37 22 två
843 305 24 21 af
880 305 46 21 dess

180 338 63 23 straff
255 338 9 22 i
278 338 102 28 förening.

253 373 72 21 Anser
347 372 158 23 föreståndaren
527 373 114 22 förseelsen
664 373 90 29 förtjena
769 374 83 22 svårare
867 376 59 26 näpst

182 408 151 21 sammankalle
354 408 42 21 han
411 408 140 26 direktionen,
566 408 96 26 hvilken,
678 408 70 23 derest
763 409 113 22 förseelsen
891 408 33 22 ick

181 442 115 22 innefattar
318 443 61 26 brott,
402 450 45 14 som
469 442 84 29 pröfvas
572 443 51 21 böra
638 442 141 23 öfverlemnas
794 443 33 22 till
842 443 84 21 domsto:

182 484 48 21 eger
246 479 58 26 magt
318 479 31 20 att
363 477 86 28 belägga
465 477 40 21 den
521 477 96 28 skyldige
632 477 101 28 antingen
749 478 48 21 med
812 477 64 26 straff,
893 485 32 14 sor

180 511 134 22 omförmäles
329 511 7 22 i
354 513 9 19 1
384 511 51 22 eller
449 511 14 22 2
477 511 103 28 punkten,
596 511 52 22 eller
663 511 48 22 med
725 511 134 29 inspärrning
874 511 7 22 i
896 511 29 28 lju

182 545 40 22 cell
244 545 62 28 högst
329 545 67 22 sextio
420 545 63 28 dygn,
507 545 51 22 eller
580 545 119 22 insättande
714 546 8 21 i
737 545 41 29 ljus
793 546 39 21 cell
848 545 27 29 på
889 546 36 21 obe

180 579 69 22 stämd
264 580 38 25 tid,
318 580 50 21 eller
383 580 38 21 ock
437 580 49 21 med
501 580 141 28 nedflyttning
656 580 33 22 till
704 581 57 28 lägre
776 581 56 21 klass
848 581 51 20 eller
908 584 17 17 ai

180 613 87 29 delning
288 614 48 21 med
359 615 51 20 eller
433 616 50 20 utan
504 614 72 29 tillägg
591 614 23 21 af
627 614 64 22 sådan
707 623 68 13 annan
791 614 133 28 bestraffning

179 656 45 13 som
239 656 29 13 nu
284 653 24 16 är
323 648 54 28 sagd.
408 649 48 21 Har
471 648 62 29 fånge
548 648 72 22 blifvit
634 649 65 22 insatt
714 649 8 21 i
736 649 40 22 cell
791 648 26 29 på
827 649 97 22 obestäm:

179 682 37 26 tid,
240 683 52 21 eller
314 687 22 17 är
358 683 41 21 han
422 683 116 28 nedflyttad
559 683 33 22 till
606 683 58 29 lägre
678 683 56 22 klass
750 683 51 22 eller
816 683 107 29 afdelning

179 717 113 21 ankomme
307 717 27 28 på
349 717 132 22 direktionen
497 719 30 20 att
542 717 62 22 äfven
620 718 82 21 besluta
717 725 33 14 om
761 717 137 29 upphörande
913 725 10 14 a

179 751 74 22 sådant
268 751 64 22 straff.

248 785 28 28 Ej
299 785 34 22 må
354 785 73 29 fånges
450 785 23 22 af
493 785 89 22 domstol
602 786 108 21 bestämda
725 785 90 22 strafftid
829 785 92 29 förlänga

177 827 75 20 genom
276 822 66 25 näpst,
366 827 45 14 som
426 819 24 22 af
463 819 157 22 föreståndaren
636 820 51 21 eller
702 819 134 22 direktionen
851 819 71 29 älägge

177 854 84 21 honom.

249 888 42 22 Om
306 888 61 22 straff
379 888 39 21 och
433 888 141 28 anledningen
586 888 70 21 dertill
666 889 54 21 skall
730 888 129 29 anteckning
867 892 56 25 göra:

250 923 24 20 11
300 923 20 26 8.
350 922 50 21 Med
420 921 46 30 jern
490 922 52 21 eller
561 926 65 18 annat
647 922 80 29 fängsel
750 922 35 22 må
799 922 62 29 fånge
877 923 46 21 inon

176 956 164 22 straffanstalten
363 957 46 21 icke
432 957 97 28 beläggas
551 956 8 21 i
581 959 65 19 annat
661 957 43 26 fall,
720 961 27 18 än
762 965 34 13 om
811 957 41 21 han
868 959 55 26 rymt

177 990 81 22 försökt
272 999 88 20 rymma,
377 991 50 20 eller
442 991 55 21 visat
512 990 138 26 våldsamhet,
666 999 44 13 som
727 990 18 29 ej
761 991 83 21 kunnat
859 999 63 13 annor

177 1025 58 21 ledes
250 1025 82 28 tyglas;
348 1025 39 21 och
402 1024 112 22 ankomme
531 1024 27 29 på
573 1025 133 21 direktionen
722 1028 31 19 att
767 1025 116 21 bestämma
898 1033 24 13 on

176 1059 64 22 sådan
264 1059 72 29 åtgärd
359 1059 38 22 och
420 1059 47 22 dess
489 1059 143 28 upphörande.
662 1059 13 21 I
696 1059 132 22 brådskande
847 1059 36 21 fall
899 1067 23 13 m:

175 1093 158 22 föreståndaren
349 1093 69 22 derom
435 1093 108 26 förordna;
559 1101 50 14 men
624 1101 50 14 vare
689 1093 84 28 skyldig
788 1095 31 20 att
833 1093 88 28 ofördröj

178 1127 57 29 ligen
250 1128 84 21 anmäla
349 1128 64 21 saken
428 1128 38 21 hos
482 1127 139 22 direktionen.

247 1161 41 23 Om
311 1161 72 30 fänges
405 1162 128 29 beläggande
555 1162 48 21 med
626 1161 82 29 fängsel
730 1161 39 22 och
791 1161 131 28 anledninge

175 1196 71 21 dertill
261 1196 54 21 skall
330 1196 128 29 anteckning
472 1200 66 25 göras.

248 1231 26 21 12
297 1231 20 26 &
347 1230 51 21 Kan
420 1230 69 29 fånge,
513 1231 63 20 hvars
598 1230 91 22 strafftid
709 1229 73 22 nalkas
797 1229 36 22 sitt
847 1229 49 27 slut,
911 1237 10 13 e

175 1263 95 29 påräkna
292 1267 31 19 att
338 1264 52 22 efter
405 1264 136 29 frigifningen
556 1265 58 20 finna
629 1264 62 21 säker
706 1263 112 29 bergning;
835 1263 50 21 söke
900 1263 20 22 di

176 1298 111 22 rektionen
303 1299 32 21 för
350 1298 163 22 straffanstalten
529 1298 7 22 i
551 1299 41 28 god
606 1298 30 22 tid
652 1298 58 22 förut
724 1301 31 18 att
769 1297 22 22 åt
805 1298 77 20 honom
897 1298 24 21 be

173 1332 50 22 reda
245 1332 66 29 tjenst
326 1333 37 21 hos
377 1332 76 22 redbar
467 1332 115 26 husbonde,
600 1332 51 22 eller
665 1339 70 14 annan
751 1333 64 26 utväg
829 1331 34 21 till
878 1332 43 27 ärli;

171 1366 134 29 försörjning.

245 1401 27 21 13
294 1402 21 26 &.
344 1400 48 22 Har
413 1401 48 25 den,
485 1408 44 14 som
551 1400 71 22 blifvit
644 1400 65 22 dömd
726 1399 33 22 till
773 1399 137 22 frihetsstraff

171 1436 32 19 tre
226 1434 23 22 år
272 1434 51 22 eller
345 1434 102 26 deröfver,
463 1434 76 22 utstätt
553 1437 31 19 tre
600 1434 126 28 fjerdedelar
741 1432 64 26 deraf,
821 1433 57 26 eller,
895 1440 25 14 on

169 1462 33 40 han
215 1462 83 40 -blifvit
312 1468 62 22 dömd
389 1468 33 22 till
437 1468 89 22 tukthus
541 1468 27 28 pä
583 1468 74 27 lifstid,
673 1468 64 21 minst
747 1467 41 21 tolf
796 1467 23 21 år
829 1466 23 22 af
860 1467 60 22 straff
