1086 1717
247 139 27 21 30

450 140 23 23 U.
492 141 22 22 B.
531 152 29 6 —
576 141 60 29 Prop.
654 142 35 22 M:o
706 142 37 22 34.

357 198 168 28 stilleringsverk
555 199 35 20 till
619 200 48 20 salu
690 198 84 31 hålles,
787 198 57 21 skall
870 199 7 20 i
899 198 74 28 styrka

355 233 73 26 uppgå
451 233 34 21 till
508 234 66 20 minst
590 233 89 28 fyratio
695 233 47 27 (40)
760 235 101 25 procents
877 233 97 21 alkohol-

356 265 45 21 halt
417 267 36 20 vid
468 267 28 27 +
511 269 27 19 15
561 268 80 26 yrader
657 268 13 20 &
688 267 64 21 Celsii
771 270 132 18 termometer
918 270 55 18 samt

356 307 51 14 vara
425 301 55 27 fritt
499 302 57 26 från
579 302 102 27 skadliga
700 304 78 18 ämnen
801 302 37 20 och
855 302 24 20 sä
895 302 78 20 renadt

350 334 56 27 från
425 336 123 27 finkelolja,
566 339 31 17 att
612 336 35 20 det
667 336 69 21 håller
751 336 35 20 det
798 336 59 27 prof
869 336 103 20 Senatens

354 369 265 28 Fkonomiedepartement
630 378 48 20 eger
689 371 7 21 i
708 371 79 21 sådant
806 365 100 38 afseende
916 371 57 27 fast-

354 404 73 20 ställa.
457 404 52 22 Med
532 406 33 20 in-
588 406 51 20 eller
661 405 103 21 utländsk
786 406 56 26 sprit
867 405 105 27 tillagade

355 439 90 27 drycker
467 440 52 21 böra
541 440 104 21 likaledes
669 447 52 14 vara
731 440 55 27 "fria
796 441 59 26 från
870 440 102 27 skadliga

354 475 77 19 ämnen
447 475 37 20 och
495 475 123 27 finkelolja,
635 475 64 27 äfven
716 482 31 13 om
763 475 65 20 deras
839 474 132 21 alkoholhalt

355 507 44 21 icke
415 510 86 26 uppgår
516 509 34 21 till
566 509 34 21 det
616 510 7 20 i
638 510 15 27 $
668 511 28 19 51
720 509 109 21 bestämda
841 509 129 27 procenttal.

627 573 15 27 $
658 574 34 20 17.

421 612 154 21 Minuthandel
590 613 48 20 med
654 613 91 20 bränvin
762 613 51 20 eller
823 612 148 27 utskänkning

353 646 68 27 deraf
439 648 36 19 må
490 647 22 26 ej
531 647 63 20 idkas
610 648 12 19 å
646 650 68 17 annat
729 649 29 18 än
777 647 75 27 derför
867 646 104 21 bestämdt

352 681 69 26 ställe,
444 688 44 14 som
512 681 37 21 bör
571 689 53 13 vara
647 681 95 21 utmärkt
761 681 48 21 med
824 681 62 28 skylt,
903 681 67 21 hvarå

352 715 108 27 säljarens
477 723 65 14 namn
552 717 75 26 finnes
642 716 99 27 anbragt.
771 715 153 21 Minuthandel
935 716 35 19 mä

352 749 21 27 ej
394 750 67 21 heller
483 750 86 27 utöfvas
586 751 7 20 i
608 750 66 26 lokal,
690 750 39 21 der
748 751 80 20 handel
845 750 61 21 idkas
922 749 48 21 med

352 787 68 18 annat
435 787 30 18 än
480 784 154 28 spritdrycker.

419 820 12 20 2
447 825 63 15 mom.
526 819 70 21 såsom
611 819 7 21 i
634 826 19 14 n.
670 825 60 20 prop.

592 881 31 28 $$
639 882 92 21 18—20.

420 921 75 22 Såsom
510 922 7 20 i
531 928 20 15 n.
568 928 60 20 prop.

624 985 16 27 $
653 986 36 20 21.

419 1026 19 19 1
469 1025 153 21 Minuthandel
644 1026 49 20 med
709 1025 92 20 bränvin
817 1025 35 20 mä
868 1031 37 21 ega
921 1032 48 14 rum

350 1059 76 20 endast
441 1060 14 19 &
470 1059 80 27 helgfri
565 1059 43 28 dag
618 1059 59 28 från
695 1059 93 21 klockan
811 1059 36 20 nio
864 1065 32 14 om
912 1065 57 15 mor-

348 1100 70 20 gonen
433 1093 35 21 till
486 1093 92 21 klockan
601 1101 37 13 sex
661 1101 33 13 om
718 1093 95 28 aftonen.

417 1129 22 20 2.
469 1128 64 20 Intill
548 1127 48 22 dess
612 1128 73 21 derom
696 1127 43 21 kan
751 1127 69 21 varda
829 1127 140 21 annorlunda

344 1161 147 28 Jörordnadt,
511 1162 124 21 ankommer
659 1163 13 20 å
695 1162 138 27 länestyrelse
857 1164 36 24 att,
914 1161 55 28 efter

349 1196 34 21 det
399 1196 157 21 vederbörande
572 1197 73 21 lokala
656 1197 148 28 myndigheter
814 1196 74 27 blifvit
895 1196 72 26 hörde,

349 1231 112 27 angäende
483 1231 59 21 tiden
564 1231 29 21 dä
616 1231 148 27 utskänkning
779 1231 36 20 mä
839 1237 38 21 ega
892 1237 48 14 rum
954 1231 14 19 å

348 1265 94 27 hoteller,
466 1265 134 21 konditorier
622 1266 38 21 och
683 1265 72 21 andra
774 1265 170 28 näringsställen
960 1265 9 20 i

348 1300 49 20 stad
419 1303 56 18 samt
491 1301 32 26 pä
546 1301 79 26 landet,
642 1301 38 20 der
696 1299 186 22 värdshusrörelse
898 1300 70 26 idkas,

348 1334 98 21 meddela
461 1334 26 21 de
501 1337 102 19 närmare
614 1335 153 27 föreskrifter,
783 1341 46 14 som
839 1334 44 27 för
893 1334 75 26 hvarje

348 1371 33 18 ort
396 1368 75 21 kunna
481 1369 77 27 finnas
574 1370 113 27 lämpliga.

415 1405 22 19 3.
471 1403 71 21 Under
557 1404 133 21 marknader
705 1404 36 20 och
759 1403 118 28 torgdagar
891 1405 25 18 är
926 1403 42 20 mi-

347 1437 120 21 nuthandel
481 1438 48 20 med
545 1438 91 21 bränvin
652 1438 133 28 förbjuden,
803 1437 38 21 och
857 1436 111 22 ankomme

347 1472 13 20 4
376 1472 139 28 länestyrelse
530 1475 37 23 att,
580 1474 32 26 pä
623 1472 173 28 framställning
805 1472 30 27 af
845 1472 122 26 magistrat,

278 1512 190 18 Ekonomiutskottets
480 1512 116 18 betänkande
608 1512 38 18 N:o
658 1512 18 17 5.
