1086 1717
198 153 12 19 6
503 153 34 21 N:o
558 152 34 22 32.

170 221 162 21 sedelemission
340 221 83 21 komme
439 222 33 20 att
488 227 40 21 ega
543 228 54 20 rum,
614 221 70 21 skulle
699 221 68 21 under
783 220 56 21 tider
855 219 23 21 af
891 219 36 21 be-

171 256 62 26 tryck
255 256 122 26 betydande
401 256 140 20 ekonomiska
561 256 134 26 rubbningar
710 256 74 20 kunna
799 255 79 26 uppstå
894 254 34 20 till

171 290 52 27 följd
246 290 24 21 af
291 290 161 21 sedelstockens
475 290 133 21 våldsamma
629 289 238 27 sammankrympande.
897 288 31 26 Ty

173 325 27 20 då
215 325 75 26 guldet
305 324 69 21 under
390 325 83 21 sådana
488 325 56 21 tider
559 325 59 21 visar
633 324 138 27 benägenhet
782 326 33 19 att
825 325 103 19 strömma

171 365 25 14 ur
212 359 80 27 landet,
316 359 40 21 och
372 360 70 20 denna
457 360 75 20 metall
548 360 84 20 således
649 359 70 21 skulle
741 359 40 20 hos
805 358 123 26 privatban-

170 394 68 20 kerna
253 395 87 25 uttagas
356 394 47 20 icke
419 394 56 21 blott
491 396 57 18 emot
563 394 73 21 sedlar
652 396 52 18 utan
716 393 63 21 äfven
791 399 76 21 genom
876 398 52 21 upp-

172 428 92 27 sägning
282 428 23 21 af
319 428 152 28 depositioner,
489 428 69 21 skulle
575 428 63 21 deras
654 428 125 21 metalliska
794 427 65 21 kassa
875 426 53 21 min-

172 463 61 25 skas;
249 469 49 14 men
315 463 27 20 dä
358 463 71 21 denna
444 463 63 21 alltid
523 463 66 21 borde
606 464 71 26 uppgå
693 463 34 20 till
743 469 26 14 en
785 461 106 28 tredjedel
908 461 22 21 af

171 497 37 21 det
224 497 72 28 värde,
317 497 25 21 de
358 498 130 26 utelöpande
505 497 99 22 sedlarne
620 499 159 25 representera,
795 496 70 21 blefve
881 496 47 26 följ-

172 532 48 27 den,
236 534 32 19 att
283 532 75 27 hvarje
373 532 173 27 gulduttagning,
564 539 45 14 som
625 532 48 21 icke
689 534 78 25 genast
776 531 72 21 kunde
857 530 71 27 fyllas,

172 567 68 20 mäste
264 566 87 27 ätföljas
370 566 23 21 af
407 573 26 14 en
449 567 198 26 sedelindragning,
664 566 153 21 motsvarande
834 565 37 21 det
886 567 42 18 tre-

172 601 80 20 dubbla
267 601 76 20 värdet
361 601 66 20 deraf.

243 635 41 21 Vid
300 635 78 21 sädant
393 635 135 21 förhällande
544 636 39 21 och
600 636 34 26 dä,
651 635 68 27 enligt
734 635 57 20 hvad
806 634 122 21 erfarenhe-

172 671 37 19 ten
232 670 63 26 visat,
319 669 103 22 Finlands
439 670 68 27 Bank,
531 670 62 21 äfven
609 671 49 20 med
673 676 29 15 nu
718 669 102 27 gällande
836 669 92 20 bestäm-

170 704 77 26 ningar
263 705 112 26 angäende
391 705 110 26 omfänget
517 705 22 20 af
550 705 49 20 dess
609 704 164 22 sedelemission
785 703 39 21 och
836 703 92 21 minimi-

171 738 101 27 beloppet
294 739 24 20 af
339 739 48 21 dess
411 739 127 26 guldvaluta
560 741 25 19 är
600 739 132 27 fullkomligt
748 738 7 21 i
771 738 65 21 ständ
853 740 32 18 att
900 738 28 25 pä

171 775 31 18 ett
217 773 203 22 tilliredsställande
436 775 44 19 sätt
495 773 115 27 tillgodose
626 774 86 20 landets
728 772 68 21 behof
805 771 23 22 af
836 771 92 22 cirkula-

170 807 135 28 tionsmedel,
322 810 55 19 samt
393 809 12 20 å
421 809 68 20 andra
505 808 62 21 sidan
583 808 85 21 landets
685 807 132 26 nuvarande,
834 806 94 21 förnäm-

171 842 65 26 ligast
252 843 71 20 såsom
339 843 175 20 handelsbanker
529 843 133 26 opererande
678 842 85 27 privata
774 840 155 21 kreditanstal-

173 878 33 19 ter
222 877 106 20 likaledes
344 877 56 20 visat
416 877 33 26 sig
465 877 76 20 arbeta
551 877 68 20 under
630 876 146 27 fördelaktiga
787 875 76 27 vilkor,
875 875 55 20 före-

172 911 58 26 ligga
246 911 18 27 ej
282 912 68 25 några
365 911 76 27 giltiga
457 912 47 20 skäl
521 913 38 25 att,
576 911 33 21 till
625 911 84 21 förmån
725 909 156 22 företrädesvis
897 909 33 21 för

171 945 83 21 banker
276 945 24 21 af
321 945 90 21 anförda
435 946 52 26 slag,
511 952 49 15 men
582 945 49 21 med
655 945 47 21 fara
725 945 24 20 af
763 944 89 26 möjliga
868 944 63 20 svåra

173 979 140 21 ekonomiska
343 979 134 27 rubbningar
508 980 77 27 frångå
612 980 36 21 det
674 986 29 14 nu
734 978 138 22 existerande
898 984 33 20 sy-

174 1016 84 23 stemet,
282 1014 68 27 enligt
368 1014 83 21 hvilket
471 1015 196 25 sedelemissionen,
691 1014 49 21 med
761 1013 112 26 undantag
897 1018 35 15 en-

175 1049 48 20 dast
246 1049 23 21 af
290 1049 36 20 det
342 1049 83 21 mindre
441 1049 78 27 belopp
535 1049 72 21 sedlar
623 1055 26 15 en
664 1049 71 26 privat
751 1047 59 22 bank
828 1048 40 20 har
886 1048 46 19 ute-

172 1083 98 27 löpande,
287 1083 132 27 ombesörjes
435 1084 139 21 uteslutande
589 1083 23 21 af
626 1083 104 21 Finlands
742 1083 70 20 Bank.
834 1081 42 21 Det
892 1081 38 21 bör

173 1117 76 21 härvid
270 1118 80 26 jemväl
372 1120 63 24 tagas
451 1118 6 21 i
473 1118 151 25 betraktande,
648 1120 32 18 att
698 1116 106 22 Finlands
820 1116 69 27 Bank,
904 1116 28 25 på

173 1152 70 26 grund
259 1152 23 21 af
296 1153 50 20 dess
362 1153 139 26 reglemente,
517 1153 47 20 icke
580 1153 147 20 konkurrerar
738 1151 51 21 med
798 1151 27 20 de
834 1150 98 21 enskilda

173 1186 134 21 bankerna
294 1181 18 38 i
323 1187 41 20 den
388 1187 81 27 vigtiga
492 1187 130 26 rättigheten
648 1189 32 18 att
696 1192 77 21 genom
791 1185 142 26 depositions-

173 1221 82 21 rörelse
276 1224 45 18 mot
344 1222 202 26 räntegodtgörelse
570 1222 66 26 draga
656 1221 33 21 till
708 1221 33 26 sig
758 1220 70 26 ledigt
843 1219 90 26 kapital,

175 1255 38 21 och
237 1258 32 18 att
288 1256 176 26 depositionerna
480 1257 7 20 i
503 1256 49 21 vida
567 1256 67 26 högre
650 1256 53 26 grad
719 1257 26 19 än
763 1253 171 27 sedelutgifning

173 1292 78 25 utgöra
266 1290 93 21 vilkoret
373 1290 34 21 för
423 1293 32 19 ett
470 1290 170 27 framgångsrikt
656 1289 142 27 uppfyllande
815 1288 23 21 af
853 1288 26 21 de
889 1288 43 26 pri-

173 1327 50 19 vata
246 1325 220 21 kreditanstalternas
489 1325 166 27 betydelsefulla
678 1324 85 27 uppgift
782 1323 7 21 i
807 1322 127 22 samhällets

174 1359 106 21 ekonomi.

247 1394 28 20 Af
296 1394 70 27 öfriga
389 1394 136 26 stadganden
541 1394 6 20 i
562 1394 108 20 komiténs
686 1393 82 26 förslag
783 1392 42 20 har
841 1392 11 26 $
869 1392 12 20 6
897 1397 37 15 an-

174 1430 54 18 setts
245 1428 73 21 kunna
342 1428 113 23 uteslutas,
476 1428 46 21 dels
539 1428 89 21 emedan
644 1428 147 20 insättarenes
809 1426 39 20 och
865 1425 69 27 öfriga

173 1462 186 27 fordringsegares
383 1463 102 21 säkerhet
509 1465 24 18 är
549 1462 7 21 i
571 1462 67 26 högre
661 1462 53 26 grad
733 1461 112 21 beroende
862 1460 23 21 af
899 1460 35 21 be-
