1086 1717
399 128 80 22 Ständ.
494 128 37 22 Sv.
546 141 28 3 —
590 128 70 28 Prop.
676 128 38 22 N:o
730 128 34 22 34.

624 193 17 23 $
656 192 20 20 2.

408 225 237 21 Bränvinstillverkare
662 225 54 20 eller
731 224 144 28 innehafvare
891 224 25 28 af
926 224 34 28 de-

340 260 172 27 stilleringsverk
535 260 34 20 mä
592 260 36 20 vid
645 259 106 27 fabriken
771 258 96 28 försälja
883 259 78 21 renadt

341 294 90 20 bränvin
448 294 35 22 till
497 294 67 27 ofvan
579 294 96 27 angifna
692 293 75 27 belopp
779 293 23 28 af
812 293 66 28 minst
887 294 73 27 tjugu-

336 328 49 26 fem
399 328 92 26 kannor,
508 335 47 13 men
570 334 60 20 vara,
646 334 44 14 som
708 327 43 21 icke
768 330 26 18 är
804 328 25 20 så
837 328 69 20 renad
915 334 45 14 som

340 368 45 14 som
407 362 8 20 i
437 362 15 27 $
477 364 28 19 16
520 362 153 27 föreskrifves,
692 362 77 20 endast
785 362 8 20 i
805 362 105 26 partiköp
928 368 32 14 om

340 396 66 20 minst
429 396 193 26 etthundrafemtio
638 396 94 21 kannor.
762 391 133 31 Äfvenledes
910 402 51 14 vare

340 429 75 22 honom
433 430 80 21 tillätet
529 433 32 18 att
578 430 34 22 till
626 437 75 14 annan
717 433 34 18 ort
758 430 99 27 försälja
867 430 51 21 eller
926 430 34 26 af-

339 465 70 20 sända
426 464 98 27 bränvin,
540 465 48 20 med
603 465 145 26 iakttagande
764 464 67 22 likväl
839 464 36 27 för
885 464 75 27 hvarje

339 498 80 27 köpare
443 498 28 27 af
482 499 65 26 sagde
563 499 169 26 minimibelopp.
762 498 17 21 I
791 499 50 20 stad
856 498 43 21 kan
915 499 45 20 till-

338 532 67 20 ständ
422 535 33 18 att
471 533 13 20 &
499 533 107 20 särskildt
617 532 216 28 försäljningsställe
850 532 86 27 afyttra
952 533 8 19 i

340 565 65 28 ofvan
421 567 86 26 antydd
523 567 66 20 mätto
605 567 79 20 renadt
700 567 91 20 bränvin
805 567 35 20 till
850 567 73 26 belopp
932 566 31 27 af

339 600 66 21 minst
429 601 107 27 tjugufem
558 601 86 20 kannor
667 601 88 27 beviljas
771 601 187 20 bränvinstillver-

338 633 53 21 kare
413 635 54 20 eller
482 635 143 26 innehafvare
641 635 28 27 af
681 635 198 27 destilleringsverk
894 635 9 20 i
918 635 40 20 den

339 668 94 27 ordning
448 669 151 27 nästföljande
614 669 16 27 $
645 669 113 27 angäende
770 669 145 27 partihandel
924 669 34 20 in-

339 701 103 28 nehäller,
459 710 46 13 men
521 703 104 27 rättighet
642 703 35 21 till
690 703 152 21 minuthandel
849 703 48 20 med
905 703 53 20 eller

338 735 148 28 utskänkning
501 736 30 27 af
542 737 90 20 bränvin
648 737 44 20 kan
708 737 47 20 dem
771 737 45 20 icke
832 736 118 28 medgifvas

620 783 16 26 $
650 784 21 19 3.

407 818 19 19 1.
457 816 147 21 Partihandel
628 817 47 20 med
699 816 93 21 bränvin
811 816 41 27 för
871 815 87 21 idkas
945 811 17 37 i

338 850 50 20 stad
411 851 20 26 ej
454 851 85 20 mindre
561 851 29 26 af
604 851 62 26 finsk
684 850 148 27 medborgare,
849 856 44 14 som
909 856 50 21 eger

337 883 43 28 god
397 883 65 28 frejd
485 884 35 21 och
544 885 58 26 gjort
624 885 34 26 sig
680 884 60 21 känd
751 884 42 27 för
808 883 89 21 redbart
908 883 49 27 för-

338 917 109 27 hållande,
471 921 28 18 än
522 919 37 20 ock
582 919 28 26 af
630 919 70 27 bolag,
716 919 68 20 sedan
801 918 96 27 behörigt
912 918 45 21 till-

337 952 66 20 stånd
419 953 35 20 till
469 953 118 26 näringens
604 953 142 26 bedrifvande
757 951 108 22 utverkats
873 952 32 27 pä
913 954 44 18 sätt

337 985 9 19 i
361 986 150 27 nästföljande
527 993 62 14 mom.
605 989 68 25 säges.
703 987 34 20 På
754 986 74 21 landet
845 986 36 20 och
897 987 9 19 i
920 985 35 21 kö-

334 1019 55 27 ping
408 1019 43 27 får
475 1021 93 20 deremot
590 1021 70 20 sådan
676 1020 144 28 partihandel
835 1021 20 26 ej
870 1021 87 24 utöfvas

336 1053 71 20 såsom
422 1053 97 21 särskild
534 1055 87 27 näring.

404 1089 22 20 2.
457 1088 111 27 Rättighet
592 1089 35 20 till
644 1088 142 27 partihandel
802 1088 47 21 med
865 1088 91 21 bränvin

337 1121 60 21 sökes
419 1121 38 21 hos
477 1123 121 26 magistrat,
617 1129 45 14 som
677 1122 146 24 öfverlemnar
839 1123 117 20 ansöknin-

335 1162 42 21 gen
401 1156 35 21 till
452 1156 214 27 stadsfullmäktiges
682 1157 57 24 eller,
755 1156 39 21 der
809 1156 86 21 sådana
910 1155 46 21 icke

332 1189 84 27 finnas,
437 1190 187 21 rådhusstämmas
644 1190 115 27 pröfning.
790 1185 34 26 Är
839 1190 117 27 magistrat

337 1223 47 20 med
408 1224 202 27 stadsfullmäktige
632 1225 52 20 eller
706 1224 177 21 rådhusstämma
908 1231 48 14 ense

338 1263 33 14 om
385 1257 68 26 bifall
476 1259 51 20 eller
553 1258 75 27 afslag
644 1259 13 20 å
673 1258 157 28 ansökningen,
850 1258 51 21 eller
919 1257 34 25 af-

336 1292 46 19 slås
397 1292 126 20 densamma
539 1292 29 27 af
578 1292 204 28 stadsfullmäktige
797 1293 52 20 eller
865 1292 90 21 rådhus-

336 1326 99 25 stämma,
456 1326 66 26 blifve
537 1326 75 21 dervid
628 1326 107 22 beroende.
767 1326 95 27 Bifalles
877 1326 80 21 ansök-

337 1359 80 27 ningen
441 1360 30 26 af
488 1360 201 28 stadsfullmäktige
704 1360 53 22 eller
771 1360 184 24 rädhusstämma,

337 1399 47 14 men
407 1393 71 27 afslås
501 1394 30 26 af
541 1395 150 26 magistraten,
708 1394 143 27 öfverlemnas
867 1395 89 20 ärendet

338 1426 33 21 till
387 1427 165 27 länestyrelsens
568 1428 129 27 afgörande.
