1086 1717
245 145 28 21 44
546 146 41 22 N:o
602 145 36 23 36.

216 207 54 21 med
286 207 46 22 tolf
344 208 31 27 är,
392 208 49 27 och,
459 215 37 14 om
511 208 53 22 svär
579 207 162 29 kroppsskada
751 207 111 29 uppkom,
873 206 98 23 tukthus

216 242 54 21 frän
285 241 43 22 och
343 242 53 21 med
411 242 40 21 tvä
466 242 38 21 till
520 242 44 22 och
578 242 53 22 med
647 249 41 14 sex
703 242 30 22 är.

288 278 24 20 11
329 277 19 26 $.
379 276 48 22 Har
449 277 79 28 någon
550 284 85 21 genom
657 276 149 22 vårdslöshet
828 276 57 22 eller
907 276 65 22 oakt-

218 310 91 22 samhet
332 310 79 27 vällat,
435 313 35 19 att
493 318 77 15 annan
594 311 58 26 dött,
676 311 56 21 eller
747 311 46 21 fätt
809 311 53 21 svär
877 310 95 28 kropps-

218 344 81 28 skada;
316 344 96 29 straffes,
428 352 37 15 om
481 345 77 22 döden
568 345 80 29 följde,
659 345 54 21 med
723 345 105 29 fängelse
839 345 8 21 i
857 345 70 27 högst
937 346 35 19 tre

218 380 25 20 år
259 379 57 21 eller
330 379 66 21 böter
411 379 20 29 ej
446 378 75 23 under
531 380 81 21 femtio
622 380 72 26 mark,
706 380 50 27 och,
767 387 38 14 om
813 380 54 21 svår
876 379 96 28 kropps-

218 413 74 22 skada
315 413 108 29 uppkom,
447 414 52 22 med
515 414 105 29 fängelse
636 414 8 22 i
660 414 69 29 högst
744 416 35 20 ett
794 414 25 21 är
835 414 56 21 eller
905 412 67 23 böter

218 448 20 28 ej
256 447 65 22 öfver
336 448 137 22 femhundra
488 449 71 22 mark.

287 482 49 21 Har
352 483 77 28 nägon
444 483 67 28 ljutit
526 483 77 22 döden
618 483 58 22 eller
690 483 46 21 fätt
747 483 53 21 svär
811 481 161 30 kroppsskada

219 517 136 28 derigeuom
376 519 35 19 att
434 525 78 14 annan
535 518 26 21 af
580 517 148 22 vårdslöshet
751 517 56 22 eller
827 515 145 23 oaktsamhet

217 551 75 21 vällat
314 551 74 22 brand
403 552 56 21 eller
475 552 146 28 sprängning
637 552 26 21 af
675 551 44 22 hus
735 551 56 22 eller
806 558 77 15 annan
897 551 75 28 bygg-

218 585 54 28 nad,
290 585 56 22 eller
361 586 191 29 öfversvämning
566 586 58 21 eller
639 593 79 15 annan
735 585 72 22 sädan
822 585 78 28 skada,
912 584 60 22 skall

218 620 63 22 hvad
302 620 8 21 i
326 620 75 22 denna
417 622 12 26 $
447 621 44 22 och
507 623 11 20 7
533 621 53 28 kap.
603 625 25 17 är
642 620 113 29 stadgadt
769 620 126 29 tillämpas.
924 619 48 22 Var

218 654 178 29 kroppsskadan
419 655 72 22 sådan
513 655 90 22 mindre
624 655 113 26 åkomma,
753 661 47 15 som
817 655 8 20 i
843 656 25 20 12
883 655 13 26 &
912 657 60 25 sägs,

218 689 62 28 gälle
296 689 62 22 hvad
374 689 40 22 der
429 689 44 22 och
488 690 9 21 i
513 692 11 20 7
541 690 52 28 kap.
610 693 25 18 är
649 689 156 22 föreskrifvet.

290 725 26 20 12
332 725 20 26 &.
368 735 1 2 :
381 724 157 22 Misshandlar
552 725 78 28 någon
645 723 152 30 uppsåtligen
812 730 77 14 annan
897 723 31 26 sä,
938 723 35 20 att

219 757 77 22 denne
320 758 67 21 deraf
407 759 36 20 fär
464 759 90 21 mindre
576 759 56 28 lyte,
652 757 120 30 kroppsfel
787 757 57 22 eller
858 756 114 29 sjukdom,

219 796 30 17 än
272 792 65 27 i5$
358 796 61 25 sägs;
436 793 85 27 dömes,
537 800 37 15 om
589 792 160 23 misshandeln
765 791 88 22 skedde
867 791 53 21 med
934 790 40 22 be-

218 826 54 21 rädt
295 826 61 28 mod,
379 827 37 21 till
434 827 105 28 fängelse
555 827 20 29 ej
592 827 75 22 under
683 827 40 21 tvä
737 825 117 28 mänader,
870 825 49 28 och,
936 832 38 14 om

220 860 45 21 den
289 861 85 21 skedde
397 861 26 21 af
435 861 90 29 hastigt
539 861 61 27 mod,
617 861 37 22 till
670 861 105 28 fängelse
790 860 9 21 i
813 860 70 28 högst
899 861 33 20 ett
948 859 26 22 är

219 895 58 21 eller
292 895 67 21 böter
373 895 21 28 ej
410 895 74 22 under
499 895 126 22 etthundra
639 895 73 22 mark.

289 929 47 22 För
351 929 107 22 vällande
475 931 37 20 till
528 931 74 21 sädan
616 930 91 21 mindre
722 929 167 29 kroppsskada,
905 928 68 21 som
958 924 18 40 i

219 964 78 21 denna
312 965 13 26 8
342 964 151 28 omförmäles,
509 972 55 15 vare
580 964 90 22 straffet
684 964 67 21 böter
760 964 70 27 högst
840 962 132 23 tvåhundra

218 999 74 21 mark.

290 1035 25 19 13
332 1034 20 26 8.
381 1033 72 28 Hvar,
478 1041 49 14 som
548 1033 152 29 uppsåtligen
723 1031 157 22 misshandlar
895 1039 78 14 annan

219 1067 32 26 så,
268 1069 35 19 att
319 1067 68 22 deraf
398 1068 68 28 ringa
481 1068 56 21 eller
552 1068 52 21 icke
619 1068 79 27 någon
713 1067 73 21 skada
795 1066 75 28 följer,
882 1065 90 22 straffes

218 1101 54 22 med
288 1101 66 22 böter
369 1102 69 28 högst
453 1102 132 22 tvåhundra
600 1102 65 21 mark
681 1102 56 21 eller
752 1100 105 29 fängelse
873 1099 20 29 ej
908 1100 66 21 öfver

218 1135 53 28 fyra
286 1136 117 21 månader.

288 1170 50 21 Har
360 1171 83 28 någon,
459 1171 42 22 vid
515 1171 111 28 utöfning
641 1171 26 21 af
680 1170 114 28 rättighet
809 1171 36 20 att
860 1176 50 21 aga,
926 1168 48 21 till-

218 1204 104 29 skyndat
345 1205 45 22 den
412 1206 73 28 agade
509 1206 72 21 sådan
603 1206 68 27 ringa
686 1204 79 28 skada,
782 1211 49 14 som
846 1203 9 22 i
871 1203 73 22 denna
961 1204 13 25 $

218 1242 106 24 nämnes;
340 1240 37 21 må
393 1239 46 22 han
455 1240 78 21 derför
548 1240 20 29 ej
586 1240 79 21 dömas
681 1239 38 21 till
735 1238 72 21 straff.

290 1275 26 20 14
332 1275 20 26 &.
381 1274 50 22 Har
446 1275 84 28 någon,
546 1275 9 21 i
570 1275 86 28 uppsåt
672 1275 34 20 att
722 1273 91 22 föröfva
823 1271 150 28 misshandel,

218 1308 80 28 dragit
312 1308 56 21 knif
380 1308 56 22 eller
451 1309 76 27 svärd,
543 1311 70 27 spänt
627 1308 75 28 bössa,
718 1308 57 21 eller
790 1309 48 19 rest
854 1309 71 19 annat
935 1314 40 14 va-

218 1350 47 20 pen
280 1342 57 22 eller
352 1343 123 29 lifsfarligt
489 1344 117 28 tillhygge
622 1345 63 19 emot
700 1349 86 20 annan;
803 1341 62 22 skall
880 1340 46 26 det,
937 1347 37 14 om

218 1376 74 22 skada
315 1377 58 25 sker,
393 1378 75 21 såsom
484 1378 150 22 försvårande
650 1376 176 28 omständighet
841 1382 74 20 anses,
932 1374 44 22 och

217 1412 38 20 må
279 1411 36 21 för
338 1411 72 22 sådan
433 1412 68 28 ringa
520 1412 78 26 skada,
615 1419 49 14 som
680 1411 8 21 i
705 1412 25 20 13
747 1412 12 26 $
775 1414 104 23 nämnes,
895 1408 80 22 dömas

218 1445 38 21 till
272 1446 104 28 fängelse
391 1446 9 21 i
415 1446 70 29 högst
500 1454 41 14 sex
554 1446 117 22 månader.
