1086 1717
430 147 41 22 N:o
487 147 37 22 36.
799 148 25 21 15

97 210 56 21 eller
175 208 114 23 hvardera
304 209 146 29 handlingen
465 210 92 28 utgjort
572 210 120 22 straffbart
707 210 80 22 försök
797 210 56 22 eller

97 244 152 28 delaktighet.

167 280 47 26 28.
244 278 88 22 Finnes
354 279 79 28 någon
455 278 97 29 skyldig
574 279 38 21 till
634 279 93 21 återtall
745 279 44 22 och
804 279 48 27 har,

97 313 62 21 ifrån
181 313 46 22 den
242 313 52 28 dag,
310 312 30 22 då
355 313 46 21 den
415 312 126 29 brottslige
555 313 37 21 för
606 313 46 21 den
668 313 62 21 förra
745 313 107 22 handlin-

98 354 46 22 gen
159 348 37 21 till
211 347 59 22 fullo
285 348 86 20 utstått
385 346 70 22 straff
466 347 9 21 i
491 347 87 21 allmän
594 347 110 28 straffart,
721 348 81 29 längre
817 348 36 21 tid

97 382 101 22 förflutit
220 385 30 18 än
272 381 8 21 i
303 383 13 21 8
338 382 53 28 kap.
415 385 24 18 är
460 381 108 22 bestämd
590 382 37 21 för
642 383 48 20 rätt
704 382 38 21 till
757 382 96 22 allmänt

99 416 48 22 åtal
169 416 25 22 af
213 416 41 21 det
276 423 79 14 senare
377 416 99 27 brottet;
498 416 30 22 då
542 416 38 22 må
594 416 39 22 till
648 416 72 29 högre
736 416 66 22 straff
817 416 36 22 för

98 451 92 21 återfall
204 450 53 21 icke
272 450 86 21 dömas.

167 485 28 28 Ej
218 485 74 21 heller
314 485 37 21 må
373 485 38 21 till
431 485 73 28 högre
527 485 69 21 straff
607 485 37 22 för
658 485 93 22 återfall
767 485 84 26 dömas,

98 527 37 14 om
157 519 45 22 den
224 519 63 22 förra
308 519 145 28 handlingen
468 519 95 28 begåtts
578 519 74 22 innan
668 519 46 22 den
729 519 123 29 brottslige

98 554 47 28 fylt
159 553 97 22 aderton
272 554 31 21 år.

415 633 24 21 7.
462 633 70 24 Kap.

269 680 41 22 Om
327 680 228 23 sammanträffande
571 680 27 22 af
607 680 75 22 brott.

166 727 48 25 18.
245 725 88 22 Finnes
357 725 75 22 under
454 733 87 14 samma
563 725 120 29 lagföring
704 726 79 28 någon
797 733 56 14 vara

99 760 95 28 skyldig
215 760 38 21 till
274 760 57 21 flera
354 760 76 27 brott;
453 760 61 21 skall
536 760 86 21 honom
644 760 37 21 för
700 760 45 21 alla
759 760 95 21 brotten

100 794 94 22 ädömas
216 796 36 19 ett
266 794 70 21 straff
347 795 9 20 i
371 794 46 21 den
433 795 103 21 sväraste
552 794 26 21 af
591 794 29 21 de
636 794 134 26 straffarter,
786 794 67 22 hvar-

99 829 39 21 till
159 829 47 21 han
228 829 36 21 för
286 829 73 28 något
381 829 26 21 af
426 829 95 21 brotten
537 832 25 18 är
576 829 119 27 förfallen;
712 829 60 21 dock
787 829 42 21 bör
844 829 9 20 i

101 863 83 22 domen
206 865 100 20 utsättas
322 863 40 22 det
377 863 72 28 straff,
465 863 98 22 hvartill
578 863 46 22 den
639 863 109 29 skyldige
763 865 90 20 ansetts

99 897 109 22 förfallen
230 897 37 22 för
288 897 80 29 hvarje
391 897 69 22 brott.
490 898 59 25 Den,
572 905 49 14 som
644 901 26 18 är
691 898 110 21 förfallen
816 897 37 22 till

99 932 69 22 straff
186 932 8 21 i
216 932 87 21 allmän
318 933 102 20 straffart
442 932 44 21 och
504 932 80 21 tillika
598 932 39 21 till
652 932 130 29 afsättning
797 932 56 21 eller

99 965 117 30 skiljande
237 966 53 21 från
312 967 110 28 utöfning
441 967 26 20 af
479 966 81 29 tjenst,
576 966 140 29 ovärdighet
731 968 35 20 att
780 967 9 21 i
804 967 49 21 lan-

99 1001 50 21 dets
171 1000 73 29 tjenst
266 1001 96 28 nyttjas,
385 1001 57 21 eller
464 1001 86 21 förlust
572 1001 26 21 af
609 1001 184 28 medborgerligt
807 1001 46 21 för-

98 1035 102 27 troende,
216 1035 57 21 eller
288 1042 77 15 annan
380 1035 67 28 dylik
462 1035 98 29 påföljd,
576 1035 100 27 ädömes,
686 1037 66 20 utom
763 1035 90 22 straffet

98 1069 9 22 i
123 1069 85 21 allmän
223 1069 109 28 straffart,
347 1070 69 21 äfven
431 1069 74 22 sådan
519 1069 98 29 påföljd.

167 1105 12 19 2
194 1105 21 25 8.
244 1099 48 26 Äro
307 1104 56 21 flera
377 1104 64 21 brott
455 1104 123 22 föröfvade
592 1111 85 22 genom
688 1111 30 14 en
727 1103 124 29 handling;

99 1138 60 21 skall
175 1137 39 22 det
229 1138 72 27 straff,
317 1145 49 15 som
381 1142 26 18 är
421 1140 125 27 strängast,
562 1139 63 27 eller,
641 1145 38 14 om
694 1138 46 22 alla
757 1138 95 22 brotten

97 1172 101 29 förtjena
214 1172 50 21 lika
278 1175 95 26 stränga
388 1173 72 27 straff,
477 1173 65 21 detta
552 1173 70 21 straff
628 1173 125 28 tillämpas.
776 1173 75 27 Brott,

97 1207 37 21 för
155 1206 91 22 hvilket
268 1207 112 22 särskildt
402 1207 69 22 straff
487 1207 21 28 ej
525 1207 99 28 ådömes,
640 1207 61 22 skall
716 1208 75 21 såsom
807 1207 44 22 för-

98 1241 113 21 svårande
226 1241 175 29 omständighet
415 1241 69 28 gälla.

166 1276 13 21 3
194 1276 20 26 8.
244 1275 90 29 Utgöra
348 1275 135 29 upprepade
498 1275 126 29 brottsliga
638 1275 143 29 handlingar
795 1275 56 22 fort-

99 1309 105 28 sättning
220 1309 26 21 af
258 1317 88 15 samma
360 1310 74 28 brott;
451 1310 61 22 skall
528 1310 70 21 straff
610 1310 45 22 den
671 1310 109 28 skyldige
797 1310 54 22 ådö-

97 1351 50 14 mas
163 1344 75 21 såsom
252 1344 37 21 för
304 1347 34 19 ett
352 1344 70 28 brott,
438 1352 53 14 men
507 1344 47 22 den
569 1344 206 29 omständigheten
789 1344 63 29 gälla

98 1378 75 21 såsom
187 1378 157 26 försvårande,
360 1381 35 19 att
409 1379 89 21 brottet
513 1378 82 22 blifvit
609 1379 102 21 fortsatt.

166 1414 14 20 4
202 1414 20 25 8.
252 1408 48 26 Äro
323 1413 56 21 flera
400 1413 64 21 brott
485 1413 123 22 föröfvade
630 1420 84 22 genom
737 1413 114 22 särskilda

97 1446 147 29 handlingar,
267 1447 81 22 hvilka
369 1448 52 21 icke
443 1449 86 26 utgöra
550 1448 155 28 fortsättning
722 1448 27 21 af
764 1455 88 15 samma
