1086 1717
224 140 29 22 70
527 140 41 22 N:o
583 140 36 22 36.

264 202 28 22 18
308 204 17 26 8.
356 202 45 22 Har
422 203 79 27 någon,
520 209 46 15 som
588 203 69 27 åtagit
676 203 32 27 sig
727 204 33 20 att
779 204 46 19 mot
840 200 114 28 betalning

194 236 106 26 anskaffa,
318 236 54 22 efter
393 236 68 22 skedd
482 236 186 28 krigsförklaring,
683 236 168 22 förnödenheter
866 236 34 21 för
913 235 39 21 hä-

194 277 51 15 rens
268 270 52 22 eller
341 270 88 22 flottans
450 271 71 26 behof,
543 271 58 26 eller,
622 271 55 21 efter
697 270 103 22 missväxt
815 270 53 22 eller
882 269 72 28 dylikt

195 304 59 26 ofall,
270 304 105 22 lifsmedel
390 305 53 22 eller
456 307 69 20 annat
540 306 119 21 understöd
668 305 34 21 till
712 304 177 22 förekommande
899 303 56 21 eller

194 340 117 21 lindrande
326 339 24 22 af
363 340 50 26 nöd,
427 340 139 28 uppsåtligen
581 339 119 22 underlåtit
715 341 34 19 att
758 338 95 28 fullgöra
862 338 91 26 åtagan-

196 374 36 21 det
252 374 59 21 inom
333 374 99 22 bestämd
452 374 41 26 tid;
516 374 84 22 straffes
617 375 50 21 med
682 373 97 28 fängelse
795 372 19 29 ej
831 373 69 21 under
915 378 39 15 sex

196 403 111 21 månader.

265 437 46 22 Har
325 437 43 21 han
383 443 78 21 genom
470 437 100 22 vållande
580 437 131 26 förorsakat,
722 439 33 19 att
765 437 129 27 åtagandets
903 434 52 23 full-

195 472 98 27 görande
308 471 90 25 uteblef;
414 472 73 21 dömes
502 471 34 22 till
550 471 98 28 fängelse
662 472 8 21 i
685 471 63 28 högst
763 473 32 20 ett
810 471 31 21 år.

267 505 25 22 19
308 507 17 25 8.
356 505 45 22 Har
416 506 71 27 någon
502 512 78 21 genom
595 506 107 26 vållande,
717 505 90 22 hvarom
821 505 8 21 i
845 505 60 21 detta
914 503 40 22 ka-

195 539 55 29 pitel
265 541 95 24 nämnes,
376 539 122 22 förorsakat
512 540 48 21 fara
574 540 34 21 för
618 547 86 15 annans
714 540 29 27 lif,
755 539 61 22 helsa
827 539 52 22 eller
889 545 65 21 egen-

196 575 57 24 dom,
270 573 40 22 och
325 573 49 27 blef,
390 573 67 22 innan
473 574 68 21 skada
556 574 63 21 deraf
631 575 104 27 uppkom,
746 575 62 20 faran
819 580 78 21 genom
905 579 49 21 ger-

196 608 170 27 ningsmannens
382 609 76 26 åtgärd
474 608 53 22 eller
541 609 101 21 anmälan
658 609 133 27 undanröjd;
807 609 36 20 må
857 608 49 24 han,
923 606 31 22 ef-

196 644 35 19 ter
247 642 132 22 domstolens
393 643 107 27 pröfning,
516 643 74 22 kunna
600 643 52 22 frias
662 643 49 21 från
722 642 63 22 straff
792 642 34 22 för
836 641 118 23 vållandet.

507 756 42 20 35.
573 757 70 23 Kap.

381 802 42 23 Om
439 802 167 28 skadegörelse
620 803 14 22 &
650 802 123 29 egendom.

269 854 11 21 1
297 855 17 25 8.
344 853 65 27 Hvar,
429 860 52 19 som,
504 855 53 20 utan
575 854 50 27 laga
644 855 51 26 rätt,
713 853 139 28 uppsåtligen
875 852 81 21 förstör

200 887 53 22 eller
269 887 80 22 skadar
363 894 84 15 annans
462 888 47 25 hus,
525 888 76 27 fartyg,
618 888 98 27 telegraf,
729 888 97 28 jernväg,
838 888 48 26 väg,
897 888 57 26 gata,

199 921 47 26 bro,
263 922 62 25 sluss,
341 923 56 24 dam,
406 922 52 21 eller
473 922 68 27 dylikt
556 922 171 28 byggnadsverk,
739 923 80 24 dömes,
831 922 38 21 der
879 921 77 21 skade-

198 956 100 27 görelsen
320 956 48 21 icke
385 956 118 21 innefattas
517 957 8 20 i
540 959 67 19 annat
623 957 64 26 brott,
703 963 46 15 som
764 957 25 20 är
804 955 87 28 belagdt
906 955 50 21 med

199 991 88 21 svårare
302 990 66 26 straff,
383 990 34 21 till
432 990 97 28 fängelse
544 991 52 21 eller
611 991 61 21 böter
688 991 18 28 ej
723 991 70 20 under
803 990 74 21 femtio
888 989 68 22 mark.

270 1025 14 20 2
300 1025 19 26 8.
349 1024 54 27 Den,
420 1031 46 15 som
480 1025 145 28 uppsåtligen,
641 1027 54 19 utan
710 1025 51 26 laga
776 1025 50 25 rätt,
837 1023 79 22 förstör
927 1023 29 21 el-

198 1058 34 21 ler
247 1058 81 22 skadar
346 1059 43 21 fast
407 1059 151 27 fornlemning,
581 1059 97 28 offentlig
700 1059 139 21 minnesvård
858 1058 52 21 eller
925 1057 32 22 of-

199 1092 89 27 fentligt
303 1093 165 26 minnesmärke,
485 1093 52 22 eller
551 1094 68 21 sådan
629 1093 50 25 bok,
690 1092 129 26 handskrift,
828 1091 130 28 vetenskap-

199 1126 40 28 ligt
261 1127 92 21 föremål
374 1127 53 21 eller
449 1127 66 22 alster
529 1127 25 22 af
566 1127 64 22 konst
649 1127 53 22 eller
721 1127 62 28 slöjd,
800 1133 46 15 som
860 1126 97 22 förvaras

200 1161 54 21 eller
269 1162 25 20 är
308 1161 92 21 utstäldt
414 1161 9 21 i
437 1161 97 28 offentlig
548 1162 98 27 samling,
663 1161 53 22 eller
726 1161 81 21 skadar
817 1161 52 21 eller
878 1160 80 22 förstör

201 1195 99 28 offentlig
321 1195 130 28 plantering,
467 1196 52 21 eller
534 1197 72 26 något,
622 1203 46 14 som
682 1195 34 22 till
731 1195 82 22 allmän
828 1197 63 26 nytta
905 1194 54 22 eller

199 1230 102 27 prydnad
316 1231 25 20 är
355 1232 90 25 uppsatt
460 1231 29 27 på
504 1230 106 28 offentligt
628 1230 63 21 ställe
707 1229 52 22 eller
774 1229 7 21 i
797 1229 80 22 allmän
893 1229 65 28 bygg-

199 1265 51 25 nad,
267 1264 53 22 eller
335 1264 40 22 ock
389 1264 107 28 grafvärd,
513 1265 83 21 straffes
612 1265 49 21 med
676 1264 97 28 fängelse
788 1263 8 22 i
811 1263 63 28 högst
889 1265 31 20 ett
934 1264 25 21 år
980 1289 2 3 -

200 1298 53 22 eller
268 1299 62 21 böter
345 1299 19 28 ej
381 1299 60 22 öfver
455 1299 129 22 femhundra
599 1299 67 21 mark.

270 1334 14 20 3
300 1335 16 25 8.
347 1334 44 20 För
405 1334 78 21 sådant
497 1334 121 27 uppsåtligt
630 1333 137 21 förstörande
778 1332 53 22 eller
840 1332 120 25 skadande,

200 1370 54 19 utan
270 1368 50 28 laga
335 1369 50 25 rätt,
400 1368 25 22 af
437 1374 84 16 annans
536 1368 46 21 lösa
596 1367 53 22 eller
664 1368 58 21 fasta
735 1368 62 26 gods,
812 1366 89 22 hvarom
910 1366 50 21 icke

200 1403 144 21 annorstädes
359 1402 7 21 i
380 1402 36 28 lag
431 1403 25 21 är
470 1403 108 26 stadgadt,
594 1403 74 20 dömes
683 1402 43 21 den
741 1400 98 28 skyldige
854 1400 34 22 till
897 1400 63 22 böter

200 1436 66 28 högst
281 1436 129 22 femhundra
429 1436 62 22 mark
505 1436 53 22 eller
572 1436 98 28 fängelse
685 1436 19 27 ej
722 1435 59 22 öfver
797 1442 37 14 sex
849 1435 111 21 månader.
