1086 1717
159 485 14 16 ,
177 463 51 38 Till
246 463 127 30 Finlands
391 467 215 35 representanter
624 463 46 30 vid
687 463 68 30 1885
774 463 43 30 års

422 510 141 39 landtdag!

184 591 38 20 En
244 590 81 22 ibland
347 591 28 20 de
397 591 93 28 vigtiga
510 591 84 28 frågor,
611 591 81 21 hvilka
707 590 56 21 bero
778 589 30 28 på
823 588 49 21 lan-

117 624 50 21 dets
186 625 68 21 valde
270 625 199 21 förtroendemäns
484 625 133 28 afgörande,
634 629 25 17 är
674 625 82 27 frågan
772 631 37 14 om
824 622 47 21 till-

116 659 116 28 verkning
255 659 43 21 och
314 659 138 28 försäljning
468 659 26 21 af
506 659 129 22 berusande
651 659 105 28 drycker.
785 658 13 21 I
813 657 60 22 hvil-

116 693 46 20 ken
184 693 106 28 riktning
312 693 182 28 lagstiftningen
517 693 8 21 i
548 693 76 21 denna
647 693 67 28 fråga
728 693 43 21 bör
785 693 36 27 gå,
836 691 37 22 för

117 728 36 20 att
175 727 52 21 leda
250 727 38 21 till
310 729 34 20 ett
365 727 217 22 tillfredsställande
597 727 103 28 resultat,
718 727 29 21 ha
764 726 57 22 1864
835 726 37 21 års

117 761 94 22 ständer
232 762 104 27 utpekat,
357 761 29 22 då
401 761 28 22 de
442 762 9 21 i
465 762 169 27 nykterhetens
649 762 97 21 intresse
761 761 110 27 borttogo

117 795 46 22 den
184 796 125 21 ständerna
325 796 43 21 och
381 796 140 28 jordegarne
537 796 177 21 tillkommande
728 795 145 28 rättigheten

117 831 36 20 att
175 830 109 21 tillverka
306 830 99 22 bränvin
427 831 45 20 och
487 831 84 20 ställde
590 830 77 32 denna
682 830 102 21 industri
798 830 31 27 på
843 835 30 15 en

116 864 41 27 fot,
174 864 152 28 hvarigenom
341 865 132 21 densamma
489 865 55 21 kom
559 867 35 19 att
604 864 94 21 utöfvas
709 864 74 21 under
793 865 81 26 sträng

116 898 104 21 kontroll
236 898 44 21 och
295 901 48 19 mot
358 899 139 27 erläggande
513 899 27 21 af
552 907 29 13 en
593 899 119 28 betydligt
727 898 61 22 ökad
803 897 70 22 skatt.

116 933 56 21 Men
194 932 76 22 denna
292 933 89 27 reform,
405 934 25 20 så
452 933 115 21 helsosam
582 933 44 21 och
641 933 148 21 välkommen
805 931 45 22 den
865 931 9 21 i

117 967 84 28 många
216 967 148 21 hänseenden
379 967 66 27 varit,
462 967 47 21 kan
525 971 62 18 ännu
602 967 129 28 ingalunda
741 974 66 14 anses
817 973 57 14 vara

117 1001 125 28 tillfyllest.
273 996 71 27 Ännu
358 1001 94 22 kräfver
467 1001 193 29 dryckenskapen
676 1001 85 22 talrika
777 1001 58 21 offer
849 1001 25 20 så

117 1035 9 20 i
141 1035 108 21 städerna
265 1043 49 14 som
328 1036 30 27 på
372 1035 164 28 landsbygden
552 1035 44 22 och
611 1039 63 18 ännu
689 1035 42 22 har
744 1043 54 13 man
809 1035 65 27 inga-

117 1069 72 21 lunda
211 1071 47 19 rätt
280 1071 36 20 att
338 1069 70 28 lugna
424 1070 36 27 sig
474 1069 53 22 med
543 1070 45 21 den
603 1070 94 27 tanken,
714 1072 35 19 att
763 1070 31 27 på
809 1069 65 21 detta

118 1103 93 22 område
226 1104 44 21 allt
284 1111 55 14 vore
354 1104 85 28 gjordt,
455 1111 49 14 som
520 1104 8 21 i
547 1104 208 28 lagstiftningsväg
773 1104 48 21 kan
834 1107 40 24 gö-

117 1145 43 14 ras.
190 1138 43 21 Ett
255 1137 149 28 fullständigt
425 1138 211 28 rusdrycksförbud
652 1139 66 20 torde
734 1142 63 17 ännu
812 1139 63 20 möta

117 1172 76 21 starkt
215 1172 119 21 motstånd
356 1172 43 21 och
421 1172 74 21 under
510 1173 36 21 för
561 1173 145 21 närvarande
722 1173 7 21 i
745 1172 81 22 landet
840 1172 35 21 rå-

118 1206 76 22 dande
216 1206 163 22 förhållanden
401 1214 56 14 vara
476 1209 86 26 ytterst
577 1208 65 21 svårt
656 1209 36 20 att
708 1207 166 22 åstadkomma.

119 1241 56 21 Men
196 1249 29 13 en
248 1241 90 27 reform,
354 1248 84 21 genom
454 1241 98 21 hvilken
568 1241 97 22 sinnena
680 1241 78 22 kunde
774 1241 101 21 förbere-

118 1275 41 22 das
182 1275 30 29 på
234 1277 35 19 ett
291 1275 97 22 allmänt
409 1275 84 21 förbud
513 1275 44 22 och
572 1283 84 21 genom
671 1275 97 22 hvilken
782 1275 93 22 landets

118 1310 139 28 befolkning
273 1312 72 19 sattes
367 1310 8 20 i
395 1310 94 20 tillfälle
505 1312 36 19 att
555 1310 89 28 pröfva,
659 1310 116 21 huruvida
791 1311 34 20 ett
841 1310 35 21 så-

119 1344 58 22 dant
194 1344 84 22 förbud
289 1344 42 21 hör
343 1344 37 21 till
387 1344 136 28 utopiernas
531 1344 56 22 eller
595 1344 45 22 den
648 1344 75 22 sunda
730 1344 145 28 lagstiftnin-

117 1386 58 21 gens
192 1378 98 28 område,
306 1386 55 14 vore
372 1380 35 20 att
416 1380 61 19 sätta
492 1378 82 29 hvarje
590 1379 116 27 kommun,
723 1378 69 22 äfven
803 1377 73 22 stads-

117 1413 174 27 kommunerna,
308 1412 8 21 i
332 1412 98 27 tillfälle,
439 1414 37 19 att
490 1412 64 22 inom
575 1413 41 21 sitt
632 1413 92 21 område
739 1413 59 21 efter
813 1411 63 22 hand

119 1447 44 21 och
178 1446 115 22 beroende
309 1447 26 21 af
343 1447 27 21 de
382 1447 92 27 åsigter,
487 1454 49 14 som
546 1447 56 21 råda
612 1447 71 21 bland
694 1447 180 27 befolkningens

117 1480 83 28 flertal,
216 1480 77 22 införa
308 1481 42 21 allt
363 1483 120 25 strängare
494 1481 185 28 begränsningar
690 1481 35 21 för
735 1480 140 22 utöfvandet

117 1515 28 23 af
165 1515 53 21 med
240 1515 169 28 rusdryckerna
431 1515 8 21 i
463 1516 168 28 sammanhang
646 1516 95 21 stående
756 1515 117 28 näringar.
