1086 1717
238 154 28 20 74
438 154 25 22 U.
478 154 24 23 B.
517 168 28 3 —
560 156 66 29 Prop.
641 157 39 23 N:o
696 154 35 26 39.

78 221 15 17 7
104 221 91 23 Kapitlet.
209 218 65 22 deraf
293 225 41 16 var
354 219 113 23 verkstäld
488 220 38 22 vid
548 221 37 23 det
604 228 43 22 nya
662 222 93 22 brottets
769 221 134 27 föröfvande,
919 221 48 22 med

207 253 58 22 hvad
281 253 25 21 af
318 252 59 24 förra
391 254 86 23 straffet
491 255 30 22 dä
535 256 107 28 äterstod;
658 257 40 22 och
712 257 44 21 kan
771 256 8 22 i
794 256 63 22 dessa
872 255 39 23 fall
926 256 42 22 den

207 288 8 21 i
230 288 66 26 sagde
314 288 16 28 $
349 288 111 23 bestämda
474 290 88 28 längsta
576 291 34 22 tid
623 291 34 22 för
671 291 156 22 tukthusstraff
839 290 38 23 vid
892 290 74 28 hvarje

207 328 29 21 ny
258 322 111 28 lagföring
391 323 148 23 öfverskridas
560 326 49 21 med
631 326 65 28 högst
718 326 43 22 fem
781 326 26 22 år
821 326 40 22 och
875 324 90 31 således,

207 356 49 22 med
271 356 144 30 inberäkning
430 358 25 22 af
468 359 58 22 hvad
541 360 42 22 den
596 360 102 28 skyldige
712 360 57 22 hade
779 360 25 22 af
812 360 60 22 förra
882 359 84 23 straffet

207 391 88 28 utstätt,
311 393 79 27 utgöra
403 392 38 23 vid
455 393 70 22 första
539 400 44 22 nya
597 394 111 28 lagföring
723 395 65 27 högst
802 394 64 28 tjugu
881 395 31 26 är,
928 393 38 23 vid

208 426 42 22 den
268 426 70 22 andra
352 427 105 28 tjugufem
473 428 31 28 är,
521 429 38 21 och
574 429 26 22 sä
614 429 82 22 vidare.
719 429 11 22 I
745 429 114 22 enahanda
874 428 38 23 fall
928 428 39 23 och

207 461 29 27 pä
251 461 47 22 lika
311 463 46 20 sätt
371 462 35 21 mä
421 462 42 22 den
477 462 8 22 i
501 465 15 19 3
530 463 16 28 $
560 463 113 22 bestämda
687 464 88 27 längsta
785 463 33 23 tid
828 463 25 22 af
861 463 106 28 fängelse-

207 495 66 22 straff
285 495 37 23 vid
337 496 76 28 hvarje
427 503 30 22 ny
471 497 111 28 lagföring
596 498 74 22 kunna
686 498 147 22 öfverskridas
843 498 49 22 med
901 498 65 27 högst

207 531 41 21 tvä
263 530 32 22 är.
317 531 11 21 I
344 531 75 22 domen
433 532 68 22 varde
516 533 40 21 ock
565 533 134 27 förordnadt,
710 534 35 21 att
755 533 50 22 frän
815 533 38 22 det
862 538 105 17 samman-

207 565 67 28 lagda
293 565 84 22 straffet
394 566 56 22 skall
468 567 103 22 afräknas
586 567 58 22 hvad
660 567 24 22 af
698 568 37 21 det
749 567 59 22 förra
824 567 84 22 straffet
922 567 44 22 kan

208 606 55 16 vara
277 601 123 22 verkstäldt
415 601 56 22 efter
486 601 37 22 det
537 608 43 21 nya
595 602 94 22 brottets
704 601 135 23 föröfvande.

278 635 40 22 Om
339 635 64 22 straff
421 635 36 22 för
479 636 47 27 den,
548 643 46 15 som
616 636 72 22 blifvit
708 637 64 21 dömd
787 637 34 21 till
831 637 92 27 tukthus
937 636 29 27 pä

208 669 70 22 lifstid
298 669 38 22 och
356 670 94 22 derefter
467 671 68 28 begår
554 672 50 26 nytt
618 671 66 28 brott,
700 673 24 20 är
739 671 8 21 i
762 673 13 20 2
790 671 50 28 kap.
855 671 110 28 stadeadt.

518 769 27 20 s
561 769 102 27 Kap.

223 818 39 22 Om
277 817 33 23 tid
324 818 36 23 för
375 818 46 23 ätal
436 819 26 22 af
473 819 63 23 brott
550 820 40 22 och
604 819 36 24 för
655 819 174 30 verkställighet
844 819 26 23 af
882 819 70 23 strafi.

279 871 43 27 18.
352 872 54 21 Rätt
421 873 34 21 att
470 873 60 21 åtala
544 873 60 22 brott
618 879 53 16 vare
685 872 112 23 förfallen:

280 909 19 18 1.
330 906 56 22 efter
403 907 63 28 tjugä
485 907 31 26 år,
537 914 32 15 om
584 907 100 22 svåraste
698 907 85 22 straffet
798 906 34 23 för
847 907 81 22 brottet
942 908 26 20 är

209 940 91 22 tukthus
314 941 30 27 på
358 940 44 23 viss
417 941 33 22 tid
465 941 85 22 utöfver
564 948 39 15 sex
618 942 34 26 år;

279 977 20 19 2.
330 975 55 22 efter
400 975 30 22 tio
446 976 31 24 år,
492 982 32 15 om
538 977 98 21 'svåraste
650 975 86 23 straffet
746 978 25 20 är
780 976 91 22 tukthus
881 975 86 23 utöfver

210 1010 39 22 två
264 1009 35 22 till
313 1010 39 21 och
366 1010 49 21 med
429 1017 39 15 sex
482 1011 32 26 år,
529 1011 47 21 eller
591 1011 95 27 fängelse
700 1011 81 26 utöfver
796 1013 30 19 tre
841 1011 37 25 år;

280 1046 20 20 3.
330 1044 56 22 efter
404 1044 43 23 fem
463 1045 30 27 år,
509 1051 33 16 om
562 1045 38 22 det
618 1047 25 20 är
658 1045 89 22 tukthus
763 1045 34 22 till
811 1045 40 22 och
865 1045 49 21 med
928 1044 38 22 två

210 1080 32 27 år,
258 1079 54 22 eller
326 1079 96 28 fängelse
437 1079 86 22 utöfver
537 1081 33 20 ett
585 1080 32 21 till
632 1081 37 20 och
684 1080 47 21 med
746 1082 30 19 tre
791 1081 36 20 år:

279 1115 21 20 4.
329 1113 56 22 efter
405 1114 40 22 två
463 1115 30 26 år,
515 1121 32 15 om
567 1114 37 22 det
618 1116 26 20 är
658 1114 97 27 fängelse
771 1114 34 21 till
819 1114 39 22 och
872 1113 48 22 med
936 1114 32 21 ett

210 1149 32 26 år,
258 1148 54 22 eller
326 1148 71 27 böter;

280 1185 20 19 5.
330 1183 55 22 efter
406 1184 33 21 ett
461 1183 30 27 år,
513 1189 33 16 om
564 1183 83 22 brottet
666 1185 25 20 är
705 1183 81 22 sådant
800 1189 44 15 som
859 1182 8 22 i
882 1184 34 25 41,
932 1183 34 26 42,

210 1217 27 21 43
254 1217 53 22 eller
321 1219 29 19 44
364 1217 50 27 kap.
429 1219 52 30 sägs
497 1217 155 28 (uteslutning).

279 1251 55 22 Rätt
349 1254 33 19 att
397 1252 61 21 åtala
473 1253 58 21 brott
541 1252 7 21 i
558 1253 95 27 tjensten
663 1259 59 20 vare,
735 1259 34 14 om
779 1253 97 20 svåraste
885 1252 83 26 straffet

209 1287 35 27 för
259 1287 75 21 brottet
349 1287 42 21 icke
405 1289 26 19 är
447 1287 84 22 tukthus
546 1289 80 25 utöfver
641 1294 37 15 sex
694 1288 31 25 år,
742 1286 110 22 förfallen:
868 1285 56 23 efter
938 1286 30 22 tio

210 1321 32 27 år,
258 1327 34 15 om
307 1321 82 22 brottet
403 1323 26 20 är
443 1321 90 28 belagdt
547 1322 48 22 med
610 1321 128 28 afsättning,
755 1321 40 21 och
804 1320 57 22 efter
870 1320 42 22 fem
922 1321 26 21 år
961 1320 8 22 i

210 1355 72 27 öfriga
301 1355 46 22 fall.
376 1356 124 22 Innefattar
519 1356 143 28 förbrytelsen
676 1356 8 22 i
699 1356 96 27 tjensten
814 1355 73 22 tillika
901 1356 67 21 annat

209 1390 67 27 brott,
291 1396 45 15 som
351 1390 56 22 efter
421 1390 76 28 längre
512 1390 33 22 tid
559 1390 35 22 får
609 1391 79 27 åtalas,
703 1390 59 28 gälle
772 1390 42 22 den
823 1390 77 27 längre
908 1389 62 22 tiden

210 1424 35 22 för
258 1425 72 27 begge
345 1424 92 22 brotten.

279 1459 77 27 Begge
369 1458 55 22 sista
438 1465 82 16 momm.
536 1460 8 21 i
559 1460 70 21 denna
644 1461 13 25 &
672 1459 47 21 lika
734 1458 49 22 med
797 1458 50 22 nåd.
862 1464 60 22 prop.
