1086 1717
357 136 24 22 U.
396 135 23 22 B.
440 147 21 3 —
481 136 66 28 Prop.
562 136 38 22 N:o
617 135 33 23 39.
829 138 26 19 23

196 200 15 23 4
226 203 18 24 $.
275 201 120 21 Enahanda
415 201 208 27 straffnedsättning,
642 208 45 15 som
702 201 69 28 enligt
787 203 12 19 2
815 202 13 26 $
843 200 41 22 till-
901 204 5 15 3
919 203 91 22 Kapitlet.

125 236 155 27 godokommer
302 236 119 26 förbrytare
443 236 92 21 emellan
558 238 25 20 15
607 236 39 22 och
666 237 26 20 18
713 236 32 27 år,
765 236 40 21 har
820 235 65 22 äfven

128 270 126 28 medgifvits
277 270 47 27 den,
348 276 43 16 som
409 270 38 22 vid
463 270 145 28 handlingens
622 270 113 28 begäende
750 271 79 21 saknat
843 270 42 22 för-

129 305 99 21 ständets
243 304 54 22 fulla
312 305 60 27 bruk,
381 306 54 20 utan
449 306 34 20 att
499 304 54 22 dock
568 305 73 21 kunna
656 310 62 16 anses
733 304 151 28 otillräknelig.

128 338 65 23 Emot
216 339 61 22 detta
298 339 121 27 stadgande
441 339 41 21 har
504 338 7 22 i
534 339 113 21 Utskottet
666 339 117 26 anmärkts,
800 340 33 20 att
849 338 36 22 det

128 373 119 22 förutsatte
262 373 102 22 tillvaron
379 373 25 21 af
417 380 16 14 s.
444 374 21 20 k.
479 390 10 10 ,
491 373 99 22 minskad
601 373 190 27 tillräknelighet”,
802 373 83 22 hvilket

127 408 104 21 innebure
257 414 27 15 en
308 407 71 28 logisk
401 408 132 27 omöjlighet,
556 408 89 21 emedan
666 407 219 28 tillräknelighetsbe-

129 444 97 25 greppet,
242 442 70 21 såsom
327 443 148 21 betecknande
490 443 78 21 endast
580 442 113 28 förmågan
704 442 25 22 af
736 441 149 28 straffrättslig

129 476 147 28 ansvarighet,
296 477 48 21 icke
364 483 50 15 vore
432 477 91 22 delbart.
553 477 41 21 Att
609 483 27 16 en
650 483 78 21 person
741 477 38 22 vid
793 477 92 21 brottets

129 511 113 28 begående
255 511 80 22 saknat
347 511 133 22 förståndets
493 511 54 23 fulla
556 512 56 21 bruk
622 518 57 21 vore,
691 511 38 22 der
739 511 38 22 det
786 511 48 22 icke
844 510 41 22 för-

130 546 92 21 anledde
237 545 34 22 till
286 545 124 28 straffrihet,
427 546 118 27 rätteligen
556 546 77 22 endast
643 553 26 15 en
679 545 154 22 förmildrande
843 552 42 15 om-

129 579 134 28 ständighet,
286 587 44 14 som
352 580 36 22 vid
411 580 188 28 straffmätningen
621 581 56 21 inom
692 580 107 22 latituden
813 579 72 22 kunde

129 615 85 21 komma
234 614 8 21 i
260 615 150 27 betraktande,
431 615 40 22 och
494 615 66 22 borde
578 614 170 29 ifrågavarande
763 614 122 27 stadgande

129 648 134 23 fördenskull
278 650 25 21 så
318 650 85 26 mycket
418 650 67 21 hellre
499 650 113 25 uteslutas,
626 656 45 15 som
681 649 161 22 straffsatserna
851 648 35 22 för

131 683 26 22 de
179 683 108 22 särskilda
307 684 84 21 brotten
412 691 51 15 vore
483 684 129 27 tillräckligt
630 684 68 22 breda
718 684 38 21 och
775 683 64 22 äfven
859 689 26 15 en

128 718 95 21 särskild
238 718 107 22 straffsats
360 719 47 21 icke
423 719 68 21 sällan
507 720 81 21 utsatts
602 718 36 22 för
652 719 38 21 fall
706 719 27 21 då
747 717 139 28 synnerligen

129 752 155 22 förmildrande
300 753 183 27 omständigheter
499 753 103 28 förelåge.

199 787 124 22 Utskottets
342 787 71 22 flertal
432 788 40 21 har
491 787 69 22 likväl
574 787 48 22 icke
636 787 84 22 biträdt
735 787 70 22 denna
820 786 64 27 åsigt.

131 821 55 21 Sant
200 823 30 25 är,
247 823 34 20 att
296 821 304 28 tillräknelighetsbegreppet
613 822 48 21 icke
670 822 41 21 har
720 822 73 27 någon
802 827 84 21 gemen-

129 856 55 27 skap
208 855 48 22 med
278 855 79 28 frågan
380 862 33 15 om
435 856 80 21 måttet
536 855 25 22 af
577 856 121 27 subjektets
717 855 64 22 skuld
799 855 39 22 och
853 856 34 20 att

131 890 111 27 uttrycket
258 907 5 10 ,
264 890 139 26 förminskad
418 890 184 28 tillräknelighet*
619 890 92 22 sålunda
720 890 48 22 icke
778 892 25 19 är
813 890 72 26 exakt,

131 930 48 15 men
190 924 106 22 derunder
306 925 70 27 ligger
384 925 48 22 icke
441 925 60 22 desto
509 925 83 22 mindre
600 927 32 20 ett
640 925 55 22 reelt
702 924 183 23 sakförhållande.

128 958 49 21 Den
192 965 68 20 nyare
275 959 279 28 medicinsk-psykologiska
569 959 148 28 vetenskapen
729 959 40 22 har
779 958 107 28 nemligen

129 992 119 28 ojäfaktigt
268 993 119 27 ådagalagt
406 993 103 22 tillvaron
529 993 24 22 af
570 993 58 22 vissa
646 993 116 22 medfödda
777 993 53 21 eller
844 992 42 22 för-

128 1027 105 22 värfvade
255 1027 182 28 själssjukdomar,
457 1028 76 22 hvilka
546 1029 61 26 yttra
621 1028 34 27 sig
670 1028 65 21 bland
751 1029 68 20 annat
833 1027 52 27 deri,

130 1063 35 20 att
183 1062 120 27 subjektets
318 1062 59 21 kraft
393 1064 34 20 att
442 1063 80 21 motstå
537 1062 159 27 sinnesintryck
711 1065 24 19 är
750 1062 8 21 i
773 1062 43 27 hög
831 1062 55 27 grad

129 1096 89 22 nedsatt
233 1097 51 21 eller
300 1097 48 22 dess
363 1097 207 28 omdömesförmåga
586 1097 136 25 fördunklad,
736 1099 54 20 utan
805 1098 34 20 att
849 1096 37 22 det

129 1131 56 21 dock
207 1133 57 20 ännu
286 1131 43 22 kan
352 1138 62 15 anses
436 1131 164 28 otillräkneligt.
629 1132 51 21 Men
699 1131 114 22 enahanda
831 1131 54 22 före-

129 1165 79 22 teelser
227 1166 73 21 kunna
320 1165 64 22 äfven
399 1166 48 21 visa
461 1166 35 27 sig
511 1166 38 21 hos
564 1172 26 15 en
606 1172 77 22 person
698 1166 48 21 med
761 1165 64 28 eljest
839 1171 46 16 nor-

130 1199 54 22 malt
205 1199 83 28 själslif,
311 1202 40 19 när
365 1200 217 27 föreställningarnes
594 1199 205 28 jemvigtstillstånd
813 1199 72 23 blifvit

129 1240 77 21 genom
222 1233 67 23 affekt
304 1235 51 21 eller
370 1234 24 22 af
407 1235 69 21 andra
491 1235 89 21 orsaker
594 1234 35 21 till
642 1234 129 28 ytterlighet
785 1233 100 22 rubbadt.

129 1268 98 21 Emellan
250 1268 42 22 den
314 1269 95 21 normala
431 1269 106 27 psykiska
555 1269 93 22 friheten
667 1269 39 21 och
724 1269 37 21 det
776 1268 25 21 af
814 1270 72 19 natur-

129 1302 190 28 nödvändigheten
338 1304 87 20 bundna
444 1303 116 27 själslifvet
575 1302 116 23 förefinnas
706 1303 92 22 sålunda
813 1302 74 28 mång-

129 1336 84 28 faldiga
228 1337 220 28 öfvergångsstadier.

198 1372 33 21 De
253 1371 34 22 för
309 1372 84 21 brotten
413 1374 85 20 utsatta
517 1372 141 22 latitudinära
672 1371 161 23 straffsatserna
848 1373 37 20 äro

128 1405 128 28 visserligen
279 1406 122 21 beräknade
424 1408 34 19 att
480 1406 38 22 vid
539 1405 188 28 straffmätningen
749 1406 71 21 lemna
839 1412 46 15 rum

129 1440 65 22 äfven
216 1440 34 22 för
272 1442 32 20 ett
326 1440 124 22 beaktande
469 1440 26 22 af
511 1440 41 22 den
571 1440 111 28 skyldiges
702 1440 182 27 sinnestillstånd;
