1086 1717
228 144 28 21 22
505 144 50 28 Prop.
570 144 32 21 N:o
617 144 31 21 34.

198 206 40 26 gift
257 206 23 21 af
296 206 36 22 två
347 207 64 27 penni
425 207 34 21 för
473 207 74 27 hvarje
562 207 72 21 kanna
649 207 91 21 bränvin
755 207 24 21 af
791 206 164 28 normalstyrka,

199 246 46 15 som
259 241 69 21 under
343 241 105 27 qvartalet
463 241 33 21 till
511 241 219 27 destilleringsverket
745 241 120 21 inkommit.

267 275 21 21 2.
318 276 47 20 Den
379 276 8 20 i
401 282 64 14 mom.
483 276 10 21 1
510 276 129 21 föreskrifna
653 276 119 26 leverering
783 275 125 22 verkställes
919 281 36 15 en-

197 308 40 27 ligt
252 309 23 21 af
288 309 119 22 kontrollör
421 310 99 27 bestyrkt
534 310 99 26 reversal,
650 310 136 27 upptagande
800 310 154 26 myckenheten

196 342 24 22 af
232 343 38 21 det
291 344 33 21 till
345 344 217 27 destilleringsverket
584 345 68 21 under
673 344 177 27 nästföregäende
865 344 88 27 gvartal,

196 377 102 22 inkomna
321 378 100 27 bränvin;
445 378 39 22 och
507 379 39 21 bör
567 380 117 20 reversalet
706 378 110 22 derstädes
839 378 115 28 gvitteradt

196 411 34 21 för
244 412 147 22 kontrollören
406 415 83 25 upptes.

544 477 11 27 8
570 477 35 21 38.

266 516 43 20 Det
331 515 119 22 kontrollör
469 517 66 26 enligt
549 517 11 27 $
576 517 27 21 36
619 516 163 22 tillkommande
797 515 80 22 arvode
891 515 60 22 utbe-

196 549 55 21 talas
267 550 126 26 gvartalsvis
403 550 24 21 af
434 551 319 26 bränvinstillverkningsmedel
763 551 8 20 i
781 550 170 21 landtränteriet.

542 613 11 28 8
569 614 34 21 39.

264 647 31 26 Är
318 652 195 27 destilleringsverk
531 653 85 27 beläget
635 653 13 21 &
662 653 79 26 landet,
757 653 83 27 ätnjute
855 652 95 21 kontrol-

195 685 39 26 lör,
257 692 46 15 som
324 686 77 22 sädant
419 687 84 26 önskar,
522 687 22 21 af
560 687 225 27 destilleringsidkare,
802 688 57 20 emot
875 688 75 20 ersätt-

196 720 50 26 ning
265 720 23 21 af
304 727 26 14 en
350 721 60 21 mark
425 721 73 22 femtio
513 722 64 27 penni
591 722 8 21 i
614 722 84 27 dygnet,
715 721 98 26 enskildt,
829 721 121 21 möbleradt

195 760 48 15 rum
265 755 48 20 med
332 757 71 19 värme
419 755 109 22 äfvensom
542 756 49 21 kost
607 756 12 21 &
634 756 36 21 det
686 756 67 26 ställe,
770 755 38 22 der
823 755 126 21 destillerin-

195 794 41 21 gen
251 789 91 21 utöfvas.

541 831 11 26 $
567 831 34 20 40.

265 869 85 31 Finner
370 869 178 22 öfverkontrollör
570 870 52 21 eller
643 870 120 21 kontrollör
784 869 36 21 vid
842 869 106 25 bränneri,

196 902 194 28 destilleringsverk
413 904 52 21 eller
486 904 208 27 nederlagsmagasin
713 903 115 27 olaglighet
846 909 52 14 vara
912 902 37 21 be-

195 936 89 27 gängen,
300 937 56 27 gifve
371 937 151 28 ofördröjligen
537 939 77 20 allmän
630 938 101 27 äklagare
745 937 78 22 sädant
837 937 111 25 tillkänna,

194 971 8 20 i
217 971 101 22 afseende
332 972 13 21 å
359 972 48 26 laga
423 972 50 21 åtal.

520 1071 56 23 Art.
595 1071 31 23 V.

232 1125 40 26 Om
290 1132 89 20 ansvar
395 1126 40 25 för
452 1126 190 27 öfverträdelser
659 1127 28 25 af
701 1125 187 27 föreskrifterna
905 1125 9 26 i

451 1166 78 26 denna
545 1166 149 33 förordning.
886 1179 2 2 d

539 1234 11 27 8
565 1235 35 20 41.

264 1275 18 20 1.
312 1274 53 26 Den,
389 1280 46 15 som
456 1275 52 20 utan
531 1274 71 22 dertill
624 1274 91 22 erhället
736 1273 99 27 behörigt
852 1273 96 21 tillständ

192 1306 112 22 tillverkar
319 1308 51 21 eller
384 1308 55 22 läter
453 1309 105 25 tillverka,
574 1308 120 22 destillerar
709 1308 52 21 eller
775 1308 55 20 läter
840 1308 109 20 destillera

193 1341 91 22 bränvin
299 1342 49 21 med
363 1343 56 21 hvad
433 1342 92 27 redskap
541 1343 36 21 det
592 1344 28 19 än
634 1348 52 15 vara
699 1341 42 27 mä,
756 1342 51 21 böte
820 1342 68 20 första
897 1342 51 26 gän-

192 1382 42 20 gen
255 1376 49 21 frän
326 1377 40 21 och
380 1377 49 21 med
445 1377 115 22 etthundra
574 1377 33 21 till
622 1377 39 21 och
676 1376 48 22 med
740 1376 121 21 tvähundra
875 1376 73 21 femtio

193 1410 61 21 mark
270 1410 41 21 och
326 1411 66 21 andra
406 1417 64 15 resan
481 1411 47 21 frän
543 1411 40 21 och
598 1411 48 21 med
661 1410 121 22 tvähundra
796 1410 34 21 till
845 1410 40 22 och
900 1410 49 21 med

192 1444 128 22 femhundra
339 1445 67 21 mark.
436 1446 69 26 Begäs
523 1446 67 20 sådan
608 1446 127 26 förbrytelse
753 1445 130 27 ytterligare,
898 1450 50 16 vare
