1086 1717
217 154 13 21 6
429 152 24 23 U.
470 153 23 22 B.
510 166 27 3 —
552 153 66 29 Prop.
633 153 39 22 N:o
687 152 30 22 41.

493 498 152 23 Reservation.

259 561 35 22 Dä
314 562 22 21 vi
357 562 46 21 icke
425 562 83 21 kunnat
530 562 75 21 förena
620 568 34 15 oss
670 568 34 15 om
720 562 36 21 det
770 561 77 27 beslut,
863 562 84 21 hvaruti

189 596 118 21 utskottets
322 597 108 26 majoritet
445 599 88 19 stannat
546 597 36 20 vid
597 597 157 26 behandlingen
770 596 23 21 af
801 596 145 27 föreliggande

190 630 80 27 nädiga
284 631 139 27 proposition,
439 631 87 21 anhälla
539 632 20 20 vi
570 632 32 21 att
613 631 174 21 reservationsvis
797 630 22 21 fä
829 630 118 27 framlägga

190 665 37 21 vär
244 665 94 22 derifrän
354 665 113 22 afvikande
482 666 93 26 mening.

262 700 47 21 Den
328 699 79 28 nådiga
422 701 160 26 propositionen
598 706 62 21 synes
676 706 34 15 oss
725 699 60 23 såväl
800 699 27 28 pä
841 699 69 28 grund
925 699 23 21 af

190 734 40 21 den
251 734 7 21 i
278 734 122 21 densamma
413 734 107 27 ingående
535 735 154 26 motiveringen
705 740 46 15 som
767 734 40 21 ock
821 734 24 21 af
859 734 26 21 de
901 733 46 22 skäl

189 769 33 20 till
246 769 48 20 dess
316 769 128 26 antagande,
468 775 45 15 som
533 769 57 21 inom
605 769 106 21 utskottet
726 768 71 21 blifvit
813 767 133 26 framhällna,

188 809 53 14 vara
263 803 102 26 betingad
385 803 23 21 af
429 803 195 27 nödvändigheten.
655 803 31 20 De
706 803 7 20 i
733 803 88 20 ärendet
836 802 112 21 tillkomna

189 837 128 26 handlingar
333 837 39 20 och
387 839 32 19 ett
434 837 23 21 af
472 837 94 22 komitön
582 837 33 21 för
631 837 141 21 utarbetande
787 837 23 22 af
824 837 80 26 förslag
915 836 33 21 till

188 871 209 27 militärförfattning
415 872 7 21 i
441 871 92 22 Finland
549 872 116 27 uppgjordt
680 871 87 28 förslag,
783 871 80 22 hvilket
878 871 70 22 blifvit

188 905 108 22 utskottet
311 901 107 31 delgifvet,
430 906 65 21 hafva
502 906 124 27 ytterligare
634 906 56 21 varit
698 905 33 22 för
739 912 34 15 oss
781 905 166 22 bestämmande.

188 939 34 22 Dä
236 947 51 14 man
302 940 70 21 dertill
387 941 62 26 tager
463 941 8 20 i
486 941 142 21 betraktande
644 941 41 20 den
695 940 89 27 fätaliga
792 940 154 27 officerskorps,

190 981 26 14 en
239 973 25 22 sä
286 974 51 21 liten
358 976 58 20 arm6
439 981 46 14 som
509 975 40 21 den
564 975 70 21 finska
649 975 108 25 behöfver,
773 974 24 21 sä
812 977 23 19 är
851 975 36 20 det
902 974 45 21 icke

190 1008 58 21 svärt
264 1010 32 19 att
311 1009 45 20 inse
371 1009 56 20 huru
441 1008 97 27 längsam
553 1009 116 21 befordran
679 1009 58 21 inom
749 1009 122 21 densamma
881 1008 67 21 mäste

189 1042 72 22 blifva.
292 1043 42 20 Det
355 1043 43 20 kan
421 1042 82 22 således
518 1043 41 21 lätt
574 1043 87 21 inträffa
676 1044 32 20 att
723 1042 137 22 officerarene
877 1042 70 21 åldras

189 1077 67 21 redan
278 1077 7 20 i
308 1077 26 20 de
350 1077 58 27 lägre
424 1078 112 26 graderna,
552 1077 24 22 sä
592 1079 32 19 att
640 1077 40 21 den
696 1077 103 27 rörlighet
815 1077 39 21 och
869 1077 78 26 energi,

188 1117 46 16 som
250 1111 163 22 subalternerna
427 1111 55 22 böra
497 1113 40 26 äga
551 1111 34 22 för
595 1113 33 20 att
638 1112 34 20 väl
682 1111 84 21 utbilda
775 1111 127 27 manskapet
908 1117 39 15 un-

189 1146 37 21 der
242 1145 42 22 den
300 1145 63 22 korta
377 1146 33 21 tid
425 1146 23 21 af
462 1146 64 27 högst
541 1148 33 19 tre
590 1145 24 22 är
630 1146 25 21 de
672 1145 33 22 stä
720 1146 7 21 i
743 1145 91 26 fronten,
850 1146 7 20 i
873 1145 24 22 sä
911 1145 36 21 be-

188 1180 68 27 tydlig
278 1179 49 22 män
349 1179 110 28 försvagas
483 1182 32 19 att
536 1180 38 21 vär
596 1180 90 21 militärs
702 1180 109 27 duglighet
826 1180 121 26 derigenom

188 1214 130 27 äfventyras.
349 1215 32 20 En
404 1215 74 21 alltför
499 1215 95 26 långsam
611 1215 115 21 befordran
741 1214 56 21 skall
813 1213 62 22 äfven
890 1214 6 21 i
911 1213 37 21 be-

188 1249 69 26 tydlig
272 1249 53 26 grad
340 1248 86 27 förtaga
441 1249 71 21 lusten
527 1249 33 21 för
575 1249 85 22 inträde
675 1249 28 28 pä
718 1249 41 21 den
774 1249 93 20 militära
877 1248 71 21 banan

189 1283 39 21 och
252 1283 72 27 nödga
342 1283 83 22 befälet
439 1285 34 20 att
487 1285 109 26 emottaga
612 1283 61 22 äfven
688 1283 82 21 mindre
785 1283 102 27 lämpliga
901 1281 47 22 offi-

188 1324 80 14 cerare.
298 1317 34 21 Då
354 1317 39 22 vär
414 1318 91 27 fåtaliga
519 1318 73 21 aktiva
607 1318 59 22 armé
681 1318 61 21 torde
758 1318 53 20 böra
826 1323 61 15 anses
903 1322 45 16 som

187 1352 68 20 kader
272 1352 39 20 och
326 1358 99 16 reserven
440 1352 71 22 säsom
526 1352 38 22 vär
580 1352 106 27 egentliga
701 1351 175 27 försvarsstyrka,
884 1350 64 22 fram-

187 1385 38 27 gär
247 1386 64 20 häraf
324 1386 79 27 tydligt
418 1387 41 21 den
475 1389 60 19 stora
548 1387 118 27 betydelse,
682 1388 31 20 ett
729 1386 82 27 dugligt
827 1386 38 21 och
881 1384 67 22 kraft-

188 1420 50 21 fullt
253 1420 57 21 befäl
326 1422 50 25 äger
391 1422 7 20 i
413 1420 38 22 vär
466 1422 232 26 militärorganisation.

261 1455 63 21 Emot
347 1455 36 21 det
398 1455 147 27 föreliggande
560 1455 140 27 lagförslaget
714 1455 40 21 har
771 1454 88 26 anförts,
875 1455 32 19 att
922 1460 26 14 en

256 1494 141 22 Lagutskottets
410 1495 117 17 betänkande
539 1496 36 16 N:o
588 1496 28 17 19.
