1086 1717
290 162 80 23 Ständ.
386 163 38 22 Sv.
439 174 28 3 —
482 162 70 28 Prop.
569 162 39 22 N:o
624 162 35 21 34.
794 161 28 21 43

236 228 33 18 att
284 227 19 26 ej
318 226 73 20 andra
407 228 28 18 än
451 226 32 26 de,
499 233 45 13 som
560 228 38 18 äro
616 226 135 26 berättigade
759 228 33 18 att
800 225 52 21 idka

236 260 80 20 handel
339 261 46 20 med
408 260 97 26 bränvin,
526 261 52 27 ingä
594 260 71 20 säsom
681 260 99 27 delegare
795 260 9 20 i
819 259 34 21 bo-

237 294 64 28 laget.

521 335 16 26 8
552 337 18 18 9.

312 374 95 27 Uppstär
429 375 8 19 i
459 375 50 20 stad
530 375 66 25 fråga
614 381 32 14 om
662 374 151 27 öfverlätande
829 372 29 24 af

238 408 31 21 all
284 408 157 27 utminutering
463 409 52 20 eller
531 408 147 27 utskänkning
694 408 30 27 af
735 408 120 27 spritdryc-

238 443 38 20 ker
298 444 23 19 ät
340 443 41 26 för
403 443 70 20 sädan
489 444 91 19 rörelses
596 443 142 26 bedrifvande
753 443 9 20 i
777 442 78 26 sedlig-

240 477 72 20 hetens
328 477 91 21 intresse
429 478 153 26 organiseradt
594 477 69 27 bolag,
672 477 57 21 skall
737 477 118 26 magistra-

240 513 35 18 ten
291 511 130 28 Öfverlemna
437 512 148 26 ansökningen
601 512 35 20 till
644 511 213 26 stadsfullmäktiges

240 545 58 26 eller,
315 546 38 19 der
367 546 82 20 sädane
460 545 43 21 icke
508 546 84 27 finnas,
601 545 186 21 rädhusstämmas
792 544 66 28 pröf-

240 580 54 27 ning
310 582 56 18 samt
381 580 8 19 i
405 581 157 26 sammanhang
578 580 88 21 dermed
676 580 86 27 föreslä
777 580 26 20 de
818 585 41 14 un-

241 614 89 27 dantag,
353 621 44 13 som
421 621 62 14 anses
500 615 52 20 böra
567 617 65 25 göras
647 615 37 24 för
698 615 160 20 utminuterare

241 648 28 27 af
282 648 118 21 utländska
416 649 149 27 spritdrycker
579 649 37 20 och
630 647 228 28 utskänkningsröelse

242 683 14 20 å
272 682 139 25 konditorier,
434 684 172 19 vestaurationer
628 683 37 20 och
682 683 107 20 värdshus
805 681 52 22 eller

242 717 96 20 hoteller.
361 712 34 25 Är
411 718 116 26 magistrat
542 717 47 21 med
598 717 199 27 stadsfullmäktige
806 716 53 21 eller

242 751 177 20 rådhusstämma
442 758 54 19 ense,
515 752 52 20 eller
582 752 72 26 afsläs
670 751 147 27 ansökningen
833 749 29 27 af

243 784 198 28 stadsfullmäktige
464 786 53 20 eller
531 785 183 26 rädhusstämma,
731 785 67 26 blifve
813 784 47 20 der-

244 819 36 20 vid
297 819 109 21 beroende.
439 819 128 27 Tillstyrkes
582 820 66 26 bifall
661 819 23 28 af
693 817 168 29 stadsfullmäk-

245 855 43 26 tige
303 854 52 21 eller
370 853 182 27 rädhusstämima,
569 861 49 14 men
634 854 109 27 afstyrkes
759 853 27 26 af
793 852 68 27 magi-

244 890 78 24 traten,
349 888 143 26 öfverlemnas
522 889 89 20 ärendet
635 889 35 20 till
693 888 168 27 länestyrelsens

243 922 132 27 afgörande;
397 922 38 21 och
457 923 58 26 gälle
531 923 111 26 angående
658 922 159 21 bestämmande
837 920 28 27 af

243 957 259 26 utskänkuningsafgiften
517 957 57 20 hvad
593 957 73 20 derom
682 958 8 19 i
704 957 16 27 $
734 958 13 19 7
763 956 98 27 stadgas.

243 991 49 20 Den
308 991 29 26 af
348 991 79 20 sådant
443 991 161 27 bolaysrörelse,
614 991 64 26 efter
693 991 82 26 afdrag
790 989 26 27 af
825 996 37 13 sex

242 1028 102 25 procents
360 1027 66 18 ränta
442 1026 13 19 å
471 1025 93 26 bolagets
580 1025 86 27 kapital
680 1027 56 18 samt
747 1024 118 27 driftkost-

245 1061 106 24 naderna,
368 1060 133 26 uppstående
517 1060 57 20 vinst
588 1059 58 21 skall
656 1059 115 21 användas
780 1059 34 21 till
823 1057 43 22 all-

246 1096 61 19 mänt
323 1094 84 27 nyttiga
423 1094 112 24 ändamål,
551 1094 53 21 dock
619 1094 45 20 icke
680 1094 92 24 sådana,
789 1092 74 21 hvilka

247 1128 178 21 stadkommunen
448 1128 56 27 sjelf
525 1128 37 21 bör
584 1135 75 20 genom
684 1127 136 28 beskattning
839 1125 31 28 af

247 1163 49 20 sina
312 1163 138 20 medlemmar
467 1163 120 26 tillgodose.

527 1221 14 25 $
556 1222 34 20 10.

319 1265 142 28 Gästgifvare
476 1265 14 20 &
506 1265 74 20 lundet
596 1265 116 21 bibehålles
720 1265 60 20 intill
788 1264 81 27 utgån-

248 1308 40 20 yen
312 1300 30 27 af
360 1301 27 19 år
410 1301 57 20 1887
483 1300 37 20 vid
535 1300 131 27 rättigheten
682 1301 33 19 att
730 1299 23 20 åt
769 1298 98 24 resande,

249 1342 45 13 som
310 1334 73 21 tillika
399 1335 88 27 intager
501 1334 85 26 måltid,
595 1334 109 20 utskänka
713 1333 98 26 bränvin,
819 1338 50 14 men

250 1369 95 28 derefter
360 1370 35 20 må
411 1369 91 21 bränvin
519 1368 45 21 icke
574 1369 13 20 å
597 1368 132 28 gästyifveri
739 1366 130 23 utskänkas.

529 1426 15 28 $
559 1428 34 20 11.

320 1468 19 20 1.
376 1466 41 21 Vid
439 1466 132 22 helsobrunn
594 1466 50 22 eller
668 1466 76 20 badort
762 1466 53 20 eller
831 1464 39 21 der
