1086 1717
255 445 52 30 Till
328 444 173 31 Hedervärda
522 444 207 32 Bondeståndet!

181 531 64 21 Enär
269 530 108 21 öfverallt
399 530 9 21 i
427 531 52 20 vårt
495 530 55 21 land
566 532 73 20 röster
654 531 62 28 höjts
733 531 84 28 derom,
834 533 35 19 att

114 565 72 22 flödet
208 565 27 22 af
254 565 106 27 bränvin,
383 565 88 21 starka-
495 565 44 21 och
558 565 158 28 maltdrycker
731 567 73 20 störta
818 566 53 21 vårt

116 599 50 22 folk
180 599 9 21 i
204 599 93 28 andligt
312 599 44 21 och
371 599 116 21 materielt
502 599 108 22 afseende
626 600 38 21 till
678 600 137 27 undergång
827 599 44 22 och

115 633 162 22 erfarenheten
299 633 68 28 visar,
391 635 35 19 att
449 633 76 22 denna
547 634 47 21 last
616 634 36 21 för
670 634 59 21 både
745 634 46 21 alla
806 634 8 21 i
829 633 42 22 all-

115 668 96 21 mänhet
227 667 42 22 och
286 667 110 22 särskildt
411 667 139 28 ungdomen,
566 669 53 20 vårt
628 668 153 29 uppväxande
789 668 81 27 slägte,

115 703 8 20 i
139 702 65 22 detta
219 702 160 21 förstörelsens
399 702 73 27 svalg,
496 703 25 20 så
536 703 72 27 vågar
621 702 41 29 jag
678 702 35 22 för
728 702 143 21 hedervärda

117 737 171 22 bondeståndet
303 736 133 29 ödmjukast
451 736 94 23 föreslå:

319 788 38 21 Att
379 788 242 28 tillverkningsbeloppet
644 789 29 26 af
692 788 90 21 bränvin
801 788 68 21 skulle

254 823 96 22 minskas
369 823 46 20 med
434 823 84 25 hälften
534 823 36 21 och
585 823 83 21 skatten
684 823 51 21 ökas
750 822 49 21 med
815 821 57 27 hälf-

256 861 33 18 ten
304 857 29 27 af
345 857 45 21 dess
405 858 138 20 närvarande
558 858 87 27 belopp;

324 892 38 21 Att
385 892 66 21 tullen
471 893 31 26 pä
527 892 75 21 starka
618 892 95 28 drycker,
729 899 44 14 som
789 892 85 25 införas

256 927 8 20 i
280 926 77 25 landet,
374 925 67 22 skulle
457 926 62 27 höjas
535 927 33 20 till
583 926 84 26 hälften
682 926 74 27 högre;

326 961 39 21 Att
379 960 137 21 maltskatten
531 961 68 20 skulle
613 960 111 27 förhöjas;

324 995 38 20 Att
385 995 91 20 bränvin
499 995 36 20 och
558 995 75 20 starka
656 995 88 27 drycker
764 994 43 21 icke
816 993 60 28 finge

256 1030 70 26 säljas
348 1029 83 20 mindre
456 1031 29 18 än
503 1031 48 24 fem
572 1029 84 20 kannor
672 1030 8 19 i
693 1029 89 27 gången,
799 1027 36 21 och
851 1026 29 25 af

257 1063 143 28 maltdrycker
415 1063 44 20 icke
474 1064 84 20 mindre
574 1065 29 18 än
618 1070 25 13 en
658 1063 64 28 korg;

326 1098 39 21 Att
387 1098 44 21 alla
453 1097 227 28 försäljningrställen
702 1097 68 21 skulle
789 1098 88 25 stängas

258 1133 54 26 från
334 1139 114 20 morgonen
471 1133 69 26 dagen
554 1134 52 25 före
620 1134 49 19 sön-
684 1133 50 20 eller
750 1130 127 28 högtidsdag

258 1168 34 21 till
310 1167 103 27 följande
435 1166 128 27 söcknedags
585 1166 94 27 middag.
711 1164 114 22 Likaledes
840 1170 40 14 un-

260 1202 38 21 der
312 1201 131 21 marknader
458 1201 37 20 och
511 1201 117 26 torgdagar
643 1202 55 18 samt
713 1199 118 26 allestädes,
843 1198 38 20 der

260 1236 103 28 menighet
378 1235 71 28 blifvit
464 1234 181 22 sammankallad.

187 1287 154 29 Helsingfors,
358 1287 44 22 den
417 1287 28 21 26
460 1287 100 22 Januari
576 1285 66 22 1885.

585 1348 27 22 G.
632 1348 33 21 A.
684 1346 127 22 Raitanen.
