1086 1717
306 164 79 22 Ständ.
401 164 37 22 Sv.
454 176 27 3 —
497 164 70 28 Prop.
584 165 39 21 N:o
638 165 35 21 36.

354 431 145 22 Finlands
514 431 146 22 Ständers
676 430 191 28 underdåniga

322 476 67 16 svar
412 471 5 21 i
440 471 108 27 anledning
572 471 20 21 af
608 471 54 22 Hans
678 471 113 27 Kejserliga
806 471 60 27 Maje-

320 511 53 21 stäts
397 511 74 27 nådiga
494 511 124 27 proposition
642 517 32 15 om
696 511 115 27 antagande
833 510 32 21 af:

320 551 30 20 1:0
369 551 74 21 allmän
459 551 91 27 strafflag
566 551 32 22 för
612 550 196 22 Storfurstendömet
823 550 44 21 Fin-

322 591 56 25 land;
394 591 34 21 2:0
443 591 119 26 förordning
573 596 32 15 om
616 590 153 27 verkställighet
779 590 20 21 af
809 589 58 22 straff

321 630 54 21 samt
390 631 35 20 3:o
441 630 117 27 förordning
574 635 32 16 om
623 629 106 22 införande
743 630 21 21 af
779 629 88 22 straffla-

323 675 38 22 gen
377 671 38 21 och
433 670 50 22 hvad
501 671 5 20 i
522 670 99 21 afseende
637 669 51 22 derä
697 669 52 22 skall
761 669 107 27 iakttagas.

153 743 267 27 Stormäktigste,
443 743 241 28 Allernädigste
707 743 132 28 Kejsare

362 778 54 21 och
431 778 193 21 Storfurste!

184 840 72 21 Sedan
274 840 95 21 Eders
389 840 177 27 Kejserliga
586 840 151 27 Majestät
757 840 35 21 vid
808 839 60 22 inne-

117 875 95 20 varande
234 874 105 27 landtdag
361 874 48 21 lätit
431 874 111 27 förelägga
557 874 121 21 Ständerna
693 874 64 27 nädig
771 874 97 27 proposi-

117 908 46 21 tion
180 915 34 14 om
230 909 122 26 antagande
367 908 24 21 af
404 908 81 21 allmän
500 908 100 27 strafflag
615 908 34 21 för
664 907 205 22 Storfurstendömet

117 941 101 28 Finland,
234 941 128 28 förordning
378 949 33 14 om
427 941 163 28 verkställighet
605 941 25 22 af
642 941 63 22 straff
717 944 55 19 samt
787 941 82 22 förord-

119 975 52 27 ning
194 982 35 14 om
244 975 113 22 införande
373 975 24 22 af
409 975 127 28 strafflagen
552 975 40 21 och
606 975 58 22 hvad
679 975 7 21 i
701 975 101 22 afseende
818 975 52 21 derä

119 1009 55 21 skall
189 1009 115 28 iakttagas,
321 1009 40 22 har
376 1009 133 22 Ständernas
524 1009 138 27 Lagutskott,
677 1010 33 21 till
724 1009 64 22 hvars
798 1009 71 21 förbe-

118 1043 95 21 redande
235 1043 132 28 behandling
391 1045 96 20 Ständen
503 1043 120 22 remitterat
639 1045 42 20 den
696 1044 80 27 nädiga
791 1050 78 21 propo-

119 1077 100 27 sitionen,
243 1078 33 21 uti
298 1077 110 22 skrifvelse
425 1077 32 22 till
473 1077 96 22 Ständen
585 1077 24 22 af
622 1079 42 20 den
682 1079 22 20 11
722 1078 146 21 innevarande

119 1111 43 28 Maj
179 1111 173 28 tillkännagifvit,
369 1114 32 19 att
417 1112 110 21 Utskottet
542 1111 34 22 till
591 1111 53 28 följd
658 1112 24 21 af
690 1113 83 20 ämnets
783 1111 87 22 omfatt-

118 1145 52 27 ning
193 1146 40 21 och
256 1147 92 20 emedan
371 1147 41 20 den
429 1146 80 27 nädiga
524 1146 162 27 propositionen
701 1146 89 21 kommit
806 1145 64 21 Stän-

119 1181 67 20 derna
208 1180 107 21 tillhanda
337 1180 54 21 först
413 1181 68 20 under
503 1180 143 27 landtdagens
669 1187 76 14 senare
763 1179 63 24 hälft,
842 1179 29 21 dä

118 1215 108 25 mängden
249 1214 25 21 af
294 1214 68 27 öfriga
385 1214 33 21 till
433 1214 82 27 slutligt
531 1214 118 27 afgörande
664 1214 95 21 beredda
774 1214 96 21 ärenden

119 1247 63 22 äfven
204 1248 97 27 päkallat
322 1249 47 20 täta
383 1249 175 20 sammanträden
574 1248 25 21 af
612 1248 101 26 Ständen,
729 1248 48 21 icke
792 1248 78 21 hunnit

119 1282 69 21 under
210 1289 29 14 nu
261 1282 176 28 tilländagäende
460 1283 146 21 ständermöte
622 1282 92 28 fullgöra
729 1281 142 23 omförmälda

119 1316 106 27 uppdrag.

188 1350 41 21 Till
244 1350 54 28 följd
312 1350 65 22 häraf
389 1350 22 21 fä
426 1350 121 22 Ständerna
563 1350 156 27 underdänigst
734 1350 97 21 anmäla:

326 1386 29 19 att
369 1385 109 20 Ständerna
493 1385 26 25 af
531 1384 147 27 ofvananförda
694 1385 79 19 orsaker
787 1384 40 20 icke
837 1390 34 14 va-

257 1420 29 19 rit
299 1420 9 19 i
322 1418 77 28 tillfälle
413 1421 30 18 att
457 1420 33 19 vid
505 1420 61 19 denna
582 1419 92 25 landtdag
688 1418 85 27 slutföra
787 1418 82 25 gransk-

256 1453 68 25 ningen
338 1452 27 27 af
375 1452 129 30 förenämnda
519 1452 112 28 lagförslag.
