1086 1717
296 155 80 22 Ständ.
393 155 36 22 Sv.
445 166 28 4 —
488 155 70 27 Prop.
575 155 39 21 N:o
629 154 34 22 35.
820 156 13 20 9

111 217 52 23 dess
179 217 41 23 öde
236 217 78 28 gifvet.
344 217 35 22 De
395 216 106 30 antydda
521 217 239 31 omständigheterna,
776 217 55 23 eller
847 218 14 21 ä

111 259 43 15 ena
169 251 67 23 sidan
251 251 46 23 den
312 251 59 22 lätta
386 252 44 22 och
441 252 177 27 vinstgifvande
630 252 160 28 afsättningen
801 254 60 20 samt

111 287 13 21 ä
139 286 73 22 andra
225 286 45 23 den
286 285 205 29 svärhandterliga
504 286 148 30 jordmänen,
668 286 94 23 komme
777 286 84 23 nemli-

109 328 45 20 gen
171 321 97 23 ofelbart
283 322 33 20 att
331 321 64 21 inom
410 320 54 22 kort
478 320 86 28 bringa
580 320 39 23 det
630 320 96 31 derhän,
736 323 33 20 att
779 321 82 28 skogs-

110 355 129 30 markerna,
262 354 38 23 till
319 354 44 22 den
380 354 38 22 del
434 354 85 23 sädant
534 355 84 22 lönade
634 356 44 28 sig,
693 355 78 23 blefve
787 356 73 22 afver-

110 389 60 23 kade
191 390 43 22 och
256 389 34 23 för
309 388 70 28 öfrigt
394 388 141 31 afsvedjade.
565 390 52 22 Och
633 389 46 23 den
694 389 99 29 slutliga
807 390 53 29 följ-

109 424 45 23 den
170 424 68 23 häraf
255 423 84 30 blefve,
358 426 33 19 att
405 423 170 28 lägenheterna
590 424 115 23 förlorade
721 425 37 22 sin
773 424 87 23 skatte-

108 459 104 28 förmäga
227 461 61 20 samt
303 458 66 23 deras
385 458 71 22 äboar
472 458 130 34 nedsjönke
616 459 39 22 till
666 459 127 28 daglönare
804 459 56 22 eller

110 493 144 22 utvandrade
269 493 38 22 till
322 492 128 29 Ryssland.
480 493 112 22 Aboarne
603 493 58 28 egde
672 493 40 23 väl
721 495 18 28 ej
750 493 111 28 rättighet

109 530 38 28 att,
163 530 56 20 utan
234 527 114 23 särskildt
369 527 127 22 utverkadt
513 527 117 30 tillständ,
645 528 110 27 begagna
771 528 89 28 skogen

110 563 13 21 å
139 563 51 21 sina
212 561 136 28 lägenheter
369 561 38 22 till
431 561 76 22 afsalu
521 563 75 21 innan
612 561 29 23 de
656 562 39 23 till
711 563 58 22 fullo
785 562 76 28 erlagt

108 596 180 28 löseskillingen
303 596 34 22 för
352 595 63 30 dem;
431 603 55 15 men
503 595 39 23 det
556 603 56 16 vore
623 599 34 20 att
667 597 92 30 förutse,
771 599 32 20 att
812 599 47 20 trä-

107 631 210 29 varuspekulanter
339 637 47 21 nog
403 630 80 23 skulle
498 630 84 31 gifvas,
598 638 50 15 som
664 631 73 22 funne
753 631 38 23 det
806 631 53 22 med

107 666 37 21 sin
166 665 72 22 fördel
260 664 110 29 förenligt
393 667 33 20 att
447 664 39 23 till
507 665 61 22 äbon
584 665 116 30 förskjuta
714 665 145 23 löseskillin-

107 707 57 20 gens
185 699 93 30 belopp,
300 699 34 22 för
357 701 33 20 att
411 699 74 22 sedan
507 701 49 20 mot
574 707 28 14 en
618 701 69 26 ringa
702 701 106 28 penning
824 700 34 22 ät-

107 734 95 22 komma
217 733 95 28 skogen.

174 768 82 23 Säsom
272 767 77 23 medel
363 767 38 22 till
416 767 192 28 förverkligande
624 768 25 23 af
660 768 198 23 kommissionens

107 802 174 23 ofvannämnda
302 801 87 28 förslag
411 809 38 15 om
469 801 114 24 bildande
599 802 25 23 af
636 803 151 22 kommunal-
803 803 56 22 eller

107 836 258 29 samfällighetsskogar
397 835 108 31 erbjuder
535 837 43 29 sig,
609 837 77 28 enligt
715 837 143 22 Ständernas

107 871 77 30 tanke,
207 871 100 22 allenast
330 870 39 23 det
390 870 44 23 fria
457 870 85 23 aftalet.
573 871 47 22 Väl
635 871 44 22 har
694 871 41 23 vid
751 871 106 23 ärendets

106 905 148 28 behandling
270 905 43 22 hos
328 904 133 23 Ständerna
476 905 134 27 ifrägasatts
626 907 34 20 att
674 905 146 30 beviljandet
835 905 25 23 af

109 940 28 23 de
154 941 9 21 i
184 939 89 28 nädiga
295 940 174 28 propositionen
492 939 134 28 föreslagna
648 939 117 24 lättnader
786 939 72 24 borde

107 977 66 25 göras
195 973 115 24 beroende
333 973 65 23 deraf
413 975 34 20 att
462 973 146 23 landboarne
625 974 13 22 &
653 975 38 21 sin
706 974 52 23 sida
772 974 86 23 under-

107 1009 69 22 kasta
197 1009 37 27 sig
256 1008 45 23 den
316 1007 137 28 förändring
469 1008 25 22 af
507 1007 45 23 den
568 1007 100 29 tidigare
684 1009 174 22 öfverenskom-

107 1043 95 28 melsen,
216 1050 51 15 som
282 1042 34 23 för
329 1042 271 28 kommunalskogarnes
614 1043 208 28 ävägabringande
833 1045 26 20 är

108 1077 24 23 af
144 1076 82 23 nöden.
256 1077 56 22 Men
336 1077 74 22 ehuru
433 1076 133 23 Ständerna
580 1077 67 22 finna
663 1076 39 23 det
716 1085 57 14 vara
787 1077 72 22 önsk-

106 1112 45 27 ligt
173 1111 43 23 och
240 1112 88 28 nyttigt
351 1113 33 21 att
406 1111 230 28 kommunalskogar
658 1111 77 23 blefve
756 1111 102 31 bildade,

107 1153 54 15 anse
177 1145 130 23 Ständerna
322 1145 60 23 dock
398 1148 39 27 att,
453 1145 99 23 emedan
568 1146 179 27 ifrägavarande
757 1146 101 22 lindrin-

106 1187 42 20 gar
170 1181 38 21 äro
226 1180 24 22 af
266 1187 29 15 en
310 1179 111 28 oafvislig
444 1179 180 28 nödvändighet
645 1180 35 23 för
701 1180 156 23 landboarnes

107 1213 153 23 ekonomiska
283 1215 108 28 existens,
415 1213 132 23 desammas
566 1214 138 30 beviljande
720 1214 52 23 icke
787 1214 71 23 borde

106 1248 82 23 bindas
211 1248 41 23 vid
274 1249 74 27 nägra
370 1247 119 24 särskilda
511 1248 79 22 vilkor
606 1249 43 22 och
665 1248 123 30 förbehäll,
803 1256 55 15 vare

106 1283 37 27 sig
161 1285 33 20 att
216 1282 69 23 dessa
306 1283 63 27 angä
389 1282 116 23 bildande
521 1283 24 22 af
558 1283 229 28 kommunalskogar
802 1283 56 23 eller

107 1318 75 20 annat.
212 1317 37 22 Då
264 1317 24 22 ät
302 1316 121 29 Styrelsen
434 1316 132 22 emellertid
577 1316 164 23 öfverlemnats
753 1320 33 20 att
794 1316 63 23 med-

105 1350 65 28 gifva
192 1350 67 23 äfven
282 1351 135 28 ytterligare
441 1350 127 28 eftergifter
583 1352 8 21 i
607 1353 31 20 ett
657 1351 57 22 eller
736 1353 72 20 annat
825 1350 33 22 af-

106 1384 90 30 seende,
219 1385 43 22 och
284 1385 121 29 Styrelsen
428 1385 129 30 sannolikt,
580 1392 85 21 genom
685 1384 135 31 beviljande
836 1384 24 22 af

105 1419 74 27 nägra
193 1420 131 28 temporära
338 1418 117 23 lättnader
471 1419 64 22 skall
551 1419 85 29 lyckas
652 1420 161 27 ävägabringa
829 1426 27 15 en

105 1452 235 23 öfverenskommelse
355 1453 53 23 med
420 1453 102 23 äboarne
533 1453 122 28 angående
666 1453 192 27 samhällighets-
