1086 1717
460 140 40 22 N:o
515 140 35 22 36.
823 140 29 21 69

123 202 85 22 stämdt
222 201 34 22 till
270 201 135 28 försäljning,
421 201 52 22 eller
492 203 49 21 med
555 203 79 20 sådant
649 202 47 27 ting
710 201 87 22 förenar
811 203 70 23 ämne,

125 235 83 22 hvilket
222 236 44 21 han
281 238 36 19 vet
332 236 97 21 medföra
444 236 48 21 fara
506 236 35 22 för
556 242 84 16 annans
654 236 28 21 lif
690 236 52 21 eller
751 236 68 26 helsa,
829 236 52 21 öller

125 269 70 22 håller
210 270 33 21 till
257 269 55 26 salu,
326 270 66 27 säljer
407 269 52 22 eller
474 270 129 22 annorledes
621 270 109 28 utsprider
745 270 68 28 dylikt
828 270 53 27 ting;

125 303 83 23 hvilket
224 304 42 21 han
283 306 35 19 vet
333 310 52 15 vara
404 304 91 27 mängdt
517 304 53 21 eller
586 304 102 22 förenadt
703 305 49 20 med
767 304 46 27 gift,
828 303 53 23 eller

124 340 71 20 annat
210 339 79 20 sådant
304 338 73 27 farligt
392 339 69 25 ämne,
479 338 40 21 och
535 338 89 28 förtiger
639 338 81 27 tingets
729 338 78 28 farliga
817 344 64 22 egen-

124 372 64 28 skap,
212 372 84 21 straffes
318 373 49 21 med
385 372 91 22 tukthus
495 372 47 22 från
558 372 41 22 och
614 374 50 20 med
678 374 37 20 två
729 372 34 22 till
777 372 40 22 och
832 373 50 21 med

124 407 50 21 åtta
190 407 23 20 år
228 406 41 21 och
283 406 77 22 förlust
375 406 25 21 af
413 406 167 29 medborgerligt
596 406 129 22 förtroende.

196 441 82 20 Försök
294 442 24 20 är
332 441 119 21 straffbart.

196 475 46 21 Har
256 476 72 26 någon
344 475 23 21 af
379 475 102 21 vållande
504 475 154 22 åstadkommit
672 477 33 19 att
720 475 48 21 fara
782 475 100 27 uppstått

125 509 35 21 för
182 509 136 21 menniskors
335 509 26 21 lif
379 509 52 21 eller
453 509 61 22 helsa
529 510 29 27 på
572 511 49 24 sätt,
637 516 45 14 som
698 516 29 14 nu
742 510 25 20 är
781 509 100 25 nämndt;

124 543 87 22 straffes
234 544 49 21 med
306 543 60 22 böter
385 544 18 27 ej
421 545 69 20 under
512 544 74 21 femtio
609 543 61 22 mark
692 543 53 22 eller
762 543 120 28 fängelse
871 539 15 37 i

125 577 67 28 högst
208 580 30 19 ett
254 579 30 20 år.

195 612 105 26 Matvara,
316 611 66 28 dryck
397 612 53 21 eller
465 618 72 15 annan
553 619 57 19 vara,
627 618 45 15 som
688 611 39 22 här
738 611 143 26 omförmäles,

125 652 52 16 vare
193 646 119 21 förbruten.

196 681 26 20 15
238 682 20 26 8.
289 681 64 25 Hvar,
369 687 46 14 som
435 681 138 27 uppsåtligen
596 680 108 27 utsprider
725 680 68 21 farsot
815 680 66 21 bland

124 715 133 26 menniskor,
281 715 84 21 straffes
384 715 50 21 med
454 715 90 20 tukthus
560 715 48 20 från
624 714 40 21 och
678 715 49 20 med
742 715 37 21 två
793 714 33 21 till
841 715 39 20 och

125 749 51 21 med
191 749 42 21 tolf
246 750 24 20 år
286 749 40 21 och
342 749 76 21 förlust
433 749 24 22 af
470 749 168 27 medborgerligt
652 748 130 22 förtroende.

195 783 82 21 Försök
293 784 23 20 är
332 783 119 21 straffbart.

195 817 51 21 Blef
265 824 78 20 genom
365 817 82 22 brottet
469 818 70 20 döden
563 816 132 28 tillskyndad
717 824 82 18 annan;
823 817 56 27 gälle

125 851 59 22 hvad
198 851 8 21 i
220 853 14 19 7
249 851 40 22 och
305 852 26 20 21
348 851 97 28 kapitlen
461 853 55 25 sägs.

195 885 72 22 Vållar
282 892 50 15 man
348 892 84 15 annans
447 885 145 28 insjuknande
607 885 7 21 i
629 885 68 21 farsot
707 885 130 27 derigenom,
847 887 33 19 att

125 926 52 15 man
192 919 72 28 bryter
277 923 45 18 mot
335 920 110 21 föreskrift
458 919 34 22 till
502 919 176 22 förekommande
688 919 52 21 eller
750 919 129 22 hämmande

123 953 27 22 af
161 953 69 22 farsot
252 954 66 21 bland
340 954 133 26 menniskor;
492 953 86 22 straffes
597 954 50 21 med
664 953 96 27 fängelse
775 953 48 22 från
838 954 40 21 och

124 989 50 21 med
188 989 38 21 två
240 989 104 21 månader
358 989 33 20 till
406 988 41 21 och
461 989 50 20 med
526 989 37 20 två
578 989 30 20 år.

197 1023 25 20 16
237 1024 17 25 $.
282 1023 113 27 Utsprider
409 1029 52 14 man
476 1022 138 27 uppsåtligen
624 1021 68 22 farsot
703 1022 66 21 bland
777 1021 100 28 husdjur;

122 1056 86 22 strafies
224 1058 49 20 med
288 1057 89 21 tukthus
392 1057 8 20 i
414 1057 64 26 högst
494 1057 47 27 fyra
556 1057 24 21 år
595 1056 53 22 eller
662 1056 95 27 fängelse
773 1056 19 27 ej
809 1057 68 20 under

121 1091 40 21 två
175 1091 109 21 månader.

191 1125 83 22 Försök
289 1127 25 20 är
328 1125 119 22 straffbart.

191 1159 74 22 Vållar
280 1160 72 27 någon
366 1159 68 21 farsot
450 1159 67 21 bland
531 1159 91 27 husdjur
638 1159 131 27 derigenom,
784 1161 33 19 att
831 1159 43 22 han

121 1194 74 27 bryter
213 1196 45 19 mot
278 1193 109 22 föreskrift
402 1193 34 21 till
450 1193 178 22 förekommande
643 1193 52 22 eller
709 1193 129 22 hämmande
853 1193 25 22 af

121 1227 60 29 dylik
200 1227 75 28 farsot;
300 1229 73 20 dömes
390 1227 33 21 till
439 1227 97 27 fängelse
551 1227 19 28 ej
588 1227 59 22 öfver
662 1229 31 20 ett
708 1228 24 21 år
747 1227 52 22 eller
813 1227 62 22 böter

120 1263 64 27 högst
199 1261 129 22 femhundra
342 1261 67 22 mark.

106 1292 2 3 |
191 1297 27 21 17
233 1298 17 26 8.
280 1296 54 26 Den,
350 1303 52 20 som,
418 1296 8 21 i
441 1296 80 27 uppsåt
537 1298 32 20 att
584 1296 69 22 skada
674 1303 84 15 annans
779 1296 95 27 kreatur,

119 1330 101 28 förgiftar
241 1330 129 26 betesmark,
393 1332 50 26 äng,
465 1330 143 26 foderförråd,
628 1330 95 28 fädryck,
739 1331 53 21 eller
807 1333 67 19 annat

119 1365 76 28 dylikt,
212 1366 24 20 så
250 1368 33 19 att
298 1365 80 22 allmän
394 1366 47 20 fara
461 1365 64 22 deraf
541 1366 96 26 uppstår,
653 1365 84 22 straffes
751 1366 50 21 med
815 1365 61 21 tukt-

118 1400 42 21 hus
174 1400 8 21 i
197 1399 64 27 högst
275 1400 47 27 fyra
337 1400 30 21 år.

188 1434 83 21 Försök
285 1435 25 20 är
324 1434 119 22 straffbart.
