1086 1717
235 148 30 22 52
546 148 40 22 N:o
603 148 37 22 36.

205 210 48 28 gift
276 210 36 28 sig
333 209 54 22 med
409 210 111 28 gvinnan,
542 210 116 29 återgång
680 210 24 22 af
725 209 145 29 giftermålet
883 210 87 22 blifvit

206 244 61 22 sökt.
286 239 34 27 Är
335 244 9 22 i
359 244 65 22 detta
438 244 43 22 fall
497 245 115 29 återgång
627 244 21 30 ej
660 244 62 28 sökt;
733 252 43 21 ege
787 244 48 22 åtal
843 244 53 22 icke
906 252 61 14 rum.

279 278 75 28 Brott,
378 286 49 14 som
441 279 10 21 i
467 280 26 21 12
509 279 44 22 och
570 281 26 20 13
613 280 28 26 $$
657 278 154 28 omförmälas,
826 279 38 21 må
879 279 21 28 ej
916 278 51 22 hel-

205 313 35 21 ler
256 313 74 22 åtalas
346 313 26 22 af
384 313 86 22 allmän
485 313 117 29 åklagare,
619 313 41 22 der
675 313 53 22 icke
742 312 168 30 målseganden
925 320 41 14 an-

204 347 61 22 mält
278 347 89 22 brottet
382 347 38 22 till
434 348 55 22 åtal.

509 443 44 21 26.
578 444 69 24 Kap.

354 496 41 23 Om
410 496 66 23 falsk
491 497 45 22 och
551 497 98 27 ostyrkt
664 496 143 28 angifvelse.

279 555 9 20 1
306 555 17 26 $.
353 553 72 28 Hvar,
441 560 55 19 som,
513 555 62 20 emot
588 553 79 22 bättre
682 553 108 27 vetande,
805 552 42 22 vid
862 552 101 22 domstol

203 587 59 22 eller
284 587 42 22 hos
347 595 76 14 annan
438 587 141 29 myndighet
594 588 75 21 åtalar
683 589 79 27 någon
776 587 37 22 för
827 587 70 27 brott,
912 594 51 15 som

206 621 77 22 denne
306 622 20 29 ej
350 622 109 27 föröfvat,
475 622 56 21 eller
546 622 36 21 för
597 622 65 22 brott
678 625 43 26 gör
736 629 74 14 osann
825 621 138 29 angifvelse,

203 656 99 21 hvilken
324 656 131 22 föranleder
475 656 48 21 åtal
538 658 63 19 emot
616 664 85 19 annan,
722 656 92 21 straffes
829 655 54 22 med
898 655 67 22 tukt-

203 690 45 22 hus
268 691 8 21 i
290 691 71 28 högst
375 691 52 28 fyra
443 691 26 21 år
483 690 44 22 och
541 691 85 21 förlust
642 691 26 21 af
680 690 184 28 medborgerligt
879 689 83 22 förtro-

204 724 60 22 ende
287 725 57 21 eller
365 725 105 28 fängelse
485 725 21 28 ej
523 725 75 21 under
612 725 54 28 fyra
680 725 121 27 månader,
817 725 64 26 eller,
897 724 9 21 i
921 723 43 22 fall

202 759 233 28 omständigheterna
458 763 39 18 äro
520 759 153 28 synnerligen
690 759 137 27 mildrande,
842 759 55 21 med
911 759 52 20 fän-

202 793 65 28 gelse
289 793 53 22 från
364 793 43 22 och
429 793 53 22 med
504 794 41 21 två
567 794 112 21 månader
699 793 38 22 till
753 793 44 22 och
811 793 54 21 med
880 793 40 22 två
936 793 28 21 år

202 827 58 22 eller
274 827 67 22 böter
356 827 20 29 ej
393 827 74 22 under
481 828 133 21 tvåhundra
629 829 72 20 mark.

274 862 57 21 Blef
350 862 45 21 den
418 862 117 21 tilltalade
556 862 50 22 fäld
629 863 39 20 till
690 861 109 22 tukthus-
822 861 57 22 eller
893 861 70 22 döds-

202 895 74 28 straff,
299 896 44 22 och
365 897 42 21 har
429 897 91 21 straffet
535 897 37 21 till
587 897 59 21 fullo
662 897 58 22 eller
733 897 80 28 någon
828 896 36 22 del
880 895 83 22 blifvit

200 929 140 28 verkstäldt;
351 930 78 22 dömes
439 931 138 28 angifvaren
587 931 38 21 till
636 931 98 22 tukthus
745 931 53 21 från
806 930 44 22 och
859 930 53 21 med
920 930 42 22 två

201 963 39 21 till
262 964 44 21 och
320 965 54 21 med
389 965 47 21 tolf
448 965 26 21 år
489 965 55 22 eller
559 966 31 28 på
606 965 78 22 lifstid
700 965 146 28 och;förlust
860 964 27 22 af
898 964 65 22 med-

200 997 132 30 borgerligt
347 999 139 22 förtroende.

296 1033 112 22 terkallar
430 1034 121 28 angifvare
572 1035 26 21 af
610 1042 61 21 egen
687 1034 59 21 drift
761 1033 72 22 ätalet
849 1033 57 21 eller
920 1040 41 14 an-

201 1066 124 28 gifvelsen,
349 1067 47 22 förr
420 1071 30 18 än
466 1068 53 21 dom
535 1068 108 22 deröfver
658 1068 74 27 fallit;
749 1067 80 22 dömes
845 1067 60 21 ändä
923 1067 39 21 till

200 1100 107 29 fängelse
330 1101 8 21 i
353 1101 70 28 högst
438 1104 35 19 ett
488 1103 25 20 är
528 1102 57 21 eller
600 1102 68 22 böter
682 1103 53 20 frän
751 1101 44 22 och
809 1101 54 22 med
878 1101 82 22 femtio

200 1134 38 21 till
254 1134 44 22 och
312 1135 54 22 med
381 1136 140 21 femhundra
535 1137 71 21 mark.

272 1170 14 20 2
300 1171 18 25 &.
348 1169 49 22 Har
419 1171 79 28 någon
513 1171 35 21 för
563 1173 35 19 att
614 1171 88 28 ädraga
717 1177 78 14 annan
810 1169 72 28 straff,
897 1171 64 20 emot

198 1202 79 22 bättre
299 1204 108 25 vetande,
429 1204 141 29 falskeligen
593 1207 63 19 emot
678 1205 86 20 honom
787 1203 118 28 förebragt
919 1203 43 22 be-

199 1237 115 22 svärande
331 1239 180 28 omständighet,
528 1246 49 14 som
592 1239 120 21 föranledt
727 1238 54 27 ätal,
798 1238 57 21 eller
869 1237 90 22 undan-

199 1270 88 22 skaffat
301 1271 66 23 bevis
382 1273 37 21 för
427 1273 58 21 hans
494 1273 92 28 oskuld,
597 1273 57 21 eller
665 1273 50 27 ock,
727 1272 73 22 sedan
811 1271 48 22 åtal
869 1272 91 26 väckts,

197 1305 129 29 undanröjt
348 1306 66 22 bevis
435 1308 37 20 för
495 1308 45 21 den
562 1308 130 21 tilltalades
716 1306 93 27 oskuld,
825 1306 57 21 eller
897 1309 63 18 emot

196 1339 88 22 honom
306 1340 141 30 falskeligen
469 1342 119 28 förebragt
610 1341 147 22 besvärande
773 1340 185 28 omständighet;

198 1374 92 21 straffes
306 1376 76 20 såsom
396 1376 9 20 i
421 1377 11 21 1
449 1378 11 25 $
476 1380 61 24 sägs.

269 1410 13 20 3
298 1410 16 26 &
345 1410 72 27 Hvar,
433 1418 57 20 som,
506 1412 62 20 emot
585 1410 75 22 bättre
675 1410 112 27 vetande,
797 1409 37 21 för
843 1409 63 21 brott
917 1412 45 25 gör

194 1448 77 16 osann
294 1443 129 28 angifvelse
439 1444 42 22 hos
497 1444 51 28 den,
565 1452 49 14 som
630 1452 55 21 eger
701 1444 63 22 åtala
779 1444 96 26 brottet,
890 1442 71 22 straf-
