1086 1717
405 144 82 24 Ständ.
502 144 38 24 Sv.
556 157 28 4 —
599 145 71 28 Prop.
686 144 41 22 N:o
742 144 36 22 33.

350 210 114 26 upptagna
487 208 105 26 hemman,
607 208 25 21 sä
648 208 64 27 länge
729 207 43 27 för
791 207 48 21 dem
856 206 111 47 Jennaa

345 241 119 27 Jrihetstid
474 241 103 27 fortfar;

419 275 24 27 b)
449 276 166 27 fastigheterna
624 275 38 21 och
672 275 149 28 inbyggarena
830 276 8 20 i
846 275 40 21 den
896 278 71 25 egent-

351 310 46 28 liga
413 309 155 29 Lappmarken
583 310 53 21 eller
646 309 125 27 Enontekis,
783 309 90 25 Kittilä,
884 309 83 21 Sodan-

350 344 59 28 kylä,
426 343 140 28 Kuolajärvi,
582 344 74 20 Enare
667 343 37 21 och
717 344 86 27 Utsjoki
809 344 94 21 socknar
911 345 56 19 samt

419 378 19 27 ec)
462 377 123 29 lägenheter
606 378 38 20 och
662 384 111 21 personer,
789 384 45 14 som
847 378 32 26 pä
893 376 75 29 grund

351 412 30 27 af
392 411 150 28 härförinnan
557 411 129 22 meddelade
696 412 130 27 privilegier
841 412 59 20 varit
908 411 60 28 frän

352 446 131 28 erläggande
499 445 30 28 af
541 446 163 28 tingsgästning
714 445 134 28 frikallade.

634 508 50 27 84

419 553 150 28 Innehafvare
592 554 31 27 af
636 554 161 29 jordlägenhet,
809 553 59 28 från
883 553 85 21 hvilken

329 611 2 2 .
352 588 163 28 tingsgästning
538 590 92 26 utgöres,
653 595 51 15 vare
723 588 46 21 icke
783 588 88 27 skyldig
887 590 32 19 att
934 587 34 20 uti

352 622 35 21 det
402 623 89 27 tinslag,
507 623 59 20 inom
581 623 79 21 hvilket
676 622 125 28 lägenheten
805 622 82 28 finnes,
896 622 73 27 erläg-

350 663 30 20 ga
395 656 43 21 slik
453 656 71 28 afgift
535 657 43 26 för
592 657 34 21 sin
638 663 94 21 person;
747 663 47 14 men
810 658 27 19 är
845 656 44 21 han
898 655 70 21 bosatt

352 691 37 21 och
403 690 43 22 har
462 693 45 26 eget
529 691 89 21 hushåll
634 692 56 20 inom
706 693 69 20 annat
791 691 105 26 tingslay,
911 689 59 21 skall

352 725 44 21 han
412 726 39 21 der
467 726 161 27 tingsgästning
645 725 77 22 betala.
753 725 29 28 Ej
797 725 36 20 må
848 725 72 27 någon
932 723 38 26 för

352 760 35 20 sin
406 766 81 21 person
503 761 8 19 i
527 760 165 27 tingsgästning
703 759 96 28 påföras
815 765 60 15 mera
891 761 29 18 än
934 764 35 15 en-

352 793 33 26 kel
400 793 79 28 afgift,
495 801 33 14 om
543 793 45 22 han
604 793 38 22 ock
652 793 57 27 flere
723 793 67 28 yrken
806 792 95 28 utöfvar.

634 857 16 26 $
664 857 22 21 5.

420 902 51 22 Den
481 903 68 27 enligt
560 903 72 21 denna
638 902 137 28 förordning
785 901 108 28 utgående
901 901 68 28 tings-

351 937 104 28 gästning
475 937 106 26 tillfaller
601 936 176 27 häradshöfding
797 936 79 26 allena,
893 935 76 21 hvare-

352 974 43 19 mot
415 971 122 21 nämndens
560 971 106 27 aflöning,
683 970 36 21 till
728 970 63 27 följd
807 969 30 27 af
849 969 26 21 de
891 969 78 20 lättna-

352 1005 39 21 der
413 1005 37 20 och
474 1005 131 27 eftergifter,
629 1011 45 14 som
697 1004 90 21 beredas
803 1003 166 21 kommunernas

352 1039 139 21 medlemmar
505 1045 76 21 genom
592 1038 156 27 ofvanstäende
758 1037 143 28 stadganden,
912 1036 58 21 skall

353 1072 108 22 bestridas
484 1073 30 26 af
529 1073 160 26 kommunerna,
705 1072 74 21 hvilka
790 1071 124 28 framdeles
929 1077 41 20 ega

352 1106 88 28 deltaga
455 1107 9 20 i
479 1106 119 21 nämndens
614 1106 143 25 tillsättande,
773 1105 42 21 allt
826 1105 33 27 pä
873 1106 44 19 sätt
932 1103 38 22 och

352 1140 9 21 i
376 1140 40 21 den
432 1140 96 27 ordning
544 1139 98 22 särskild
652 1139 144 28 författning
812 1139 30 27 af
848 1139 70 20 denna
926 1138 44 27 dag

353 1173 128 22 innehäller.

637 1214 12 27 8
665 1199 21 48 6.

425 1265 199 28 Tingsgäsiningen
639 1265 98 27 erlägges
752 1265 9 20 i
772 1264 127 28 penningar
914 1264 57 27 efter

354 1299 260 29 medelmarkegängspris
637 1302 56 19 samt
708 1299 109 28 uppbäres
832 1298 31 28 af
874 1298 96 22 kronans

353 1333 164 27 uppbördsmän
532 1334 113 28 samtidigt
660 1334 48 21 med
717 1332 139 29 jordskatter
864 1332 38 22 och
910 1340 60 14 man-

354 1368 175 27 talspenningar.

422 1402 17 20 I
451 1402 27 21 de
487 1402 49 26 fall
550 1402 30 21 dä
602 1401 179 27 häradshöfding
800 1402 33 27 pä
855 1400 75 28 grund
944 1399 32 27 af

354 1436 130 28 stadgandet
498 1438 9 20 i
521 1436 16 28 $
551 1437 15 20 8
580 1436 58 27 sjelf
649 1436 86 28 uppbär
747 1435 191 28 tingsgästningen
948 1435 23 19 in
