1086 1717
254 156 14 21 4
453 154 24 23 U.
493 156 23 22 B.
534 168 24 2 —
574 156 65 28 Prop.
650 155 38 23 N:o
704 154 33 23 39.

218 220 68 27 gande
301 220 65 22 likväl
381 221 46 22 icke
442 221 109 27 upptagits
567 221 5 21 i
588 221 144 27 föreliggande
745 220 223 28 författningsförslag.

219 254 34 22 Då
275 256 117 21 emellertid
413 256 34 21 för
466 256 60 20 brott
541 255 23 21 af
577 255 76 21 anförd
668 255 146 22 beskaffenhet
827 255 62 22 äfven
903 256 66 27 enligt

219 296 28 14 nu
262 290 98 26 gällaade
375 290 35 28 lag
425 290 42 21 kan
482 290 88 21 ädömas
585 290 67 26 straff,
668 290 39 21 och
722 290 146 21 utlemnandet
883 289 22 22 af
911 296 59 20 nyss-

219 324 91 21 berörda
326 325 115 26 stadgande
457 325 141 27 tilläfventyrs
614 324 117 22 föranledts
747 324 62 22 deraf
822 326 32 20 att
869 324 45 22 skäl
924 325 45 21 icke

219 360 81 20 ansetts
322 359 114 22 förefinnas
459 361 38 25 att,
525 359 33 22 för
580 359 54 21 slika
655 360 59 20 brott
733 359 70 21 införa
821 361 32 20 ett
871 359 100 22 särskildt

219 393 114 28 straffbud,
357 394 38 21 har
417 394 112 22 Utskottet
544 395 70 20 ansett
628 394 32 27 sig
675 394 46 22 icke
736 394 53 21 böra
804 394 6 21 i
825 394 145 27 författnings-

219 428 103 28 förslaget
336 428 69 22 införa
420 431 31 20 ett
467 429 68 27 dylikt
549 429 125 27 stadgande.

287 464 31 21 På
340 464 68 27 grund
430 464 23 21 af
473 464 56 21 hvad
552 464 150 27 Lagutskottet
721 464 39 21 här
778 464 63 21 ofvan
857 464 46 21 haft
917 466 52 19 äran

219 499 81 27 anföra,
316 498 33 22 får
364 499 111 22 Utskottet
489 499 109 21 vördsamt
614 499 88 22 föreslå:

356 571 32 20 att
410 569 125 22 Ständerna
552 568 34 22 uti
600 568 38 22 sitt
651 575 49 15 svar
715 569 13 20 å
744 568 41 22 den
800 568 83 28 nådiga
894 575 76 20 propo-

322 604 94 22 sitionen
437 604 48 21 ville
506 603 159 28 underdånigst
687 603 88 22 anmäla
792 605 33 19 att
839 603 130 26 Ständerna,

322 639 71 22 under
413 639 158 27 förutsättning
586 639 32 20 att
631 637 109 29 förslagen
755 637 33 22 till
803 637 81 22 allmän
898 636 72 28 straff-

323 674 35 27 lag
381 673 36 22 och
439 673 72 22 dertill
532 673 95 22 hörande
648 672 161 29 författningar
829 672 38 21 vid
887 679 32 15 nu
932 672 38 27 på-

322 709 83 28 gående
427 708 105 28 landtdag
555 707 43 22 icke
618 707 71 22 hinna
711 707 66 28 blifva
798 707 122 28 granskade
934 706 37 22 och

323 745 104 26 antagna,
446 743 95 28 godkänt
563 742 170 28 ifrågavarande
749 741 130 22 alternativa
892 741 80 28 förslag

324 778 33 21 till
370 778 134 27 författning
514 777 47 22 med
571 777 179 27 ofvanomordade
760 777 129 27 ändringar,
900 776 8 21 i
917 775 55 28 följd

324 813 26 28 af
369 813 71 21 hvilka
456 813 123 21 densamma
593 812 80 21 komme
688 813 32 20 att
735 811 81 22 erhålla
831 811 96 27 följande
943 811 29 27 ty-

324 843 65 37 delse:
777 861 2 2 :

495 950 153 34 Förordning,
666 949 165 28 innefattande
844 949 74 26 bland
933 955 41 20 an-

461 992 45 27 nat
523 990 249 28 straffbestämmelser
783 989 37 27 för
831 989 69 27 vissa
911 989 64 27 brott

462 1033 61 26 emot
540 1031 114 34 gällande
671 1029 202 34 tullförfattning.

573 1119 11 27 8
601 1120 18 20 1.

294 1163 10 20 1
320 1167 63 16 mom.
399 1161 44 21 lika
459 1161 48 21 med
521 1159 49 22 näd.
586 1165 59 21 prop.

292 1197 69 26 Stiger
383 1196 36 21 det
441 1194 162 23 undansnillade
625 1193 51 22 eller
698 1193 35 21 det
755 1198 51 15 man
829 1191 48 22 sökt
896 1191 80 21 undan-

223 1232 63 20 snilla
300 1231 32 21 till
348 1231 115 20 etthundra
478 1229 61 22 mark
554 1229 51 21 eller
620 1227 128 26 derutöfver,
765 1227 52 20 eller
833 1227 36 20 äro
885 1227 91 19 omstän-

224 1266 126 27 digheterna
364 1265 61 27 eljest
441 1263 143 27 försvårande,
600 1263 52 21 eller
666 1262 49 21 sker
731 1261 96 26 återfall;
843 1259 83 22 straffes
937 1260 40 21 den

224 1301 96 27 skyldige
334 1300 48 22 med
397 1300 62 20 böter
473 1298 47 22 frän
536 1298 38 21 och
589 1298 48 21 med
652 1296 115 22 etthundra
782 1296 33 20 till
830 1296 40 20 ock
880 1295 47 21 med
937 1296 41 20 ett-

223 1337 63 19 tusen
301 1334 61 22 mark
376 1334 52 21 eller
443 1334 95 26 fängelse
553 1332 47 22 frän
616 1332 39 21 och
671 1332 47 21 med
734 1331 35 21 tvä
783 1329 103 22 mänader
895 1329 33 21 till
938 1329 39 21 och

224 1370 48 21 med
288 1369 36 21 tvä
340 1368 29 22 är.

292 1405 44 20 Det
358 1404 131 26 tullpligtiga
510 1403 75 27 godset
607 1402 52 20 eller
682 1402 47 20 dess
752 1400 73 26 värde,
843 1399 24 21 sä
882 1398 36 22 ock
931 1398 49 22 kärl

224 1438 50 22 eller
288 1438 87 28 omslag,
391 1438 62 21 hvari
468 1437 71 28 godset
552 1436 104 28 förvaras,
676 1442 48 14 vare
748 1434 35 22 vid
805 1433 174 26 tullförsnillning

225 1474 53 20 eller
293 1473 73 21 försök
382 1473 71 21 dertill
469 1472 117 22 förbrutna.

294 1513 141 24 Lagutskottets
448 1512 116 19 betänkande
576 1513 36 17 N:o
626 1512 26 17 18.
