<?xml version="1.0" encoding="UTF-8"?>
<alto xmlns="http://www.loc.gov/standards/alto/ns-v3#" xmlns:xlink="http://www.w3.org/1999/xlink" xmlns:xsi="http://www.w3.org/2001/XMLSchema-instance" xsi:schemaLocation="http://www.loc.gov/standards/alto/ns-v3# http://www.loc.gov/alto/v3/alto-3-0.xsd">
	<Description>
		<MeasurementUnit>pixel</MeasurementUnit>
		<sourceImageInformation>
			<fileName>/tmp/tess_6yyqjqfw_input.PNG</fileName>
		</sourceImageInformation>
		<OCRProcessing ID="OCR_0">
			<ocrProcessingStep>
				<processingSoftware>
					<softwareName>tesseract 5.3.4</softwareName>
				</processingSoftware>
			</ocrProcessingStep>
		</OCRProcessing>
	</Description>
	<Layout>
		<Page WIDTH="1086" HEIGHT="1717" PHYSICAL_IMG_NR="0" ID="page_0">
			<PrintSpace HPOS="0" VPOS="0" WIDTH="1086" HEIGHT="1717">
				<ComposedBlock ID="cblock_0" HPOS="344" VPOS="149" WIDTH="495" HEIGHT="30">
					<TextBlock ID="block_0" HPOS="344" VPOS="149" WIDTH="495" HEIGHT="30">
						<TextLine ID="line_0" HPOS="344" VPOS="149" WIDTH="495" HEIGHT="30">
							<String ID="string_0" HPOS="344" VPOS="150" WIDTH="24" HEIGHT="22" WC="0.90" CONTENT="U."/><SP WIDTH="15" VPOS="150" HPOS="368"/>
							<String ID="string_1" HPOS="383" VPOS="151" WIDTH="24" HEIGHT="22" WC="0.92" CONTENT="B."/><SP WIDTH="16" VPOS="151" HPOS="407"/>
							<String ID="string_2" HPOS="423" VPOS="162" WIDTH="27" HEIGHT="4" WC="0.92" CONTENT="—"/><SP WIDTH="15" VPOS="162" HPOS="450"/>
							<String ID="string_3" HPOS="465" VPOS="150" WIDTH="66" HEIGHT="29" WC="0.95" CONTENT="Prop."/><SP WIDTH="16" VPOS="150" HPOS="531"/>
							<String ID="string_4" HPOS="547" VPOS="150" WIDTH="37" HEIGHT="23" WC="0.95" CONTENT="N:o"/><SP WIDTH="17" VPOS="150" HPOS="584"/>
							<String ID="string_5" HPOS="601" VPOS="149" WIDTH="34" HEIGHT="23" WC="0.95" CONTENT="39."/><SP WIDTH="177" VPOS="149" HPOS="635"/>
							<String ID="string_6" HPOS="812" VPOS="151" WIDTH="27" HEIGHT="19" WC="0.95" CONTENT="59"/>
						</TextLine>
					</TextBlock>
				</ComposedBlock>
				<ComposedBlock ID="cblock_1" HPOS="89" VPOS="214" WIDTH="915" HEIGHT="1274">
					<TextBlock ID="block_1" HPOS="111" VPOS="214" WIDTH="893" HEIGHT="64">
						<TextLine ID="line_1" HPOS="111" VPOS="214" WIDTH="893" HEIGHT="29">
							<String ID="string_7" HPOS="111" VPOS="216" WIDTH="101" HEIGHT="27" WC="0.91" CONTENT="beloppet"/><SP WIDTH="20" VPOS="216" HPOS="212"/>
							<String ID="string_8" HPOS="232" VPOS="216" WIDTH="34" HEIGHT="22" WC="0.95" CONTENT="till"/><SP WIDTH="22" VPOS="216" HPOS="266"/>
							<String ID="string_9" HPOS="288" VPOS="216" WIDTH="116" HEIGHT="22" WC="0.96" CONTENT="etthundra"/><SP WIDTH="22" VPOS="216" HPOS="404"/>
							<String ID="string_10" HPOS="426" VPOS="216" WIDTH="63" HEIGHT="22" WC="0.95" CONTENT="mark"/><SP WIDTH="19" VPOS="216" HPOS="489"/>
							<String ID="string_11" HPOS="508" VPOS="215" WIDTH="34" HEIGHT="23" WC="0.95" CONTENT="för"/><SP WIDTH="15" VPOS="215" HPOS="542"/>
							<String ID="string_12" HPOS="557" VPOS="222" WIDTH="92" HEIGHT="16" WC="0.96" CONTENT="mannen"/><SP WIDTH="15" VPOS="222" HPOS="649"/>
							<String ID="string_13" HPOS="664" VPOS="216" WIDTH="40" HEIGHT="21" WC="0.96" CONTENT="och"/><SP WIDTH="14" VPOS="216" HPOS="704"/>
							<String ID="string_14" HPOS="718" VPOS="216" WIDTH="73" HEIGHT="22" WC="0.96" CONTENT="femtio"/><SP WIDTH="14" VPOS="216" HPOS="791"/>
							<String ID="string_15" HPOS="805" VPOS="215" WIDTH="62" HEIGHT="21" WC="0.96" CONTENT="mark"/><SP WIDTH="12" VPOS="215" HPOS="867"/>
							<String ID="string_16" HPOS="879" VPOS="215" WIDTH="22" HEIGHT="17" WC="0.96" CONTENT="20"/><SP WIDTH="12" VPOS="215" HPOS="901"/>
							<String ID="string_17" HPOS="913" VPOS="214" WIDTH="91" HEIGHT="22" WC="0.94" CONTENT="Kapitlet."/>
						</TextLine>
						<TextLine ID="line_2" HPOS="113" VPOS="250" WIDTH="147" HEIGHT="28">
							<String ID="string_18" HPOS="113" VPOS="250" WIDTH="34" HEIGHT="22" WC="0.93" CONTENT="för"/><SP WIDTH="13" VPOS="250" HPOS="147"/>
							<String ID="string_19" HPOS="160" VPOS="250" WIDTH="100" HEIGHT="28" WC="0.91" CONTENT="qvinnan."/>
						</TextLine>
					</TextBlock>
					<TextBlock ID="block_2" HPOS="112" VPOS="284" WIDTH="758" HEIGHT="411">
						<TextLine ID="line_3" HPOS="180" VPOS="284" WIDTH="689" HEIGHT="26">
							<String ID="string_20" HPOS="180" VPOS="285" WIDTH="98" HEIGHT="22" WC="0.95" CONTENT="Emedan"/><SP WIDTH="15" VPOS="285" HPOS="278"/>
							<String ID="string_21" HPOS="293" VPOS="284" WIDTH="24" HEIGHT="22" WC="0.95" CONTENT="af"/><SP WIDTH="13" VPOS="284" HPOS="317"/>
							<String ID="string_22" HPOS="330" VPOS="285" WIDTH="27" HEIGHT="22" WC="0.96" CONTENT="de"/><SP WIDTH="10" VPOS="285" HPOS="357"/>
							<String ID="string_23" HPOS="367" VPOS="285" WIDTH="134" HEIGHT="25" WC="0.96" CONTENT="uttalanden,"/><SP WIDTH="10" VPOS="285" HPOS="501"/>
							<String ID="string_24" HPOS="511" VPOS="291" WIDTH="45" HEIGHT="15" WC="0.96" CONTENT="som"/><SP WIDTH="10" VPOS="291" HPOS="556"/>
							<String ID="string_25" HPOS="566" VPOS="285" WIDTH="92" HEIGHT="21" WC="0.95" CONTENT="sålunda"/><SP WIDTH="9" VPOS="285" HPOS="658"/>
							<String ID="string_26" HPOS="667" VPOS="284" WIDTH="136" HEIGHT="22" WC="0.96" CONTENT="förekommit"/><SP WIDTH="10" VPOS="284" HPOS="803"/>
							<String ID="string_27" HPOS="813" VPOS="284" WIDTH="8" HEIGHT="22" WC="0.93" CONTENT="i"/><SP WIDTH="9" VPOS="284" HPOS="821"/>
							<String ID="string_28" HPOS="830" VPOS="284" WIDTH="39" HEIGHT="22" WC="0.93" CONTENT="Ut-"/>
						</TextLine>
						<TextLine ID="line_4" HPOS="112" VPOS="319" WIDTH="756" HEIGHT="28">
							<String ID="string_29" HPOS="112" VPOS="320" WIDTH="89" HEIGHT="27" WC="0.96" CONTENT="skottet,"/><SP WIDTH="21" VPOS="320" HPOS="201"/>
							<String ID="string_30" HPOS="222" VPOS="326" WIDTH="63" HEIGHT="21" WC="0.96" CONTENT="synes"/><SP WIDTH="15" VPOS="326" HPOS="285"/>
							<String ID="string_31" HPOS="300" VPOS="319" WIDTH="90" HEIGHT="28" WC="0.96" CONTENT="framgå,"/><SP WIDTH="17" VPOS="319" HPOS="390"/>
							<String ID="string_32" HPOS="407" VPOS="321" WIDTH="34" HEIGHT="20" WC="0.96" CONTENT="att"/><SP WIDTH="19" VPOS="321" HPOS="441"/>
							<String ID="string_33" HPOS="460" VPOS="319" WIDTH="106" HEIGHT="28" WC="0.96" CONTENT="förslaget"/><SP WIDTH="20" VPOS="319" HPOS="566"/>
							<String ID="string_34" HPOS="586" VPOS="326" WIDTH="32" HEIGHT="15" WC="0.92" CONTENT="om"/><SP WIDTH="20" VPOS="326" HPOS="618"/>
							<String ID="string_35" HPOS="638" VPOS="319" WIDTH="230" HEIGHT="27" WC="0.91" CONTENT="lönskalägesbrottets"/>
						</TextLine>
						<TextLine ID="line_5" HPOS="113" VPOS="354" WIDTH="756" HEIGHT="28">
							<String ID="string_36" HPOS="113" VPOS="354" WIDTH="137" HEIGHT="22" WC="0.95" CONTENT="uteslutande"/><SP WIDTH="22" VPOS="354" HPOS="250"/>
							<String ID="string_37" HPOS="272" VPOS="360" WIDTH="26" HEIGHT="16" WC="0.95" CONTENT="ur"/><SP WIDTH="21" VPOS="360" HPOS="298"/>
							<String ID="string_38" HPOS="319" VPOS="354" WIDTH="125" HEIGHT="28" WC="0.95" CONTENT="strafflagen"/><SP WIDTH="15" VPOS="354" HPOS="444"/>
							<String ID="string_39" HPOS="459" VPOS="354" WIDTH="49" HEIGHT="22" WC="0.93" CONTENT="icke"/><SP WIDTH="15" VPOS="354" HPOS="508"/>
							<String ID="string_40" HPOS="523" VPOS="354" WIDTH="202" HEIGHT="22" WC="0.90" CONTENT="öfverensstämmer"/><SP WIDTH="17" VPOS="354" HPOS="725"/>
							<String ID="string_41" HPOS="742" VPOS="354" WIDTH="48" HEIGHT="22" WC="0.92" CONTENT="med"/><SP WIDTH="14" VPOS="354" HPOS="790"/>
							<String ID="string_42" HPOS="804" VPOS="355" WIDTH="65" HEIGHT="21" WC="0.92" CONTENT="rätts-"/>
						</TextLine>
						<TextLine ID="line_6" HPOS="114" VPOS="388" WIDTH="755" HEIGHT="28">
							<String ID="string_43" HPOS="114" VPOS="389" WIDTH="152" HEIGHT="22" WC="0.96" CONTENT="medvetandet"/><SP WIDTH="19" VPOS="389" HPOS="266"/>
							<String ID="string_44" HPOS="285" VPOS="389" WIDTH="37" HEIGHT="21" WC="0.95" CONTENT="hos"/><SP WIDTH="19" VPOS="389" HPOS="322"/>
							<String ID="string_45" HPOS="341" VPOS="388" WIDTH="93" HEIGHT="22" WC="0.95" CONTENT="flertalet"/><SP WIDTH="20" VPOS="388" HPOS="434"/>
							<String ID="string_46" HPOS="454" VPOS="389" WIDTH="25" HEIGHT="21" WC="0.96" CONTENT="af"/><SP WIDTH="20" VPOS="389" HPOS="479"/>
							<String ID="string_47" HPOS="499" VPOS="388" WIDTH="161" HEIGHT="28" WC="0.96" CONTENT="befolkningen,"/><SP WIDTH="16" VPOS="388" HPOS="660"/>
							<String ID="string_48" HPOS="676" VPOS="389" WIDTH="40" HEIGHT="21" WC="0.93" CONTENT="har"/><SP WIDTH="15" VPOS="389" HPOS="716"/>
							<String ID="string_49" HPOS="731" VPOS="388" WIDTH="138" HEIGHT="28" WC="0.91" CONTENT="pluraliteten"/>
						</TextLine>
						<TextLine ID="line_7" HPOS="113" VPOS="423" WIDTH="756" HEIGHT="28">
							<String ID="string_50" HPOS="113" VPOS="423" WIDTH="8" HEIGHT="22" WC="0.96" CONTENT="i"/><SP WIDTH="16" VPOS="423" HPOS="121"/>
							<String ID="string_51" HPOS="137" VPOS="424" WIDTH="113" HEIGHT="21" WC="0.96" CONTENT="Utskottet"/><SP WIDTH="18" VPOS="424" HPOS="250"/>
							<String ID="string_52" HPOS="268" VPOS="423" WIDTH="47" HEIGHT="22" WC="0.96" CONTENT="icke"/><SP WIDTH="15" VPOS="423" HPOS="315"/>
							<String ID="string_53" HPOS="330" VPOS="424" WIDTH="82" HEIGHT="21" WC="0.96" CONTENT="kunnat"/><SP WIDTH="15" VPOS="424" HPOS="412"/>
							<String ID="string_54" HPOS="427" VPOS="423" WIDTH="94" HEIGHT="23" WC="0.96" CONTENT="omfatta"/><SP WIDTH="14" VPOS="423" HPOS="521"/>
							<String ID="string_55" HPOS="535" VPOS="424" WIDTH="107" HEIGHT="27" WC="0.96" CONTENT="förslaget"/><SP WIDTH="15" VPOS="424" HPOS="642"/>
							<String ID="string_56" HPOS="657" VPOS="423" WIDTH="72" HEIGHT="22" WC="0.96" CONTENT="derom"/><SP WIDTH="15" VPOS="423" HPOS="729"/>
							<String ID="string_57" HPOS="744" VPOS="425" WIDTH="56" HEIGHT="20" WC="0.93" CONTENT="samt"/><SP WIDTH="15" VPOS="425" HPOS="800"/>
							<String ID="string_58" HPOS="815" VPOS="423" WIDTH="54" HEIGHT="22" WC="0.93" CONTENT="såle-"/>
						</TextLine>
						<TextLine ID="line_8" HPOS="115" VPOS="457" WIDTH="754" HEIGHT="30">
							<String ID="string_59" HPOS="115" VPOS="457" WIDTH="38" HEIGHT="23" WC="0.96" CONTENT="des"/><SP WIDTH="22" VPOS="457" HPOS="153"/>
							<String ID="string_60" HPOS="175" VPOS="459" WIDTH="97" HEIGHT="27" WC="0.96" CONTENT="godkänt"/><SP WIDTH="22" VPOS="459" HPOS="272"/>
							<String ID="string_61" HPOS="294" VPOS="461" WIDTH="12" HEIGHT="19" WC="0.93" CONTENT="8"/><SP WIDTH="22" VPOS="461" HPOS="306"/>
							<String ID="string_62" HPOS="328" VPOS="458" WIDTH="31" HEIGHT="29" WC="0.75" CONTENT="&amp;:s"/><SP WIDTH="20" VPOS="458" HPOS="359"/>
							<String ID="string_63" HPOS="379" VPOS="461" WIDTH="11" HEIGHT="19" WC="0.96" CONTENT="1"/><SP WIDTH="16" VPOS="461" HPOS="390"/>
							<String ID="string_64" HPOS="406" VPOS="465" WIDTH="62" HEIGHT="15" WC="0.96" CONTENT="mom."/><SP WIDTH="15" VPOS="465" HPOS="468"/>
							<String ID="string_65" HPOS="483" VPOS="459" WIDTH="8" HEIGHT="21" WC="0.95" CONTENT="i"/><SP WIDTH="16" VPOS="459" HPOS="491"/>
							<String ID="string_66" HPOS="507" VPOS="459" WIDTH="68" HEIGHT="28" WC="0.96" CONTENT="öfrigt"/><SP WIDTH="15" VPOS="459" HPOS="575"/>
							<String ID="string_67" HPOS="590" VPOS="461" WIDTH="58" HEIGHT="19" WC="0.96" CONTENT="utom"/><SP WIDTH="16" VPOS="461" HPOS="648"/>
							<String ID="string_68" HPOS="664" VPOS="460" WIDTH="33" HEIGHT="20" WC="0.93" CONTENT="att"/><SP WIDTH="16" VPOS="460" HPOS="697"/>
							<String ID="string_69" HPOS="713" VPOS="457" WIDTH="156" HEIGHT="23" WC="0.88" CONTENT="bötesstraffets"/>
						</TextLine>
						<TextLine ID="line_9" HPOS="114" VPOS="493" WIDTH="755" HEIGHT="28">
							<String ID="string_70" HPOS="114" VPOS="493" WIDTH="115" HEIGHT="21" WC="0.95" CONTENT="maximum"/><SP WIDTH="21" VPOS="493" HPOS="229"/>
							<String ID="string_71" HPOS="250" VPOS="495" WIDTH="82" HEIGHT="20" WC="0.96" CONTENT="ansetts"/><SP WIDTH="23" VPOS="495" HPOS="332"/>
							<String ID="string_72" HPOS="355" VPOS="494" WIDTH="52" HEIGHT="21" WC="0.95" CONTENT="böra"/><SP WIDTH="23" VPOS="494" HPOS="407"/>
							<String ID="string_73" HPOS="430" VPOS="494" WIDTH="61" HEIGHT="27" WC="0.84" CONTENT="höjas"/><SP WIDTH="16" VPOS="494" HPOS="491"/>
							<String ID="string_74" HPOS="507" VPOS="494" WIDTH="35" HEIGHT="21" WC="0.92" CONTENT="till"/><SP WIDTH="14" VPOS="494" HPOS="542"/>
							<String ID="string_75" HPOS="556" VPOS="494" WIDTH="81" HEIGHT="27" WC="0.91" CONTENT="fyratio"/><SP WIDTH="15" VPOS="494" HPOS="637"/>
							<String ID="string_76" HPOS="652" VPOS="494" WIDTH="62" HEIGHT="21" WC="0.96" CONTENT="mark"/><SP WIDTH="14" VPOS="494" HPOS="714"/>
							<String ID="string_77" HPOS="728" VPOS="493" WIDTH="35" HEIGHT="22" WC="0.97" CONTENT="för"/><SP WIDTH="15" VPOS="493" HPOS="763"/>
							<String ID="string_78" HPOS="778" VPOS="499" WIDTH="91" HEIGHT="16" WC="0.96" CONTENT="mannen"/>
						</TextLine>
						<TextLine ID="line_10" HPOS="115" VPOS="527" WIDTH="754" HEIGHT="28">
							<String ID="string_79" HPOS="115" VPOS="527" WIDTH="39" HEIGHT="22" WC="0.93" CONTENT="och"/><SP WIDTH="15" VPOS="527" HPOS="154"/>
							<String ID="string_80" HPOS="169" VPOS="527" WIDTH="63" HEIGHT="28" WC="0.91" CONTENT="tjugu"/><SP WIDTH="14" VPOS="527" HPOS="232"/>
							<String ID="string_81" HPOS="246" VPOS="528" WIDTH="60" HEIGHT="21" WC="0.96" CONTENT="mark"/><SP WIDTH="14" VPOS="528" HPOS="306"/>
							<String ID="string_82" HPOS="320" VPOS="528" WIDTH="34" HEIGHT="21" WC="0.93" CONTENT="för"/><SP WIDTH="15" VPOS="528" HPOS="354"/>
							<String ID="string_83" HPOS="369" VPOS="528" WIDTH="102" HEIGHT="27" WC="0.92" CONTENT="gvinnan."/><SP WIDTH="24" VPOS="528" HPOS="471"/>
							<String ID="string_84" HPOS="495" VPOS="529" WIDTH="79" HEIGHT="21" WC="0.87" CONTENT="Likväl"/><SP WIDTH="15" VPOS="529" HPOS="574"/>
							<String ID="string_85" HPOS="589" VPOS="529" WIDTH="41" HEIGHT="21" WC="0.95" CONTENT="har"/><SP WIDTH="14" VPOS="529" HPOS="630"/>
							<String ID="string_86" HPOS="644" VPOS="529" WIDTH="125" HEIGHT="21" WC="0.93" CONTENT="Utskottets"/><SP WIDTH="14" VPOS="529" HPOS="769"/>
							<String ID="string_87" HPOS="783" VPOS="527" WIDTH="86" HEIGHT="28" WC="0.92" CONTENT="plurali-"/>
						</TextLine>
						<TextLine ID="line_11" HPOS="115" VPOS="562" WIDTH="754" HEIGHT="28">
							<String ID="string_88" HPOS="115" VPOS="563" WIDTH="34" HEIGHT="21" WC="0.96" CONTENT="tet"/><SP WIDTH="14" VPOS="563" HPOS="149"/>
							<String ID="string_89" HPOS="163" VPOS="563" WIDTH="55" HEIGHT="20" WC="0.96" CONTENT="trott"/><SP WIDTH="14" VPOS="563" HPOS="218"/>
							<String ID="string_90" HPOS="232" VPOS="562" WIDTH="34" HEIGHT="28" WC="0.96" CONTENT="sig"/><SP WIDTH="14" VPOS="562" HPOS="266"/>
							<String ID="string_91" HPOS="280" VPOS="563" WIDTH="53" HEIGHT="21" WC="0.96" CONTENT="böra"/><SP WIDTH="14" VPOS="563" HPOS="333"/>
							<String ID="string_92" HPOS="347" VPOS="562" WIDTH="8" HEIGHT="22" WC="0.96" CONTENT="i"/><SP WIDTH="14" VPOS="562" HPOS="355"/>
							<String ID="string_93" HPOS="369" VPOS="563" WIDTH="26" HEIGHT="21" WC="0.96" CONTENT="så"/><SP WIDTH="14" VPOS="563" HPOS="395"/>
							<String ID="string_94" HPOS="409" VPOS="563" WIDTH="70" HEIGHT="22" WC="0.96" CONTENT="måtto"/><SP WIDTH="16" VPOS="563" HPOS="479"/>
							<String ID="string_95" HPOS="495" VPOS="563" WIDTH="59" HEIGHT="22" WC="0.96" CONTENT="fästa"/><SP WIDTH="15" VPOS="563" HPOS="554"/>
							<String ID="string_96" HPOS="569" VPOS="563" WIDTH="101" HEIGHT="22" WC="0.95" CONTENT="afseende"/><SP WIDTH="16" VPOS="563" HPOS="670"/>
							<String ID="string_97" HPOS="686" VPOS="563" WIDTH="65" HEIGHT="22" WC="0.93" CONTENT="äfven"/><SP WIDTH="10" VPOS="563" HPOS="751"/>
							<String ID="string_98" HPOS="761" VPOS="563" WIDTH="14" HEIGHT="21" WC="0.92" CONTENT="å"/><SP WIDTH="10" VPOS="563" HPOS="775"/>
							<String ID="string_99" HPOS="785" VPOS="563" WIDTH="42" HEIGHT="22" WC="0.96" CONTENT="den"/><SP WIDTH="9" VPOS="563" HPOS="827"/>
							<String ID="string_100" HPOS="836" VPOS="562" WIDTH="33" HEIGHT="22" WC="0.96" CONTENT="till"/>
						</TextLine>
						<TextLine ID="line_12" HPOS="112" VPOS="596" WIDTH="758" HEIGHT="29">
							<String ID="string_101" HPOS="112" VPOS="596" WIDTH="86" HEIGHT="22" WC="0.96" CONTENT="förmån"/><SP WIDTH="22" VPOS="596" HPOS="198"/>
							<String ID="string_102" HPOS="220" VPOS="597" WIDTH="34" HEIGHT="22" WC="0.93" CONTENT="för"/><SP WIDTH="21" VPOS="597" HPOS="254"/>
							<String ID="string_103" HPOS="275" VPOS="597" WIDTH="145" HEIGHT="28" WC="0.90" CONTENT="lönskalägets"/><SP WIDTH="19" VPOS="597" HPOS="420"/>
							<String ID="string_104" HPOS="439" VPOS="597" WIDTH="134" HEIGHT="22" WC="0.89" CONTENT="strafflöshet"/><SP WIDTH="15" VPOS="597" HPOS="573"/>
							<String ID="string_105" HPOS="588" VPOS="597" WIDTH="98" HEIGHT="22" WC="0.96" CONTENT="uttalade"/><SP WIDTH="14" VPOS="597" HPOS="686"/>
							<String ID="string_106" HPOS="700" VPOS="597" WIDTH="120" HEIGHT="28" WC="0.95" CONTENT="meningen,"/><SP WIDTH="16" VPOS="597" HPOS="820"/>
							<String ID="string_107" HPOS="836" VPOS="598" WIDTH="34" HEIGHT="20" WC="0.96" CONTENT="att"/>
						</TextLine>
						<TextLine ID="line_13" HPOS="115" VPOS="631" WIDTH="755" HEIGHT="28">
							<String ID="string_108" HPOS="115" VPOS="631" WIDTH="71" HEIGHT="28" WC="0.95" CONTENT="någon"/><SP WIDTH="20" VPOS="631" HPOS="186"/>
							<String ID="string_109" HPOS="206" VPOS="631" WIDTH="93" HEIGHT="22" WC="0.96" CONTENT="särskild"/><SP WIDTH="18" VPOS="631" HPOS="299"/>
							<String ID="string_110" HPOS="317" VPOS="633" WIDTH="114" HEIGHT="26" WC="0.93" CONTENT="strängare"/><SP WIDTH="18" VPOS="633" HPOS="431"/>
							<String ID="string_111" HPOS="449" VPOS="632" WIDTH="215" HEIGHT="22" WC="0.92" CONTENT="straffbestämmelse"/><SP WIDTH="14" VPOS="632" HPOS="664"/>
							<String ID="string_112" HPOS="678" VPOS="632" WIDTH="48" HEIGHT="22" WC="0.96" CONTENT="icke"/><SP WIDTH="15" VPOS="632" HPOS="726"/>
							<String ID="string_113" HPOS="741" VPOS="633" WIDTH="80" HEIGHT="21" WC="0.96" CONTENT="utsatts"/><SP WIDTH="15" VPOS="633" HPOS="821"/>
							<String ID="string_114" HPOS="836" VPOS="631" WIDTH="34" HEIGHT="22" WC="0.96" CONTENT="för"/>
						</TextLine>
						<TextLine ID="line_14" HPOS="115" VPOS="665" WIDTH="754" HEIGHT="30">
							<String ID="string_115" HPOS="115" VPOS="665" WIDTH="87" HEIGHT="22" WC="0.96" CONTENT="återfall"/><SP WIDTH="15" VPOS="665" HPOS="202"/>
							<String ID="string_116" HPOS="217" VPOS="666" WIDTH="8" HEIGHT="21" WC="0.93" CONTENT="i"/><SP WIDTH="14" VPOS="666" HPOS="225"/>
							<String ID="string_117" HPOS="239" VPOS="666" WIDTH="130" HEIGHT="28" WC="0.91" CONTENT="lönskaläge,"/><SP WIDTH="22" VPOS="666" HPOS="369"/>
							<String ID="string_118" HPOS="391" VPOS="668" WIDTH="53" HEIGHT="20" WC="0.96" CONTENT="utan"/><SP WIDTH="21" VPOS="668" HPOS="444"/>
							<String ID="string_119" HPOS="465" VPOS="669" WIDTH="12" HEIGHT="19" WC="0.96" CONTENT="2"/><SP WIDTH="22" VPOS="669" HPOS="477"/>
							<String ID="string_120" HPOS="499" VPOS="673" WIDTH="61" HEIGHT="15" WC="0.96" CONTENT="mom."/><SP WIDTH="16" VPOS="673" HPOS="560"/>
							<String ID="string_121" HPOS="576" VPOS="669" WIDTH="13" HEIGHT="19" WC="0.96" CONTENT="8"/><SP WIDTH="16" VPOS="669" HPOS="589"/>
							<String ID="string_122" HPOS="605" VPOS="667" WIDTH="7" HEIGHT="21" WC="0.93" CONTENT="i"/><SP WIDTH="15" VPOS="667" HPOS="612"/>
							<String ID="string_123" HPOS="627" VPOS="666" WIDTH="13" HEIGHT="29" WC="0.90" CONTENT="&amp;"/><SP WIDTH="14" VPOS="666" HPOS="640"/>
							<String ID="string_124" HPOS="654" VPOS="667" WIDTH="85" HEIGHT="21" WC="0.96" CONTENT="således"/><SP WIDTH="14" VPOS="667" HPOS="739"/>
							<String ID="string_125" HPOS="753" VPOS="665" WIDTH="116" HEIGHT="23" WC="0.95" CONTENT="uteslutits."/>
						</TextLine>
					</TextBlock>
					<TextBlock ID="block_3" HPOS="113" VPOS="700" WIDTH="758" HEIGHT="201">
						<TextLine ID="line_15" HPOS="183" VPOS="700" WIDTH="687" HEIGHT="29">
							<String ID="string_126" HPOS="183" VPOS="701" WIDTH="12" HEIGHT="21" WC="0.96" CONTENT="I"/><SP WIDTH="21" VPOS="701" HPOS="195"/>
							<String ID="string_127" HPOS="216" VPOS="701" WIDTH="113" HEIGHT="22" WC="0.95" CONTENT="Utskottet"/><SP WIDTH="22" VPOS="701" HPOS="329"/>
							<String ID="string_128" HPOS="351" VPOS="701" WIDTH="38" HEIGHT="21" WC="0.96" CONTENT="har"/><SP WIDTH="15" VPOS="701" HPOS="389"/>
							<String ID="string_129" HPOS="404" VPOS="700" WIDTH="35" HEIGHT="22" WC="0.96" CONTENT="för"/><SP WIDTH="19" VPOS="700" HPOS="439"/>
							<String ID="string_130" HPOS="458" VPOS="701" WIDTH="69" HEIGHT="28" WC="0.96" CONTENT="öfrigt"/><SP WIDTH="15" VPOS="701" HPOS="527"/>
							<String ID="string_131" HPOS="542" VPOS="701" WIDTH="65" HEIGHT="22" WC="0.93" CONTENT="äfven"/><SP WIDTH="14" VPOS="701" HPOS="607"/>
							<String ID="string_132" HPOS="621" VPOS="701" WIDTH="83" HEIGHT="28" WC="0.90" CONTENT="yrkats,"/><SP WIDTH="18" VPOS="701" HPOS="704"/>
							<String ID="string_133" HPOS="722" VPOS="703" WIDTH="33" HEIGHT="20" WC="0.95" CONTENT="att"/><SP WIDTH="14" VPOS="703" HPOS="755"/>
							<String ID="string_134" HPOS="769" VPOS="701" WIDTH="8" HEIGHT="21" WC="0.93" CONTENT="i"/><SP WIDTH="14" VPOS="701" HPOS="777"/>
							<String ID="string_135" HPOS="791" VPOS="700" WIDTH="79" HEIGHT="28" WC="0.91" CONTENT="lagför-"/>
						</TextLine>
						<TextLine ID="line_16" HPOS="113" VPOS="735" WIDTH="757" HEIGHT="28">
							<String ID="string_136" HPOS="113" VPOS="735" WIDTH="73" HEIGHT="28" WC="0.96" CONTENT="slaget"/><SP WIDTH="14" VPOS="735" HPOS="186"/>
							<String ID="string_137" HPOS="200" VPOS="736" WIDTH="68" HEIGHT="21" WC="0.96" CONTENT="måtte"/><SP WIDTH="15" VPOS="736" HPOS="268"/>
							<String ID="string_138" HPOS="283" VPOS="735" WIDTH="52" HEIGHT="28" WC="0.95" CONTENT="ingå"/><SP WIDTH="15" VPOS="735" HPOS="335"/>
							<String ID="string_139" HPOS="350" VPOS="737" WIDTH="32" HEIGHT="20" WC="0.96" CONTENT="ett"/><SP WIDTH="15" VPOS="737" HPOS="382"/>
							<String ID="string_140" HPOS="397" VPOS="735" WIDTH="122" HEIGHT="28" WC="0.96" CONTENT="stadgande"/><SP WIDTH="16" VPOS="735" HPOS="519"/>
							<String ID="string_141" HPOS="535" VPOS="736" WIDTH="77" HEIGHT="27" WC="0.96" CONTENT="derom,"/><SP WIDTH="12" VPOS="736" HPOS="612"/>
							<String ID="string_142" HPOS="624" VPOS="737" WIDTH="34" HEIGHT="20" WC="0.93" CONTENT="att"/><SP WIDTH="14" VPOS="737" HPOS="658"/>
							<String ID="string_143" HPOS="672" VPOS="736" WIDTH="198" HEIGHT="21" WC="0.91" CONTENT="konkumbenterna"/>
						</TextLine>
						<TextLine ID="line_17" HPOS="115" VPOS="769" WIDTH="754" HEIGHT="28">
							<String ID="string_144" HPOS="115" VPOS="769" WIDTH="8" HEIGHT="21" WC="0.95" CONTENT="i"/><SP WIDTH="16" VPOS="769" HPOS="123"/>
							<String ID="string_145" HPOS="139" VPOS="769" WIDTH="26" HEIGHT="22" WC="0.96" CONTENT="de"/><SP WIDTH="15" VPOS="769" HPOS="165"/>
							<String ID="string_146" HPOS="180" VPOS="769" WIDTH="44" HEIGHT="28" WC="0.96" CONTENT="fall,"/><SP WIDTH="16" VPOS="769" HPOS="224"/>
							<String ID="string_147" HPOS="240" VPOS="776" WIDTH="44" HEIGHT="15" WC="0.96" CONTENT="som"/><SP WIDTH="16" VPOS="776" HPOS="284"/>
							<String ID="string_148" HPOS="300" VPOS="772" WIDTH="121" HEIGHT="19" WC="0.96" CONTENT="omnämnas"/><SP WIDTH="15" VPOS="772" HPOS="421"/>
							<String ID="string_149" HPOS="436" VPOS="770" WIDTH="8" HEIGHT="21" WC="0.96" CONTENT="i"/><SP WIDTH="16" VPOS="770" HPOS="444"/>
							<String ID="string_150" HPOS="460" VPOS="770" WIDTH="72" HEIGHT="21" WC="0.93" CONTENT="denna"/><SP WIDTH="14" VPOS="770" HPOS="532"/>
							<String ID="string_151" HPOS="546" VPOS="772" WIDTH="12" HEIGHT="23" WC="0.93" CONTENT="$"/><SP WIDTH="15" VPOS="772" HPOS="558"/>
							<String ID="string_152" HPOS="573" VPOS="772" WIDTH="56" HEIGHT="19" WC="0.96" CONTENT="samt"/><SP WIDTH="14" VPOS="772" HPOS="629"/>
							<String ID="string_153" HPOS="643" VPOS="770" WIDTH="8" HEIGHT="21" WC="0.96" CONTENT="i"/><SP WIDTH="15" VPOS="770" HPOS="651"/>
							<String ID="string_154" HPOS="666" VPOS="772" WIDTH="12" HEIGHT="19" WC="0.97" CONTENT="5"/><SP WIDTH="12" VPOS="772" HPOS="678"/>
							<String ID="string_155" HPOS="690" VPOS="771" WIDTH="13" HEIGHT="25" WC="0.72" CONTENT="8"/><SP WIDTH="11" VPOS="771" HPOS="703"/>
							<String ID="string_156" HPOS="714" VPOS="770" WIDTH="25" HEIGHT="21" WC="0.95" CONTENT="af"/><SP WIDTH="7" VPOS="770" HPOS="739"/>
							<String ID="string_157" HPOS="746" VPOS="769" WIDTH="123" HEIGHT="23" WC="0.96" CONTENT="Utskottets"/>
						</TextLine>
						<TextLine ID="line_18" HPOS="115" VPOS="803" WIDTH="756" HEIGHT="29">
							<String ID="string_158" HPOS="115" VPOS="803" WIDTH="88" HEIGHT="28" WC="0.96" CONTENT="förslag,"/><SP WIDTH="23" VPOS="803" HPOS="203"/>
							<String ID="string_159" HPOS="226" VPOS="806" WIDTH="38" HEIGHT="20" WC="0.92" CONTENT="äro"/><SP WIDTH="21" VPOS="806" HPOS="264"/>
							<String ID="string_160" HPOS="285" VPOS="804" WIDTH="99" HEIGHT="28" WC="0.89" CONTENT="straffria,"/><SP WIDTH="17" VPOS="804" HPOS="384"/>
							<String ID="string_161" HPOS="401" VPOS="811" WIDTH="33" HEIGHT="15" WC="0.95" CONTENT="om"/><SP WIDTH="20" VPOS="811" HPOS="434"/>
							<String ID="string_162" HPOS="454" VPOS="804" WIDTH="26" HEIGHT="22" WC="0.96" CONTENT="de"/><SP WIDTH="21" VPOS="804" HPOS="480"/>
							<String ID="string_163" HPOS="501" VPOS="805" WIDTH="55" HEIGHT="21" WC="0.93" CONTENT="efter"/><SP WIDTH="18" VPOS="805" HPOS="556"/>
							<String ID="string_164" HPOS="574" VPOS="805" WIDTH="140" HEIGHT="27" WC="0.91" CONTENT="lägersmålet"/><SP WIDTH="18" VPOS="805" HPOS="714"/>
							<String ID="string_165" HPOS="732" VPOS="804" WIDTH="58" HEIGHT="28" WC="0.93" CONTENT="tagit"/><SP WIDTH="18" VPOS="804" HPOS="790"/>
							<String ID="string_166" HPOS="808" VPOS="804" WIDTH="63" HEIGHT="22" WC="0.92" CONTENT="hvar-"/>
						</TextLine>
						<TextLine ID="line_19" HPOS="118" VPOS="838" WIDTH="753" HEIGHT="29">
							<String ID="string_167" HPOS="118" VPOS="838" WIDTH="68" HEIGHT="22" WC="0.96" CONTENT="andra"/><SP WIDTH="14" VPOS="838" HPOS="186"/>
							<String ID="string_168" HPOS="200" VPOS="838" WIDTH="34" HEIGHT="22" WC="0.96" CONTENT="till"/><SP WIDTH="15" VPOS="838" HPOS="234"/>
							<String ID="string_169" HPOS="249" VPOS="839" WIDTH="59" HEIGHT="26" WC="0.96" CONTENT="äkta;"/><SP WIDTH="15" VPOS="839" HPOS="308"/>
							<String ID="string_170" HPOS="323" VPOS="845" WIDTH="47" HEIGHT="16" WC="0.96" CONTENT="men"/><SP WIDTH="14" VPOS="845" HPOS="370"/>
							<String ID="string_171" HPOS="384" VPOS="839" WIDTH="127" HEIGHT="22" WC="0.96" CONTENT="Utskottets"/><SP WIDTH="14" VPOS="839" HPOS="511"/>
							<String ID="string_172" HPOS="525" VPOS="839" WIDTH="71" HEIGHT="22" WC="0.96" CONTENT="flertal"/><SP WIDTH="14" VPOS="839" HPOS="596"/>
							<String ID="string_173" HPOS="610" VPOS="839" WIDTH="40" HEIGHT="22" WC="0.95" CONTENT="har"/><SP WIDTH="10" VPOS="839" HPOS="650"/>
							<String ID="string_174" HPOS="660" VPOS="839" WIDTH="19" HEIGHT="28" WC="0.96" CONTENT="ej"/><SP WIDTH="12" VPOS="839" HPOS="679"/>
							<String ID="string_175" HPOS="691" VPOS="840" WIDTH="72" HEIGHT="21" WC="0.95" CONTENT="ansett"/><SP WIDTH="9" VPOS="840" HPOS="763"/>
							<String ID="string_176" HPOS="772" VPOS="838" WIDTH="99" HEIGHT="28" WC="0.96" CONTENT="lämpligt"/>
						</TextLine>
						<TextLine ID="line_20" HPOS="115" VPOS="872" WIDTH="561" HEIGHT="29">
							<String ID="string_177" HPOS="115" VPOS="873" WIDTH="35" HEIGHT="21" WC="0.95" CONTENT="att"/><SP WIDTH="14" VPOS="873" HPOS="150"/>
							<String ID="string_178" HPOS="164" VPOS="872" WIDTH="8" HEIGHT="22" WC="0.95" CONTENT="i"/><SP WIDTH="14" VPOS="872" HPOS="172"/>
							<String ID="string_179" HPOS="186" VPOS="873" WIDTH="128" HEIGHT="28" WC="0.94" CONTENT="strafflagen"/><SP WIDTH="14" VPOS="873" HPOS="314"/>
							<String ID="string_180" HPOS="328" VPOS="873" WIDTH="71" HEIGHT="22" WC="0.96" CONTENT="införa"/><SP WIDTH="14" VPOS="873" HPOS="399"/>
							<String ID="string_181" HPOS="413" VPOS="874" WIDTH="34" HEIGHT="21" WC="0.96" CONTENT="ett"/><SP WIDTH="15" VPOS="874" HPOS="447"/>
							<String ID="string_182" HPOS="462" VPOS="873" WIDTH="72" HEIGHT="28" WC="0.95" CONTENT="dylikt"/><SP WIDTH="14" VPOS="873" HPOS="534"/>
							<String ID="string_183" HPOS="548" VPOS="873" WIDTH="128" HEIGHT="28" WC="0.95" CONTENT="stadgande."/>
						</TextLine>
					</TextBlock>
					<TextBlock ID="block_4" HPOS="113" VPOS="907" WIDTH="758" HEIGHT="132">
						<TextLine ID="line_21" HPOS="185" VPOS="907" WIDTH="686" HEIGHT="29">
							<String ID="string_184" HPOS="185" VPOS="907" WIDTH="13" HEIGHT="22" WC="0.89" CONTENT="9"/><SP WIDTH="23" VPOS="907" HPOS="198"/>
							<String ID="string_185" HPOS="221" VPOS="909" WIDTH="11" HEIGHT="24" WC="0.70" CONTENT="8"/><SP WIDTH="24" VPOS="909" HPOS="232"/>
							<String ID="string_186" HPOS="256" VPOS="909" WIDTH="36" HEIGHT="26" WC="0.94" CONTENT="(10"/><SP WIDTH="20" VPOS="909" HPOS="292"/>
							<String ID="string_187" HPOS="312" VPOS="907" WIDTH="12" HEIGHT="29" WC="0.65" CONTENT="8"/><SP WIDTH="20" VPOS="907" HPOS="324"/>
							<String ID="string_188" HPOS="344" VPOS="907" WIDTH="7" HEIGHT="22" WC="0.93" CONTENT="i"/><SP WIDTH="19" VPOS="907" HPOS="351"/>
							<String ID="string_189" HPOS="370" VPOS="908" WIDTH="63" HEIGHT="21" WC="0.93" CONTENT="Utsk."/><SP WIDTH="16" VPOS="908" HPOS="433"/>
							<String ID="string_190" HPOS="449" VPOS="907" WIDTH="78" HEIGHT="28" WC="0.82" CONTENT="försl.)."/><SP WIDTH="31" VPOS="907" HPOS="527"/>
							<String ID="string_191" HPOS="558" VPOS="907" WIDTH="90" HEIGHT="22" WC="0.94" CONTENT="Straffet"/><SP WIDTH="14" VPOS="907" HPOS="648"/>
							<String ID="string_192" HPOS="662" VPOS="907" WIDTH="34" HEIGHT="22" WC="0.93" CONTENT="för"/><SP WIDTH="14" VPOS="907" HPOS="696"/>
							<String ID="string_193" HPOS="710" VPOS="907" WIDTH="83" HEIGHT="28" WC="0.92" CONTENT="kopleri"/><SP WIDTH="15" VPOS="907" HPOS="793"/>
							<String ID="string_194" HPOS="808" VPOS="913" WIDTH="63" HEIGHT="16" WC="0.96" CONTENT="anser"/>
						</TextLine>
						<TextLine ID="line_22" HPOS="115" VPOS="941" WIDTH="756" HEIGHT="29">
							<String ID="string_195" HPOS="115" VPOS="941" WIDTH="115" HEIGHT="22" WC="0.89" CONTENT="Utskottet"/><SP WIDTH="10" VPOS="941" HPOS="230"/>
							<String ID="string_196" HPOS="240" VPOS="942" WIDTH="52" HEIGHT="21" WC="0.93" CONTENT="böra"/><SP WIDTH="10" VPOS="942" HPOS="292"/>
							<String ID="string_197" HPOS="302" VPOS="942" WIDTH="60" HEIGHT="27" WC="0.93" CONTENT="höjas"/><SP WIDTH="10" VPOS="942" HPOS="362"/>
							<String ID="string_198" HPOS="372" VPOS="942" WIDTH="33" HEIGHT="21" WC="0.93" CONTENT="till"/><SP WIDTH="10" VPOS="942" HPOS="405"/>
							<String ID="string_199" HPOS="415" VPOS="943" WIDTH="66" HEIGHT="26" WC="0.93" CONTENT="högst"/><SP WIDTH="9" VPOS="943" HPOS="481"/>
							<String ID="string_200" HPOS="490" VPOS="942" WIDTH="49" HEIGHT="27" WC="0.93" CONTENT="fyra"/><SP WIDTH="11" VPOS="942" HPOS="539"/>
							<String ID="string_201" HPOS="550" VPOS="943" WIDTH="36" HEIGHT="20" WC="0.90" CONTENT="ärs"/><SP WIDTH="10" VPOS="943" HPOS="586"/>
							<String ID="string_202" HPOS="596" VPOS="943" WIDTH="96" HEIGHT="26" WC="0.92" CONTENT="tukthus,"/><SP WIDTH="11" VPOS="943" HPOS="692"/>
							<String ID="string_203" HPOS="703" VPOS="942" WIDTH="119" HEIGHT="28" WC="0.91" CONTENT="hvarjemte"/><SP WIDTH="9" VPOS="942" HPOS="822"/>
							<String ID="string_204" HPOS="831" VPOS="941" WIDTH="40" HEIGHT="22" WC="0.93" CONTENT="Ut-"/>
						</TextLine>
						<TextLine ID="line_23" HPOS="113" VPOS="976" WIDTH="758" HEIGHT="27">
							<String ID="string_205" HPOS="113" VPOS="976" WIDTH="85" HEIGHT="22" WC="0.92" CONTENT="skottet"/><SP WIDTH="12" VPOS="976" HPOS="198"/>
							<String ID="string_206" HPOS="210" VPOS="977" WIDTH="69" HEIGHT="21" WC="0.93" CONTENT="häller"/><SP WIDTH="14" VPOS="977" HPOS="279"/>
							<String ID="string_207" HPOS="293" VPOS="976" WIDTH="52" HEIGHT="27" WC="0.96" CONTENT="före,"/><SP WIDTH="11" VPOS="976" HPOS="345"/>
							<String ID="string_208" HPOS="356" VPOS="978" WIDTH="33" HEIGHT="20" WC="0.96" CONTENT="att"/><SP WIDTH="16" VPOS="978" HPOS="389"/>
							<String ID="string_209" HPOS="405" VPOS="977" WIDTH="61" HEIGHT="21" WC="0.96" CONTENT="detta"/><SP WIDTH="15" VPOS="977" HPOS="466"/>
							<String ID="string_210" HPOS="481" VPOS="977" WIDTH="60" HEIGHT="22" WC="0.93" CONTENT="brott"/><SP WIDTH="15" VPOS="977" HPOS="541"/>
							<String ID="string_211" HPOS="556" VPOS="977" WIDTH="65" HEIGHT="22" WC="0.93" CONTENT="äfven"/><SP WIDTH="14" VPOS="977" HPOS="621"/>
							<String ID="string_212" HPOS="635" VPOS="977" WIDTH="40" HEIGHT="22" WC="0.93" CONTENT="bör"/><SP WIDTH="14" VPOS="977" HPOS="675"/>
							<String ID="string_213" HPOS="689" VPOS="977" WIDTH="96" HEIGHT="22" WC="0.92" CONTENT="medföra"/><SP WIDTH="10" VPOS="977" HPOS="785"/>
							<String ID="string_214" HPOS="795" VPOS="976" WIDTH="76" HEIGHT="22" WC="0.93" CONTENT="förlust"/>
						</TextLine>
						<TextLine ID="line_24" HPOS="115" VPOS="1010" WIDTH="348" HEIGHT="29">
							<String ID="string_215" HPOS="115" VPOS="1010" WIDTH="26" HEIGHT="22" WC="0.93" CONTENT="af"/><SP WIDTH="12" VPOS="1010" HPOS="141"/>
							<String ID="string_216" HPOS="153" VPOS="1011" WIDTH="167" HEIGHT="28" WC="0.92" CONTENT="medborgerligt"/><SP WIDTH="14" VPOS="1011" HPOS="320"/>
							<String ID="string_217" HPOS="334" VPOS="1011" WIDTH="129" HEIGHT="22" WC="0.91" CONTENT="förtroende."/>
						</TextLine>
					</TextBlock>
					<TextBlock ID="block_5" HPOS="115" VPOS="1045" WIDTH="756" HEIGHT="98">
						<TextLine ID="line_25" HPOS="184" VPOS="1045" WIDTH="687" HEIGHT="28">
							<String ID="string_218" HPOS="184" VPOS="1045" WIDTH="35" HEIGHT="22" WC="0.89" CONTENT="Dä"/><SP WIDTH="22" VPOS="1045" HPOS="219"/>
							<String ID="string_219" HPOS="241" VPOS="1046" WIDTH="69" HEIGHT="27" WC="0.93" CONTENT="enligt"/><SP WIDTH="21" VPOS="1046" HPOS="310"/>
							<String ID="string_220" HPOS="331" VPOS="1046" WIDTH="124" HEIGHT="21" WC="0.92" CONTENT="Utskottets"/><SP WIDTH="23" VPOS="1046" HPOS="455"/>
							<String ID="string_221" HPOS="478" VPOS="1046" WIDTH="68" HEIGHT="21" WC="0.93" CONTENT="tanke"/><SP WIDTH="23" VPOS="1046" HPOS="546"/>
							<String ID="string_222" HPOS="569" VPOS="1045" WIDTH="64" HEIGHT="23" WC="0.91" CONTENT="äfven"/><SP WIDTH="19" VPOS="1045" HPOS="633"/>
							<String ID="string_223" HPOS="652" VPOS="1045" WIDTH="73" HEIGHT="22" WC="0.96" CONTENT="försök"/><SP WIDTH="15" VPOS="1045" HPOS="725"/>
							<String ID="string_224" HPOS="740" VPOS="1047" WIDTH="34" HEIGHT="20" WC="0.93" CONTENT="att"/><SP WIDTH="14" VPOS="1047" HPOS="774"/>
							<String ID="string_225" HPOS="788" VPOS="1045" WIDTH="83" HEIGHT="22" WC="0.92" CONTENT="förleda"/>
						</TextLine>
						<TextLine ID="line_26" HPOS="116" VPOS="1079" WIDTH="755" HEIGHT="28">
							<String ID="string_226" HPOS="116" VPOS="1079" WIDTH="80" HEIGHT="28" WC="0.69" CONTENT="gvinna"/><SP WIDTH="18" VPOS="1079" HPOS="196"/>
							<String ID="string_227" HPOS="214" VPOS="1080" WIDTH="34" HEIGHT="21" WC="0.93" CONTENT="till"/><SP WIDTH="18" VPOS="1080" HPOS="248"/>
							<String ID="string_228" HPOS="266" VPOS="1080" WIDTH="123" HEIGHT="22" WC="0.92" CONTENT="skörlefnad"/><SP WIDTH="20" VPOS="1080" HPOS="389"/>
							<String ID="string_229" HPOS="409" VPOS="1080" WIDTH="39" HEIGHT="21" WC="0.96" CONTENT="bör"/><SP WIDTH="15" VPOS="1080" HPOS="448"/>
							<String ID="string_230" HPOS="463" VPOS="1087" WIDTH="55" HEIGHT="15" WC="0.93" CONTENT="vara"/><SP WIDTH="15" VPOS="1087" HPOS="518"/>
							<String ID="string_231" HPOS="533" VPOS="1079" WIDTH="119" HEIGHT="28" WC="0.96" CONTENT="straffbart,"/><SP WIDTH="16" VPOS="1079" HPOS="652"/>
							<String ID="string_232" HPOS="668" VPOS="1080" WIDTH="41" HEIGHT="21" WC="0.96" CONTENT="har"/><SP WIDTH="14" VPOS="1080" HPOS="709"/>
							<String ID="string_233" HPOS="723" VPOS="1081" WIDTH="33" HEIGHT="21" WC="0.93" CONTENT="ett"/><SP WIDTH="14" VPOS="1081" HPOS="756"/>
							<String ID="string_234" HPOS="770" VPOS="1080" WIDTH="79" HEIGHT="27" WC="0.96" CONTENT="tillägg"/><SP WIDTH="14" VPOS="1080" HPOS="849"/>
							<String ID="string_235" HPOS="863" VPOS="1079" WIDTH="8" HEIGHT="22" WC="0.96" CONTENT="i"/>
						</TextLine>
						<TextLine ID="line_27" HPOS="115" VPOS="1114" WIDTH="406" HEIGHT="29">
							<String ID="string_236" HPOS="115" VPOS="1114" WIDTH="81" HEIGHT="22" WC="0.92" CONTENT="sädant"/><SP WIDTH="14" VPOS="1114" HPOS="196"/>
							<String ID="string_237" HPOS="210" VPOS="1115" WIDTH="57" HEIGHT="27" WC="0.96" CONTENT="syfte"/><SP WIDTH="15" VPOS="1115" HPOS="267"/>
							<String ID="string_238" HPOS="282" VPOS="1115" WIDTH="68" HEIGHT="28" WC="0.96" CONTENT="gjorts"/><SP WIDTH="14" VPOS="1115" HPOS="350"/>
							<String ID="string_239" HPOS="364" VPOS="1114" WIDTH="35" HEIGHT="22" WC="0.96" CONTENT="till"/><SP WIDTH="14" VPOS="1114" HPOS="399"/>
							<String ID="string_240" HPOS="413" VPOS="1114" WIDTH="73" HEIGHT="22" WC="0.93" CONTENT="denna"/><SP WIDTH="15" VPOS="1114" HPOS="486"/>
							<String ID="string_241" HPOS="501" VPOS="1115" WIDTH="20" HEIGHT="26" WC="0.90" CONTENT="$."/>
						</TextLine>
					</TextBlock>
					<TextBlock ID="block_6" HPOS="89" VPOS="1147" WIDTH="784" HEIGHT="232">
						<TextLine ID="line_28" HPOS="184" VPOS="1147" WIDTH="688" HEIGHT="29">
							<String ID="string_242" HPOS="184" VPOS="1147" WIDTH="25" HEIGHT="24" WC="0.96" CONTENT="10"/><SP WIDTH="16" VPOS="1147" HPOS="209"/>
							<String ID="string_243" HPOS="225" VPOS="1151" WIDTH="11" HEIGHT="24" WC="0.91" CONTENT="3"/><SP WIDTH="16" VPOS="1151" HPOS="236"/>
							<String ID="string_244" HPOS="252" VPOS="1151" WIDTH="36" HEIGHT="25" WC="0.95" CONTENT="(11"/><SP WIDTH="16" VPOS="1151" HPOS="288"/>
							<String ID="string_245" HPOS="304" VPOS="1150" WIDTH="12" HEIGHT="25" WC="0.93" CONTENT="8"/><SP WIDTH="16" VPOS="1150" HPOS="316"/>
							<String ID="string_246" HPOS="332" VPOS="1149" WIDTH="8" HEIGHT="21" WC="0.91" CONTENT="i"/><SP WIDTH="14" VPOS="1149" HPOS="340"/>
							<String ID="string_247" HPOS="354" VPOS="1149" WIDTH="63" HEIGHT="22" WC="0.92" CONTENT="Utsk."/><SP WIDTH="16" VPOS="1149" HPOS="417"/>
							<String ID="string_248" HPOS="433" VPOS="1149" WIDTH="77" HEIGHT="26" WC="0.79" CONTENT="försl.)."/><SP WIDTH="23" VPOS="1149" HPOS="510"/>
							<String ID="string_249" HPOS="533" VPOS="1149" WIDTH="44" HEIGHT="22" WC="0.96" CONTENT="Det"/><SP WIDTH="14" VPOS="1149" HPOS="577"/>
							<String ID="string_250" HPOS="591" VPOS="1149" WIDTH="40" HEIGHT="21" WC="0.93" CONTENT="här"/><SP WIDTH="15" VPOS="1149" HPOS="631"/>
							<String ID="string_251" HPOS="646" VPOS="1150" WIDTH="83" HEIGHT="21" WC="0.96" CONTENT="utsatta"/><SP WIDTH="14" VPOS="1150" HPOS="729"/>
							<String ID="string_252" HPOS="743" VPOS="1148" WIDTH="85" HEIGHT="23" WC="0.95" CONTENT="straffet"/><SP WIDTH="9" VPOS="1148" HPOS="828"/>
							<String ID="string_253" HPOS="837" VPOS="1148" WIDTH="35" HEIGHT="22" WC="0.96" CONTENT="för"/>
						</TextLine>
						<TextLine ID="line_29" HPOS="116" VPOS="1183" WIDTH="755" HEIGHT="28">
							<String ID="string_254" HPOS="116" VPOS="1183" WIDTH="49" HEIGHT="27" WC="0.96" CONTENT="den,"/><SP WIDTH="15" VPOS="1183" HPOS="165"/>
							<String ID="string_255" HPOS="180" VPOS="1190" WIDTH="44" HEIGHT="15" WC="0.92" CONTENT="som"/><SP WIDTH="22" VPOS="1190" HPOS="224"/>
							<String ID="string_256" HPOS="246" VPOS="1183" WIDTH="81" HEIGHT="22" WC="0.91" CONTENT="förmär"/><SP WIDTH="21" VPOS="1183" HPOS="327"/>
							<String ID="string_257" HPOS="348" VPOS="1183" WIDTH="33" HEIGHT="22" WC="0.93" CONTENT="sin"/><SP WIDTH="18" VPOS="1183" HPOS="381"/>
							<String ID="string_258" HPOS="399" VPOS="1183" WIDTH="143" HEIGHT="22" WC="0.92" CONTENT="fosterdotter"/><SP WIDTH="19" VPOS="1183" HPOS="542"/>
							<String ID="string_259" HPOS="561" VPOS="1183" WIDTH="52" HEIGHT="22" WC="0.94" CONTENT="eller"/><SP WIDTH="17" VPOS="1183" HPOS="613"/>
							<String ID="string_260" HPOS="630" VPOS="1189" WIDTH="72" HEIGHT="16" WC="0.96" CONTENT="annan"/><SP WIDTH="14" VPOS="1189" HPOS="702"/>
							<String ID="string_261" HPOS="716" VPOS="1183" WIDTH="8" HEIGHT="22" WC="0.93" CONTENT="i"/><SP WIDTH="14" VPOS="1183" HPOS="724"/>
							<String ID="string_262" HPOS="738" VPOS="1183" WIDTH="133" HEIGHT="28" WC="0.92" CONTENT="lydnadsför-"/>
						</TextLine>
						<TextLine ID="line_30" HPOS="116" VPOS="1217" WIDTH="754" HEIGHT="29">
							<String ID="string_263" HPOS="116" VPOS="1217" WIDTH="102" HEIGHT="22" WC="0.96" CONTENT="hållande"/><SP WIDTH="22" VPOS="1217" HPOS="218"/>
							<String ID="string_264" HPOS="240" VPOS="1218" WIDTH="91" HEIGHT="22" WC="0.92" CONTENT="stående"/><SP WIDTH="22" VPOS="1218" HPOS="331"/>
							<String ID="string_265" HPOS="353" VPOS="1218" WIDTH="80" HEIGHT="27" WC="0.87" CONTENT="gvinna"/><SP WIDTH="21" VPOS="1218" HPOS="433"/>
							<String ID="string_266" HPOS="454" VPOS="1218" WIDTH="36" HEIGHT="21" WC="0.93" CONTENT="till"/><SP WIDTH="19" VPOS="1218" HPOS="490"/>
							<String ID="string_267" HPOS="509" VPOS="1218" WIDTH="117" HEIGHT="28" WC="0.71" CONTENT="lägersmäl"/><SP WIDTH="14" VPOS="1218" HPOS="626"/>
							<String ID="string_268" HPOS="640" VPOS="1218" WIDTH="49" HEIGHT="22" WC="0.93" CONTENT="med"/><SP WIDTH="14" VPOS="1218" HPOS="689"/>
							<String ID="string_269" HPOS="703" VPOS="1218" WIDTH="70" HEIGHT="28" WC="0.96" CONTENT="tredje"/><SP WIDTH="14" VPOS="1218" HPOS="773"/>
							<String ID="string_270" HPOS="787" VPOS="1224" WIDTH="83" HEIGHT="21" WC="0.97" CONTENT="person,"/>
						</TextLine>
						<TextLine ID="line_31" HPOS="116" VPOS="1252" WIDTH="756" HEIGHT="29">
							<String ID="string_271" HPOS="116" VPOS="1258" WIDTH="65" HEIGHT="17" WC="0.93" CONTENT="anser"/><SP WIDTH="13" VPOS="1258" HPOS="181"/>
							<String ID="string_272" HPOS="194" VPOS="1252" WIDTH="114" HEIGHT="23" WC="0.92" CONTENT="Utskottet"/><SP WIDTH="13" VPOS="1252" HPOS="308"/>
							<String ID="string_273" HPOS="321" VPOS="1253" WIDTH="53" HEIGHT="21" WC="0.92" CONTENT="böra"/><SP WIDTH="14" VPOS="1253" HPOS="374"/>
							<String ID="string_274" HPOS="388" VPOS="1253" WIDTH="62" HEIGHT="27" WC="0.92" CONTENT="höjas"/><SP WIDTH="16" VPOS="1253" HPOS="450"/>
							<String ID="string_275" HPOS="466" VPOS="1252" WIDTH="35" HEIGHT="22" WC="0.93" CONTENT="till"/><SP WIDTH="15" VPOS="1252" HPOS="501"/>
							<String ID="string_276" HPOS="516" VPOS="1253" WIDTH="90" HEIGHT="21" WC="0.93" CONTENT="tukthus"/><SP WIDTH="14" VPOS="1253" HPOS="606"/>
							<String ID="string_277" HPOS="620" VPOS="1253" WIDTH="8" HEIGHT="21" WC="0.93" CONTENT="i"/><SP WIDTH="14" VPOS="1253" HPOS="628"/>
							<String ID="string_278" HPOS="642" VPOS="1253" WIDTH="66" HEIGHT="27" WC="0.92" CONTENT="högst"/><SP WIDTH="14" VPOS="1253" HPOS="708"/>
							<String ID="string_279" HPOS="722" VPOS="1253" WIDTH="48" HEIGHT="28" WC="0.93" CONTENT="fyra"/><SP WIDTH="15" VPOS="1253" HPOS="770"/>
							<String ID="string_280" HPOS="785" VPOS="1253" WIDTH="26" HEIGHT="21" WC="0.94" CONTENT="är"/><SP WIDTH="10" VPOS="1253" HPOS="811"/>
							<String ID="string_281" HPOS="821" VPOS="1252" WIDTH="51" HEIGHT="22" WC="0.94" CONTENT="eller"/>
						</TextLine>
						<TextLine ID="line_32" HPOS="89" VPOS="1286" WIDTH="784" HEIGHT="29">
							<String ID="string_282" HPOS="89" VPOS="1292" WIDTH="3" HEIGHT="2" WC="0.89" CONTENT="*"/><SP WIDTH="24" VPOS="1292" HPOS="92"/>
							<String ID="string_283" HPOS="116" VPOS="1287" WIDTH="98" HEIGHT="28" WC="0.92" CONTENT="fängelse"/><SP WIDTH="22" VPOS="1287" HPOS="214"/>
							<String ID="string_284" HPOS="236" VPOS="1287" WIDTH="19" HEIGHT="28" WC="0.92" CONTENT="ej"/><SP WIDTH="24" VPOS="1287" HPOS="255"/>
							<String ID="string_285" HPOS="279" VPOS="1287" WIDTH="67" HEIGHT="23" WC="0.96" CONTENT="under"/><SP WIDTH="21" VPOS="1287" HPOS="346"/>
							<String ID="string_286" HPOS="367" VPOS="1289" WIDTH="34" HEIGHT="20" WC="0.93" CONTENT="tre"/><SP WIDTH="17" VPOS="1289" HPOS="401"/>
							<String ID="string_287" HPOS="418" VPOS="1287" WIDTH="112" HEIGHT="28" WC="0.92" CONTENT="mänader,"/><SP WIDTH="18" VPOS="1287" HPOS="530"/>
							<String ID="string_288" HPOS="548" VPOS="1287" WIDTH="113" HEIGHT="23" WC="0.92" CONTENT="hvarutom"/><SP WIDTH="14" VPOS="1287" HPOS="661"/>
							<String ID="string_289" HPOS="675" VPOS="1287" WIDTH="114" HEIGHT="22" WC="0.91" CONTENT="Utskottet"/><SP WIDTH="14" VPOS="1287" HPOS="789"/>
							<String ID="string_290" HPOS="803" VPOS="1286" WIDTH="70" HEIGHT="22" WC="0.88" CONTENT="häller"/>
						</TextLine>
						<TextLine ID="line_33" HPOS="117" VPOS="1321" WIDTH="755" HEIGHT="29">
							<String ID="string_291" HPOS="117" VPOS="1322" WIDTH="48" HEIGHT="22" WC="0.96" CONTENT="före"/><SP WIDTH="15" VPOS="1322" HPOS="165"/>
							<String ID="string_292" HPOS="180" VPOS="1323" WIDTH="34" HEIGHT="21" WC="0.93" CONTENT="att"/><SP WIDTH="15" VPOS="1323" HPOS="214"/>
							<String ID="string_293" HPOS="229" VPOS="1321" WIDTH="65" HEIGHT="23" WC="0.92" CONTENT="äfven"/><SP WIDTH="13" VPOS="1321" HPOS="294"/>
							<String ID="string_294" HPOS="307" VPOS="1322" WIDTH="74" HEIGHT="22" WC="0.95" CONTENT="försök"/><SP WIDTH="14" VPOS="1322" HPOS="381"/>
							<String ID="string_295" HPOS="395" VPOS="1321" WIDTH="34" HEIGHT="23" WC="0.96" CONTENT="till"/><SP WIDTH="15" VPOS="1321" HPOS="429"/>
							<String ID="string_296" HPOS="444" VPOS="1322" WIDTH="67" HEIGHT="28" WC="0.96" CONTENT="brott,"/><SP WIDTH="16" VPOS="1322" HPOS="511"/>
							<String ID="string_297" HPOS="527" VPOS="1328" WIDTH="45" HEIGHT="16" WC="0.96" CONTENT="som"/><SP WIDTH="14" VPOS="1328" HPOS="572"/>
							<String ID="string_298" HPOS="586" VPOS="1322" WIDTH="9" HEIGHT="22" WC="0.93" CONTENT="i"/><SP WIDTH="15" VPOS="1322" HPOS="595"/>
							<String ID="string_299" HPOS="610" VPOS="1322" WIDTH="70" HEIGHT="22" WC="0.93" CONTENT="denna"/><SP WIDTH="16" VPOS="1322" HPOS="680"/>
							<String ID="string_300" HPOS="696" VPOS="1323" WIDTH="13" HEIGHT="26" WC="0.91" CONTENT="&amp;"/><SP WIDTH="14" VPOS="1323" HPOS="709"/>
							<String ID="string_301" HPOS="723" VPOS="1324" WIDTH="94" HEIGHT="24" WC="0.92" CONTENT="nämnes,"/><SP WIDTH="16" VPOS="1324" HPOS="817"/>
							<String ID="string_302" HPOS="833" VPOS="1321" WIDTH="39" HEIGHT="21" WC="0.96" CONTENT="bör"/>
						</TextLine>
						<TextLine ID="line_34" HPOS="116" VPOS="1356" WIDTH="93" HEIGHT="23">
							<String ID="string_303" HPOS="116" VPOS="1356" WIDTH="93" HEIGHT="23" WC="0.91" CONTENT="straffas."/>
						</TextLine>
					</TextBlock>
					<TextBlock ID="block_7" HPOS="117" VPOS="1390" WIDTH="755" HEIGHT="98">
						<TextLine ID="line_35" HPOS="185" VPOS="1390" WIDTH="687" HEIGHT="30">
							<String ID="string_304" HPOS="185" VPOS="1390" WIDTH="23" HEIGHT="23" WC="0.95" CONTENT="12"/><SP WIDTH="23" VPOS="1390" HPOS="208"/>
							<String ID="string_305" HPOS="231" VPOS="1393" WIDTH="11" HEIGHT="24" WC="0.50" CONTENT="s"/><SP WIDTH="24" VPOS="1393" HPOS="242"/>
							<String ID="string_306" HPOS="266" VPOS="1391" WIDTH="36" HEIGHT="29" WC="0.91" CONTENT="(13"/><SP WIDTH="24" VPOS="1391" HPOS="302"/>
							<String ID="string_307" HPOS="326" VPOS="1392" WIDTH="12" HEIGHT="26" WC="0.71" CONTENT="&amp;"/><SP WIDTH="19" VPOS="1392" HPOS="338"/>
							<String ID="string_308" HPOS="357" VPOS="1391" WIDTH="8" HEIGHT="22" WC="0.93" CONTENT="i"/><SP WIDTH="12" VPOS="1391" HPOS="365"/>
							<String ID="string_309" HPOS="377" VPOS="1391" WIDTH="66" HEIGHT="22" WC="0.93" CONTENT="Utsk."/><SP WIDTH="16" VPOS="1391" HPOS="443"/>
							<String ID="string_310" HPOS="459" VPOS="1390" WIDTH="78" HEIGHT="28" WC="0.90" CONTENT="försl.)."/><SP WIDTH="30" VPOS="1390" HPOS="537"/>
							<String ID="string_311" HPOS="567" VPOS="1391" WIDTH="125" HEIGHT="22" WC="0.92" CONTENT="Utskottets"/><SP WIDTH="14" VPOS="1391" HPOS="692"/>
							<String ID="string_312" HPOS="706" VPOS="1390" WIDTH="112" HEIGHT="29" WC="0.92" CONTENT="pluralitet"/><SP WIDTH="14" VPOS="1390" HPOS="818"/>
							<String ID="string_313" HPOS="832" VPOS="1390" WIDTH="40" HEIGHT="21" WC="0.96" CONTENT="har"/>
						</TextLine>
						<TextLine ID="line_36" HPOS="118" VPOS="1425" WIDTH="754" HEIGHT="28">
							<String ID="string_314" HPOS="118" VPOS="1427" WIDTH="73" HEIGHT="21" WC="0.96" CONTENT="ansett"/><SP WIDTH="14" VPOS="1427" HPOS="191"/>
							<String ID="string_315" HPOS="205" VPOS="1425" WIDTH="84" HEIGHT="23" WC="0.96" CONTENT="straffet"/><SP WIDTH="15" VPOS="1425" HPOS="289"/>
							<String ID="string_316" HPOS="304" VPOS="1425" WIDTH="34" HEIGHT="22" WC="0.93" CONTENT="för"/><SP WIDTH="14" VPOS="1425" HPOS="338"/>
							<String ID="string_317" HPOS="352" VPOS="1425" WIDTH="153" HEIGHT="23" WC="0.91" CONTENT="öfverförande"/><SP WIDTH="15" VPOS="1425" HPOS="505"/>
							<String ID="string_318" HPOS="520" VPOS="1426" WIDTH="25" HEIGHT="22" WC="0.93" CONTENT="af"/><SP WIDTH="11" VPOS="1426" HPOS="545"/>
							<String ID="string_319" HPOS="556" VPOS="1426" WIDTH="101" HEIGHT="22" WC="0.93" CONTENT="venerisk"/><SP WIDTH="10" VPOS="1426" HPOS="657"/>
							<String ID="string_320" HPOS="667" VPOS="1425" WIDTH="99" HEIGHT="28" WC="0.93" CONTENT="sjukdom"/><SP WIDTH="10" VPOS="1425" HPOS="766"/>
							<String ID="string_321" HPOS="776" VPOS="1425" WIDTH="14" HEIGHT="21" WC="0.89" CONTENT="&amp;"/><SP WIDTH="10" VPOS="1425" HPOS="790"/>
							<String ID="string_322" HPOS="800" VPOS="1430" WIDTH="72" HEIGHT="16" WC="0.96" CONTENT="annan"/>
						</TextLine>
						<TextLine ID="line_37" HPOS="117" VPOS="1459" WIDTH="753" HEIGHT="29">
							<String ID="string_323" HPOS="117" VPOS="1460" WIDTH="95" HEIGHT="28" WC="0.84" CONTENT="förtjena"/><SP WIDTH="21" VPOS="1460" HPOS="212"/>
							<String ID="string_324" HPOS="233" VPOS="1460" WIDTH="61" HEIGHT="28" WC="0.95" CONTENT="höjas"/><SP WIDTH="22" VPOS="1460" HPOS="294"/>
							<String ID="string_325" HPOS="316" VPOS="1460" WIDTH="33" HEIGHT="22" WC="0.93" CONTENT="till"/><SP WIDTH="22" VPOS="1460" HPOS="349"/>
							<String ID="string_326" HPOS="371" VPOS="1460" WIDTH="91" HEIGHT="22" WC="0.93" CONTENT="tukthus"/><SP WIDTH="23" VPOS="1460" HPOS="462"/>
							<String ID="string_327" HPOS="485" VPOS="1460" WIDTH="53" HEIGHT="22" WC="0.93" CONTENT="eller"/><SP WIDTH="21" VPOS="1460" HPOS="538"/>
							<String ID="string_328" HPOS="559" VPOS="1460" WIDTH="98" HEIGHT="28" WC="0.96" CONTENT="fängelse"/><SP WIDTH="22" VPOS="1460" HPOS="657"/>
							<String ID="string_329" HPOS="679" VPOS="1460" WIDTH="8" HEIGHT="22" WC="0.92" CONTENT="i"/><SP WIDTH="21" VPOS="1460" HPOS="687"/>
							<String ID="string_330" HPOS="708" VPOS="1460" WIDTH="65" HEIGHT="28" WC="0.96" CONTENT="högst"/><SP WIDTH="19" VPOS="1460" HPOS="773"/>
							<String ID="string_331" HPOS="792" VPOS="1460" WIDTH="33" HEIGHT="20" WC="0.96" CONTENT="ett"/><SP WIDTH="14" VPOS="1460" HPOS="825"/>
							<String ID="string_332" HPOS="839" VPOS="1459" WIDTH="31" HEIGHT="27" WC="0.96" CONTENT="är,"/>
						</TextLine>
					</TextBlock>
				</ComposedBlock>
				<GraphicalElement ID="cblock_2" HPOS="1080" VPOS="27" WIDTH="6" HEIGHT="1250"></GraphicalElement >
			</PrintSpace>
		</Page>
	</Layout>
</alto>
