1086 1717
419 143 52 27 Prop.
487 143 31 21 N:o
533 143 30 21 34.
810 144 28 21 59

113 204 55 21 Dess
189 204 79 26 väggar
290 202 61 21 skola
373 207 51 15 vara
447 200 146 28 omsorgsfullt
610 200 88 22 murade
717 201 52 21 eller
787 200 27 27 på
832 200 35 21 hel

113 237 80 22 stenfot
213 236 97 22 timrade.
343 236 85 26 Väggar
446 234 23 22 af
485 234 24 22 så
523 234 83 22 kalladt
621 234 111 22 korsvirke
747 235 49 21 med
810 236 57 20 sten-

113 272 89 27 fyllning
224 277 50 15 vare
296 270 62 22 äfven
379 269 90 22 tillåtna.
507 268 87 22 'Golfvet
616 269 55 21 skall
693 269 62 21 bestå
773 269 22 21 af
811 269 56 27 tegel

114 306 51 21 eller
186 305 23 22 af
229 304 95 28 plankor,
348 304 89 28 spikade
459 304 28 27 på
509 303 93 28 bjelkar;
625 303 56 22 dock
702 303 80 22 tillåtes
804 303 62 22 äfven

111 340 159 27 jordstampadt
287 338 50 28 golf.
369 338 100 22 Rummet
486 338 47 26 bör,
552 338 90 21 såframt
660 338 37 21 det
714 338 19 26 ej
749 340 24 18 är
786 337 81 22 försedt

113 375 49 21 med
184 374 82 22 hvälfdt
286 373 44 27 tak,
353 373 92 21 förutom
467 374 58 26 yttre
546 372 125 27 takresning
693 372 48 22 med
762 373 105 21 vattentät

113 408 136 27 betäckning,
272 408 63 21 hafva
358 407 101 21 särskildt
481 406 123 22 mellantak.
638 407 91 21 Fönster
748 406 40 22 och
807 407 59 26 glug-

113 449 45 21 gar,
177 443 38 21 der
233 443 80 21 sådana
330 441 75 27 finnas,
423 441 62 22 skola
503 448 51 15 vara
572 441 100 22 försedda
691 441 48 22 med
751 441 116 27 jerngaller

114 477 39 22 och
172 477 75 22 luckor
265 478 32 20 att
314 476 78 22 inifrån
410 475 138 22 tillskrufvas.
582 476 210 27 Magasinsrummets
807 475 60 22 dörr-

114 512 118 27 öppningar
260 511 61 22 skola
343 511 100 21 tillslutas
465 510 50 21 med
537 510 76 21 dörrar
635 510 23 21 af
675 510 48 27 jern
745 511 52 21 eller
818 511 48 21 med

113 546 163 22 brädbeklädda
293 545 35 22 väl
345 545 102 27 beslagna
461 545 149 27 plankdörrar,
626 545 24 21 så
664 545 105 27 anbragta
784 547 32 20 att
831 545 36 22 de-

113 587 81 15 samma
216 580 47 21 icke
285 580 72 21 kunna
380 579 131 27 obehörigen
533 579 83 28 aflyftas
639 579 40 22 och
701 579 99 22 försedda
818 581 49 21 med

114 615 59 22 öfver
194 615 114 21 dörrarnas
330 614 49 21 hela
395 613 68 22 bredd
481 613 82 28 gående
582 613 74 22 starka
671 613 145 28 jernbommar
833 615 34 21 för

113 649 109 27 tillåsning
236 649 48 21 med
298 648 125 22 kontrollås.

182 684 20 21 2.
232 683 11 21 I
263 683 48 22 stad
326 682 55 22 skall
396 683 207 26 nederlagsmagasin
618 683 58 27 ligga
690 683 13 21 å
717 689 81 16 samma
812 685 55 20 tomt

113 718 49 21 med
180 717 123 22 bränneriet
321 717 40 21 och
379 717 13 20 å
410 717 74 21 landet
503 717 19 27 ej
541 717 59 21 öfver
618 718 65 25 2,000
700 717 42 22 fots
757 719 40 26 väg
811 718 55 21 ifrån

114 753 124 21 detsamma.
271 751 61 22 Dock
353 751 35 22 må
409 751 144 27 länestyrelse,
576 751 27 22 då
620 752 156 27 framställning
793 753 73 21 derom

113 788 69 25 göres,
201 792 39 21 ega
258 787 32 20 att
309 785 70 22 häruti
397 785 106 27 medgifva
522 786 30 26 de
566 786 83 21 mindre
668 786 118 27 afvikelser,
805 787 61 21 hvar-

113 821 34 21 till
161 820 46 22 skäl
222 821 43 21 kan
280 820 119 22 förefinnas.

183 856 19 21 3.
234 855 28 22 Så
280 855 62 27 länge
360 855 96 26 bränvin,
475 855 34 21 för
524 855 80 21 hvilket
619 855 59 22 skatt
692 855 46 22 icke
753 855 85 27 erlagts,
855 855 12 20 å

114 890 100 27 nederlag
240 890 123 27 qvarligger,
390 889 54 22 skall
469 890 95 27 magasin
587 896 51 15 vara
660 890 67 21 under
749 890 118 21 kontrolläs

113 924 83 22 försatt.

458 977 11 27 g
487 977 33 21 10.

184 1029 125 21 Kontrollör
332 1029 53 21 skall
407 1029 74 27 hvarje
503 1029 33 21 tid
558 1029 27 27 på
607 1029 79 27 dygnet
708 1035 38 20 ega
764 1029 46 21 fritt
824 1029 43 21 till-

114 1063 61 21 träde
197 1063 33 21 till
251 1063 42 21 alla
310 1069 47 15 rum
376 1063 39 21 och
434 1063 29 22 all
482 1063 92 28 redskap
594 1063 7 21 i
618 1063 123 22 bränneriet
759 1063 108 22 äfvensom

115 1097 33 21 till
170 1097 201 27 nederlagsrummet
393 1097 40 22 och
455 1099 31 24 är,
506 1104 35 15 om
559 1098 78 21 honom
656 1098 77 21 sådant
749 1098 117 26 förvägras,

115 1131 121 27 berättigad
251 1133 32 20 att
303 1132 43 21 låta
365 1132 86 27 afbryta
469 1132 164 27 tillverkningen
653 1132 40 22 och
711 1134 75 25 stänga
804 1132 63 21 brän-

115 1166 73 21 neriet.

437 1232 58 24 Art.
514 1233 34 24 II

115 1297 39 26 Om
177 1298 106 26 kontroll
305 1299 40 26 vid
368 1300 114 26 bränneri
500 1301 44 25 och
562 1300 226 33 destilleringsverk
807 1301 60 25 samt

337 1339 83 33 tillsyn
439 1340 69 26 öfver
525 1341 124 32 nederlag.

459 1403 12 27 $
490 1404 33 21 11.

185 1455 99 22 Kontroll
303 1455 35 21 vid
355 1455 99 21 bränneri
470 1455 13 21 &
499 1456 38 25 tid,
552 1456 122 21 hvarunder
689 1456 65 26 enligt
769 1456 100 21 anmälan
