1086 1717
251 141 41 21 108
557 140 40 22 N:o
612 140 36 22 36.

538 214 24 20 5.
587 214 69 23 Kap.

398 260 42 23 Om
455 260 69 23 böter
539 261 45 22 och
599 260 124 23 förbrutet
738 260 64 28 gods.

281 313 11 20 1
309 313 20 26 8.
353 312 136 28 Kronofogde
503 312 27 28 pä
544 312 72 22 landet
626 315 55 19 samt
691 312 108 28 magistrat
810 312 52 22 eller
871 312 107 28 ordnings-

222 349 42 19 rätt
288 346 8 21 i
314 346 46 22 stad
375 346 62 22 hafve
452 346 93 22 vårdnad
561 346 78 26 derom,
655 349 31 19 att
700 347 60 21 böter
775 346 93 28 erläggas
883 346 50 21 eller
948 346 30 22 in-

221 380 81 22 drifvas
324 380 67 28 enligt
413 380 48 22 dom
481 380 52 22 eller
546 380 156 29 saköreslängd,
718 381 51 21 eller
784 382 31 20 att
830 380 41 22 den
886 380 91 22 bötfälde

221 414 33 22 för
269 414 48 22 dem
332 417 63 20 sättes
411 414 8 22 i
433 414 100 29 fängelse.

291 450 13 21 2
326 450 20 26 8.
377 449 118 28 Uppgifver
518 450 40 21 den
582 449 102 26 sakfälde,
709 454 36 17 när
767 449 88 22 böterna
873 449 58 22 skola
946 449 31 21 in-

220 483 86 26 drifvas,
327 486 31 19 att
379 484 42 21 han
443 484 48 21 sökt
514 483 89 29 ändring
624 484 8 20 i
650 483 83 26 domen,
749 491 49 14 men
813 483 42 22 kan
871 483 18 28 ej
904 486 74 25 genast

221 517 73 28 styrka
314 518 46 25 det;
375 517 105 29 förelägge
496 518 223 28 utmätuingsmannen
733 518 78 21 honom
827 520 30 19 att
873 518 56 21 inom
939 525 38 14 sex

221 551 78 22 veckor
322 551 90 22 derefter
434 552 67 22 förete
523 553 64 28 högre
610 555 52 19 rätts
685 553 47 21 dom
751 552 52 21 eller
817 551 59 23 bevis
891 559 34 14 om
940 556 36 17 än-

220 585 181 28 dringssökandet.
432 586 45 23 Gör
499 587 41 21 han
563 587 36 21 det
621 586 26 28 ej,
671 587 52 21 eller
745 587 38 20 har
798 587 48 25 han,
863 594 34 14 om
912 586 64 27 högre

220 622 52 19 rätts
295 620 47 21 dom
358 620 59 26 fallit,
433 620 47 22 icke
496 621 76 22 vunnit
587 621 97 21 befrielse
700 620 46 22 frän
761 621 98 26 böterna;
875 621 53 21 skall
943 623 32 19 ut-

220 654 206 28 mätningsmannen,
449 655 36 22 der
511 655 18 28 ej
549 655 60 28 eljest
624 655 46 28 laga
686 655 75 21 hinder
776 658 73 23 möter,
866 658 46 25 taga
927 655 48 21 dem

220 691 30 23 ut,
274 689 51 21 eller
347 689 95 22 befordra
465 689 40 22 den
521 689 93 22 sakfälde
630 690 33 21 till
678 689 147 29 undergäende
841 689 23 21 af
876 689 98 28 fängelse.

294 723 89 28 Styrker
405 723 40 22 den
468 723 100 27 sakfälde,
587 727 31 19 att
633 725 41 21 han
691 724 48 22 sökt
754 723 97 28 ändring;
867 727 59 24 göres
942 731 34 13 an-

218 756 64 22 ständ
297 757 48 22 med
361 757 146 29 utmätningen
522 758 43 22 tills
580 759 64 27 högre
660 761 52 19 rätts
727 758 47 21 dom
785 757 8 22 i
803 757 64 22 mälet
879 757 95 27 kommit,

220 791 54 21 dock
296 790 47 22 icke
366 791 71 28 längre
456 796 26 17 än
498 795 30 19 ett
542 792 24 21 är
580 792 47 22 frän
642 793 41 20 den
699 792 45 28 dag,
761 791 26 22 dä
802 792 86 21 böterne
903 791 23 22 af
939 799 36 14 un-

219 825 106 22 derrätten
348 825 105 27 &dömdes,
477 826 36 21 der
536 825 18 29 ej
570 826 23 22 sä
608 831 28 21 är,
652 829 31 19 att
698 827 40 21 den
753 826 95 21 sakfälde
864 826 48 21 med
927 828 47 25 nytt

218 859 61 22 bevis
295 859 90 26 utreder,
402 863 31 19 att
448 860 64 22 målet
527 860 7 21 i
550 861 64 28 högre
630 863 42 19 rätt
687 865 23 17 är
724 860 109 28 oafgjordt.

290 893 14 22 3
320 894 20 26 8.
370 893 69 22 Orkar
461 894 40 21 den
524 894 94 22 sakfälde
640 895 62 28 gälda
722 895 92 26 böterna,
837 901 50 14 men
901 894 38 21 har
954 893 19 28 ej

218 927 50 22 reda
292 927 116 29 penningar
426 928 82 27 dertill;
527 929 59 21 skola
600 929 88 22 böterna
703 931 82 26 uttagas
800 927 23 23 af
836 935 69 14 annan
921 928 53 21 hans

219 961 97 22 enskilda
338 962 102 28 egendom
463 963 51 20 eller
536 963 39 21 lott
597 962 8 21 i
627 963 33 25 bo,
675 962 68 22 säsom
759 969 34 14 om
809 961 118 28 utmätning
942 961 32 22 för

219 995 49 28 gäld
292 999 22 18 är
336 995 101 28 stadgadt.
468 995 27 29 Ej
512 995 35 22 mä
561 995 66 22 likväl
642 995 33 22 för
690 996 59 21 böter
764 999 57 24 tagas
837 996 8 21 i
860 998 43 19 mät
917 995 56 22 hvad

218 1029 42 21 den
284 1029 93 22 sakfälde
400 1029 101 22 behöfver
515 1029 33 22 till
564 1030 111 28 uppehälle
691 1029 32 22 för
737 1029 32 28 sig
783 1030 40 21 och
833 1029 26 22 de
874 1029 45 22 sina
935 1037 37 14 un-

218 1063 38 21 der
280 1071 26 13 en
329 1063 82 26 månad,
435 1064 51 21 eller
508 1063 33 23 till
564 1064 73 21 kläder
652 1064 23 21 ät
690 1064 32 27 sig
736 1064 51 21 eller
803 1064 54 25 dem,
873 1063 18 29 ej
907 1063 67 22 heller

218 1097 53 22 hans
295 1097 54 22 enda
368 1097 165 26 förvärfsmedel,
550 1098 52 21 eller
616 1097 77 29 nödiga
708 1098 78 26 bostad,
803 1098 51 21 eller
868 1097 104 28 fastighet,

218 1131 77 22 hvaraf
307 1132 42 21 han
364 1131 71 28 njuter
449 1131 37 22 sitt
500 1132 76 28 nödiga
591 1133 117 27 uppehälle,
725 1132 51 21 eller
792 1132 55 21 hvad
862 1132 33 22 till
904 1131 69 28 fastig-

217 1165 76 22 hetens
315 1165 132 29 bebrukning
470 1165 108 22 erfordras.
610 1167 83 27 Mägtar
715 1166 42 21 han
780 1166 47 21 icke
849 1166 49 21 fullt
911 1166 62 28 gälda

216 1199 98 26 böterna;
338 1200 63 21 varde
424 1200 70 21 hållen
517 1199 7 22 i
544 1200 94 29 fängelse
653 1200 32 22 för
700 1201 47 21 hela
762 1201 162 28 bötesbeloppet,
941 1199 32 22 sä-

216 1241 46 14 som
278 1233 8 22 i
301 1233 126 29 Strafflagen
443 1239 52 23 sägs.

289 1268 56 26 Den,
368 1276 44 13 som
432 1268 67 22 utstär
513 1269 155 28 fängelsestraff
680 1269 32 22 för
727 1269 64 26 böter,
808 1268 62 22 hafve
885 1271 41 19 rätt
941 1270 31 19 att

217 1302 67 22 under
299 1302 152 29 fängelsetiden
465 1303 61 28 gälda
541 1304 49 21 dem
604 1304 33 21 till
652 1304 59 21 fullo.
731 1303 45 23 Gör
791 1304 42 20 han
848 1303 45 26 det;
908 1302 64 22 varde

215 1339 75 25 genast
304 1336 106 29 frigifven.

288 1372 15 20 4
318 1372 21 26 8.
368 1371 46 23 Vill
429 1372 41 21 den
485 1372 92 22 bötfälde
592 1371 19 28 ej
628 1372 71 22 afbida
715 1371 130 29 utmäining;
857 1371 62 22 hafve
930 1374 42 19 rätt

215 1408 38 22 att,
277 1406 64 21 sedan
364 1406 75 21 domen
463 1406 76 22 vunnit
561 1406 46 28 laga
622 1406 63 27 kraft,
701 1406 90 21 afemna
805 1406 87 22 böterna
905 1404 66 30 jemte

216 1439 76 22 domen
308 1440 52 21 eller
373 1440 58 22 bevis
447 1448 34 14 om
497 1441 96 21 böternas
608 1441 75 28 belopp
698 1440 34 22 till
742 1440 230 28 utmätningsmannen.
