1086 1717
248 156 28 20 14
477 155 23 22 U.
516 155 22 22 B.
558 168 24 2 —
599 155 66 29 Prop.
680 156 38 22 N:o
735 154 34 24 39.

79 221 13 17 2
103 220 90 23 Kapitlet.
218 220 63 22 alltid
296 221 40 21 bör
350 222 94 21 utsättas
459 221 6 21 i
483 221 75 28 dagar,
581 222 67 21 ehuru
666 222 81 21 sådant
761 222 48 21 icke
825 223 25 19 är
864 221 111 27 uttryckli-

217 262 43 21 gen
275 256 66 27 sagdt
354 256 8 21 i
376 258 45 24 $:ns
438 259 33 19 1:a
486 262 68 21 mom.,
578 262 64 16 anser
656 256 114 22 Utskottet
785 256 48 22 med
848 256 127 27 erforderlig

218 290 110 27 tydlighet
343 290 85 28 framgå
443 297 26 15 ur
484 293 36 19 2:a
534 297 61 15 mom.

287 324 12 22 7
314 327 18 24 $.
363 325 70 22 Sedan
449 326 8 21 i
474 328 10 19 1
501 325 13 29 $
529 326 101 27 stadgats
645 327 33 20 att
694 326 107 22 särskilda
811 324 120 23 straffarter
941 325 34 21 för

217 359 132 27 tjenstemän
371 362 37 20 äro
431 360 121 28 afsättning
574 360 40 22 och
636 360 107 28 skiljande
766 360 49 21 frän
838 359 98 27 utöfning
951 359 26 22 af

218 394 74 27 tjenst,
315 394 129 22 bestämmer
467 397 34 19 1:a
523 401 60 15 mom.
600 395 7 21 i
623 395 71 21 denna
710 396 10 25 $
736 395 58 21 hvad
809 394 120 27 afsättning
943 394 31 21 in-

217 428 74 22 nebär.
321 429 120 22 Momentet
462 429 55 22 lider
539 429 25 22 af
584 436 26 15 en
626 429 44 22 viss
686 429 142 28 otydlighet
820 424 13 37 i
845 428 100 23 afseende
960 429 14 21 &

218 463 27 22 de
268 463 58 22 olika
348 464 75 27 slagen
445 464 25 21 af
490 464 122 28 afsättning
634 471 49 14 men
701 471 63 20 synes
779 465 54 20 böra
846 463 80 22 förstäs
940 463 34 22 sä-

216 498 74 27 lunda,
299 500 34 20 att
349 499 120 28 afsättning
484 501 26 19 är
525 499 25 22 af
562 500 38 21 två
616 498 54 28 slag,
679 499 107 27 nemligen
803 499 40 26 1:0)
859 498 77 22 förlust
951 498 25 21 af

218 532 42 22 den
274 533 74 27 tjenst,
364 533 63 22 hvari
441 534 82 21 brottet
538 533 89 28 begicks
646 533 53 22 eller
715 533 89 22 hvilken
819 533 41 22 den
874 532 99 28 skyldige

217 567 7 21 i
240 567 48 22 dess
304 567 63 22 ställe
383 568 93 27 erhållit,
485 568 40 21 och
541 569 42 26 2:0)
600 568 77 21 förlust
693 568 25 21 af
731 568 42 21 alla
789 568 97 27 tjenster,
899 567 75 22 hvilka

218 601 41 22 den
274 602 100 27 skyldige
390 603 146 27 tilläfventyrs
555 603 91 21 innehar
661 603 28 22 dä
705 603 48 21 dom
767 602 70 22 faller.
867 603 49 20 Men
931 608 43 15 mo-

217 638 83 21 mentet
317 637 82 22 lemnar
422 637 64 22 äfven
509 644 45 15 rum
574 637 35 22 för
631 637 171 28 anmärkningar
823 637 8 21 i
852 638 32 20 ett
906 638 68 19 annat

217 671 109 22 afseende.
346 671 77 28 Enligt
442 673 128 21 detsammas
586 672 134 27 ordalydelse
743 674 24 19 är
789 671 139 22 inträdandet
950 671 25 21 af

218 705 36 22 det
276 706 153 22 inskränktare
452 707 53 22 eller
526 707 160 22 vidsträcktare
708 707 71 27 slaget
801 705 121 28 afsättning
938 706 35 21 be-

216 741 80 21 roende
318 740 26 22 af
365 758 4 8 ,
370 741 100 26 brottets
485 741 169 22 beskaffenhet".
685 741 69 22 Dessa
769 741 38 21 ord
821 741 74 20 kunna
908 740 64 27 tydas

216 775 106 27 antingen
345 775 77 22 endast
444 776 71 21 såsom
537 777 33 20 ett
592 776 112 21 uttalande
720 775 25 22 af
758 782 27 15 en
801 775 78 21 allmän
894 774 78 27 grund-

216 811 52 25 sats,
286 809 68 28 enligt
375 810 88 21 hvilken
486 810 62 21 dessa
570 810 58 21 olika
650 809 108 28 påföljder
776 809 8 22 i
798 809 115 26 förslagets
928 811 45 19 sär-

216 843 73 22 skilda
304 844 35 21 del
354 846 36 19 äro
405 844 35 21 för
455 844 58 22 olika
528 845 58 21 brott
602 846 90 25 utsatta,
708 844 53 21 eller
776 844 39 21 ock
830 844 70 21 såsom
913 843 59 21 inne-

216 877 96 23 bärande
328 885 25 15 en
369 879 25 21 åt
410 878 101 23 domaren
526 878 84 23 lemnad
624 880 46 20 rätt
685 880 35 20 att
731 878 78 28 pröfva
825 879 40 20 när
879 877 37 22 det
931 883 41 15 ena

216 912 54 22 eller
292 913 68 21 andra
381 913 72 27 slaget
475 913 121 28 afsättning
611 914 39 21 bör
665 913 94 22 ådömas.
789 913 48 21 Den
851 911 59 22 förra
924 911 50 28 tyd-

216 947 81 28 ningen
312 947 61 22 visar
387 947 34 28 sig
436 948 118 21 emellertid
571 948 37 22 vid
623 947 135 28 granskning
773 947 26 22 af
812 947 114 26 förslagets
940 952 33 15 se-

216 988 53 15 nare
285 982 35 21 del
334 982 47 21 icke
397 982 74 27 riktig,
486 984 24 25 ty
520 982 161 22 straffsatserna
691 982 52 27 lyda
753 982 40 21 här
803 981 77 22 endast
891 980 79 27 ,varde

216 1015 81 22 afsatt*
315 1016 52 21 eller
384 1016 98 27 ,straffes
497 1017 48 21 med
560 1017 143 26 afsättning*.
733 1016 48 21 Den
795 1021 76 16 senare
887 1014 85 27 tydnin-

215 1056 43 21 gen
274 1050 79 22 varder
375 1051 84 21 säledes
475 1051 40 21 den
535 1051 56 21 enda
605 1051 95 27 möjliga,
716 1057 48 14 men
779 1049 70 22 skulle
863 1049 70 22 lemna
948 1049 24 20 ät

216 1084 102 22 domaren
342 1091 26 15 en
386 1091 43 22 nog
444 1085 102 28 vansklig
561 1086 38 21 och
614 1087 80 25 ytterst
710 1083 127 29 godtycklig
851 1083 121 27 pröfnings-

215 1119 52 21 rätt.
297 1119 11 21 I
330 1119 79 27 sjelfva
430 1120 77 21 verket
529 1126 63 21 synes
610 1119 122 28 någonting
747 1119 80 21 sådant
841 1118 48 21 icke
904 1117 67 22 heller

214 1159 56 15 vara
285 1152 104 28 åsyftadt.
420 1154 33 27 Ty
467 1156 40 19 när
522 1154 141 27 tjenstemans
679 1154 59 21 brott
753 1155 25 20 är
793 1152 24 22 af
831 1152 41 21 den
887 1151 85 22 beskaf-

214 1187 82 28 fenhet,
305 1189 33 20 att
353 1188 42 21 han
411 1189 39 21 bör
458 1195 63 15 anses
531 1188 67 23 hafva
607 1188 95 27 förskylt
712 1188 19 27 ej
743 1188 92 27 allenast
845 1186 42 22 den
897 1186 74 27 tjenst,

214 1222 64 21 hvari
293 1222 81 22 brottet
397 1223 95 27 begicks,
516 1225 52 20 utan
583 1223 44 22 alla
649 1223 69 22 andra
733 1222 108 21 allmänna
856 1220 116 22 befattnin-

215 1262 41 21 gar
278 1256 74 23 hvilka
373 1257 44 21 han
439 1257 96 28 innehar,
558 1258 26 21 så
605 1257 128 22 förutsättes
751 1256 78 22 härvid
845 1257 32 20 ett
891 1255 79 22 sådant

214 1290 160 28 pligtkänslans
389 1291 80 28 förfall,
478 1294 33 20 att
526 1293 70 27 några
611 1292 91 28 tjenster
717 1291 68 22 under
800 1297 27 15 en
841 1290 87 21 kortare
942 1289 29 22 el-

214 1325 32 21 ler
262 1325 76 28 längre
353 1325 32 22 tid
400 1326 49 22 icke
459 1326 73 22 kunna
542 1327 106 21 ombetros
660 1326 41 22 den
711 1325 110 28 skyldige;
831 1330 50 16 men
889 1329 82 16 samma

214 1359 157 28 förutsättning
393 1360 72 28 ligger
487 1361 98 27 tydligen
607 1361 34 21 till
663 1360 70 28 grund
755 1360 35 21 för
812 1359 37 21 det
863 1358 108 22 särskilda

214 1394 66 21 straff
293 1394 142 28 ,ovärdighet
450 1396 34 21 att
499 1396 83 27 nyttjas
600 1396 8 21 i
622 1396 86 21 landets
723 1394 80 28 tjenst"
819 1399 45 16 som
879 1391 94 23 behand-

214 1428 32 22 las
264 1430 26 20 11
306 1428 13 28 8
335 1428 25 22 af
371 1428 144 24 förevarande
532 1430 50 27 kap.
598 1431 40 21 och
652 1436 46 16 som
712 1429 8 21 i
735 1428 116 27 förslagets
865 1426 107 22 särskilda

214 1462 36 22 del
266 1464 25 20 är
302 1463 68 27 jemte
385 1464 122 28 afsättning
522 1466 69 20 utsatt
604 1466 71 20 såsom
688 1463 84 28 påföljd
785 1462 34 22 för
833 1462 53 21 flera
899 1460 73 28 gröfre
