1086 1717
259 152 27 20 16
459 150 24 22 U.
499 150 22 22 B.
539 162 26 4 —
580 150 66 29 Prop.
662 150 38 23 N:o
716 149 34 23 39.

92 216 12 16 2
115 215 91 23 Kapitlet.
228 216 36 28 jas
279 216 7 22 i
301 216 84 22 landets
400 216 81 28 tjenst"
497 216 70 22 såsom
582 216 124 22 densamma
720 216 41 21 här
773 218 25 19 är
807 215 129 28 behandlad,
948 216 40 22 har

228 250 115 22 Utskottet
358 250 71 23 funnit
443 251 49 21 skäl
506 250 35 22 till
555 251 39 22 två
610 250 175 28 anmärkningar.
801 250 78 28 Enligt
897 252 13 20 2
925 256 61 16 mom.

229 288 25 19 är
269 285 71 22 denna
354 285 85 28 påföljd
453 285 91 22 förenad
560 285 48 22 med
623 285 78 22 förlust
716 284 24 22 af
760 284 170 28 medborgerligt
945 284 43 23 för-

228 320 100 28 troende;
344 326 48 16 men
408 320 29 22 då
451 320 135 22 sistnämnda
600 320 90 27 påföljd,
706 319 88 23 hvilken
808 320 119 21 behandlas
942 320 8 21 i
960 322 28 19 14

229 355 20 27 8,
272 354 68 22 redan
355 355 71 21 allena
440 354 35 22 för
489 354 34 28 sig
538 354 84 22 medför
636 354 128 28 oduglighet
778 355 34 20 att
827 354 67 22 vinna
908 354 80 22 allmän

228 388 132 28 befattning,
376 391 25 20 är
416 389 38 22 det
468 389 80 27 tydligt
562 390 34 20 att
617 388 142 28 ,ovärdighet
774 390 34 20 att
822 388 84 28 nyttjas
921 388 8 22 i
943 388 45 22 lan-

230 423 48 22 dets
293 424 80 27 tjenst*
390 423 21 30 ($
428 424 34 27 11)
479 424 39 22 och
534 441 4 10 ,
541 423 84 28 förlust
638 423 26 22 af
671 423 170 28 medborgerligt
851 423 137 22 förtroende"

230 459 23 26 (8
270 459 35 26 14)
329 461 37 20 äro
388 458 132 29 fullkomligt
541 459 138 27 kongruenta
694 458 67 27 straff,
785 458 40 22 och
840 458 37 22 det
891 459 45 21 kan
950 458 37 22 vid

229 493 81 22 sädant
331 493 137 22 förhällande
489 493 49 22 icke
559 493 58 22 inses
635 493 90 22 hvarför
739 493 48 22 icke
801 492 135 22 sistnämnda
951 493 37 21 all-

229 529 80 20 männa
323 527 146 28 straffpåföljd
483 527 71 22 allena
568 534 52 15 vore
636 527 104 28 tillfylles.
769 527 76 22 Annat
859 526 71 23 blefve
941 527 47 22 der-

230 563 58 20 emot
306 561 152 28 förhällandet,
475 569 33 15 om
531 569 28 14 nu
581 561 170 28 ifrägavarande
773 561 65 22 straff
851 561 79 22 erhölle
946 561 41 22 den

229 596 84 22 mindre
335 597 157 28 utsträckning,
515 603 44 16 som
582 597 64 22 derät
667 596 77 28 gifvits
768 597 8 21 i
801 596 187 28 Granskningsko-

230 631 78 22 mitens
330 631 88 28 förslag,
442 632 69 27 enligt
532 632 84 21 hvilket
636 631 22 29 (&
679 632 35 27 19)
731 631 143 28 ,ovärdighet
888 633 33 20 att
931 633 57 25 nytt-

227 665 37 28 jas
279 666 8 21 i
302 666 85 23 landets
409 667 67 27 tjenst
497 666 65 23 äfven
584 666 91 22 innebär
697 666 130 28 ovärdighet
845 667 34 21 att
893 665 95 22 förrätta

229 699 99 29 offentlig
342 701 70 27 syssla
435 701 52 22 eller
503 700 107 28 offentligt
626 701 93 22 ärende"
741 701 40 21 och
795 700 86 22 således
895 700 47 22 icke
957 700 31 22 in-

229 734 98 23 nefattar
342 735 43 22 alla
401 735 26 22 de
449 736 139 27 verkningar,
603 741 45 16 som
672 752 5 10 ,
678 735 85 27 förlust
781 735 26 22 af
819 735 169 28 medborgerligt

229 769 138 23 förtroende"
389 770 90 22 medför.
510 770 80 22 Genom
611 776 27 16 en
653 770 70 21 sådan
737 769 148 28 begränsning
900 769 24 22 af
937 769 52 22 ifrå-

229 804 127 27 gavarande
378 804 85 29 påföljd
478 805 71 22 blefve
565 805 124 21 densamma
704 806 33 20 ett
751 804 104 21 särskildt
869 803 67 28 straff,
952 804 36 23 väl

230 838 83 27 egnadt
338 840 33 20 att
395 839 8 21 i
424 839 60 22 vissa
506 839 38 22 fall
566 839 114 28 begagnas
702 838 36 22 för
759 837 228 29 tjensteförbrytelser.

230 872 114 28 Sjelffallet
359 875 25 20 är
398 875 40 26 att,
456 873 71 22 derest
542 875 32 20 ett
586 873 70 28 dylikt
671 873 60 21 brott
746 872 64 22 äfven
826 873 120 22 innefattar
961 879 27 16 en

230 907 70 22 sådan
314 907 80 22 allmän
409 907 135 28 förbrytelse,
560 914 45 15 som
620 907 95 28 förskylt
729 907 79 22 förlust
821 907 25 22 af
853 907 135 28 medborger-

229 941 43 28 ligt
285 941 129 29 förtroende,
431 943 70 22 denna
515 942 160 22 vidsträcktare
690 941 87 28 påföljd
792 941 28 22 då
831 942 40 21 bör
881 941 40 22 den
932 942 56 27 skyl-

230 976 51 27 dige
297 976 94 22 ådömas.

300 1011 48 22 Den
363 1011 68 22 andra
447 1011 171 28 anmärkningen
628 1011 70 27 gäller
707 1010 166 28 bestämningen
883 1012 33 20 att
927 1013 61 20 ovär-

230 1045 77 27 dighet
330 1047 33 20 att
385 1046 84 27 nyttjas
491 1045 8 22 i
521 1045 85 22 landets
621 1045 69 28 tjenst
704 1045 45 22 kan
764 1045 89 22 ådömas
866 1045 30 28 på
910 1045 77 28 lifstid.

229 1079 77 28 Några
320 1079 120 23 ledamöter
462 1080 56 21 inom
532 1080 114 22 Utskottet
668 1079 67 22 hafva
750 1079 128 28 visserligen
893 1079 95 22 härutin-

230 1119 44 16 nan
296 1113 97 28 godkänt
416 1114 42 22 den
480 1114 81 28 nådiga
582 1114 167 27 propositionen,
775 1120 49 15 men
846 1113 28 22 då
896 1113 93 22 berörda

230 1147 152 29 straffpåföljd,
405 1148 65 23 äfven
491 1149 48 22 med
561 1149 42 21 den
624 1148 149 28 begränsning
794 1148 114 22 Utskottet
923 1148 65 22 efvan

230 1182 65 21 derät
315 1182 126 28 föreslagit,
459 1183 153 28 obestridligen
634 1183 40 22 hör
693 1183 35 22 till
743 1183 27 22 de
785 1189 16 15 s.
817 1183 22 21 k.
855 1182 133 27 ärestraffen,

230 1219 54 20 enär
306 1217 123 22 densamma
452 1217 89 22 innebär
556 1224 27 15 en
598 1217 159 28 förminskning
771 1217 26 22 af
809 1217 28 22 de
851 1217 137 28 rättigheter,

230 1257 46 16 som
290 1251 8 22 i
313 1253 73 20 staten
408 1252 119 21 tillkomma
548 1252 42 21 den
612 1251 124 28 oförvitlige
756 1251 162 28 medborgaren,
933 1253 57 20 samt

230 1285 126 23 Utskottets
377 1285 78 29 flertal,
477 1287 29 27 pä
529 1288 45 20 sätt
594 1286 38 23 vid
654 1286 165 28 granskningen
839 1287 28 21 14
886 1287 13 26 $
913 1287 76 22 vidare

229 1320 97 22 kommer
341 1322 34 20 att
394 1321 142 28 omförmälas,
552 1328 64 15 anser
631 1320 139 23 ärestraffens
785 1321 155 22 utsträckande
955 1321 34 21 till

230 1354 150 28 förbrytarens
394 1355 70 22 lifstid
479 1362 54 15 vara
548 1355 134 28 förkastligt,
690 1356 41 21 har
741 1355 114 22 Utskottet
865 1355 48 22 icke
922 1356 68 21 heller

230 1388 8 22 i
253 1388 144 23 förevarande
420 1389 39 22 fall
477 1390 84 21 kunnat
576 1390 117 27 godkänna
716 1396 27 15 en
766 1389 61 27 dylik
847 1389 95 22 straffets
958 1391 32 20 ut-

230 1423 135 28 sträckning,
376 1426 57 20 emot
444 1424 87 22 hvilken
541 1423 66 23 äfven
620 1423 249 28 Granskningskomitön
883 1424 105 26 anmärkt,

230 1459 35 20 att
287 1458 38 22 det
346 1458 69 22 skulle
440 1459 83 27 ,strida
542 1460 44 20 mot
602 1459 41 22 den
657 1458 143 28 uppfattning
815 1458 25 22 af
852 1459 82 21 brottet
949 1458 41 22 och
