1086 1717
291 150 78 22 Ständ.
385 151 35 23 Sv.
437 163 28 3 —
480 152 70 27 Prop.
565 152 39 22 N:o
619 152 33 22 34.
837 153 27 20 39

410 236 138 34 Förordning
558 238 116 32 angående
684 238 99 24 vilkoren
794 237 37 24 för
841 237 49 24 för-

342 277 100 33 säljning,
463 278 95 33 forsling
576 282 61 21 samt
655 279 81 32 upplag
753 278 30 24 af
797 278 92 24 bränvin

341 318 40 24 och
400 319 71 24 andra
489 319 86 25 brända
594 320 55 24 eller
667 320 144 24 destillerade
821 319 70 33 sprit-

342 360 102 32 drycker.

532 431 62 20 Art.
610 430 25 20 I.

397 474 42 22 Om
455 473 149 28 försäljning
618 474 29 21 af
660 474 111 21 bränvin.

557 525 14 26 $
587 527 20 18 1.

342 564 89 21 Handel
447 565 46 20 med
509 565 92 20 bränvin
612 565 43 26 får
670 564 77 21 idkas:

343 600 32 19 1:0
392 598 30 27 af
433 599 52 25 dem,
501 605 44 14 som
562 598 116 27 innehafva
691 597 103 28 rättighet
806 599 31 18 att
846 597 44 20 till-

273 632 63 21 verka
353 633 52 20 eller
420 633 110 20 destillera
547 633 96 25 bränvin,
660 632 73 20 hvilka
748 632 35 20 må
790 631 101 26 försälja

274 673 50 20 egen
348 666 139 27 tillverkning
510 667 35 20 till
568 667 74 26 belopp
661 666 30 26 af
702 667 65 20 minst
783 665 108 28 tjugufem

274 700 89 25 kannor,
380 700 25 20 så
415 699 74 28 framt
505 707 67 13 varan
589 702 27 18 är
630 700 26 20 så
672 699 68 20 renad
756 706 45 13 som
816 699 9 19 i
841 699 12 26 $
862 699 29 19 16

270 734 152 25 Jöreskrifves,
442 741 46 13 men
503 735 8 19 i
527 736 69 18 annat
611 733 43 25 fall
670 733 21 27 ej
706 733 84 20 mindre
805 734 30 19 än
851 734 40 19 ett-

274 768 164 26 hundrafemtio
454 768 92 25 kannor;

342 804 34 19 2:0
393 801 28 25 af
433 802 54 23 dem,
503 809 44 13 som
563 803 8 18 i
582 801 154 21 nedannämnd
744 801 89 27 ordning
845 800 46 27 för-

274 839 88 18 värfvat
384 837 34 25 sig
441 836 106 27 rättighet
562 837 35 19 till
610 835 141 27 partihandel
766 835 47 20 med
829 834 62 21 brän-

275 871 41 25 vin,
334 869 37 21 och
388 869 73 21 hvilka
485 870 34 21 mä
531 869 99 27 försälja
647 869 67 20 sädan
729 875 54 14 vara
799 867 30 26 af
840 874 52 21 egen

274 905 53 20 eller
343 910 85 14 annans
445 903 139 28 tillverkning
600 903 35 20 till
652 903 73 27 belopp
741 902 26 27 af
777 902 66 21 minst
854 903 38 18 ett-

274 937 163 26 hundrajemtio
453 937 97 25 kannor;

343 973 32 19 3:0
392 971 30 26 af
442 971 113 27 behörigen
578 974 94 24 antagne
696 969 196 28 minutförsäljare,

274 1005 73 21 hvilka
373 1013 38 20 ega
437 1006 96 20 utlemna
560 1006 34 20 till
618 1005 137 27 afhemtning
778 1005 66 20 minst
867 1009 26 14 en

274 1040 84 25 kanna;

344 1076 33 19 4:o
397 1075 30 25 af
446 1074 53 26 dem,
521 1081 45 13 som
589 1073 88 21 erhållit
692 1073 105 26 rättighet
812 1074 33 19 att
859 1073 34 18 ut-

274 1108 86 21 skänka
383 1108 98 26 bränvin,
505 1108 73 21 hvilka
601 1108 35 20 till
646 1107 115 27 förtäring
774 1107 31 26 pä
820 1105 73 21 stället

277 1143 84 20 tillätas
377 1142 87 27 utgifva
479 1142 58 21 huru
552 1143 65 26 ringa
634 1141 73 27 belopp
717 1147 44 14 som
770 1141 62 24 helst,
841 1139 54 21 dock

276 1179 32 18 att
332 1176 41 21 slik
397 1178 45 19 rätt
465 1177 35 20 mä
520 1176 86 23 utöfvas
621 1176 76 20 endast
712 1175 8 20 i
735 1173 160 27 sammanhang

275 1211 47 21 med
338 1211 125 26 utspisning
480 1210 30 26 af
521 1213 51 18 mat.

349 1244 41 20 Vid
401 1244 142 27 försäljning
555 1245 34 20 till
600 1243 135 28 afhemtning
744 1243 35 20 mä
787 1243 36 20 det
831 1241 64 21 sälda

277 1279 45 21 icke
344 1279 107 21 utlemnas
473 1279 9 19 i
505 1279 84 20 mindre
612 1277 75 28 belopp
712 1279 27 19 än
759 1277 36 20 det
810 1277 82 19 minsta

276 1320 44 14 som
344 1313 7 19 i
373 1312 76 27 hvarje
468 1312 48 27 fall
532 1315 26 18 är
574 1312 34 21 till
618 1312 139 27 försäljning
773 1309 122 28 medgifvet,

277 1346 37 21 och
340 1346 79 21 hvilket
443 1346 80 27 belopp,
539 1346 53 28 ifall
606 1346 96 26 köparen
718 1344 131 22 tillhandlar
862 1343 34 27 sig

278 1381 58 20 olika
360 1381 59 26 slags
443 1380 99 26 bränvin,
566 1380 58 20 skall
641 1380 110 26 iakttagas
763 1378 42 27 för
820 1376 76 27 hvarje

278 1414 105 21 särskildt
394 1415 55 26 slag.
485 1414 208 26 Utskänkningsrätt
702 1412 85 27 medför
795 1411 46 21 icke
850 1412 47 19 rät-

279 1448 67 28 tighet
361 1450 33 19 att
409 1448 58 27 sälja
484 1448 35 21 till
533 1448 142 27 afhemtning.
