1086 1717
430 148 41 22 N:o
485 148 36 21 36.
799 148 27 20 77

405 216 44 19 38.
474 216 69 23 Kap.

204 262 42 22 Om
262 262 137 27 oredlighet
414 262 45 23 och
474 262 117 22 straffbar
606 260 139 28 egennytta.

173 316 8 19 1
199 315 17 25 8.
247 314 45 21 Har
314 312 144 29 förmyndare,
482 313 116 22 förvaltare
621 312 25 22 af
666 312 109 26 stiftelses,
798 312 55 21 före-

99 348 63 27 nings
184 348 52 22 eller
258 348 107 28 sällskaps
388 349 112 26 egendom,
519 347 52 22 eller
586 348 43 26 god
644 353 50 15 man
710 346 53 21 eller
777 346 76 27 sysslo-

100 389 51 14 man
173 383 7 20 i
195 382 97 21 konkurs
309 382 52 21 eller
375 389 74 14 annan
465 382 142 21 ombudsman
622 381 7 21 i
644 380 95 28 sysslans
753 380 100 27 utöfning

101 416 123 28 afsigtligen
240 416 127 28 tillskyndat
383 416 68 21 skada
466 417 23 20 ät
505 417 48 24 den,
568 416 65 21 hvars
648 414 158 28 angelägenhet
816 414 37 22 ho-

100 457 49 14 nom
165 451 71 26 älegat
251 451 77 24 värda;
346 451 83 21 stratfes
443 450 33 21 för
487 450 119 27 oredlighet
616 451 50 20 med
676 449 61 21 böter
747 449 52 22 eller
809 449 44 20 fän-

100 485 57 27 gelse
180 485 18 27 ej
223 485 59 21 öfver
300 487 32 18 ett
351 485 29 26 är,
397 485 58 26 eller,
472 485 38 21 der
525 484 212 27 omständigheterna
753 485 37 20 äro
806 490 48 21 syn-

100 519 95 27 nerligen
210 519 147 26 försvärande,
372 519 7 20 i
394 519 63 27 högst
473 520 36 20 tvä
525 519 29 21 är.

171 554 46 26 28.
248 553 44 21 Går
311 553 110 21 sakförare
436 553 7 21 i
459 553 50 26 mål,
525 560 44 14 som
585 554 25 20 är
624 553 80 20 honom
719 552 91 25 betrodt,
822 551 32 22 till

101 587 68 22 skada
189 587 34 22 för
244 587 177 21 hufvudmannen
444 588 81 21 dennes
540 588 115 26 vederpart
670 586 33 21 till
719 586 72 21 handa
805 586 49 21 med

101 622 44 25 räd,
168 621 47 22 skäl
238 621 52 21 eller
312 623 147 26 uppsättande
475 621 24 22 af
512 621 69 26 skrift,
598 621 51 21 eller
667 621 129 26 tillskyndar
810 619 43 22 han

101 655 137 28 uppsåtligen
260 655 176 22 hufvudmannen
455 655 79 26 skada;
550 655 84 22 straffes
649 655 50 21 med
713 654 62 21 böter
789 655 18 26 ej
825 654 28 21 öf-

101 697 37 15 ver
153 690 128 21 femhundra
296 689 67 22 mark.

172 719 43 26 Äro
231 723 213 28 omständigheterna
459 724 150 25 försvärande;
626 723 52 22 eller
688 723 39 21 har
737 722 117 26 sakförare,

102 761 57 19 emot
184 758 71 21 bättre
278 759 99 25 vetande,
399 757 80 22 förledt
503 757 131 22 hufvudman
657 757 34 22 till
706 757 81 26 oskälig
803 756 52 21 eller

102 792 128 27 orättfärdig
253 793 124 26 rättegäng;
401 793 74 20 dömes
490 792 32 21 till
537 792 63 21 böter
615 792 18 27 ej
650 793 70 20 under
733 791 122 21 tvähundra

101 827 62 21 mark
186 827 52 20 eller
259 826 97 27 fängelse
377 826 49 21 frän
447 827 40 20 och
502 827 49 20 med
566 833 27 14 en
609 827 79 20 mänad
703 825 33 21 till
751 825 40 21 och
806 825 49 20 med

102 863 31 20 ett
156 861 24 20 är
202 861 39 20 och
264 861 66 21 varde
353 860 111 21 förklarad
483 861 87 27 ovärdig
586 863 32 18 att
634 861 48 20 föra
697 866 83 15 annans
795 858 60 22 talan

101 895 40 22 hos
157 895 91 21 domstol
263 895 51 20 eller
330 901 72 14 annan
418 895 80 21 allmän
514 895 131 28 myndighet.

173 929 46 21 Har
240 929 8 20 i
266 931 68 19 annat
348 929 38 20 fall
402 929 117 26 sakförare,
536 932 57 18 emot
609 929 71 21 bättre
696 928 99 25 vetande,
810 927 45 20 äta-

102 963 31 28 git
157 964 31 27 sig
211 963 40 21 och
274 963 72 21 drifvit
364 963 131 27 orättfärdig
511 963 48 25 sak;
576 964 73 20 dömes
664 962 34 21 till
712 962 61 21 böter
789 961 18 27 ej
825 960 30 21 8f-

101 1005 38 14 ver
161 998 119 21 trehundra
294 997 62 21 mark
371 997 40 21 och
426 999 73 25 varde,
514 998 8 20 i
537 997 37 22 fall
590 996 213 27 omständigheterna
817 996 38 20 äro

101 1033 137 28 synnerligen
261 1032 145 27 försvärande,
429 1032 112 21 förklarad
556 1032 89 27 ovärdig
661 1033 33 19 att
709 1031 46 21 föra
771 1036 84 15 annans

101 1067 61 22 talan
177 1067 39 21 hos
231 1067 80 21 allmän
327 1066 131 27 myndighet.

173 1103 12 19 3
201 1103 17 25 &.
245 1100 141 28 Uppenbarar
396 1100 113 21 sakförare
520 1100 52 21 eller
582 1107 72 14 annan
666 1099 147 23 ombudsman,
824 1097 31 22 lä-

100 1135 59 26 kare,
178 1135 98 26 fältskär,
292 1135 142 21 barnmorska
450 1135 52 20 eller
517 1134 125 27 apotekare,
657 1133 53 21 eller
724 1133 68 20 sädan
808 1138 47 21 per-

100 1177 51 14 sons
173 1169 85 22 biträde
280 1170 7 20 i
302 1169 69 28 yrket,
387 1169 100 26 olofligen
503 1169 84 20 enskild
602 1174 90 21 persons
708 1167 52 21 eller
775 1165 80 28 familjs

99 1203 124 27 hemlighet,
246 1203 88 22 hvarom
357 1203 43 21 han
423 1203 52 21 eller
498 1203 43 20 hon
564 1203 6 20 i
586 1202 99 26 utöfning
700 1201 25 21 af
737 1201 62 27 yrket
814 1199 41 22 fätt

99 1238 134 26 kännedom;
256 1237 84 22 straffes
362 1238 49 20 med
433 1237 62 21 böter
518 1237 52 21 eller
591 1235 97 28 fängelse
710 1235 7 21 i
739 1234 64 27 högst
818 1240 37 15 sex

99 1273 109 21 mänader.

170 1308 14 20 4
200 1308 17 25 8.
247 1306 53 26 Den,
320 1314 45 13 som
380 1306 146 27 uppsåtligen,
541 1312 74 14 annan
630 1304 33 21 till
678 1304 75 25 skada,
768 1303 85 26 förstör,

99 1341 86 25 skadar,
211 1340 155 22 undanskaffar
393 1340 52 21 eller
468 1339 144 21 undanhåller
634 1338 110 26 handling,
767 1336 86 23 hvilken

98 1376 44 20 kau
165 1376 61 26 tjena
246 1375 32 21 till
293 1375 59 21 bevis
367 1382 35 13 om
418 1374 112 26 rättighet,
546 1372 190 22 rättsförhållande
751 1371 52 21 eller
817 1370 37 22 be-

98 1410 72 21 frielse
192 1409 48 21 från
263 1409 130 21 förbindelse
417 1408 40 22 och
473 1408 18 27 ej
508 1408 138 21 uteslutande
661 1406 72 20 tillhör
748 1405 106 27 förbryta-

97 1450 46 20 ren,
159 1444 83 20 straffes
258 1444 48 20 med
321 1442 96 28 fängelse
433 1442 19 28 ej
469 1442 60 21 öfver
543 1442 37 20 två
595 1441 24 21 år
634 1440 52 21 eller
701 1440 66 21 böter.
