1086 1717
443 148 40 22 N:o
498 148 49 23 36.
538 137 12 42 -
801 141 34 29 43

109 210 41 22 dat
172 210 86 22 honom
280 210 54 21 svår
348 210 171 29 kroppsskada;
535 210 91 22 straffes
642 218 29 13 en
686 210 64 27 hvar,
767 217 48 14 som
832 210 32 21 bi-

109 244 79 28 dragit
202 244 38 21 till
256 243 94 28 skadan,
367 244 75 22 säsom
457 244 61 21 hade
533 244 47 21 han
595 244 57 28 sjelf
664 244 63 28 gjort
738 244 52 26 den,
801 244 61 26 eller,

109 278 8 21 i
133 278 145 22 sistnämnda
293 278 47 26 fall,
356 278 42 21 vid
413 278 153 29 synnerligen
580 278 131 22 mildrande
722 278 141 28 omständig-

109 312 72 28 heter,
203 312 53 22 med
274 312 105 28 fängelse
395 312 53 22 frän
464 312 44 22 och
523 312 53 22 med
592 315 34 19 tre
642 312 110 22 mänader
768 312 37 22 till
821 312 43 22 och

109 347 54 22 med
177 349 35 19 tre
228 347 30 21 är.

178 382 59 24 Den,
253 388 49 14 som
317 380 41 22 vid
373 381 85 21 sädant
473 381 108 21 öfverfall
596 376 57 26 eller
664 381 109 28 slagsmäl
783 388 81 14 annor-

109 416 72 27 ledes,
204 419 29 18 än
256 422 32 15 nu
304 418 25 19 är
344 415 75 29 sagdt,
435 415 65 22 burit
515 415 63 22 hand
593 416 13 21 &
622 415 46 22 den
683 414 180 28 misshandlade;

111 450 97 27 straffos,
231 457 37 14 om
283 449 77 22 döden
374 449 80 30 följde,
469 450 54 21 med
537 450 99 21 tukthus
652 450 56 21 eller
723 449 104 29 fängelse
843 449 20 28 ej

111 484 64 22 öfver
197 486 35 19 tre
255 485 25 20 är
302 484 56 21 eller
372 484 67 21 böter
453 484 72 21 minst
541 484 125 21 etthundra
681 484 72 27 mark,
770 483 43 22 och
828 491 37 14 om

110 519 55 21 svär
184 518 160 29 kroppsskada
359 518 132 27 inträffade,
506 519 53 21 med
575 519 98 21 tukthus
689 519 56 21 eller
760 518 104 29 fängelse

111 553 8 21 i
134 553 70 28 högst
219 553 41 21 tvä
275 553 25 21 är
316 553 56 21 eller
387 553 67 21 böter
469 553 20 28 ej
507 553 65 22 öfver
587 553 139 21 femhundra
740 553 71 22 mark.

179 587 35 22 De
238 587 81 28 öfrige,
342 587 81 22 hvilka
445 587 8 21 i
477 587 135 28 slagsmälet
634 587 61 28 tagit
718 587 43 26 del,
778 587 85 25 dömas,

111 629 37 14 om
167 621 76 22 döden
261 621 79 29 följde,
357 621 38 22 till
409 621 106 29 fängelse
531 622 8 21 i
554 621 70 29 högst
639 624 34 19 ett
688 622 26 21 är
729 621 55 22 eller
799 621 66 21 böter

111 656 52 21 frän
179 655 43 22 och
237 655 53 22 med
305 656 81 21 femtio
401 656 39 21 till
455 656 44 21 och
514 656 53 21 med
582 655 140 22 femhundra
731 655 72 28 mark,
815 655 49 27 och,

111 697 37 15 om
171 691 53 21 svär
242 690 160 29 kroppsskada
417 691 110 28 uppkom,
546 691 38 20 till
598 691 105 28 fängelse
719 690 7 21 i
741 690 70 28 högst
825 697 40 14 sex

111 725 111 22 mänader
237 725 57 21 eller
309 725 66 21 böter
389 725 21 28 ej
427 725 65 22 öfver
507 725 128 21 trehundra
650 725 72 21 mark.

180 761 12 20 9
209 761 19 25 8.
258 759 50 22 Har
329 759 40 22 vid
392 759 108 22 öfverfall
523 759 55 22 eller
601 759 116 29 slagsmål,
739 758 68 22 hvari
825 758 40 21 två

111 793 57 22 eller
190 793 62 25 flere,
271 795 58 20 utan
344 794 144 28 föregängen
504 793 239 27 öfverenskommelse,
760 792 105 29 deltagit,

112 835 77 14 annan
204 828 66 28 ljutit
286 828 82 27 döden,
384 828 57 21 eller
455 829 46 20 fätt
517 829 52 21 svär
584 827 167 30 kroppsskada,
766 827 43 22 och
819 827 46 21 kan

112 862 20 28 ej
149 862 101 27 utredas,
266 862 97 22 hvilken
379 863 26 20 af
414 863 52 21 dem
475 863 131 21 förorsakat
617 862 76 21 döden
704 862 56 21 eller
770 862 95 27 kropps-

113 896 99 27 skadan;
237 896 79 22 dömes
335 905 28 13 en
379 897 64 26 hvar,
460 904 49 15 som
525 898 13 21 å
554 897 44 21 den
614 896 173 22 misshandlade
802 895 64 22 burit

113 931 69 27 hand,
204 931 36 21 för
259 932 64 27 groft
338 931 118 29 slagsmål,
471 935 43 18 när
529 931 77 22 döden
621 931 79 28 följde,
715 931 38 20 till
768 929 98 22 tukthus

113 965 8 22 i
137 965 70 28 högst
222 965 52 28 fyra
290 967 25 20 år
330 966 56 21 eller
401 966 106 28 fängelse
523 966 20 28 ej
559 965 75 22 under
644 968 35 19 tre
690 965 115 26 månader,
817 964 50 25 och,

113 1003 42 18 när
178 1001 54 20 svår
254 1000 161 29 kroppsskada
432 1000 110 29 uppkom,
559 1000 38 21 till
612 999 98 22 tukthus
726 1000 8 21 i
749 999 70 28 högst
833 1000 34 19 tre

115 1035 24 21 år
162 1034 57 22 eller
241 1034 106 29 fängelse
365 1035 53 21 från
435 1035 43 21 och
493 1034 52 22 med
562 1042 28 13 en
605 1034 85 21 månad
705 1033 37 22 till
758 1033 43 22 och
816 1032 52 21 med

114 1071 35 19 tre
172 1069 31 27 år,
226 1071 60 19 samt
305 1069 28 21 de
349 1069 81 28 öfrige,
446 1069 83 22 hvilka
544 1069 8 21 i
567 1069 135 28 slagsmålet
718 1067 105 28 deltagit,
839 1067 30 28 på

115 1105 47 19 sätt
177 1103 8 20 i
201 1103 57 22 sista
273 1111 67 14 mom.
356 1103 26 22 af
395 1105 12 21 8
424 1105 12 25 8
453 1107 59 24 sägs.

186 1139 25 20 10
226 1139 19 26 $.
276 1138 50 21 Har
348 1138 78 28 någon
449 1137 151 29 uppsåtligen
614 1136 155 22 misshandlat
784 1142 83 20 annan,

115 1171 44 22 och
181 1171 51 22 blef
246 1172 76 21 döden
338 1173 56 20 eller
409 1173 54 20 svår
477 1171 161 29 kroppsskada
654 1171 68 21 deraf
734 1169 136 22 förorsakad

115 1206 83 21 endast
213 1206 8 21 i
236 1207 110 28 förening
360 1206 53 22 med
429 1206 207 28 omständigheter,
652 1205 81 21 hvilka
748 1206 57 20 utan
820 1211 50 20 ger-

115 1241 184 28 ningsmannens
314 1241 71 21 skuld
400 1241 85 21 efteråt
500 1240 146 27 tillkommit;
664 1239 65 27 skall,
746 1246 37 14 om
794 1237 76 22 döden

115 1275 58 21 eller
187 1275 179 29 kroppsskadan
381 1275 52 22 icke
448 1282 42 15 var
505 1275 101 28 åsyftad,
622 1274 46 22 den
683 1273 109 29 skyldige
803 1272 68 22 straf-

115 1310 42 27 fas,
173 1313 42 18 när
230 1310 76 21 döden
322 1310 79 29 följde,
417 1310 53 21 med
485 1310 99 21 tukthus
600 1310 8 20 i
624 1309 70 28 högst
709 1308 52 28 fyra
771 1308 31 25 år,
814 1307 56 21 eller

115 1344 105 28 fängelse
243 1344 20 29 ej
288 1344 74 22 under
385 1352 40 14 sex
447 1344 118 26 månader,
588 1343 50 28 och,
655 1350 37 14 om
707 1343 53 21 svår
774 1342 97 27 kropps-

117 1378 72 22 skada
204 1379 110 28 uppkom,
330 1379 52 21 med
398 1379 99 21 tukthus
508 1379 56 21 eller
574 1378 105 28 fängelse
690 1378 8 20 i
708 1377 70 29 högst
788 1376 41 21 två
839 1376 32 21 år.

184 1413 48 21 Var
248 1413 76 22 döden
335 1414 57 21 eller
402 1414 54 21 svår
466 1412 149 30 kroppskada
626 1412 101 28 åsyftad;
739 1418 54 15 vare
805 1410 66 21 straf-

115 1447 41 26 fet,
173 1454 37 14 om
226 1447 77 22 döden
318 1448 79 28 följde,
413 1447 100 22 tukthus
528 1448 52 21 från
596 1446 44 22 och
655 1446 53 21 med
723 1442 41 25 sex
779 1444 38 22 till
828 1444 43 22 och
