1086 1717
113 216 113 27 uppburits
248 216 36 21 vid
306 216 157 27 bolräkningen
486 218 68 20 under
569 218 132 21 vårvintern.
731 218 61 21 Dock
807 218 64 21 hafva

115 250 61 22 äfven
200 251 167 26 restuppbörder
387 251 6 21 i
411 251 40 21 och
467 251 33 21 för
515 252 118 26 indrifning
649 252 23 21 af
686 252 185 21 landboräntorna

114 285 92 21 derefter
229 285 129 21 verkställts.
388 286 43 20 För
455 287 32 19 att
510 286 119 21 emellertid
652 287 126 27 ytterligare
794 288 77 20 under-

114 320 53 20 lätta
183 320 117 26 allmogens
315 319 96 27 förmäga
429 322 32 18 att
471 320 92 21 afbörda
574 320 32 27 sig
618 321 46 20 sina
676 321 117 27 utskylder,
805 321 64 22 hafva

115 354 93 21 äboarne
232 354 12 21 å
264 354 26 21 de
310 354 79 21 inlösta
408 354 81 26 godsen
505 361 89 15 numera
610 354 28 27 pä
654 354 73 22 försök
743 356 126 26 berättigats

115 390 31 20 att
168 389 43 20 tills
234 388 72 21 vidare
330 389 87 26 erlägga
433 388 59 21 såväl
508 389 190 26 landboräntorna,
716 396 45 14 som
779 390 39 21 ock
834 396 37 14 an-

114 424 122 21 nuiteterna
252 423 12 21 &
279 424 78 20 tvänne
373 423 70 21 skilda
459 423 109 26 terminer,
584 424 34 20 till
634 430 41 15 ena
691 424 80 21 hälften
789 430 33 15 om
834 424 36 21 vä-

115 465 36 14 ren
169 458 38 21 och
222 458 31 21 till
270 458 68 21 andra
353 457 81 21 hälften
452 464 33 15 om
501 458 85 21 hösten.

184 492 78 21 Vidare
285 492 39 21 har
346 493 166 20 kommissionen
536 492 118 21 framhållit
679 493 25 20 de
729 493 140 25 svårigheter,

115 533 44 15 som
175 527 77 26 uppstå
268 527 33 20 för
316 527 138 25 landboarne,
472 527 6 20 i
494 527 116 26 synnerhet
626 527 6 20 i
650 529 58 19 östra
723 527 60 21 delen
795 527 23 21 af
826 527 45 21 Wi-

115 562 64 25 borgs
194 561 42 26 län,
253 561 38 21 der
306 563 76 18 nästan
399 561 138 21 uteslutande
554 561 59 28 ryskt
629 564 59 24 mynt
700 562 125 24 cirkulerar,
838 564 31 18 att

115 595 91 21 afbörda
229 596 31 25 sig
283 595 138 21 förenämnde
445 595 111 27 utskylder
573 596 5 20 i
594 595 66 21 finskt
676 598 65 24 mynt.
773 596 9 20 I
799 596 72 21 anled-

115 631 50 24 ning
188 629 23 21 af
233 630 70 21 denna
326 629 143 27 anmärkning
488 630 44 20 kan
547 630 133 23 framhållas,
698 632 32 19 att
745 630 125 27 uppbörden

115 665 22 20 af
151 665 185 20 landboräntorna
352 664 12 21 å
380 671 25 14 en
422 665 34 20 del
478 665 127 20 donationer
622 665 62 20 äfven
700 671 28 14 nu
744 665 127 20 verkställes

115 699 6 20 i
144 699 60 26 ryskt
224 701 65 24 mynt,
306 705 48 15 men
371 701 29 18 att
419 699 151 21 annuiteterna
587 699 12 20 å
614 699 160 26 löseskillingen
790 699 33 20 för
838 705 33 15 re-

115 734 41 20 dan
172 733 32 21 till
220 733 70 21 skatte
306 733 95 21 försålda
417 733 125 26 lägenheter
558 733 69 21 blifvit
643 733 121 21 fastställda
777 735 31 18 att
820 733 51 26 utgå

115 769 5 19 i
137 767 65 22 finskt
217 770 66 24 mynt,
300 768 22 21 af
336 768 63 20 orsak
416 770 30 18 att
465 768 178 21 donationslänen
659 768 104 21 likaledes
779 771 94 17 amorte-

115 809 35 14 ras
166 803 48 20 med
230 802 64 21 finskt
309 804 64 25 mynt.
395 802 45 21 Den
457 802 78 21 förlust
551 802 133 21 iandboarne
700 809 76 19 genom
787 803 84 24 vexiing

117 837 22 20 af
153 837 59 26 ryskt
229 839 59 24 mynt
303 837 33 20 till
351 836 64 21 finskt
430 836 22 21 få
468 836 124 25 vidkännas,
609 843 64 20 synes
690 837 53 20 dock
760 836 47 21 icke
819 843 52 14 vara

117 871 22 21 af
153 871 118 21 nämnvärd
287 871 115 26 betydelse.
424 871 70 26 Enligt
513 871 56 21 hvad
586 871 22 20 af
617 871 163 20 vederbörande
794 871 92 29 krono-

116 905 63 27 fogde
194 905 33 21 till
242 906 80 20 Finans
337 905 158 26 Expeditionen
510 905 136 22 inberättats,
663 905 39 21 har
719 905 106 26 nämligen
837 911 34 20 ge-

117 946 48 15 nom
186 940 142 26 uppkommen
348 940 135 21 konkurrens
499 940 66 26 priset
581 939 33 22 för
631 940 117 26 vexlingen,
765 946 44 14 som
826 939 47 21 huf-

117 975 143 26 vudsakligast
281 975 114 20 förmedlas
416 975 23 20 af
452 975 190 25 landthandlande,
659 975 69 20 under
743 975 26 20 de
786 975 85 20 senaste

117 1009 51 21 åren
184 1009 47 21 icke
246 1009 89 26 uppgått
357 1009 31 20 till
404 1015 46 15 mer
467 1011 26 18 än
510 1010 13 19 2
539 1009 12 21 å
567 1010 12 20 3
596 1009 62 26 penni
676 1009 33 20 för
725 1009 75 20 rubeln
817 1008 55 21 utöf-

118 1050 35 15 ver
169 1044 39 20 den
225 1044 104 20 noterade
349 1043 85 21 kursen.
465 1043 81 21 Genom
567 1043 64 27 ryska
647 1045 93 24 myntets
756 1043 93 21 fallande
865 1043 6 20 i

116 1079 64 20 värde
203 1078 63 21 hafva
290 1079 34 20 väl
347 1078 46 21 icke
416 1079 56 20 blott
496 1078 94 21 åboarne
614 1078 12 21 å
650 1078 194 26 donationsgodsen
865 1077 6 20 i

116 1115 59 18 östra
191 1113 60 20 delen
268 1113 23 20 af
304 1113 99 26 Wiborgs
419 1113 42 25 län,
478 1115 53 18 utan
548 1113 62 21 äfven
622 1113 68 20 andra
700 1113 8 20 i
719 1113 70 20 denna
800 1112 71 21 lands-

117 1150 32 17 ort
173 1147 83 21 bosatte
280 1153 107 20 personer,
405 1153 45 15 som
467 1148 102 25 antingen
586 1147 82 21 afsätta
684 1147 47 20 sina
745 1146 128 27 jordbruks-

117 1181 39 21 och
179 1182 208 26 hemslöjdsartiklar
410 1181 6 21 i
440 1182 106 26 Ryssland
562 1182 51 21 eller
629 1182 61 26 eljest
706 1187 75 20 genom
799 1181 73 20 arbete

117 1216 38 21 och
171 1215 59 22 frakt
245 1216 95 21 derifrån
355 1216 64 21 hafva
435 1216 100 26 inkomst,
551 1216 41 21 fått
608 1216 121 21 vidkännas
744 1215 71 27 någon
830 1215 42 21 för-

117 1250 47 25 lust,
188 1256 46 15 men
252 1250 143 27 tvifvelaktigt
411 1253 24 18 är
451 1251 61 25 dock,
529 1250 107 21 huruvida
652 1250 221 25 donationsallmogen

117 1285 66 21 skulle
206 1285 92 27 undgått
321 1285 69 21 denna
413 1285 84 26 förlust,
520 1285 7 21 i
546 1285 104 21 händelse
665 1285 70 26 någon
752 1284 84 21 inlösen
852 1283 24 21 af

117 1319 62 21 deras
203 1320 125 26 lägenheter
348 1320 45 20 icke
413 1320 65 20 skett.
508 1320 42 21 Det
566 1320 66 26 ligger
648 1319 107 27 nämligen
771 1321 54 18 nära
841 1318 32 21 till

116 1354 69 20 hands
208 1356 31 18 att
262 1357 86 24 antaga,
365 1357 32 18 att
413 1354 152 21 donatarierne
582 1354 7 21 i
604 1354 78 20 sådant
698 1354 37 20 fall
751 1353 48 21 sökt
815 1352 58 21 hålla

117 1388 32 26 sig
172 1388 123 21 skadeslösa
318 1389 32 20 för
372 1388 114 22 kursfallet
503 1388 12 21 å
530 1389 61 26 ryskt
606 1390 59 25 mynt
680 1394 77 20 genom
774 1390 32 18 att
822 1387 51 26 höja

116 1422 185 21 landboräntorna
324 1423 6 21 i
354 1430 81 14 samma
460 1423 142 25 förhållande,
619 1429 45 15 som
690 1424 93 24 myntets
808 1421 66 21 värde
