1086 1717
444 134 39 22 N:o
498 134 37 22 36.
801 135 39 21 115

184 198 25 22 11
226 198 20 26 8.
276 196 27 30 Ej
318 197 36 22 må
371 196 68 29 någon
461 196 117 29 sjelfvilligt
600 196 93 28 återtaga
709 197 41 25 det,
767 204 43 14 som
826 197 41 21 han

116 232 122 25 vidkännes,
260 231 66 23 ehvad
342 231 35 22 det
391 235 24 17 är
429 238 75 21 genom
528 231 55 21 brott
604 231 78 21 honom
706 230 95 28 afhändt,
818 232 51 21 eller

115 267 42 21 han
176 268 72 27 tappat
266 266 40 25 det,
326 268 49 19 utan
398 265 65 22 anlite
486 264 178 30 polismyndighet
686 266 51 20 eller
760 266 108 26 domaren;

116 300 52 22 dock
184 300 34 22 må
233 300 41 22 han
290 300 91 28 återtaga
397 300 36 21 det
447 299 24 21 af
484 300 31 21 lös
530 300 50 21 eller
595 299 70 22 okänd
685 307 80 21 person,
782 300 50 21 eller
847 300 23 22 af

116 335 47 24 den,
179 342 43 15 som
238 334 125 22 misstänkes
378 333 51 29 vilja
444 342 89 20 rymma,
548 334 52 21 eller
610 333 12 22 å
633 334 56 22 färsk
700 334 88 28 gerning
798 334 23 21 af
829 334 38 22 för-

115 370 89 28 brytare.

186 422 25 21 12
227 422 21 25 8.
278 420 46 22 Har
339 420 67 29 någon
422 419 68 28 skälig
505 419 121 28 misstanke,
643 420 51 21 eller
710 422 40 24 vet,
763 420 52 22 hvar
825 422 42 20 stu-

117 457 29 21 let
160 456 51 21 eller
228 457 64 20 annat
314 462 75 21 genom
409 455 55 21 brott
481 454 78 21 honom
574 454 88 22 afhändt
677 455 50 28 gods
741 455 76 26 finnes;
833 456 34 21 be-

116 495 49 24 gäre
178 489 26 22 då
218 489 32 22 lof
262 489 23 22 af
298 489 127 28 kronofogde
440 489 51 21 eller
506 489 94 21 länsman
616 488 13 22 å
643 489 77 26 landet,
732 489 51 22 eller
793 489 24 22 af
825 497 41 14 ma-

116 524 78 29 gistrat,
211 523 160 30 poliskammare
387 523 50 22 eller
452 523 147 28 ordningsrätt,
614 523 50 22 eller
674 523 147 28 borgmästare,
832 531 35 21 po-

116 559 115 22 lismästare
247 558 50 21 eller
312 557 148 29 ordningsman
475 557 8 21 i
498 557 53 26 stad,
567 559 31 20 att
613 557 37 22 der
665 558 94 26 ransaka,
771 558 38 21 och
819 563 48 24 säge

116 593 52 22 hvar
183 593 38 22 och
236 592 106 22 hurudant
357 592 41 21 han
415 591 54 26 mist,
486 595 55 18 samt
555 591 45 22 sina
615 592 46 21 skäl
676 592 33 21 till
720 592 39 22 den
769 593 96 28 begäran,

116 627 67 22 såsom
201 629 31 20 att
250 627 40 21 den
311 626 123 22 misstänkte
457 625 43 22 förr
522 626 65 26 stulit,
604 626 51 21 eller
670 628 30 21 att
716 627 76 21 sådana
807 627 60 22 saker

117 666 35 17 äro
167 661 63 22 sedda
245 661 37 22 hos
297 661 82 26 honom,
396 661 51 21 eller
462 663 31 19 att
507 661 42 20 han
564 660 73 22 försålt
652 660 54 27 dem,
723 661 50 21 eller
785 663 30 20 att
825 661 41 22 han

115 696 67 22 håller
196 695 32 29 sig
243 695 71 22 undan
329 695 38 22 och
383 703 62 20 synes
461 697 48 26 taga
524 695 37 21 sak
576 695 12 22 å
602 695 48 26 bak,
667 695 51 21 eller
732 695 55 22 varit
802 695 7 22 i
823 696 44 21 säll-

116 731 51 28 skap
183 730 48 21 med
246 729 70 26 andra,
332 729 73 22 hvilka
415 729 78 22 brottet
503 729 47 22 med
561 729 45 22 skäl
616 729 42 22 kan
669 729 94 22 tillvitas.
786 730 12 21 I
809 729 58 22 dessa

116 765 39 21 och
170 765 64 21 andra
248 763 77 22 sådana
340 763 36 22 fall
392 763 34 22 må
441 763 103 22 ransakan
560 763 18 29 ej
594 763 66 22 nekas
674 764 86 26 honom;
773 766 49 19 utan
834 765 33 21 be-

115 799 57 28 gifve
187 799 41 21 han
244 798 31 29 sig
290 798 31 22 dit
336 798 47 21 med
398 797 36 23 två
449 797 139 22 nämndemän
610 798 50 21 eller
680 798 103 21 edsvurne
803 799 64 21 stads-

115 833 87 28 tjenare,
224 833 50 21 eller
296 833 38 21 ock
356 832 64 22 andre
438 832 53 29 gode
512 836 55 21 män,
582 832 39 21 och
636 831 104 23 förkunne
756 833 37 21 der
807 841 60 20 gran-

116 875 65 14 narne
203 867 51 22 eller
272 867 128 25 husbonden,
417 869 30 20 att
462 866 25 22 de
503 871 35 17 äro
553 866 31 22 dit
599 866 71 22 sände.
700 862 29 26 Är
744 867 122 22 husbonden

116 902 19 28 ej
151 901 49 29 sjelf
212 902 90 25 hemma,
318 903 50 20 utan
383 901 96 26 hustrun,
496 901 58 27 eller,
570 909 34 13 om
619 901 42 21 han
672 905 22 17 är
705 901 57 28 ogift,
774 901 39 22 den
825 901 40 22 han

116 936 53 22 låter
183 935 77 22 förestå
274 936 70 26 huset;
360 935 66 29 gånge
441 935 103 22 ransakan
560 935 32 22 för
606 935 32 28 sig
653 935 44 22 lika
707 935 54 22 fullt.
787 935 80 22 Finnes

117 970 18 29 ej
151 971 41 25 det,
208 978 48 13 man
275 970 98 21 ransakar
388 969 61 27 efter;
470 969 45 22 vise
531 969 26 22 då
572 969 46 27 den,
634 977 45 14 som
694 970 89 28 begärde
799 978 68 13 ransa-

117 1005 48 26 kan,
184 1005 51 21 eller
256 1005 78 28 aflägge
350 1004 31 26 ed,
398 1006 31 20 att
443 1004 41 21 han
500 1004 39 21 har
553 1003 49 23 mist
617 1004 37 22 sitt
669 1004 38 21 och
723 1004 18 29 ej
757 1004 24 22 af
793 1004 74 29 illvilja

117 1039 47 22 sökt
179 1038 132 29 ransakning.
341 1038 26 29 Ej
384 1038 34 22 må
433 1046 49 14 man
498 1038 130 21 annorlunda
651 1039 88 21 ransaka
754 1038 23 22 af
790 1038 77 29 sjelfta-

115 1081 41 21 gen
172 1075 64 26 magt.
266 1073 45 22 Gör
330 1073 35 22 det
380 1072 76 29 någon;
480 1072 81 23 straffes
584 1072 68 22 såsom
666 1073 8 21 i
690 1073 27 21 24
732 1073 47 28 kap.
797 1073 70 22 Straff-

116 1108 61 27 lagen
192 1111 52 24 sägs.

186 1159 26 21 13
228 1160 21 25 8.
278 1158 127 23 Misstänkes
427 1157 68 29 någon
517 1158 26 28 på
562 1158 110 22 sannolika
686 1158 46 22 skäl
747 1158 32 22 för
793 1161 75 26 stämp-

117 1193 44 28 ling
176 1195 44 20 mot
234 1195 79 20 statens
328 1193 97 21 säkerhet
441 1193 51 21 eller
504 1195 64 19 annat
582 1192 55 29 groft
652 1193 60 26 brott,
724 1193 51 21 eller
786 1193 31 21 för
828 1193 41 22 döl-

115 1227 64 28 jande
194 1227 22 22 af
229 1227 118 28 brottsling;
363 1227 35 21 må
412 1227 151 26 husransakan,
579 1227 37 21 der
631 1227 40 22 den
687 1227 31 22 för
733 1227 76 22 sakens
819 1235 50 21 upp-

117 1261 94 29 dagande
230 1262 67 21 finnes
312 1261 69 28 nödig,
396 1261 38 22 hos
453 1261 78 22 honom
554 1261 98 22 anställas
669 1261 23 22 af
710 1261 105 28 Kejsaren
831 1262 38 21 och

117 1296 141 22 Storfurstens
272 1295 237 29 befallningshafvande,
526 1296 50 21 eller
587 1296 23 21 af
618 1295 127 29 kronofogde
756 1296 51 22 eller
817 1296 52 22 läns-

117 1338 48 14 man
181 1330 27 28 på
222 1330 77 26 landet,
316 1330 50 22 eller
385 1329 201 29 magistratsperson,
610 1330 118 22 stadsfiskal
743 1331 51 21 eller
809 1330 59 29 polis-

116 1372 49 14 man
180 1364 8 22 i
202 1364 52 22 stad.
284 1364 12 22 I
311 1364 42 22 mål
370 1372 34 14 om
423 1364 69 28 oloflig
514 1364 143 28 tillverkning,
680 1364 91 29 forsling,
791 1365 77 28 upplag

117 1399 52 21 eller
187 1398 123 29 försäljning
325 1398 23 22 af
360 1398 71 22 starka
453 1398 89 28 drycker
560 1399 39 21 och
614 1398 8 22 i
636 1398 83 22 tullmål
734 1398 34 22 må
783 1399 84 21 husran-

117 1433 65 21 sakan
197 1433 39 21 ock
251 1433 44 25 ske,
310 1432 67 22 såsom
394 1433 71 21 derom
481 1437 22 17 är
519 1432 97 22 särskildt
631 1432 101 29 stadgadt.
