1086 1717
439 141 40 23 N:o
494 141 36 22 36.
795 142 39 22 107

179 204 11 21 7
208 204 19 26 8.
258 203 80 22 Finnes
354 203 115 29 trängande
484 204 45 21 skäl
545 205 31 21 att
591 203 84 29 afskilja
690 203 68 29 fånge,
774 212 44 14 som
827 204 39 22 bör

106 237 69 22 hållas
192 238 3 20 i
211 238 158 28 gemensamhet
384 238 48 21 med
447 238 66 21 andra
523 237 79 29 fångar,
613 237 47 22 från
671 238 68 26 desse;
751 238 53 22 skall
814 238 51 26 han,

109 271 69 23 såvidt
192 271 83 29 möjligt
290 276 29 22 är,
334 271 67 22 hållas
416 271 7 22 i
439 279 80 14 enrum.

179 307 13 21 8
216 307 19 26 &
266 306 70 28 Begär
357 305 70 29 fånge,
450 314 44 14 som
517 306 63 22 borde
602 305 68 23 hållas
684 306 7 21 i
706 306 159 28 gemensamhet

108 340 49 22 med
179 341 64 21 andra
265 340 79 28 fångar,
367 343 31 19 att
419 340 22 22 få
463 340 79 29 dygnet
560 348 33 14 om
612 340 65 22 vistas
696 340 7 21 i
718 340 49 27 cell;
784 340 53 22 skall
852 340 15 22 &

107 374 85 26 honom,
207 374 53 22 efter
275 375 212 28 omständigheterna,
503 374 111 29 tillämpas,
631 375 55 21 hvad
702 374 8 22 i
727 376 25 20 10
767 376 14 26 $
795 373 13 24 3
815 375 49 29 kap.

108 412 23 18 är
146 408 96 29 stadgadt
256 416 34 14 om
306 408 157 29 tukthusfånge.

176 443 13 22 9
212 443 21 26 8.
264 443 46 22 Har
332 443 62 28 fånge
417 443 80 22 arbetat
519 443 33 22 för
571 451 52 21 egen
639 443 100 29 räkning;
756 443 54 22 skall
825 445 40 20 tre-

108 476 96 29 djedelen
220 477 22 22 af
255 477 71 29 priset,
342 485 44 14 som
401 485 76 21 genom
493 477 124 29 försäljning
632 478 23 21 af
668 478 35 22 det
718 477 146 28 förfärdigade,

108 511 53 22 efter
183 511 73 29 afdrag
277 511 23 22 af
320 512 137 22 tillbehörens
480 512 69 26 värde,
566 512 95 26 erhålles,
678 512 83 22 tillfalla
776 512 87 26 kronan,

109 545 73 22 staden
204 546 51 21 eller
278 546 117 29 tingslaget.
425 542 31 25 Är
479 547 80 21 arbetet
582 547 117 22 verkstäldt
718 547 31 21 för
765 547 99 25 kronans,

109 580 84 22 stadens
216 580 51 21 eller
282 581 123 28 tingslagets
419 580 100 29 räkning;
535 581 38 22 bör
588 581 54 21 ändå
657 581 41 25 det,
714 589 44 14 som
774 580 62 29 fånge
851 580 14 22 &

108 613 115 23 fristunder
238 614 32 22 för
286 622 51 21 egen
352 614 90 29 räkning
456 614 128 29 förfärdigat,
600 615 86 22 tillhöra
701 615 82 21 honom.

178 649 27 21 10
220 649 20 26 8.
270 642 29 29 Åt
313 648 68 29 fånge,
397 656 45 14 som
457 648 71 23 blifvit
542 649 118 28 uppflyttad
675 649 33 22 till
722 649 65 28 högre
798 649 66 22 afdel-

108 682 58 29 ning,
182 683 50 21 eller
247 682 65 23 minst
327 685 31 19 tre
372 682 101 22 månader
488 683 81 22 tillhört
584 683 65 28 lägsta
664 683 141 28 afdelningen,
821 683 42 26 må,

108 717 37 21 der
159 717 42 21 han
216 717 82 22 arbetar
313 717 31 21 för
360 717 91 22 kronans
461 717 90 28 räkning
562 717 38 22 och
611 717 67 22 under
688 717 35 22 hel
734 717 75 22 månad
820 717 43 22 för-

108 751 62 22 hållit
191 751 31 28 sig
245 751 41 25 väl,
308 751 32 21 för
359 751 64 22 sådan
439 751 76 22 månad
530 751 177 28 tillgodoskrifvas
723 759 25 14 en
764 759 98 21 sparpen-

109 785 56 28 ning,
188 785 62 22 hvars
266 785 75 29 belopp
356 785 32 22 för
403 785 73 28 hvarje
492 785 110 28 arbetsdag
616 785 8 22 i
639 785 26 22 de
680 786 103 21 särskilda
797 785 66 22 afdel-

109 819 102 28 ningarna
227 819 92 22 Senaten
335 827 48 21 eger
398 820 122 21 bestämma.

180 854 22 21 11
221 855 20 25 8.
272 854 42 21 Om
328 853 72 29 fånges
415 853 94 22 inkomst
525 853 23 22 af
560 854 52 21 hans
628 854 71 21 arbete
714 853 32 23 för
757 862 50 20 egen
817 854 47 21 räk-

109 887 51 29 ning
182 888 38 21 och
243 895 33 14 om
292 888 52 21 hans
360 888 141 29 sparpenning
516 888 54 28 gälle
585 888 56 22 hvad
656 888 8 21 i
680 889 12 20 3
708 888 47 29 kap.
772 893 23 17 är
809 888 56 22 stad-

108 922 50 28 gadt
173 929 33 14 om
222 922 141 29 sparpenning
377 922 33 22 för
425 922 151 29 tukthusfånge
592 922 7 21 i
614 922 164 29 pröfvoklassen.

179 957 26 20 12
220 957 20 26 8.
270 956 50 22 Med
335 956 86 28 ledning
435 956 24 22 af
471 957 26 21 de
512 957 97 28 grunder,
626 957 73 21 hvilka
714 956 7 21 i
736 957 13 21 3
764 957 48 28 kap.
829 960 36 17 äro

109 990 108 22 bestämda
239 990 31 22 för
286 991 93 25 tukthus,
396 991 59 21 skola
469 990 210 29 fångafdelningarna
693 990 79 29 jemväl
787 990 32 22 för
834 989 30 22 öf-

109 1024 42 29 rigt
173 1024 93 29 afskiljas
288 1025 45 21 från
356 1025 117 21 hvarandra
498 1025 27 28 på
547 1025 73 22 sådant
643 1027 47 23 sätt,
714 1027 30 20 att
763 1024 101 28 fångarne

108 1059 73 21 kunna
196 1059 57 21 finna
268 1061 142 26 uppmuntran
425 1061 31 20 att
470 1063 50 24 göra
535 1059 32 28 sig
579 1058 99 29 förtjente
689 1058 23 22 af
721 1058 144 29 uppflyttning

110 1093 33 22 till
158 1093 64 28 högre
237 1093 114 28 afdelning.

179 1128 26 21 13
224 1129 20 25 8.
260 1127 80 29 Fånge,
356 1135 43 14 som
416 1127 66 22 utstår
498 1127 159 28 fängelsestraff,
674 1127 34 22 må
723 1127 18 28 ej
757 1126 107 22 förmenas

109 1163 31 20 att
162 1161 93 28 begagna
273 1169 53 21 egna
341 1161 80 27 kläder,
436 1162 37 21 der
488 1162 41 21 han
545 1161 78 23 förmår
638 1161 56 22 hålla
710 1161 47 22 dem
773 1161 7 21 i
795 1160 68 23 skick.

178 1197 27 20 14
228 1197 20 26 &.
279 1196 83 22 Varder
383 1195 70 29 fånge,
471 1203 46 14 som
531 1195 71 22 blifvit
616 1195 63 22 dömd
694 1195 33 22 till
743 1194 123 29 ovilkorligt

109 1229 157 28 fängelsestraff,
282 1230 54 28 ånyo
352 1229 23 22 af
388 1230 89 21 domstol
493 1229 62 22 dömd
566 1229 33 22 till
610 1229 64 27 straff,
686 1229 50 22 eller
747 1229 37 22 har
795 1229 69 28 fånge,

109 1263 87 22 hvilken
218 1263 88 29 åtnjutit
327 1264 99 28 vilkorlig
447 1263 70 26 frihet,
538 1263 108 22 förverkat
661 1264 50 25 den;
728 1263 53 22 skall
797 1263 38 22 ock
851 1263 13 20 &

108 1298 84 26 honom,
208 1298 53 22 efter
276 1298 211 28 omständigheterna,
504 1298 105 28 tillämpas
624 1298 56 22 hvad
695 1298 32 22 för
738 1297 64 23 sådan
811 1298 51 20 hän-

109 1332 57 22 delse
181 1336 22 18 är
218 1332 96 29 stadgadt
328 1332 8 22 i
351 1333 12 22 3
379 1333 48 28 kap.
