1086 1717
85 251 165 37 Bondeståndet.
471 258 122 22 Utskottets
608 256 78 29 förslag
701 257 32 22 till
747 256 81 28 åtgärd.

23 472 30 16 ar
79 467 98 22 uteslutit
206 469 10 20 1
248 468 39 22 och
309 469 88 23 2|Enär
412 472 35 21 tre
461 471 75 21 ständs
552 469 69 24 beslut
635 469 117 28 föreligger,
768 469 93 22 förfaller
875 469 73 22 vidare

27 501 75 16 mom:s
111 495 53 23 sista
173 496 84 28 mening
268 498 55 21 samt|
368 499 81 27 ätgärd.

27 523 33 22 till
74 523 34 28 S:n
122 523 59 29 fogat
196 527 31 20 ett
241 525 81 28 tillägg,

27 551 80 23 hvilket
123 554 24 21 är
167 555 103 26 upptaget
283 560 39 16 un-

28 580 38 22 der
80 581 11 28 $
107 582 13 21 9
135 581 39 22 här
189 581 67 23 ofvan.

25 615 27 16 ar
66 610 81 27 antagit
162 610 115 23 utskottets
286 611 36 22 be-|
340 613 95 22 Emedan
451 613 36 22 två
495 613 63 22 stånd
573 613 77 22 önskat
658 619 26 16 en
694 613 103 28 tydligare
807 612 143 29 formulering,

27 637 112 24 tänkande.
369 641 89 23 föreslår
472 642 106 22 utskottet
593 643 32 21 att
640 641 97 28 samtliga
751 642 63 22 stånd
828 642 35 21 må
877 641 74 22 förena

369 670 32 27 sig
416 677 35 16 om
466 670 93 28 följande
573 670 80 29 lydelse
670 670 33 22 för
726 671 31 27 $:s
781 670 52 22 sista
855 670 94 27 mening:

369 715 9 10 n
380 699 52 21 Med
447 700 36 20 in-
499 700 52 20 eller
558 699 105 22 utländsk
671 699 56 27 sprit
738 699 105 28 tillagade
859 698 92 28 drycker

369 715 52 34 böra
439 727 106 22 likaledes
564 735 54 14 vara
640 727 112 28 behörigen
775 727 99 28 befriade
891 727 60 27 från

363 756 164 28 föroreningar
542 757 38 20 och
597 755 123 29 finkelolja,
743 758 66 25 äjven
831 762 34 15 om
887 755 64 21 deras

369 784 136 22 alkoholhalt
513 785 47 21 icke
567 785 87 28 uppgär
662 785 34 20 till
704 785 35 21 det
754 785 9 20 i
777 785 16 27 $
801 785 28 20 51
841 784 110 21 bestämda

366 814 143 26 procenttal”.

28 843 23 16 ar
65 837 87 22 beslutit
162 839 32 20 att
204 838 119 22 minuthan-|
340 841 96 22 Emedan
451 842 36 21 två
502 842 64 22 stånd
583 842 81 27 antagit
686 842 116 22 utskottets
816 841 135 22 betänkande

29 865 33 22 del
77 866 39 21 och
131 866 143 28 utskänkning
283 867 40 22 bör|
354 859 8 43 =
370 870 145 27 oförändradt,
529 870 98 28 inbjudas
648 871 103 26 Borgare-
766 870 40 22 och
821 869 131 23 Bondestän-

29 893 94 28 upphöra
137 894 91 23 klockan
244 896 26 21 12
286 895 36 22 da-|
370 899 41 22 den
427 900 40 25 att,
483 898 52 23 med
548 899 129 28 frångående
692 899 22 22 af
726 899 47 22 sina
795 898 57 23 olika
872 898 78 27 beslut,

29 928 39 22 gen
82 922 45 23 före
141 925 47 30 sön-
204 923 40 22 och
265 923 57 28 helg-|
369 927 73 22 förena
456 927 33 28 sig
503 928 50 22 med
568 928 26 22 de
610 928 66 27 öfriga
691 927 95 23 stånden.

29 951 39 27 dag
82 953 55 20 samt
152 957 18 22 ej
186 952 35 22 må
237 952 85 27 vidtaga

30 979 41 22 före
85 979 28 22 kl.
130 980 26 21 12
179 980 68 28 dagen
269 980 54 23 efter

30 1008 77 22 sådana
114 1008 71 27 dagar.

31 1043 21 15 ar
66 1036 53 22 efter
144 1037 66 22 orden
233 1037 89 26 ,minut-|
341 1041 95 22 Emedan
451 1042 37 21 två
503 1042 63 22 stånd
582 1042 81 27 antagit
682 1043 114 22 utskottets
818 1041 134 23 betänkande

31 1065 73 22 handel
118 1065 62 22 med"
195 1065 71 41 tillagt
273 1066 49 27 ,och|
370 1070 145 28 oförändradt,
523 1071 99 27 inbjudas
628 1071 103 27 Borgare-
738 1071 40 22 och
788 1070 164 23 Bondeständen

31 1093 144 29 utskänkning
190 1095 43 27 ar".
370 1100 38 25 att,
424 1099 49 22 med
483 1084 133 47 frångående
631 1099 22 22 af
667 1099 46 22 sina
720 1099 57 23 olika
783 1099 77 27 beslut,
869 1099 83 22 ansluta

369 1128 32 27 sig
416 1127 33 22 till
465 1127 26 22 de
507 1128 67 27 öfriga
588 1127 95 23 stånden.

36 1441 15 16 ir
65 1436 80 34 antagit
168 1436 26 33 de
216 1436 106 23 allmänna
340 1443 58 22 |Enär
417 1444 39 34 S:n
474 1444 58 22 hvad
547 1444 26 22 de
589 1444 105 22 allmänna
708 1442 244 28 straffbestämningarne

37 1464 235 34 traffbestämningarna
287 1472 35 16 en-|
370 1472 66 32 angår
451 1474 24 20 är
490 1472 23 22 af
527 1474 33 20 tre
574 1472 63 22 stånd
652 1473 97 26 antagen,
765 1471 94 23 förfaller
877 1472 76 27 åtgärd

37 1494 28 26 igt
79 1492 151 24 betänkandet.
369 1500 16 50 i
391 1491 116 63 anledning
521 1500 23 22 af
557 1500 186 28 borgareståndets
762 1500 70 22 beslut
854 1500 7 22 i
885 1500 68 22 denna

385 1534 26 16 el.
