1086 1717
253 148 29 20 82
557 148 41 22 N:o
613 148 37 23 36.

294 211 126 27 Emottager
442 210 50 26 han,
511 210 53 22 eller
579 210 99 28 betingar
692 211 43 21 han
753 211 31 27 sig
800 210 62 28 eljest
878 210 33 22 för
925 210 55 28 tjen-

225 245 111 27 steåtgärd
360 244 100 28 belöning
483 245 52 21 eller
550 245 88 27 sportel,
658 245 87 21 hvartill
759 245 44 21 han
818 246 19 27 ej
854 246 24 20 är
893 244 88 22 berätti-

225 280 52 27 gad;
294 280 83 21 straffes
393 280 50 21 med
458 280 62 21 böter
535 280 52 21 eller
602 280 108 26 skiljande
724 280 48 20 från
783 280 100 27 utöfning
893 280 24 21 af
925 280 55 27 tjen-

225 316 55 24 sten,
295 314 58 26 eller,
365 315 38 21 der
413 314 214 28 omständigheterna
638 315 37 20 äro
686 314 136 27 synnerligen
833 314 146 24 försvårande,

224 349 50 21 med
289 348 124 28 afsättning.

294 383 60 21 Muta
375 390 51 15 vare
445 382 111 22 förbruten
572 382 41 22 och
629 382 102 27 belöning
747 382 52 22 eller
815 382 80 28 sportel
909 382 70 27 gånge

224 418 54 20 åter.

293 453 14 19 2
322 453 18 26 8.
370 451 44 22 Gör
432 453 87 20 domare
535 451 53 22 eller
602 458 74 15 annan
692 451 131 28 tjensteman
838 451 140 28 uppsåtligen

224 487 58 20 orätt
304 486 7 21 i
326 487 49 20 dom
391 486 52 21 eller
458 486 80 26 beslut;
554 487 66 20 varde
636 485 55 21 skild
707 485 48 21 från
770 485 100 27 utöfning
885 485 24 22 af
922 485 56 27 tjen-

222 522 56 24 sten,
302 520 51 21 eller
376 520 41 22 ock
439 520 67 22 afsatt
529 520 40 21 och
591 520 112 21 förklarad
723 520 88 27 ovärdig
827 522 32 19 att
874 520 104 27 nyttjas
967 516 14 36 i

223 555 86 21 landets
331 555 73 27 tjenst.
435 550 42 26 Äro
501 554 215 28 omständigheterna
738 554 137 27 synnerligen
897 553 79 22 försvå-

222 590 77 26 rande;
323 590 73 21 dömes
418 589 33 21 till
474 589 98 28 fängelse
596 589 41 21 och
659 590 65 20 varde
747 588 71 21 tillika
840 588 66 21 afsatt
921 590 55 19 samt

222 623 112 22 förklarad
349 624 88 27 ovärdig
453 626 32 19 att
501 623 81 29 nyttjas
598 624 7 20 i
620 623 86 22 landets
722 624 73 27 tjenst.

291 658 50 21 Blef
360 659 71 26 någon
446 658 7 21 i
469 658 53 28 följd
538 658 26 21 af
576 658 82 21 brottet
673 658 108 28 oskyldigt
797 658 52 21 eller
863 658 34 21 för
911 657 64 22 hårdt

221 692 99 25 straffad;
344 693 79 24 dömes,
447 699 33 14 om
499 693 81 21 brottet
596 694 36 20 det
648 693 111 27 förtjenar,
775 693 33 21 till
823 693 89 21 tukthus
928 693 47 20 från

220 726 41 21 och
277 727 49 20 med
340 726 47 27 fyra
402 726 33 21 till
451 727 39 20 och
506 728 50 20 med
570 727 43 21 tolf
626 728 30 25 år,
672 727 40 21 och
727 728 66 21 varde
809 728 41 20 den
864 727 112 26 brottslige

220 761 71 20 tillika
306 760 66 21 afsatt
387 763 56 18 samt
459 761 110 21 förklarad
585 762 89 26 ovärdig
690 764 32 19 att
736 762 74 21 vidare
821 761 80 28 nyttjas
912 761 7 20 i
929 761 47 21 lan-

219 795 48 20 dets
282 795 73 27 tjenst.

289 829 13 21 3
318 830 17 25 $.
365 829 79 21 Ställer
462 829 104 27 Kejsaren
583 829 40 21 och
639 829 144 22 Storfurstens
798 829 175 27 befallningshaf-

220 864 77 25 vande,
313 863 52 21 eller
380 870 79 19 annan,
475 871 46 14 som
537 864 13 21 å
565 864 106 27 tjenstens
686 865 83 26 vägnar
785 871 49 20 eger
849 866 32 19 att
896 863 78 28 äklaga

219 897 66 26 brott,
301 898 76 27 någon,
395 899 42 20 den
451 898 44 21 han
511 900 35 19 vet
556 905 52 14 vara
619 899 104 27 oskyldig,
735 899 69 20 under
814 899 44 20 åtal
869 898 35 21 vid
914 899 59 20 dom-

218 932 43 21 stol
277 931 52 22 eller
344 932 39 21 hos
398 932 135 27 myndighet;
548 933 85 20 straffes
648 933 34 20 för
696 933 56 21 falsk
768 933 123 27 angifvelse,
903 933 70 20 såsom

217 967 7 20 i
244 967 29 20 26
296 966 49 27 kap.
369 967 94 26 stadgas,
479 966 40 21 och
534 967 66 21 varde
616 967 70 21 tillika
702 967 56 21 skild
773 967 48 21 från
837 967 99 27 utöfning
951 967 25 21 af

216 1000 97 27 tjensten
336 1000 52 21 eller
408 1000 40 21 ock
468 1000 67 22 afsatt
550 1001 40 21 och
606 1001 111 21 förklarad
740 1001 88 28 ovärdig
843 1003 33 19 att
891 1001 81 28 nyttjas

216 1035 8 20 i
238 1035 87 20 landets
340 1035 73 27 tjenst.

285 1070 47 26 48.
361 1069 46 21 Har
429 1069 130 28 tjensteman
578 1069 138 27 uppsåtligen
736 1069 105 22 verkstält
856 1069 52 22 eller
922 1069 49 21 låtit

216 1103 118 22 verkställa
356 1103 66 26 straff,
445 1110 46 14 som
513 1103 79 22 honom
614 1103 118 27 veterligen
753 1104 18 27 ej
789 1103 33 21 får
838 1103 132 26 verkställas,

216 1138 53 21 eller
290 1139 86 20 svårare
399 1138 67 25 straff,
490 1139 27 19 än
533 1137 88 22 hvartill
636 1139 75 20 dömdt
727 1137 78 26 blifvit;
822 1139 65 20 varde
903 1137 67 22 afsatt

214 1172 42 22 och
272 1171 109 22 förklarad
397 1172 136 27 ovärdig.att
548 1173 82 26 nyttjas
645 1172 7 21 i
667 1172 86 21 landets
769 1172 66 27 tjenst
846 1174 55 19 samt
912 1173 57 20 dess-

214 1209 60 18 utom
300 1207 64 20 dömd
389 1206 33 21 till
446 1206 90 21 tukthus
561 1206 47 21 från
634 1206 41 21 och
700 1207 50 20 med
768 1208 31 19 ett
818 1206 33 21 till
866 1205 39 22 och
920 1207 49 20 med

213 1247 38 15 sex
266 1241 30 20 är.

282 1274 44 21 Var
341 1275 36 20 det
392 1274 125 22 verkstälda
532 1274 82 22 straffet
630 1274 68 26 böter,
714 1274 52 21 eller
781 1275 37 20 äro
837 1275 131 27 omständig-

212 1309 90 21 heterna
318 1308 61 27 eljest
399 1308 136 28 synnerligen
550 1308 132 25 mildrande;
698 1308 85 21 straffes
799 1309 41 20 den
856 1308 111 28 brottslige

212 1344 50 20 med
277 1342 107 28 skiljande
400 1342 48 21 frän
465 1343 104 26 tjenstens
584 1342 100 28 utöfning
701 1342 52 22 eller
767 1342 97 27 fängelse
880 1342 7 21 i
904 1342 63 28 högst

212 1378 36 21 två
264 1378 29 20 år.

240 1408 87 30 "58.
358 1411 91 27 Släpper
465 1411 137 27 tjensteman,
618 1418 46 14 som
679 1411 41 21 har
734 1411 103 21 inseende
847 1410 59 22 öfver
916 1410 52 21 eller

210 1446 88 22 hvilken
321 1446 81 26 äligger
425 1448 33 18 att
481 1446 83 21 bevaka
587 1446 52 20 eller
661 1446 89 26 ledsaga
766 1445 70 27 fänge,
852 1446 50 20 med
917 1445 51 28 vilja
