1086 1717
344 153 24 22 U.
383 153 24 22 B.
424 165 25 3 —
465 153 66 29 Prop.
545 153 39 22 N:o
600 152 34 23 39.
813 154 26 20 11

113 218 37 22 del
169 218 25 22 af
206 218 129 28 lindrigaste
350 218 67 27 straff,
432 224 46 16 som
492 218 8 22 i
515 218 75 28 hvarje
605 218 98 22 straffart
717 218 84 22 kunnat
815 217 54 28 följa
882 218 11 17 4
905 217 91 23 Kapitlet.

114 252 15 22 &
150 253 130 27 fulldordadt
302 254 60 21 brott.
396 253 89 21 Komme
504 253 9 21 i
531 253 54 27 följd
598 253 68 27 häraf
678 252 152 28 tukthussiraff
841 254 32 20 att

115 289 69 21 sättas
203 288 67 22 under
286 295 37 14 sex
337 288 112 25 mänader;
465 288 53 21 skall
533 288 34 21 det
582 288 86 26 öfvergä
684 288 32 20 till
729 288 95 26 fängelse
839 294 33 15 en-

116 322 38 27 ligt
173 323 39 21 den
227 324 9 20 i
249 324 15 20 4
278 322 16 28 $
312 324 13 20 7
339 323 46 26 kap.
402 322 103 27 stadgade
518 322 76 27 grund.
624 322 50 21 Kan
690 321 117 23 dödsstraff
820 322 53 22 eller

113 356 93 22 tukthus
216 357 29 27 pä
254 356 70 22 lifstid
334 356 53 28 följa
397 356 13 22 &
421 356 132 22 fullbordadt
562 356 69 27 brott;
640 356 79 27 dömes,
727 356 9 22 i
742 356 75 22 stället
826 356 47 22 der-

113 390 42 28 för,
167 390 34 22 för
210 390 75 22 försök
295 390 34 22 till
339 391 89 21 tukthus
438 390 50 22 från
499 391 39 21 och
544 390 49 22 med
600 390 40 22 två
647 390 34 22 till
689 390 40 22 och
736 390 49 22 med
792 390 42 22 tolf
841 391 31 21 är.

185 420 32 27 Är
238 425 132 22 fullbordadt
391 425 59 22 brott
472 424 90 29 belagdt
581 425 48 22 med
643 424 79 23 förlust
737 424 25 23 af
773 425 98 22 medbor-

114 460 84 28 gerligt
219 460 134 27 förtroende;
377 460 56 21 skall
455 461 71 21 sådan
544 460 87 27 påföljd
649 459 35 22 för
697 459 73 23 försök
786 459 88 22 ädömas

117 495 75 22 endast
205 496 9 20 i
228 495 96 27 förening
338 495 47 21 med
400 495 155 26 tukthusstraff.
578 494 155 27 Stadgandena
747 501 34 14 om
796 493 78 23 afsätt-

117 529 60 28 ning,
192 529 130 28 ovärdighet
341 530 34 21 att
391 529 84 27 nyttjas
490 529 9 21 i
513 529 85 22 landets
612 529 74 27 tjenst,
702 528 107 28 skiljande
824 528 51 22 frän

117 563 101 28 utöfning
242 563 24 22 af
286 563 73 28 tjenst,
380 563 25 22 sä
425 563 40 22 ock
480 569 33 16 om
529 569 72 16 annan
616 563 90 28 påföljd,
722 563 89 22 hvilken
826 562 49 22 full-

114 598 97 21 Pordadt
232 598 60 21 brott
313 598 68 27 enligt
403 598 37 27 lag
462 597 89 28 medför,
574 597 68 23 varde
654 597 81 28 jemväl
750 597 125 28 tillämpade

115 633 39 22 vid
168 633 76 26 försök.

187 666 14 23 2
217 667 39 22 och
271 666 13 23 3
299 665 33 30 88.
361 666 57 22 Lika
432 666 49 22 med
496 666 50 22 nåd.
561 673 60 21 prop.

429 748 26 21 5
473 748 101 27 Kap.

399 793 38 22 Om
452 793 148 29 delaktighet.

190 839 9 22 1
214 839 40 22 och
268 839 13 22 2
297 839 32 29 88.
360 839 56 22 Lika
430 839 49 22 med
494 840 50 21 näd.
560 846 60 21 prop.

190 873 13 23 3
226 873 19 29 &.
275 874 47 21 Har
344 874 78 28 någon,
442 874 78 22 medan
535 875 59 21 brott
609 873 24 23 af
646 881 72 15 annan
733 873 80 23 utförts
828 873 52 22 eller

122 907 147 28 derförinnan,
292 909 139 27 uppsätligen
456 909 49 22 med
527 909 46 27 räd,
597 909 44 21 däd
663 909 52 22 eller
736 910 144 26 uppmuntran

122 942 90 28 främjat
230 943 128 27 gerningen:
382 943 36 21 och
433 943 39 22 har
487 944 75 21 brottet
576 943 126 28 fullbordats
718 943 53 27 eller,
787 943 36 22 der
837 943 43 27 för-

123 977 38 21 sök
177 977 36 21 och
227 977 130 27 fullbordadt
372 978 55 21 brott
442 980 37 19 äro
495 978 85 27 belagda
596 978 47 21 med
652 985 81 14 samma
743 977 68 27 straff,
823 980 58 19 stan-

123 1013 39 20 nat
183 1012 37 21 vid
240 1012 83 26 försök;
344 1012 54 21 skall
419 1013 42 21 han
483 1013 34 26 för
539 1013 99 26 medhjelp
658 1013 31 21 till
704 1013 75 20 brottet
793 1011 88 27 straffas

122 1046 67 27 enligt
211 1046 25 21 de
258 1047 160 26 bestämmelser,
435 1054 45 14 som
501 1047 44 22 bort
566 1047 106 26 tillämpas
688 1047 69 21 derest
771 1047 42 21 han
828 1047 55 20 varit

121 1081 160 26 gerningsman,
304 1081 63 21 likväl
388 1081 47 21 med
450 1081 40 22 den
509 1081 143 27 nedsättning,
673 1088 45 14 som
733 1081 8 21 i
755 1083 13 19 1
783 1087 61 15 mom.
861 1081 25 26 af

126 1115 11 20 1
161 1114 15 28 $
198 1116 14 19 4
234 1115 47 26 kap.
305 1118 25 19 är
344 1116 97 27 stadgad.
472 1115 110 22 Stannade
596 1115 83 22 brottet
693 1115 37 22 vid
744 1115 77 27 försök,
838 1122 44 14 som

125 1149 38 21 bör
177 1149 64 27 enligt
256 1150 67 26 sagda
334 1150 81 27 lagrum
425 1150 100 27 straffas;
536 1150 72 21 dömes
618 1149 146 28 medhjelpare
774 1149 34 22 till
818 1149 65 28 högst

124 1182 86 23 hälften
232 1183 25 22 af
278 1183 37 22 det
336 1183 67 27 straff,
427 1190 45 15 som
494 1185 81 21 kunnat
594 1185 76 21 honom
685 1184 88 21 ådömas
788 1190 33 15 om
836 1190 48 21 ger-

125 1217 158 33 ningsmannen
297 1218 56 22 hade
367 1218 118 22 fullbordat
499 1219 88 21 brottet.

196 1252 32 21 Ar
249 1251 132 23 fullbordadt
403 1253 60 22 brott
485 1253 89 28 belagd:
596 1253 48 22 med
658 1253 77 22 förlust
751 1253 25 22 af
788 1252 97 22 medbor-

126 1285 84 29 gerligt
224 1286 132 28 förtroende;
371 1287 57 22 skall
443 1288 70 22 sådan
525 1288 86 27 påföljd
624 1287 35 23 för
672 1287 107 29 medhjelp
796 1287 89 22 ådömas

128 1321 76 21 endast
218 1322 9 20 i
240 1322 96 27 förening
351 1322 46 22 med
413 1322 155 27 tukthusstraff.
591 1322 154 28 Stadgandena
760 1328 35 16 om
809 1321 76 22 afsätt-

128 1355 60 28 ning,
212 1356 128 28 ovärdighet
360 1358 34 20 att
418 1357 83 27 nyttjas
516 1357 7 21 i
539 1357 84 22 landets
641 1357 68 27 tjenst
723 1357 39 21 och
777 1356 108 28 skiljande

128 1389 52 22 från
201 1390 101 28 utöfning
324 1390 25 22 af
368 1391 68 27 tjenst
458 1393 56 20 samt
536 1398 33 15 om
592 1398 71 14 annan
682 1390 92 29 påföljd,
797 1390 90 22 hvilken

128 1424 61 21 brott
210 1424 70 28 enligt
298 1424 37 28 lag
349 1425 83 21 medför
446 1425 35 22 för
495 1425 159 28 gerningsman,
671 1425 66 22 varde
753 1425 40 21 ock
808 1424 80 22 tilläm-

128 1458 58 27 pade
200 1459 15 21 å
229 1458 152 28 medhjelpare.
