1086 1717
461 147 36 21 N:o
511 146 30 22 41.
839 146 12 20 3

128 216 23 21 åt
173 216 37 21 det
231 216 67 27 högre
320 216 80 21 befälet
422 216 107 26 inrymma
552 215 130 28 befogenhet
704 217 33 19 att
752 215 6 20 i
774 214 107 21 förekom-

128 251 77 21 mande
220 250 44 27 fall,
280 250 28 22 dä
323 250 79 26 officer,
419 256 45 15 som
481 250 92 27 uppnätt
588 251 42 21 den
645 250 98 21 normala
758 248 75 22 äldern
848 247 34 22 för

128 285 76 27 afgäng
222 291 26 15 ur
263 285 100 27 tjensten,
379 284 134 21 fortfarande
528 285 90 21 innehar
633 284 39 21 full
688 283 69 27 fysisk
773 283 58 21 kraft
842 282 40 21 och

128 319 62 21 äfven
206 325 78 15 annars
300 321 24 19 är
339 319 148 27 tjenstduglig,
504 319 108 27 medgifva
628 319 78 21 honom
717 320 45 19 rätt
772 319 33 19 att
815 319 67 25 ytter-

127 354 69 26 ligare
211 354 88 26 gvarstä
314 354 6 20 i
336 354 93 26 tjensten
445 354 70 26 någon
531 354 44 20 viss
591 353 88 21 kortare
690 352 43 26 tid;
750 354 31 19 ett
791 350 90 28 medgif-

129 388 75 26 vande,
221 388 82 20 hvilket
318 388 97 26 betingas
432 388 55 20 både
503 388 23 20 af
540 388 82 26 hänsyn
638 388 33 20 till
688 387 26 21 de
730 386 58 22 olika
799 385 83 27 fysiska

128 422 200 27 avalifikationerna
350 422 38 21 hos
412 422 71 21 skilda
501 422 106 22 indiviäsr
627 422 39 21 och
682 421 23 22 af
720 427 113 20 omsorgen
849 421 33 20 att

127 457 119 27 förebygga
261 457 142 21 statsverkets
419 457 137 26 betungande
569 457 47 21 meä
628 457 74 21 alltför
713 456 68 27 dryga
791 455 90 26 utgifter

127 492 35 21 för
177 493 40 20 den
233 492 95 21 militära
343 493 186 26 pensioneringen.

196 526 126 21 Införandet
337 528 22 19 af
373 527 163 26 åldersgränser
552 527 52 20 eller
619 526 161 25 bestämningar
791 523 92 22 rörande

128 561 122 21 officerares
265 561 36 21 vid
317 560 68 22 finska
401 561 108 21 militären
525 561 124 26 skyldighet
664 562 32 19 att
712 560 35 21 vid
762 560 45 20 viss
822 558 60 21 ålder

128 595 50 26 afgå
200 602 26 14 ur
249 595 94 26 tjensten
358 595 70 21 skulle
443 595 121 22 emellertid
580 596 7 20 i
603 595 32 21 sin
651 595 48 21 mån
716 596 78 25 utgöra
809 599 26 16 en
851 592 31 21 af-

128 629 82 22 vikelse
225 629 47 22 från
288 630 190 26 bestämningarna
493 630 93 21 rörande
596 629 198 27 statstjenstemäns
805 627 76 26 rättig-

129 665 61 20 heter
206 664 31 21 uti
254 664 10 27 &
277 665 11 20 2
300 665 6 20 i
316 663 203 27 Regeringsformen
535 664 23 21 af
572 664 40 21 den
628 665 26 20 21
670 663 93 27 Augusti
777 663 53 20 1772
842 661 39 22 och

127 699 12 27 8
152 700 13 19 4
181 699 6 20 i
198 698 203 26 Riksdagsbeslutet
412 699 23 20 af
444 699 41 20 den
497 700 26 19 23
534 699 50 20 Juni
598 699 60 24 1786,
670 698 33 21 till
715 697 84 21 hvilkas
809 697 72 20 förän-

129 733 81 20 drande
226 733 130 21 Ständernas
373 733 109 27 samtycke
498 733 119 26 erfordras;
644 733 39 20 och
699 733 38 20 bar
754 732 60 21 Hans
830 730 51 27 Kej-

129 767 79 26 serliga
227 767 103 27 Majestät
349 767 56 27 förty
421 768 58 20 velat
494 767 33 21 till
543 767 132 21 Ständernas
691 765 190 28 grundlagsenliga

128 802 130 26 behandling
274 796 134 27 öfverlemna
419 802 161 21 nedanstående
594 801 229 27 författningsförslag,
835 805 46 16 som

127 836 48 21 icke
197 836 64 21 berör
284 836 40 21 den
347 838 44 19 rätt
414 837 123 20 nuvarande
560 836 118 26 officerare,
702 836 52 21 hvar
773 836 58 21 inom
847 835 34 21 sin

127 871 61 26 grad,
204 871 93 26 lagligen
312 870 123 22 innehafva:

301 938 127 35 Förslag
445 939 44 26 till
506 939 153 34 förordning,
679 938 127 34 angående
825 937 55 28 offi-

264 985 95 20 cerares
386 979 96 34 afgång
508 987 30 18 ur
564 979 181 34 krigstjensten
763 979 44 26 vid
825 978 55 27 viss

264 1019 75 27 ålder.

480 1071 47 28 81.

195 1111 123 27 Officerare,
335 1118 44 15 som
395 1112 115 21 innehafva
525 1112 146 27 befattningar
682 1113 35 20 vid
728 1112 70 21 finska
808 1112 74 21 aktiva

125 1145 108 22 militären
250 1147 52 20 eller
319 1153 110 15 reservens
446 1147 100 27 ständiga
562 1147 124 26 ötverbefäl,
698 1149 37 19 äro
746 1147 90 27 pligtige
847 1148 33 19 att

124 1181 8 20 i
147 1180 92 21 fredstid
256 1181 50 26 afgä
320 1187 26 15 ur
361 1181 93 27 tjensten
469 1181 36 21 vid
516 1181 102 27 uppnädd
628 1182 45 21 viss
684 1181 67 26 älder,
762 1181 117 26 nemligen:

193 1215 81 27 kapten
297 1215 39 21 och
355 1215 73 22 officer
443 1216 24 21 af
480 1216 60 27 lägre
556 1216 53 27 grad
625 1216 35 21 vid
676 1216 73 21 aktiva
764 1216 115 26 militären,

126 1249 28 21 dä
169 1249 42 21 han
226 1249 49 27 fyllt
290 1250 28 21 50
333 1249 34 26 år;

194 1283 151 28 kompanichef
358 1285 36 21 vid
409 1291 109 21 reserven,
535 1285 27 21 då
577 1286 41 21 han
634 1285 49 27 fyllt
698 1286 27 20 55
741 1285 34 26 är;
795 1287 57 19 samt

194 1318 173 22 stabsofficerare
382 1320 37 20 vid
434 1320 74 21 aktiva
523 1320 115 27 militären,
654 1320 122 21 stabchefer
792 1319 40 21 och
843 1319 37 21 ba-

124 1352 245 28 taljonskommendörer
395 1354 54 21 dock
474 1354 145 27 undantagne,
643 1354 109 22 äfvensom
769 1354 110 21 distrikts-

123 1386 137 22 stabsofficer
275 1388 37 20 vid
327 1394 106 20 reserven,
449 1388 38 21 vid
503 1388 67 28 fyllda
585 1389 27 21 60
628 1388 30 22 år.

192 1421 33 22 De
241 1421 118 27 officerare,
383 1428 46 16 som
445 1423 94 27 uppnätt
554 1423 141 22 förenämnda
710 1423 170 27 äldersgränser,

123 1460 48 16 men
187 1456 134 22 fortfarande
336 1457 8 20 i
359 1456 102 22 afseende
476 1457 13 21 ä
505 1457 160 22 helsotillständ
681 1457 39 21 och
735 1457 71 27 öfriga
816 1462 63 22 egen-
