1086 1717
245 160 27 19 30
449 158 25 22 U.
490 158 23 22 B.
531 171 24 3 —
571 159 65 29 Prop.
652 159 38 23 N:o
706 158 33 24 39.

78 225 11 17 7
101 225 90 23 Kapitlet.
216 223 157 28 ständigheter,
388 224 113 22 hvarefter
515 224 7 22 i
538 226 13 20 4
566 224 13 29 &
590 225 97 27 stadgas,
698 226 34 20 att
742 224 37 23 vid
789 226 41 21 reel
839 226 135 26 konkurrens,

216 258 53 21 eller
284 258 27 21 dä
326 258 54 22 flera
395 259 58 21 brott
468 259 106 22 föröfvats
590 266 76 21 genom
681 259 53 22 flera
749 260 136 28 handlingar,
900 260 76 22 hvilka

215 292 48 22 icke
285 294 37 20 äro
345 295 34 19 att
399 300 62 15 anses
480 294 70 21 såsom
566 294 144 27 fortsättning
725 294 24 21 af
762 300 81 16 samma
858 294 64 27 brott,
938 294 37 22 det

214 328 126 26 strängaste
361 328 85 22 straffet
468 328 105 22 likaledes
595 328 40 22 bör
654 328 114 28 tillämpas,
789 329 73 22 tillökt
881 329 47 21 med
943 331 32 19 ett

214 362 130 22 reduceradt
364 362 76 28 belopp
461 362 24 22 af
504 363 26 22 de
550 363 72 28 öfriga
641 363 95 22 straffen.
766 364 12 21 I
798 364 84 22 hvilket
896 363 80 22 förhäl-

214 396 65 22 lande
298 396 89 23 straffen
407 397 48 22 med
473 398 84 27 hänsyn
575 398 34 22 till
622 398 115 27 stränghet
752 399 36 21 stä
802 398 34 22 till
851 398 124 22 hvarandra

214 430 28 22 dä
259 430 27 23 de
300 438 53 15 vare
367 432 34 27 sig
416 432 37 22 vid
468 432 57 22 ideel
540 432 52 23 eller
607 432 44 23 ree]
666 433 135 22 konkurrens
816 435 37 20 äro
869 434 83 21 utsatta
966 432 8 21 i

214 465 58 22 olika
292 466 122 23 straffarter
433 467 40 22 och
493 467 121 28 öfvergäng
630 467 34 22 till
680 467 41 22 den
736 468 99 21 svåraste
850 467 124 22 straffarten

214 499 93 23 sålunda
321 501 174 28 ifrägakommer,
511 501 107 22 inhemtas
637 508 26 15 ur
678 504 12 19 6
706 501 19 29 &,
741 508 44 15 som
800 502 127 27 visserligen
943 508 31 15 er-

213 534 65 22 hällit
293 541 27 15 en
330 535 69 22 sädan
415 536 140 27 ordalydelse,
571 543 45 15 som
631 536 69 22 skulle
716 536 137 28 tillämpning
863 536 26 22 af
896 536 78 27 grund-

214 570 100 21 satserna
329 569 46 22 deri
391 570 78 22 endast
484 571 37 21 vid
536 571 45 21 reel
596 571 135 21 konkurrens
746 571 74 21 kunna
835 577 42 21 ega
892 577 52 15 rum.

282 603 117 28 Förslaget
421 605 40 21 har
485 605 92 22 sålunda
594 605 38 22 vid
651 605 41 22 den
711 605 79 22 ideella
812 605 161 22 konkurrensen

214 637 108 22 anordnat
344 638 41 22 den
407 645 16 15 s.
448 639 21 21 k.
489 639 246 28 absorptionsprincipen
754 639 49 22 med
821 639 152 28 straffhöjning

213 671 57 22 inom
290 672 113 28 latituden,
423 673 38 22 vid
481 673 41 22 den
541 674 68 21 reella
626 674 163 21 konkurrensen
804 674 48 21 åter
867 680 27 15 en
908 673 65 22 modi-

213 706 69 22 fierad
299 707 236 28 kumulationsprincip.
565 707 65 22 Emot
649 708 70 22 denna
734 708 115 27 förslagets
865 708 108 21 allmänna

213 741 137 27 ståndpunkt
372 741 40 22 har
434 742 114 21 Utskottet
563 742 47 22 icke
626 743 68 27 något
709 743 34 21 att
757 742 110 27 anmärka,
883 742 90 22 likasom

214 775 114 22 Utskottet
352 777 19 26 ej
393 776 68 22 heller
476 778 56 20 emot
548 777 261 28 detaljbestämningarna
823 776 91 22 rörande
930 776 42 21 den

214 809 66 22 reella
303 810 162 22 konkurrensen
487 811 72 21 funnit
581 811 48 22 skäl
648 811 34 22 till
700 817 72 16 annan
787 811 143 27 anmärkning
944 813 29 19 än

214 845 40 26 att,
271 846 53 19 enär
345 845 41 21 den
405 845 7 21 i
428 847 11 19 1
456 845 96 27 punkten
568 845 25 22 af
606 847 12 20 6
634 845 13 28 &
663 845 112 22 bestämda
789 845 88 27 längsta
891 845 33 21 tid
939 844 34 22 för

214 877 184 28 fängelsestraffet
416 880 171 27 uppenbarligen
608 879 78 22 endast
700 879 79 22 hänför
793 879 35 28 sig
842 879 34 22 till
891 879 82 22 sådana

214 911 44 28 fall,
276 913 28 21 då
320 913 42 22 den
377 913 34 22 för
427 913 37 22 det
479 914 63 21 enkla
558 915 82 20 brottet
652 913 108 28 stadgade
770 913 87 28 längsta
867 913 106 28 fängelse-

213 946 33 22 tid
258 947 20 27 ej
292 947 131 28 öfverstiger
436 948 189 27 maximibeloppet
636 948 69 27 enligt
718 949 12 20 3
740 947 12 28 &
764 949 9 20 2
783 947 57 28 kap.,
853 949 32 20 ett
894 947 78 28 tillägg

213 983 25 19 är
259 981 84 28 nödigt,
366 988 44 15 som
433 982 84 21 tillåter
539 983 33 20 att
593 983 29 26 på
645 982 114 22 enahanda
777 983 45 20 sätt
837 981 135 22 öfverskrida

212 1015 137 22 straffsatsen
363 1015 35 22 för
413 1016 37 22 det
465 1017 64 21 enkla
543 1017 83 21 brottet
641 1016 38 22 der
694 1017 72 20 denna
780 1015 114 28 straffsats,
903 1016 69 22 såsom

212 1051 16 20 t.
244 1056 33 15 ex.
297 1049 4 22 i
323 1052 6 19 3
345 1049 13 29 &
375 1052 24 19 11
416 1051 57 26 kap.,
489 1050 120 22 innehåller
624 1057 26 15 en
665 1050 77 27 längre
757 1049 130 28 fängelsetid
897 1052 28 19 än
936 1050 37 22 det

212 1084 110 21 allmänna
343 1084 120 22 maximum.
497 1085 101 21 Deremot
620 1085 40 21 har
683 1085 115 21 Utskottet
819 1084 48 22 icke
889 1085 84 21 kunnat

212 1118 118 27 godkänna
351 1118 36 22 det
407 1120 50 26 sätt,
474 1119 29 26 pä
519 1119 84 22 hvilket
618 1118 247 28 absorptionsprinsipen
878 1118 38 22 vid
931 1119 41 21 den

212 1152 80 22 ideella
316 1153 163 22 konkurrensen
501 1153 139 27 genomförts.
673 1153 75 21 Såsom
771 1152 25 21 af
816 1152 156 23 ofvanstäende

212 1186 104 28 framgår,
332 1187 40 21 har
387 1186 107 28 förslaget
509 1189 72 19 ansett
596 1189 34 19 att
645 1187 37 21 det
696 1187 24 21 in
735 1188 98 20 concreto
848 1188 125 26 strängaste

212 1220 85 22 straffet
311 1221 39 21 bör
365 1233 26 3 —
408 1221 25 22 så
451 1221 66 21 framt
531 1220 89 22 straffen
636 1221 19 27 ej
672 1223 36 19 äro
724 1221 45 21 lika
779 1233 29 3 —
822 1221 94 27 ådömas,
932 1221 40 21 och

212 1255 34 22 för
256 1255 81 22 sådant
348 1255 100 21 ändamål
459 1255 40 22 har
509 1255 37 22 det
556 1255 73 22 blifvit
639 1255 77 28 nödigt
726 1254 126 28 föreskifva,
863 1256 34 20 att
907 1255 65 22 äfven

212 1289 37 23 vid
272 1289 56 22 ideel
350 1289 135 23 konkurrens
506 1289 104 22 särskildt
632 1289 64 22 straff
715 1288 36 22 för
769 1289 75 27 hvarje
859 1289 59 21 brott
932 1289 40 21 bör

212 1325 102 21 utsättas.
344 1324 113 22 Utskottet
472 1324 69 22 håller
556 1324 55 22 dock
626 1324 34 22 för
673 1324 33 22 sin
723 1324 34 21 del
772 1324 51 27 före,
840 1325 34 20 att
889 1324 60 21 detta
964 1324 8 21 i

212 1358 91 28 somliga
325 1358 40 22 fall
384 1358 65 23 äfven
467 1366 43 21 nog
524 1359 118 27 vidlyftiga
657 1358 126 22 förfarande
798 1371 27 2 —
840 1364 50 15 man
904 1358 67 21 tänke

211 1392 35 28 sig
261 1395 16 19 t.
294 1399 33 15 ex.
343 1395 34 19 att
392 1394 73 27 någon
480 1394 7 22 i
503 1400 26 16 en
544 1394 127 28 församling
685 1399 78 22 genom
778 1398 81 16 samma
868 1392 104 27 yttrande

211 1426 131 28 förolämpat
365 1434 26 15 en
411 1428 80 28 mängd
510 1434 102 21 personer
628 1440 24 3 —
668 1428 49 21 icke
737 1429 26 19 är
780 1426 123 28 principielt
920 1425 51 22 nöd-

211 1461 93 27 vändigt
320 1462 39 21 och
374 1462 19 27 ej
409 1462 68 22 heller
493 1462 99 28 erbjuder
606 1462 71 28 några
692 1461 71 22 ökade
778 1460 113 29 garantier
900 1460 34 22 för
945 1466 26 16 en
