1086 1717
433 152 53 28 Prop.
503 152 30 22 N:o
548 152 30 21 34.
829 152 26 22 19

126 216 27 21 de
174 216 108 26 nederlag,
304 222 47 14 som
373 216 60 20 skola
451 215 34 21 stä
503 215 68 21 under
585 214 75 28 hvarje
675 214 67 22 sädan
756 214 127 22 kontrollör.

126 250 131 21 Underrätte
272 249 41 22 ock
328 250 73 21 derom
416 249 180 22 öfverkontrollör
611 249 40 21 och
667 249 130 21 tillverkare.

194 284 21 21 6.
244 284 244 26 Nederlagskontrollör,
508 289 45 15 som
571 283 8 21 i
594 283 101 21 afseende
710 283 13 21 å
737 283 73 27 tillsyn
825 283 59 21 öfver

125 318 125 26 nederlaget
271 318 40 20 har
333 319 32 20 att
385 318 98 26 iakttaga
505 318 57 20 hvad
580 317 222 21 brännerikontrollör
816 317 68 21 finnes

126 352 78 26 ålagdt,
228 352 96 26 erhåller,
348 352 27 21 dä
388 352 44 21 han
447 352 102 21 tillkallas
564 352 34 20 till
612 352 129 26 förrättning
757 351 36 21 vid
807 352 76 21 neder-

126 386 63 26 laget,
205 386 23 21 af
240 386 123 21 tillverkare
378 386 73 27 hvarje
466 386 56 26 gäng
537 386 7 20 i
559 387 32 20 ett
605 385 34 21 för
654 386 39 20 allt
708 385 41 21 tolf
762 386 69 20 mark.

475 449 12 26 8
503 449 34 20 28.

195 484 214 31 Öfverkontrollörer,
432 489 68 21 under
515 489 73 20 hvilka
602 489 172 21 kontrollörerne
788 489 96 20 närmast

125 523 56 27 lyda,
203 523 112 21 förordnas
333 523 23 21 af
377 523 104 21 Senatens
504 523 267 26 Ekonomiedepartement
795 523 32 20 till
849 529 32 14 er-

125 557 112 27 forderligt
252 557 58 22 antal
325 559 32 20 att
371 557 74 22 utöfva
459 557 73 27 tillsyn
547 557 59 22 öfver
616 557 154 22 efterlefnaden
781 557 22 21 af
812 557 70 21 denna

125 591 131 27 förordning.
286 587 235 26 Öfverkontrollörerne
543 592 51 27 lyda
612 591 133 22 omedelbart
763 591 68 22 under
846 591 35 22 Fi-

125 626 203 27 nansexpeditionen
350 626 7 21 i
380 626 92 21 Senaten
488 626 40 21 och
543 626 84 27 ätnjuta
642 626 78 21 arvode
734 625 48 22 frän
797 627 84 20 ettusen

125 659 33 22 till
179 661 95 20 tretusen
296 660 67 26 mark,
387 660 54 21 efter
463 660 104 21 Senatens
589 660 167 26 bestämmande,
772 660 109 21 äfvensom

125 694 109 21 dessutom
256 694 117 27 ersättning
394 695 34 20 för
445 695 70 26 skjuts
533 695 40 20 och
588 695 145 21 traktamente
747 696 56 19 samt
818 694 62 21 skrif-

125 729 129 21 materialier
269 729 40 20 och
324 730 117 26 postporto,
459 729 66 26 enligt
540 729 201 26 ordningsstadgan.

473 791 12 28 8
501 792 34 21 29.

196 831 19 20 1.
245 826 184 27 Ötfverkontrollör
451 831 40 22 och
513 832 121 21 kontrollör
652 832 62 21 ställe
733 832 32 26 sig
783 832 33 21 till
830 837 52 22 nog-

125 870 53 21 gran
192 865 126 22 efterlefnad
337 865 69 22 denna
420 865 126 28 förordning
561 866 39 21 och
616 866 26 21 de
657 866 161 21 bestämmelser
833 866 48 21 ord-

125 899 153 27 ningsstadgan
292 900 124 21 innehäller.

194 935 20 20 2.
244 934 227 22 Bränvinstillverkare
494 935 40 21 och
552 935 218 26 destilleringsidkare
784 935 97 26 iakttage

125 967 41 22 ock
187 968 57 21 hvad
266 969 191 26 ordningsstadgan
480 975 35 15 om
534 969 61 21 deras
610 969 127 26 äligganden
752 969 129 22 bestämmer

124 1004 56 19 samt
198 1003 27 20 de
242 1003 139 26 föreskrifter,
397 1003 181 22 öfverkontrollör
592 1003 52 22 eller
658 1003 121 21 kontrollör
794 1003 7 21 i
816 1004 65 26 enlig-

124 1036 38 21 het
176 1037 49 20 med
239 1037 124 21 densamma
377 1037 115 22 meddelar.

471 1100 12 27 8
499 1101 34 20 30.

193 1139 42 21 Vid
256 1140 141 27 uppmätning
419 1140 39 21 och
481 1140 99 27 profning
602 1140 24 21 af
642 1140 89 21 bränvin
746 1146 39 21 ege
800 1140 80 21 tillver-

123 1173 59 26 kare,
206 1180 46 15 som
274 1174 39 21 bör
336 1180 34 15 om
392 1175 105 20 terminen
519 1174 71 22 derför
608 1175 142 25 underrättas,
766 1174 50 27 sjelf
829 1175 51 21 eller

123 1213 77 21 genom
222 1208 79 21 ombud
322 1215 52 14 vara
395 1209 113 26 tillstädes,
530 1210 53 20 utan
600 1210 34 20 att
652 1209 54 20 dock
724 1209 156 26 förrättningen

123 1241 35 21 mä
179 1241 34 21 för
235 1242 53 21 hans
310 1242 145 21 uteblifvande
469 1243 105 20 inställas.
603 1243 44 21 För
661 1243 168 26 uppmätningen
843 1243 37 21 be-

123 1275 75 27 höfligt
212 1275 276 29 handräckningsmanskap
504 1277 54 21 skall
573 1277 23 21 af
608 1277 225 21 bränvinstillverkare
843 1283 37 15 an-

123 1309 85 22 skaffas.

470 1351 12 27 8
497 1352 35 21 31.

192 1385 19 21 1.
241 1385 41 21 Vid
298 1385 40 21 den
353 1386 135 26 förrättning,
505 1392 45 15 som
564 1386 8 20 i
586 1386 177 27 nästföregäende
780 1386 10 28 &
801 1386 78 28 omför-

122 1418 72 26 mäles,
211 1418 54 22 skall
281 1419 70 21 säsom
365 1420 68 20 vittne
449 1422 92 18 närvara
556 1426 26 15 en
597 1420 7 21 i
620 1422 60 20 orten
695 1420 90 26 boende,
796 1422 83 19 trovär-

122 1452 42 26 dig,
186 1452 8 21 i
216 1452 62 21 skrif-
296 1453 40 21 och
355 1453 132 21 räknekonst
502 1454 82 26 kunnig
598 1460 84 21 person,
698 1454 86 22 hvilken
799 1454 80 22 förstär
