1086 1717
106 173 76 30 grund
197 172 72 24 bland
285 175 73 20 annat
375 171 55 30 deri,
447 174 36 20 att
498 170 108 24 oklarhet
620 170 68 25 råder
704 169 84 32 derom,
800 169 63 26 hvad

105 209 70 28 lagen
189 208 9 22 i
212 208 66 22 detta
292 208 132 22 hänseende
440 208 135 28 egentligen
590 208 48 21 kan
652 211 63 25 göra,
728 207 61 22 huru
796 208 67 28 långt

106 245 89 20 statens
209 245 48 19 rätt
272 245 36 19 att
322 243 129 21 bestämma
467 242 117 21 enskildes
599 242 142 28 handlingar
749 242 43 21 och
801 242 62 29 njut-

105 278 85 28 ningar
214 278 104 20 sträcker
342 277 36 28 sig
404 279 60 19 samt
489 276 69 22 äfven
583 276 85 28 derom,
694 277 29 28 pä
739 276 62 22 hvad
817 278 47 20 sätt

106 312 142 22 missbruket
272 312 26 21 af
320 312 79 21 starka
425 311 100 28 drycker
549 311 56 21 eller
628 311 66 22 deras
709 311 154 29 begagnande

106 346 156 22 öfverhufvud
284 346 54 22 bäst
360 346 75 21 skulle
458 345 115 28 aflägsnas
592 358 27 3 —
634 345 68 22 deraf
714 346 89 21 kanske
819 345 45 22 den

106 383 63 19 stora
183 380 180 29 törsigtigheten
383 380 10 22 i
406 380 182 28 lagstiftningen
604 380 121 28 angående
740 380 86 22 bruket
841 381 26 21 af

106 416 80 21 starka
201 415 105 28 drycker.

179 450 84 21 Säkert
278 454 25 17 är
318 449 137 28 emellertid,
473 451 35 20 att
523 451 88 20 statens
619 449 152 28 försigtighet
781 449 8 22 i
801 449 64 22 detta

107 484 108 22 afseende
238 485 52 28 gått
308 485 36 22 för
358 484 74 28 långt.
462 484 52 21 Den
533 484 109 28 begäran,
658 491 50 14 som
720 484 42 29 jag
777 484 88 22 härme-

107 519 62 23 delst
183 519 92 28 bifogar
284 519 44 22 den
338 519 106 28 petition,
455 519 96 21 hvilken
558 519 41 28 jag
608 519 42 21 har
658 523 56 17 äran
723 519 143 22 öfverlemna

108 554 38 21 till
161 553 145 29 högvördiga
322 553 185 28 prestaständets
523 553 162 27 omsorgstulla
696 553 116 29 pröfning,
825 553 41 22 har

109 589 95 28 tydligt,
221 595 37 15 om
274 588 44 21 ock
333 587 109 28 radikalt,
459 588 93 21 anvisat
568 587 44 22 den
620 588 113 28 rigtning,
743 588 8 21 i
762 588 103 28 hvilken,

107 623 76 28 enligt
199 623 67 21 dessa
281 622 164 28 medborgares
461 622 67 28 äsigt,
544 622 182 29 lagstiftningen
741 623 72 21 borde
828 623 36 28 gä,

108 657 40 22 det
171 661 33 18 är:
228 659 34 19 ett
278 656 83 22 förbud
376 658 49 20 mot
441 656 66 22 dessa
527 657 109 28 dryckers
652 657 155 28 tillverkning
822 657 44 22 och

109 691 145 30 försäljning.

180 726 130 29 Stödjande
332 726 49 28 mig
404 727 31 27 pä
450 725 67 22 dessa
533 726 50 21 skäl
598 726 44 22 och
657 727 31 28 pä
702 726 164 29 medborgares

109 761 150 28 önskningar,
275 761 73 28 vågar
361 760 42 29 jag
419 760 100 29 anhålla,
529 763 35 19 att
572 761 144 28 högvördiga
725 762 142 27 prestastän-

109 797 41 21 det
164 796 56 21 ville
236 795 151 29 understödja
403 803 29 13 en
447 795 74 22 sådan
536 795 147 28 underdänig
698 796 111 28 petition:

316 850 32 19 att
369 848 102 27 styrelsen
493 848 69 21 skulle
577 849 92 20 tillsätta
684 855 25 14 en
724 848 83 26 komite,
822 855 45 14 som

249 882 68 21 skulle
338 884 53 26 göra
413 883 33 27 sig
471 883 144 20 underrättad
640 889 38 21 om,
703 883 56 21 huru
781 883 26 21 de
821 884 47 27 lag-

249 917 135 28 stiftningar,
400 924 44 14 som
458 917 117 28 godkänna
600 925 24 13 en
648 917 81 22 absolut
752 917 115 28 nykterhet,

250 952 70 27 blifvit
336 952 89 27 införda
441 952 8 21 i
463 952 26 21 de
504 952 82 26 länder,
602 952 38 21 der
654 953 84 20 sådana
745 953 60 27 gälla
813 954 56 20 samt

249 989 97 26 uppgöra
368 989 28 19 ett
419 987 125 28 lagförslag,
570 994 44 14 som
637 987 144 27 öjverhufvud
801 987 68 22 skulle

249 1022 116 29 godkänna
389 1022 40 21 den
451 1021 98 22 absoluta
564 1021 147 28 nykterhetens
723 1023 118 27 principer,
861 1023 8 20 i

252 1057 34 21 det
308 1057 40 21 den
369 1057 26 21 sä
414 1056 45 21 vidt
473 1057 85 27 möjligt
572 1056 68 21 skulle
650 1056 110 28 förbjuda
775 1057 94 21 tillverk-

253 1092 50 28 ning
318 1092 30 27 af
359 1091 37 22 och
411 1091 78 21 handel
504 1092 47 20 med
566 1092 134 28 rusdrycker,
717 1092 29 27 af
757 1092 57 21 hvad
823 1093 47 27 slag

250 1134 45 14 som
317 1127 58 27 helst,
398 1129 58 18 utom
473 1126 42 27 för
537 1127 157 28 vetenskapliga
717 1127 37 20 och
774 1127 97 21 tekniska

251 1162 103 20 ändamål
376 1163 55 19 samt
454 1161 33 21 till
503 1161 95 28 medicin,
616 1161 108 27 äfvensom
739 1161 132 22 underkasta

252 1197 46 20 alla
320 1196 55 21 brott
398 1198 52 18 emot
473 1197 63 26 lagen
558 1203 33 14 om
616 1196 128 28 rusdrycker
759 1198 114 26 strängare

254 1231 139 28 bestraffning
409 1233 29 18 än
451 1230 39 27 för
506 1231 136 21 närvarande
656 1233 26 19 är
696 1231 108 28 gällande.

188 1282 148 29 Helsingfors
351 1282 45 22 den
411 1282 14 21 2
440 1282 113 22 Februari
571 1283 61 21 1855.

551 1356 76 23 Josef
646 1349 155 30 Österbladh.
