1086 1717
350 152 25 22 U.
390 152 24 22 B.
430 164 27 4 —
473 152 65 29 Prop.
553 152 38 23 N:o
606 151 34 23 39.
816 154 26 19 61

118 218 92 28 komligt
232 218 70 22 allena
324 218 90 22 stående
436 218 8 21 i
466 218 176 28 straffsystemet;
658 220 34 20 att
707 219 37 21 det
758 218 8 22 i
780 218 55 28 följd
849 217 26 22 af
884 217 22 17 21
918 216 92 22 Kapitlet,

121 254 63 21 dessa
199 252 147 23 dödsstraffets
361 253 136 27 egenskaper
511 255 26 19 är
551 253 99 28 omöjligt
660 254 40 26 att,
711 254 38 21 der
759 252 118 24 dödsstraff

119 288 40 22 och
181 288 90 22 tukthus
291 287 29 27 pä
338 287 70 22 lifstid
423 290 38 19 äro
477 288 71 21 säsom
562 288 133 22 alternativa
710 288 63 22 straff
785 289 90 25 utsatta,

120 323 88 23 rättvist
223 322 96 27 bedöma,
334 324 40 20 när
389 328 26 16 en
429 322 112 22 mördares
555 322 141 28 brottslighet
710 324 25 20 är
743 323 26 21 sä
778 324 52 26 stor,
841 323 34 21 att

122 358 41 22 den
185 358 69 21 mäste
276 356 48 22 med
340 356 64 23 lifvet
418 356 105 28 försonas,
539 358 25 26 ty
579 356 131 22 ätminstone
723 356 57 22 inom
794 362 81 17 samma

119 393 115 21 brotts-art
259 393 25 20 är
305 391 229 28 skuldprogressionen
556 391 62 22 alltid
637 391 77 22 endast
732 390 143 28 gvantitativ;

119 428 58 21 samt
198 425 102 29 slutligen
322 427 34 20 att
376 425 140 23 dödsstraffet
539 428 25 19 är
582 426 149 27 irreparabelt,
747 426 39 21 och
800 425 76 28 hvarje

127 461 112 28 möjlighet
260 461 34 21 till
315 461 124 22 restitution
461 461 85 22 säledes
569 461 103 22 afskuren
691 461 38 22 der
741 460 90 27 straffet,
848 460 28 27 pä

121 498 45 20 sätt
188 495 48 22 med
251 495 101 22 afseende
367 495 13 22 å
395 495 223 28 bevisningsmedlens
637 495 77 22 endast
728 495 93 22 relativa
835 494 42 22 till-

121 530 129 28 förlitlighet
275 530 103 21 tänkbart
403 532 30 25 är,
459 530 71 22 skulle
555 530 93 21 drabbat
672 530 99 27 oskyldig
793 535 83 22 person.

121 565 52 22 Med
186 565 84 27 hänsyn
284 565 34 21 till
332 565 63 22 dessa
410 565 150 22 dödsstraffets
575 565 79 22 brister
669 565 40 21 har
718 571 50 16 man
777 564 99 22 anmärkt

123 601 34 20 att
176 606 26 15 en
221 599 99 28 strafflag
338 599 69 22 måste
421 599 70 22 under
505 599 35 22 för
554 599 68 28 öfrigt
636 599 45 22 lika
696 599 182 28 omständigheter

123 641 63 15 anses
205 636 147 25 representera
367 641 28 14 en
410 634 61 22 desto
486 634 68 28 högre
569 634 55 28 grad
639 633 25 22 af
676 633 163 28 fullkomlighet,
853 633 26 28 ju

123 669 82 22 mindre
225 669 123 21 densamma
366 671 40 25 gör
424 669 56 21 bruk
495 669 26 21 af
534 669 61 22 detta
609 668 137 23 straffmedel.
761 681 29 3 —
804 668 75 22 Under

124 703 136 28 åberopande
286 703 24 22 af
336 703 62 22 dessa
420 703 75 22 inkast
517 703 40 22 har
578 703 8 22 i
608 704 114 21 Utskottet
742 702 137 27 framhållits,

123 740 35 20 att
172 745 33 15 om
221 738 137 22 dödsstraffet
373 738 37 22 det
423 738 94 22 oaktadt
528 751 27 2 —
566 739 39 21 och
620 739 94 21 änskönt
727 737 100 28 regering
841 737 39 22 och

123 773 171 27 representation
308 773 38 21 vid
362 775 55 19 1863
433 773 36 22 ärs
485 773 107 28 landtdag
606 779 52 16 voro
671 779 50 16 ense
731 779 33 15 om
775 773 48 21 dess
833 771 48 22 full-

127 807 101 28 ständiga
243 807 134 22 afskaffande
391 807 49 22 frän
456 807 43 22 den
509 807 111 23 blifvande
630 807 184 28 brottmälslagen,
825 807 56 21 samt

126 842 91 21 oaktadt
244 842 116 21 ständerna
385 841 65 23 äfven
472 842 51 21 från
545 842 42 22 den
608 842 135 27 interimslag
765 848 33 15 om
820 841 61 22 döds-

127 876 95 22 straffets
245 876 151 27 upphäfvande
416 876 35 22 för
465 877 61 22 vissa
540 877 65 27 brott,
621 883 45 16 som
682 878 76 26 antogs
772 876 38 22 vid
825 877 54 20 1867

127 911 36 22 ärs
178 911 111 27 landtdag,
304 911 147 22 utmönstrade
467 911 63 22 detta
543 911 65 22 straff
621 911 34 22 för
669 911 85 27 mord*)
770 923 29 3 —
813 910 68 22 skulle

126 945 122 22 bibehållas
264 946 70 21 säsom
348 944 85 29 påföljd
447 945 35 22 för
491 946 95 21 nämnda
595 946 65 27 brott,
671 946 71 21 kunde
752 945 79 22 sådant
841 945 41 21 för-

124 986 78 16 svaras
222 980 77 21 endast
313 986 76 21 genom
404 980 184 28 ädagaläggande
603 981 25 21 af
641 981 48 22 dess
704 980 115 27 oafvisliga
832 979 51 22 nöd-

123 1014 123 28 -vändighet
260 1014 34 22 för
308 1014 188 28 rättsordningens
511 1015 157 28 betryggande.
698 1015 50 22 Men
766 1015 70 22 denna
851 1015 32 20 ut-

129 1049 91 28 redning
239 1055 52 16 vore
309 1049 25 22 sä
348 1049 86 27 mycket
448 1049 91 22 svärare
554 1051 34 20 att
602 1049 155 27 ästadkomma,
772 1055 45 16 som
831 1050 53 20 mot-

127 1085 73 20 satsen
220 1084 29 27 pä
269 1085 32 20 ett
320 1083 88 22 evident
423 1085 46 20 sätt
484 1083 74 23 blifvit
572 1084 68 22 visad.
670 1084 76 27 Enligt
761 1083 27 22 de
803 1083 24 22 af
840 1083 45 22 lan-

126 1118 50 21 dets
202 1117 156 23 Prokuratorer
382 1118 34 22 till
443 1120 88 20 senaste
552 1119 40 21 och
613 1118 144 22 innevarande
779 1118 106 27 landtdag

127 1151 86 29 afgifna
235 1153 130 21 berättelser
379 1152 61 23 öfver
455 1153 181 28 lagskipningens
650 1153 40 22 och
704 1153 101 28 lagarnes
819 1152 66 22 hand-

128 1187 114 27 hafvande,
266 1187 55 22 hade
339 1187 108 28 nemligen
462 1187 108 22 alltsedan
586 1189 25 20 är
626 1190 62 25 1826,
705 1188 28 21 dä
748 1187 137 22 dödsstraffet

129 1221 93 22 faktiskt
244 1222 112 27 upphörde
377 1223 34 20 att
433 1222 115 27 tillämpas,
573 1223 83 21 antalet
675 1223 34 21 till
723 1223 70 21 döden
808 1221 78 23 dömda

126 1255 126 28 förbrytare
276 1256 48 23 icke
346 1257 7 21 i
375 1257 138 22 förhållande
532 1257 34 22 till
580 1257 160 22 folktillväxten
756 1257 63 21 ökats
833 1257 53 20 utan

126 1292 96 20 tvärtom
241 1291 111 23 minskats.
382 1291 97 22 Sälunda
495 1292 101 28 utgjorde
610 1292 71 28 ärliga
695 1290 153 24 medelantalet
863 1289 24 23 af

128 1325 76 27 dylika
218 1324 50 23 frän
283 1326 117 22 dödsstraff
413 1326 114 22 benädade
542 1333 101 21 personer
658 1326 34 22 för
706 1327 61 21 ären:

215 1379 147 21 1826—1840:
379 1380 26 20 30
421 1379 54 21 eller
489 1385 28 16 en
532 1380 28 26 pä
575 1381 78 26 46,000
668 1379 141 26 innevänare;

217 1413 146 22 1841—1850:
381 1415 26 19 32
444 1430 10 10 ,
491 1420 26 15 en
532 1414 28 27 pä
576 1415 77 26 49,000
724 1430 10 11 5

199 1470 18 22 +)
229 1470 29 18 Jfr
270 1470 54 19 ofvan
336 1470 33 18 sid.
384 1472 21 17 10
