1086 1717
217 140 13 20 2
522 140 34 21 N:o
573 140 35 21 32.

187 208 68 25 bank;
280 208 40 21 och
344 208 61 21 torde
428 208 67 27 sagda
515 208 129 27 författning
660 208 5 20 i
683 208 46 21 icke
746 208 135 26 ovästndtlig
896 209 49 20 mån

187 242 63 20 hafva
266 242 126 21 medverkat
407 242 32 21 till
456 244 32 19 att
505 243 58 26 gifva
578 244 41 20 den
635 243 99 21 enskilda
749 242 197 22 bankverksamhe-

187 279 36 18 ten
238 276 116 22 härstädes
371 283 25 14 en
413 277 54 21 solid
483 277 111 21 karaktär.
617 277 96 21 Numera
728 277 75 21 kunna
819 277 54 21 dock
889 277 57 21 stad-

187 311 99 27 gandena
303 311 5 20 i
327 312 53 20 1866
404 312 35 20 års
454 311 127 27 förordning
596 312 48 20 icke
659 312 76 20 vidare
751 312 7 20 i
774 312 42 20 alla
832 312 115 20 afseenden

186 347 111 19 motsvara
313 346 26 20 de
355 346 130 21 förändrade
501 346 157 26 förhållanden,
675 352 46 15 som
738 346 113 20 efterhand
861 346 85 21 inträdt

187 380 32 21 till
235 380 53 26 följd
304 380 24 21 af
340 380 102 27 utvidgad
459 381 139 21 verksamhet
613 382 27 25 på
656 381 119 21 industrins
791 381 40 21 och
844 380 102 27 jordbru-

186 414 48 21 kets
250 415 102 21 områden
368 417 55 19 samt
439 416 40 21 den
495 418 70 19 större
580 416 123 21 kännedom
720 421 33 15 om
768 415 178 21 kreditväsendet

186 449 150 27 öfverhufvud,
353 456 45 15 som
413 450 75 21 vunnit
503 451 39 20 hos
559 450 146 21 allmänheten
722 450 77 25 insteg.

259 484 107 21 Särskildt
388 484 101 21 framstår
512 485 83 26 frågan,
618 485 107 20 huruvida
740 485 47 20 icke
801 484 142 27 jordbrukets

186 519 67 21 behof
275 519 23 21 af
318 519 71 21 kredit
407 521 28 25 på
450 519 104 27 lämpliga
569 519 69 21 vilkor
654 520 71 20 kunde
742 519 6 20 i
763 519 68 26 högre
847 519 54 26 grad
916 521 25 18 än

186 553 109 21 härintills
310 553 66 22 blifva
391 554 141 27 tillgodosedt
548 561 76 20 genom
640 554 135 21 inrättandet
791 553 23 21 af
829 559 49 21 nya,
894 553 48 20 här-

186 587 32 22 för
234 588 90 27 specielt
340 589 81 26 egnade
437 589 184 20 kreditanstalter.

258 623 42 21 Väl
320 625 24 18 är
360 623 35 21 det
411 625 32 19 att
459 626 87 20 emotse,
564 625 32 19 att
612 623 103 21 Finlands
731 621 213 28 Hypoteksförening

186 663 96 21 numera,
306 657 65 21 sedan
392 658 48 21 dess
456 658 102 26 ställning
573 658 113 26 reglerats,
704 657 54 21 skall
775 657 66 20 blifva
859 657 6 20 i
882 656 63 21 stånd

186 694 32 19 att
241 692 48 21 med
312 692 112 27 framgång
442 693 66 20 verka
524 692 32 21 för
572 693 37 20 sitt
626 692 107 27 ändamål,
750 691 143 27 jordbrukets
910 691 36 20 be-

185 726 120 27 främjande
329 733 76 20 genom
420 727 125 26 utgifvande
564 727 22 20 af
599 727 36 20 lån
651 727 29 26 på
695 727 50 26 lång
765 725 181 26 återbetalnings-

184 761 32 20 tid
239 763 46 18 mot
307 761 130 27 inteckning.
469 762 50 20 Men
540 752 160 36 jordbrukaren
723 761 40 20 har
784 760 67 21 behof
866 759 23 21 af
903 759 51 21 för-,

186 795 151 27 sträckningar
354 796 61 20 äfven
431 798 46 19 mot
492 802 70 15 annan
579 795 101 22 säkerhet
696 797 27 19 än
739 795 56 21 blott
809 793 137 27 inteckning;

186 830 40 20 och
249 830 27 21 de
298 830 91 21 förskott
411 831 28 26 på
454 831 76 26 längre
545 831 32 20 tid
593 833 27 18 än
636 830 87 26 vanliga
739 829 207 26 diskonteringster-

184 864 76 27 miner,
276 865 73 21 hvilka
364 865 53 21 hans
434 865 131 26 produktion
582 865 116 25 erfordrar,
715 864 74 20 kunna
805 863 85 21 landets
906 869 40 14 nu-

184 899 95 20 varande
302 899 86 26 privata
411 899 206 27 bankinrättningar
634 899 6 21 i
656 899 120 21 allmänhet
799 897 47 22 icke
865 897 80 25 lemna,

186 935 53 19 enär
262 933 26 21 de
309 933 33 21 till
358 933 160 28 öfvervägande
537 934 33 21 del
586 940 90 20 operera
691 933 50 21 med
756 932 127 27 penningar,
899 938 45 14 som

184 967 74 22 kunna
277 968 35 20 vid
328 968 115 21 anfordran
460 969 52 20 eller
529 969 54 20 efter
598 969 50 20 kort
663 967 138 27 uppsägning
817 966 22 21 af
853 967 94 20 insätta-

184 1008 52 15 rene
252 1002 139 21 återfordras.
414 998 68 26 Äfven
498 1003 104 20 Finlands
618 1002 62 21 Bank
695 1003 40 20 har
751 1002 33 25 sig
801 1001 68 20 andra
889 1007 55 20 upp-

185 1037 63 26 gifter
264 1037 87 26 ålagda.

255 1071 138 21 Inrättandet
409 1071 23 21 af
456 1071 230 25 landtmannabanker,
710 1071 48 20 med
784 1069 78 20 filialer
889 1069 7 20 i
920 1068 26 21 de

183 1107 69 19 större
268 1106 217 21 landskommunerna
501 1105 40 21 och
556 1105 49 21 med
620 1104 86 27 uppgift
722 1106 32 19 att
770 1103 71 26 billigt
852 1103 94 26 betjen
934 1099 16 37 a

184 1140 62 21 äfven
262 1139 140 22 innehafvare
419 1140 23 21 af
455 1140 84 21 mindre
554 1139 134 27 lägenheter,
704 1145 52 14 vore
773 1137 93 22 sålunda
876 1137 23 20 af
908 1137 38 20 be-

184 1175 74 20 hofvet
280 1175 137 26 synnerligen
440 1174 118 27 påkalladt,
582 1174 58 21 helst
662 1173 75 27 dylika
752 1173 91 25 banker,
869 1177 77 21 genom

183 1209 108 27 jättheten
306 1209 33 20 för
354 1209 155 21 landtmannen
529 1210 31 19 att
576 1209 38 20 hos
631 1208 48 21 dem
695 1208 28 26 på
739 1207 76 25 längre
832 1206 52 21 eller
895 1206 52 20 kor-

183 1246 49 19 tare
248 1244 32 21 tid
296 1243 97 22 förränta
408 1243 218 21 förhandenvarande
636 1242 125 27 tillgångar,
774 1241 71 20 skulle
853 1240 94 27 bidraga

184 1278 33 22 till
233 1278 57 22 ökad
306 1278 143 27 sparsamhet.

256 1308 68 26 Äfven
342 1312 33 21 för
391 1313 84 21 landets
491 1312 93 21 industri
599 1314 25 18 är
639 1312 41 20 den
696 1310 74 21 kredit
785 1310 28 26 på
828 1309 7 21 i
851 1309 95 21 allmän-

183 1348 38 20 het
243 1348 65 26 högst
327 1353 37 15 sex
379 1348 104 20 månader
498 1347 49 21 med
562 1346 105 26 eventuel,
683 1345 48 21 icke
748 1344 134 27 garanterad
900 1349 44 15 om-

183 1382 162 27 sättningsrätt,
362 1382 25 20 de
403 1382 125 20 nuvarande
540 1380 235 26 bankinrättningarna
786 1378 98 27 erbjuda,
895 1378 47 20 icke

183 1416 214 27 tillfyllestgörande;
421 1416 40 21 och
484 1415 197 21 industriidkarene
700 1414 67 21 hafva
783 1412 86 22 derföre
887 1412 57 21 varit

182 1451 125 21 nödsakade
323 1452 33 19 att
371 1451 46 21 dels
432 1450 39 22 hos
487 1450 97 21 enskilde
600 1455 104 21 personer
720 1448 47 21 dels
782 1448 39 20 hos
831 1447 113 21 allmänna
