1086 1717
222 146 29 21 54
525 146 39 22 N:o
579 146 37 24 36.

268 210 12 20 2
295 210 20 26 &.
337 208 58 28 Den,
407 215 49 15 som
471 208 159 30 uppsåtligen,
642 209 26 21 af
680 208 133 30 uppenbart
828 208 123 23 oförständ

194 242 58 22 eller
268 242 198 27 obetänksamhet,
481 243 116 29 päbördar
612 250 77 14 annan
705 242 118 22 bestämdt
837 243 70 28 brott,
919 243 34 22 el-

194 277 36 21 ler
249 277 61 21 visst
332 277 50 29 slag
404 277 26 22 af
449 277 71 28 brott,
541 277 57 22 eller
614 277 73 22 sädan
701 277 123 29 handling,
840 285 49 14 som
903 278 49 21 kan

195 311 88 29 ådraga
304 311 75 22 denne
401 312 158 28 missaktning
582 312 56 21 eller
660 318 56 15 vara
738 312 89 28 menlig
841 312 37 22 för
892 312 61 21 hans

195 346 87 28 näring
299 346 57 21 eller
370 346 131 26 fortkomst,
517 346 57 22 eller
589 346 44 22 ock
649 346 78 22 derom
742 346 119 29 utsprider
875 346 77 28 rykte,

197 380 99 28 straffos,
318 388 38 14 om
378 381 123 21 sannolika
523 381 51 21 skäl
592 381 36 21 för
646 381 140 21 tillvitelsen
801 381 57 21 eller
872 380 80 29 ryktet

197 414 21 29 ej
241 414 81 22 kunna
343 415 91 27 företes,
457 416 37 21 för
513 416 93 28 ostyrkt
621 416 114 21 smädelse
749 415 54 22 med
817 415 68 22 böter
899 414 53 22 frän

196 449 45 22 och
256 449 52 22 med
323 450 80 22 femtio
419 450 38 22 till
472 450 45 22 och
531 450 53 22 med
598 450 141 22 femhundra
753 450 66 22 mark
834 450 58 21 eller
901 449 52 22 fän-

195 484 65 29 gelse
276 484 22 29 ej
314 485 65 21 öfver
393 493 40 14 sex
447 485 117 22 månader.

265 518 58 22 Sker
330 519 92 28 ostyrkt
433 520 113 21 smädelse
557 519 145 29 vffentligen,
713 519 57 22 eller
779 527 85 21 genom
874 518 79 29 tryck-

195 551 79 29 alster,
297 553 70 21 skrift
389 553 56 22 eller
467 554 86 29 bildlig
567 554 181 28 framställning,
764 561 48 14 som
829 553 45 22 den
889 552 64 29 skyl-

194 586 55 29 dige
272 587 117 28 utsprider
410 588 57 21 eller
488 588 60 21 låter
568 588 120 29 utsprida;
710 595 55 15 vare
781 587 91 22 straffet
886 587 68 22 böter

193 621 74 21 minst
282 621 125 23 etthundra
421 623 66 21 mark
502 623 57 21 eller
574 623 105 28 fängelse
695 623 21 28 ej
733 623 65 21 öfver
812 624 35 19 ett
862 623 31 20 är.

268 657 12 20 3
296 657 17 26 &.
344 657 71 26 Hvar,
435 665 49 14 som
499 657 145 27 annorledes,
661 661 30 18 än
705 665 33 13 nu
753 661 26 17 är
793 657 76 28 sagdt,
884 656 68 21 krän-

194 689 42 22 ker
259 697 77 15 annan
358 691 53 22 med
434 691 122 29 skymfligt
577 692 119 28 yttrande,
711 691 58 22 eller
783 691 96 26 hotelse,
895 690 59 21 eller

194 731 80 14 annan
295 725 121 29 handling,
439 733 50 15 som
511 730 26 18 är
557 726 151 29 missfirmlig,
731 726 91 21 straffes
841 725 36 22 för
892 725 60 20 föro-

193 758 124 29 lämpning
331 760 53 21 med
399 760 67 22 böter
480 761 70 28 högst
560 761 134 21 tvåhundra
704 760 66 22 mark
780 760 57 21 eller
847 759 106 28 fängelse

194 792 21 29 ej
232 793 66 21 öfver
312 794 41 21 tvä
367 795 117 21 mänader.

268 827 58 22 Sker
341 828 203 29 förolämpningen
560 829 138 28 offentligen
714 829 56 21 eller
779 835 84 22 genom
874 827 79 29 tryck-

194 861 79 28 alster,
296 861 69 22 skrift
387 863 57 21 eller
467 863 85 29 bildlig
566 863 181 28 framställning,
763 870 49 14 som
828 863 46 20 den
889 862 64 28 skyl-

195 894 55 29 dige
273 896 117 29 utsprider
412 897 57 22 eller
491 897 59 22 läter
572 897 118 29 utsprida;
709 905 55 14 vare
780 897 91 21 straffet
885 896 69 22 böter

194 929 72 28 högst
288 930 139 23 femhundra
449 931 65 22 mark
530 932 56 21 eller
601 932 105 28 fängelse
722 931 21 29 ej
760 931 65 21 öfver
839 931 52 28 fyra
905 931 48 22 mä-

194 964 81 21 nader.

269 1000 13 20 4
297 1000 17 26 &.
344 999 58 28 Den,
425 1007 55 20 som,
503 1002 63 19 emot
587 1000 78 22 bättre
687 999 107 28 vetande,
813 999 92 22 smädar
920 999 34 22 af-

192 1032 68 25 liden
274 1040 91 21 person,
381 1033 56 22 eller
452 1035 27 20 af
485 1034 195 22 obetänksamhet
690 1034 91 21 smädar
791 1033 94 28 afliden,
894 1036 58 19 utan

194 1068 36 20 att
244 1067 82 21 kunna
340 1067 36 22 för
391 1068 110 21 tillmälet
510 1069 74 21 förete
595 1069 124 21 sannolika
729 1069 58 27 skäl,
798 1068 91 21 straffes
899 1068 54 22 med

195 1101 107 28 fängelse
316 1102 10 21 i
340 1101 69 30 högst
425 1110 41 14 sex
479 1103 112 22 mänader
606 1103 57 22 eller
677 1103 74 22 böter.

267 1135 49 22 Har
332 1135 51 29 den,
399 1139 62 19 emot
475 1137 97 22 hvilken
586 1137 142 22 tillvitelsen
743 1137 69 28 skett,
827 1137 64 22 varit
905 1137 48 21 död

194 1169 9 21 i
218 1169 70 28 tjugu
303 1170 25 21 är
342 1170 57 21 eller
413 1171 80 29 längre
508 1172 45 27 tid;
568 1179 56 14 vare
638 1174 48 19 rätt
700 1174 35 19 att
751 1172 62 21 ätala
829 1171 125 22 ärekränk-

194 1203 91 29 ningen
299 1204 116 23 förfallen.

268 1239 14 22 5
297 1241 17 25 &.
344 1239 58 28 Den,
425 1247 49 14 som
496 1241 98 21 tilltalas
609 1241 37 21 för
661 1241 181 28 ärekränkning,
857 1240 97 22 hvarom

194 1273 9 21 i
224 1273 66 22 detta
304 1273 90 29 kapitel
409 1275 102 29 stadgas,
527 1275 69 22 hafve
611 1277 48 20 rätt
674 1277 35 20 att
724 1275 82 22 bevisa
821 1274 132 28 sanningen

195 1307 23 21 af
234 1307 80 29 gjordt
328 1308 106 29 tillmäle,
450 1310 26 21 sä
485 1311 70 20 framt
568 1310 46 22 han
626 1310 141 21 förbehäller
778 1310 37 28 sig
825 1311 36 19 att
871 1308 83 28 styrka

194 1341 108 22 bestämd
324 1342 115 30 handling
461 1344 46 21 och
529 1344 131 22 domstolen
681 1344 96 28 pröfvar
791 1343 66 22 bevis
873 1343 80 21 derom

194 1375 82 21 kunna
290 1376 121 28 upphäfva
426 1377 57 22 eller
497 1378 92 21 minska
604 1378 189 22 straffbarheten.

266 1410 131 22 Innefattar
419 1412 110 21 tillmälet
550 1412 153 28 beskyllning
718 1419 37 15 om
769 1412 71 27 brott,
856 1411 97 21 hvarom

194 1444 55 21 dom
265 1444 93 22 -vunnit
377 1445 53 28 laga
445 1446 70 27 kraft;
532 1446 36 21 fär
582 1446 67 22 bevis
665 1454 37 14 om
718 1446 132 28 sanningen
867 1445 26 22 af
904 1445 49 21 till-
