1086 1717
347 146 22 23 U.
386 146 22 23 B.
422 157 32 7 —
469 145 63 29 Prep.
548 145 38 23 N:o
602 146 38 23 35.
829 147 15 21 9

116 208 46 16 som
185 203 119 22 desammas
326 203 121 22 afslutande
461 204 36 20 till
511 203 40 21 och
566 203 49 21 med
629 203 55 22 först
698 203 56 22 efter
768 204 37 21 det
819 204 56 21 löse-

117 236 111 28 skillingen
247 236 70 23 blifvit
331 235 34 23 till
387 237 52 22 fullo
462 238 80 26 gulden
562 237 114 22 förutsatts
699 237 70 23 säsom
783 237 90 27 möjligt.

117 271 43 21 Det
175 271 61 21 torde
252 271 70 22 derför
337 278 51 15 vara
403 272 59 21 svärt
472 273 34 20 att
521 271 23 22 ät
554 271 158 22 ofvanciterade
721 272 86 27 mening
815 271 59 28 gifva

118 305 70 27 nägon
207 312 70 15 annan
292 306 97 27 tolkning
403 308 28 19 än
446 306 48 26 den,
517 308 33 20 att
564 306 88 22 dermed
667 306 77 22 afsetts
757 308 34 20 att
804 312 71 16 amor-

115 340 141 26 teringstiden
278 340 66 22 borde
366 340 107 22 beräknas
495 340 67 22 redan
584 340 48 22 frän
653 340 93 28 godsens
760 341 112 27 inlösning.

117 374 170 28 Bestämningen,
310 381 52 21 som,
377 374 28 28 pä
420 376 43 20 sätt
478 381 51 21 nyss
543 374 136 27 framhällits,
700 375 123 21 tillkommit
837 382 37 20 ge-

118 414 49 16 nom
190 408 125 22 samverkan
336 409 24 21 af
379 409 83 28 Regent
483 409 41 21 och
546 409 98 26 Ständer,
667 409 62 22 torde
753 409 120 22 emellertid

117 443 64 21 hafva
196 443 23 20 af
228 443 108 27 Styrelsen
350 443 179 28 missuppfattats,
544 443 28 22 dä
586 443 126 22 densamma
725 444 92 27 ensidigt
830 443 45 22 för-

118 477 76 22 ordnat
216 479 33 20 att
271 477 144 28 landboarne
435 477 62 22 skola
513 478 34 21 till
562 477 126 22 statsverket
703 478 113 27 återgälda
831 478 42 21 den

117 511 91 28 erlagda
222 511 169 28 köpeskillingen
414 512 103 27 sälunda,
540 514 32 19 att
591 512 26 20 de
632 511 70 22 under
717 512 72 27 loppet
804 512 30 27 af
844 513 29 21 39

117 546 32 26 år,
166 545 132 22 oberäknadt
313 545 41 22 den
369 546 40 27 tid,
423 553 45 14 som
484 547 65 27 åtgår
564 546 35 21 till
614 546 117 27 lagfarten,
747 546 126 28 storskiftet,

118 580 51 27 ifall
191 580 118 21 detsamma
324 580 22 27 ej
359 580 68 21 redan
442 580 121 26 verkstälts,
587 580 38 21 och
648 580 169 28 skattebrefvens
838 583 35 19 ut-

113 613 121 28 järdandey,
271 626 14 3 —
310 627 18 2 —
352 626 19 4 —
394 627 19 2 —
436 627 20 2 —
478 627 20 2 —
515 615 85 26 årligen
615 614 96 21 inbetala
726 615 14 20 &
762 615 112 27 köpesum-

117 655 57 19 man,
192 648 110 27 fördelad
319 649 13 20 ä
347 649 26 20 de
387 648 74 21 skilda
476 649 159 27 lägenheterna,
652 650 14 19 6
678 651 91 24 procent
784 649 9 20 i
807 651 66 19 ränta

118 682 37 21 och
178 683 151 27 amortering."
360 683 35 27 (Se
417 683 47 21 Fin.
489 683 53 26 Exp.
565 683 117 21 berättelse
704 683 33 21 till
761 683 112 22 1877—78

117 716 35 22 års
167 717 101 27 Ständer)

185 751 227 21 Donationsbönderne
434 751 73 21 kunna
528 751 28 26 pä
577 751 69 27 grund
669 751 62 22 deraf
747 757 61 16 anses
821 757 52 16 vara

117 785 133 26 berättigade
266 786 32 20 att
312 785 73 21 fordra
399 785 169 28 amorteringens
586 785 137 22 beräknande
745 786 66 21 redan
825 785 48 22 frän

117 819 41 21 den
173 819 38 26 tid,
227 819 28 21 dä
269 819 150 27 lägenheterna
434 820 33 21 till
483 820 49 21 dem
547 820 125 26 öfverlätits,
689 827 34 14 om
739 820 46 26 ock,
802 819 71 22 säsom

117 853 227 27 Finansexpeditionen
364 854 33 21 uti
419 854 49 21 dess
483 854 116 21 berättelse
621 854 122 27 framhällit,
766 855 61 21 fallet
849 856 24 19 är

116 889 39 25 att,
179 888 102 26 ,,emedan
296 894 26 15 en
336 889 75 20 rättvis
425 889 70 26 grund
510 888 34 21 för
558 889 181 27 köpeskillingens
753 889 120 26 fördelning

116 922 91 21 emellan
229 923 27 20 de
278 922 68 21 skilda
367 923 154 26 lägenheterna
540 923 39 21 och
594 923 81 27 godsen
690 923 47 22 icke
751 923 120 26 förefinnes,

115 956 65 21 innan
202 957 80 26 godsen
304 956 69 21 blifvit
390 957 118 27 behörigen
523 957 139 22 storskiftade
678 958 40 21 och
733 957 138 27 skattlagda*,

117 990 149 22 annuiteterna
280 991 46 21 icke
340 991 73 21 kunna
431 991 33 21 till.
480 992 38 21 sitt
533 992 77 27 belopp
632 992 124 27 fastställas,
777 992 45 21 förr
844 993 28 20 än

116 1025 66 26 sagda
196 1025 153 26 förrättningar
364 1025 69 22 blifvit
447 1026 129 21 verkstälda.
601 1027 11 20 I
626 1027 44 20 alla
680 1026 113 21 händelser
803 1026 68 21 måste

116 1060 31 19 ett
163 1059 67 27 dylikt
244 1059 128 27 förfarande,
396 1066 45 15 som
465 1060 37 21 det
517 1060 64 21 ofvan
596 1061 101 27 antydda,
721 1067 61 15 anses
804 1061 68 20 utför-

115 1093 60 26 bart;
195 1093 40 22 och
250 1095 33 20 att
298 1094 118 21 detsamma
430 1094 86 22 komme
531 1097 32 19 att
577 1095 97 21 medföra
688 1101 26 16 en
729 1097 45 19 stor
788 1094 84 21 lättnad

115 1127 32 20 för
162 1127 130 22 landboarne
307 1128 61 21 torde
383 1129 46 21 icke
444 1129 94 21 behöfva
548 1129 101 22 särskildt
664 1129 101 27 påpekas.
789 1129 83 21 Genom

115 1162 210 27 amorteringstidens
349 1163 137 21 beräknande
516 1163 47 22 från
587 1164 187 26 inlösningsdagen
803 1163 68 21 skulle

115 1195 151 27 lägenheterne
287 1197 66 21 blifva
373 1197 136 27 fullständigt
530 1198 78 21 inlösta
630 1198 28 27 på
678 1200 33 19 tre
726 1197 13 22 å
753 1198 79 26 fjorton
847 1197 24 21 år

114 1229 87 22 kortare
218 1230 32 21 tid
272 1232 27 19 än
321 1231 65 27 enligt
401 1238 29 14 nu
444 1231 101 27 gällande
568 1232 178 27 beräkningssätt,
769 1231 103 22 förutsatt

115 1265 31 20 att
171 1265 106 21 räntesats
302 1265 39 21 och
365 1265 120 22 annuiteter
510 1266 47 21 icke
579 1267 131 27 underginge
734 1266 70 28 någon
828 1266 44 21 för-

114 1299 96 27 ändring.
240 1299 49 22 Men
311 1300 61 21 äfven
393 1300 55 21 efter
470 1301 139 27 nedsättning
626 1301 23 21 af
662 1301 210 26 annuitetsbeloppet

114 1333 42 21 kan
171 1333 7 21 i
192 1332 78 28 många
284 1334 37 21 fall
336 1334 165 27 amorteringen,
524 1335 49 31 med
595 1336 82 20 mindre
700 1335 67 27 årliga
782 1334 90 22 afbetal-

114 1367 75 27 ningar
211 1369 27 19 än
260 1368 82 27 hittills,
367 1375 52 15 vara
440 1369 125 21 fullbordad
587 1370 28 26 på
635 1376 87 19 samma,
745 1370 24 26 ja
783 1369 88 21 kortare

113 1402 38 25 tid,
175 1403 27 19 än
217 1402 56 21 hvad
287 1409 29 15 nu
332 1404 24 20 är
369 1402 67 22 fallet.
467 1403 62 21 Dock
550 1404 40 21 bör
607 1404 76 21 härvid
699 1404 124 21 observeras
837 1404 34 20 att

112 1435 152 28 förhållandet,
286 1443 77 21 genom
385 1438 216 26 amorteringstidens
623 1438 137 21 beräknande
775 1436 49 22 från
839 1437 32 21 in-

112 1469 170 28 lösningsdagen,
304 1471 47 21 icke
365 1471 8 21 i
387 1470 74 27 hvarje
475 1471 39 21 fall
530 1472 84 21 komme
629 1473 33 19 att
683 1472 34 20 för
738 1471 133 21 landboarne

181 1510 148 17 Ntatsutskottets
343 1510 116 17 betänkande
471 1510 39 18 N:o
523 1511 18 16 9.
