<?xml version="1.0" encoding="UTF-8"?>
<alto xmlns="http://www.loc.gov/standards/alto/ns-v3#" xmlns:xlink="http://www.w3.org/1999/xlink" xmlns:xsi="http://www.w3.org/2001/XMLSchema-instance" xsi:schemaLocation="http://www.loc.gov/standards/alto/ns-v3# http://www.loc.gov/alto/v3/alto-3-0.xsd">
	<Description>
		<MeasurementUnit>pixel</MeasurementUnit>
		<sourceImageInformation>
			<fileName>/tmp/tess_6p9yuub3_input.PNG</fileName>
		</sourceImageInformation>
		<OCRProcessing ID="OCR_0">
			<ocrProcessingStep>
				<processingSoftware>
					<softwareName>tesseract 5.3.4</softwareName>
				</processingSoftware>
			</ocrProcessingStep>
		</OCRProcessing>
	</Description>
	<Layout>
		<Page WIDTH="1086" HEIGHT="1717" PHYSICAL_IMG_NR="0" ID="page_0">
			<PrintSpace HPOS="0" VPOS="0" WIDTH="1086" HEIGHT="1717">
				<ComposedBlock ID="cblock_0" HPOS="293" VPOS="180" WIDTH="543" HEIGHT="28">
					<TextBlock ID="block_0" HPOS="293" VPOS="180" WIDTH="543" HEIGHT="28">
						<TextLine ID="line_0" HPOS="293" VPOS="180" WIDTH="543" HEIGHT="28">
							<String ID="string_0" HPOS="293" VPOS="180" WIDTH="80" HEIGHT="22" WC="0.90" CONTENT="Ständ."/><SP WIDTH="17" VPOS="180" HPOS="373"/>
							<String ID="string_1" HPOS="390" VPOS="181" WIDTH="37" HEIGHT="21" WC="0.93" CONTENT="Sv."/><SP WIDTH="15" VPOS="181" HPOS="427"/>
							<String ID="string_2" HPOS="442" VPOS="192" WIDTH="27" HEIGHT="4" WC="0.92" CONTENT="—"/><SP WIDTH="16" VPOS="192" HPOS="469"/>
							<String ID="string_3" HPOS="485" VPOS="181" WIDTH="69" HEIGHT="27" WC="0.96" CONTENT="Prop."/><SP WIDTH="18" VPOS="181" HPOS="554"/>
							<String ID="string_4" HPOS="572" VPOS="181" WIDTH="40" HEIGHT="21" WC="0.96" CONTENT="N:o"/><SP WIDTH="15" VPOS="181" HPOS="612"/>
							<String ID="string_5" HPOS="627" VPOS="180" WIDTH="35" HEIGHT="22" WC="0.96" CONTENT="39."/><SP WIDTH="162" VPOS="180" HPOS="662"/>
							<String ID="string_6" HPOS="824" VPOS="183" WIDTH="12" HEIGHT="19" WC="0.96" CONTENT="3"/>
						</TextLine>
					</TextBlock>
				</ComposedBlock>
				<ComposedBlock ID="cblock_1" HPOS="316" VPOS="260" WIDTH="547" HEIGHT="96">
					<TextBlock ID="block_1" HPOS="316" VPOS="260" WIDTH="547" HEIGHT="96">
						<TextLine ID="line_1" HPOS="352" VPOS="260" WIDTH="511" HEIGHT="28">
							<String ID="string_7" HPOS="352" VPOS="261" WIDTH="131" HEIGHT="27" WC="0.96" CONTENT="Förordning,"/><SP WIDTH="16" VPOS="261" HPOS="483"/>
							<String ID="string_8" HPOS="499" VPOS="261" WIDTH="138" HEIGHT="22" WC="0.96" CONTENT="innefattande"/><SP WIDTH="15" VPOS="261" HPOS="637"/>
							<String ID="string_9" HPOS="652" VPOS="261" WIDTH="61" HEIGHT="21" WC="0.96" CONTENT="bland"/><SP WIDTH="11" VPOS="261" HPOS="713"/>
							<String ID="string_10" HPOS="724" VPOS="261" WIDTH="62" HEIGHT="21" WC="0.92" CONTENT="annat"/><SP WIDTH="11" VPOS="261" HPOS="786"/>
							<String ID="string_11" HPOS="797" VPOS="260" WIDTH="66" HEIGHT="22" WC="0.79" CONTENT="straff-"/>
						</TextLine>
						<TextLine ID="line_2" HPOS="318" VPOS="294" WIDTH="545" HEIGHT="28">
							<String ID="string_12" HPOS="318" VPOS="294" WIDTH="158" HEIGHT="22" WC="0.96" CONTENT="bestämmelser"/><SP WIDTH="15" VPOS="294" HPOS="476"/>
							<String ID="string_13" HPOS="491" VPOS="295" WIDTH="32" HEIGHT="21" WC="0.95" CONTENT="för"/><SP WIDTH="14" VPOS="295" HPOS="523"/>
							<String ID="string_14" HPOS="537" VPOS="296" WIDTH="55" HEIGHT="21" WC="0.96" CONTENT="vissa"/><SP WIDTH="25" VPOS="296" HPOS="592"/>
							<String ID="string_15" HPOS="617" VPOS="295" WIDTH="53" HEIGHT="21" WC="0.95" CONTENT="brott"/><SP WIDTH="23" VPOS="295" HPOS="670"/>
							<String ID="string_16" HPOS="693" VPOS="295" WIDTH="54" HEIGHT="21" WC="0.96" CONTENT="emot"/><SP WIDTH="22" VPOS="295" HPOS="747"/>
							<String ID="string_17" HPOS="769" VPOS="294" WIDTH="94" HEIGHT="28" WC="0.96" CONTENT="gällande"/>
						</TextLine>
						<TextLine ID="line_3" HPOS="316" VPOS="328" WIDTH="164" HEIGHT="28">
							<String ID="string_18" HPOS="316" VPOS="328" WIDTH="164" HEIGHT="28" WC="0.91" CONTENT="tullförfattning."/>
						</TextLine>
					</TextBlock>
				</ComposedBlock>
				<ComposedBlock ID="cblock_2" HPOS="246" VPOS="416" WIDTH="619" HEIGHT="547">
					<TextBlock ID="block_2" HPOS="529" VPOS="416" WIDTH="50" HEIGHT="26">
						<TextLine ID="line_4" HPOS="529" VPOS="416" WIDTH="50" HEIGHT="26">
							<String ID="string_19" HPOS="529" VPOS="416" WIDTH="16" HEIGHT="26" WC="0.91" CONTENT="$"/><SP WIDTH="15" VPOS="416" HPOS="545"/>
							<String ID="string_20" HPOS="560" VPOS="417" WIDTH="19" HEIGHT="19" WC="0.91" CONTENT="1."/>
						</TextLine>
					</TextBlock>
					<TextBlock ID="block_3" HPOS="250" VPOS="458" WIDTH="614" HEIGHT="158">
						<TextLine ID="line_5" HPOS="317" VPOS="458" WIDTH="546" HEIGHT="29">
							<String ID="string_21" HPOS="317" VPOS="458" WIDTH="55" HEIGHT="28" WC="0.96" CONTENT="Den,"/><SP WIDTH="17" VPOS="458" HPOS="372"/>
							<String ID="string_22" HPOS="389" VPOS="467" WIDTH="50" HEIGHT="19" WC="0.96" CONTENT="som,"/><SP WIDTH="16" VPOS="467" HPOS="439"/>
							<String ID="string_23" HPOS="455" VPOS="461" WIDTH="34" HEIGHT="26" WC="0.96" CONTENT="sig"/><SP WIDTH="15" VPOS="461" HPOS="489"/>
							<String ID="string_24" HPOS="504" VPOS="461" WIDTH="50" HEIGHT="20" WC="0.96" CONTENT="eller"/><SP WIDTH="15" VPOS="461" HPOS="554"/>
							<String ID="string_25" HPOS="569" VPOS="467" WIDTH="74" HEIGHT="14" WC="0.96" CONTENT="annan"/><SP WIDTH="15" VPOS="467" HPOS="643"/>
							<String ID="string_26" HPOS="658" VPOS="461" WIDTH="34" HEIGHT="20" WC="0.96" CONTENT="till"/><SP WIDTH="14" VPOS="461" HPOS="692"/>
							<String ID="string_27" HPOS="706" VPOS="462" WIDTH="66" HEIGHT="25" WC="0.96" CONTENT="nyttä,"/><SP WIDTH="17" VPOS="462" HPOS="772"/>
							<String ID="string_28" HPOS="789" VPOS="467" WIDTH="74" HEIGHT="20" WC="0.96" CONTENT="genom"/>
						</TextLine>
						<TextLine ID="line_6" HPOS="250" VPOS="493" WIDTH="612" HEIGHT="28">
							<String ID="string_29" HPOS="250" VPOS="494" WIDTH="76" HEIGHT="26" WC="0.89" CONTENT="origtig"/><SP WIDTH="15" VPOS="494" HPOS="326"/>
							<String ID="string_30" HPOS="341" VPOS="493" WIDTH="87" HEIGHT="28" WC="0.96" CONTENT="uppgift"/><SP WIDTH="14" VPOS="493" HPOS="428"/>
							<String ID="string_31" HPOS="442" VPOS="494" WIDTH="51" HEIGHT="21" WC="0.93" CONTENT="eller"/><SP WIDTH="15" VPOS="494" HPOS="493"/>
							<String ID="string_32" HPOS="508" VPOS="494" WIDTH="125" HEIGHT="22" WC="0.93" CONTENT="annorledes"/><SP WIDTH="23" VPOS="494" HPOS="633"/>
							<String ID="string_33" HPOS="656" VPOS="494" WIDTH="103" HEIGHT="27" WC="0.85" CONTENT="svikligen"/><SP WIDTH="24" VPOS="494" HPOS="759"/>
							<String ID="string_34" HPOS="783" VPOS="494" WIDTH="79" HEIGHT="21" WC="0.92" CONTENT="undan-"/>
						</TextLine>
						<TextLine ID="line_7" HPOS="250" VPOS="527" WIDTH="613" HEIGHT="28">
							<String ID="string_35" HPOS="250" VPOS="527" WIDTH="77" HEIGHT="27" WC="0.91" CONTENT="drager"/><SP WIDTH="15" VPOS="527" HPOS="327"/>
							<String ID="string_36" HPOS="342" VPOS="528" WIDTH="49" HEIGHT="21" WC="0.84" CONTENT="eller"/><SP WIDTH="14" VPOS="528" HPOS="391"/>
							<String ID="string_37" HPOS="405" VPOS="528" WIDTH="63" HEIGHT="21" WC="0.93" CONTENT="söker"/><SP WIDTH="14" VPOS="528" HPOS="468"/>
							<String ID="string_38" HPOS="482" VPOS="529" WIDTH="143" HEIGHT="26" WC="0.91" CONTENT="undandraga"/><SP WIDTH="22" VPOS="529" HPOS="625"/>
							<String ID="string_39" HPOS="647" VPOS="528" WIDTH="82" HEIGHT="21" WC="0.92" CONTENT="kronan"/><SP WIDTH="23" VPOS="528" HPOS="729"/>
							<String ID="string_40" HPOS="752" VPOS="527" WIDTH="111" HEIGHT="28" WC="0.87" CONTENT="tullafgift,"/>
						</TextLine>
						<TextLine ID="line_8" HPOS="250" VPOS="561" WIDTH="614" HEIGHT="28">
							<String ID="string_41" HPOS="250" VPOS="561" WIDTH="43" HEIGHT="22" WC="0.72" CONTENT="böte"/><SP WIDTH="11" VPOS="561" HPOS="293"/>
							<String ID="string_42" HPOS="304" VPOS="561" WIDTH="57" HEIGHT="28" WC="0.96" CONTENT="från"/><SP WIDTH="15" VPOS="561" HPOS="361"/>
							<String ID="string_43" HPOS="376" VPOS="562" WIDTH="36" HEIGHT="21" WC="0.95" CONTENT="och"/><SP WIDTH="12" VPOS="562" HPOS="412"/>
							<String ID="string_44" HPOS="424" VPOS="562" WIDTH="47" HEIGHT="21" WC="0.93" CONTENT="med"/><SP WIDTH="10" VPOS="562" HPOS="471"/>
							<String ID="string_45" HPOS="481" VPOS="562" WIDTH="83" HEIGHT="27" WC="0.90" CONTENT="fyratio"/><SP WIDTH="16" VPOS="562" HPOS="564"/>
							<String ID="string_46" HPOS="580" VPOS="563" WIDTH="34" HEIGHT="21" WC="0.96" CONTENT="till"/><SP WIDTH="14" VPOS="563" HPOS="614"/>
							<String ID="string_47" HPOS="628" VPOS="562" WIDTH="36" HEIGHT="21" WC="0.94" CONTENT="och"/><SP WIDTH="15" VPOS="562" HPOS="664"/>
							<String ID="string_48" HPOS="679" VPOS="563" WIDTH="47" HEIGHT="20" WC="0.93" CONTENT="med"/><SP WIDTH="21" VPOS="563" HPOS="726"/>
							<String ID="string_49" HPOS="747" VPOS="562" WIDTH="117" HEIGHT="21" WC="0.87" CONTENT="trehundra"/>
						</TextLine>
						<TextLine ID="line_9" HPOS="250" VPOS="595" WIDTH="66" HEIGHT="21">
							<String ID="string_50" HPOS="250" VPOS="595" WIDTH="66" HEIGHT="21" WC="0.96" CONTENT="mark."/>
						</TextLine>
					</TextBlock>
					<TextBlock ID="block_4" HPOS="246" VPOS="629" WIDTH="618" HEIGHT="225">
						<TextLine ID="line_10" HPOS="318" VPOS="629" WIDTH="546" HEIGHT="28">
							<String ID="string_51" HPOS="318" VPOS="629" WIDTH="72" HEIGHT="28" WC="0.89" CONTENT="Stiger"/><SP WIDTH="14" VPOS="629" HPOS="390"/>
							<String ID="string_52" HPOS="404" VPOS="630" WIDTH="34" HEIGHT="21" WC="0.93" CONTENT="det"/><SP WIDTH="14" VPOS="630" HPOS="438"/>
							<String ID="string_53" HPOS="452" VPOS="630" WIDTH="166" HEIGHT="21" WC="0.92" CONTENT="undansnillade"/><SP WIDTH="15" VPOS="630" HPOS="618"/>
							<String ID="string_54" HPOS="633" VPOS="631" WIDTH="51" HEIGHT="20" WC="0.96" CONTENT="eller"/><SP WIDTH="15" VPOS="631" HPOS="684"/>
							<String ID="string_55" HPOS="699" VPOS="630" WIDTH="33" HEIGHT="21" WC="0.96" CONTENT="det"/><SP WIDTH="21" VPOS="630" HPOS="732"/>
							<String ID="string_56" HPOS="753" VPOS="636" WIDTH="51" HEIGHT="14" WC="0.93" CONTENT="man"/><SP WIDTH="15" VPOS="636" HPOS="804"/>
							<String ID="string_57" HPOS="819" VPOS="629" WIDTH="45" HEIGHT="21" WC="0.92" CONTENT="sökt"/>
						</TextLine>
						<TextLine ID="line_11" HPOS="251" VPOS="663" WIDTH="612" HEIGHT="27">
							<String ID="string_58" HPOS="251" VPOS="663" WIDTH="138" HEIGHT="22" WC="0.92" CONTENT="undansnilla"/><SP WIDTH="15" VPOS="663" HPOS="389"/>
							<String ID="string_59" HPOS="404" VPOS="664" WIDTH="33" HEIGHT="21" WC="0.93" CONTENT="till"/><SP WIDTH="18" VPOS="664" HPOS="437"/>
							<String ID="string_60" HPOS="455" VPOS="664" WIDTH="113" HEIGHT="22" WC="0.92" CONTENT="etthundra"/><SP WIDTH="22" VPOS="664" HPOS="568"/>
							<String ID="string_61" HPOS="590" VPOS="664" WIDTH="61" HEIGHT="21" WC="0.96" CONTENT="mark"/><SP WIDTH="22" VPOS="664" HPOS="651"/>
							<String ID="string_62" HPOS="673" VPOS="665" WIDTH="50" HEIGHT="20" WC="0.93" CONTENT="eller"/><SP WIDTH="15" VPOS="665" HPOS="723"/>
							<String ID="string_63" HPOS="738" VPOS="663" WIDTH="125" HEIGHT="27" WC="0.88" CONTENT="derutöfver,"/>
						</TextLine>
						<TextLine ID="line_12" HPOS="250" VPOS="697" WIDTH="614" HEIGHT="28">
							<String ID="string_64" HPOS="250" VPOS="697" WIDTH="50" HEIGHT="22" WC="0.92" CONTENT="eller"/><SP WIDTH="14" VPOS="697" HPOS="300"/>
							<String ID="string_65" HPOS="314" VPOS="699" WIDTH="38" HEIGHT="20" WC="0.91" CONTENT="äro"/><SP WIDTH="15" VPOS="699" HPOS="352"/>
							<String ID="string_66" HPOS="367" VPOS="698" WIDTH="206" HEIGHT="27" WC="0.91" CONTENT="omständigheterna"/><SP WIDTH="15" VPOS="698" HPOS="573"/>
							<String ID="string_67" HPOS="588" VPOS="698" WIDTH="60" HEIGHT="27" WC="0.93" CONTENT="eljest"/><SP WIDTH="5" VPOS="698" HPOS="648"/>
							<String ID="string_68" HPOS="653" VPOS="697" WIDTH="152" HEIGHT="28" WC="0.92" CONTENT="försvärande,"/><SP WIDTH="10" VPOS="697" HPOS="805"/>
							<String ID="string_69" HPOS="815" VPOS="697" WIDTH="49" HEIGHT="20" WC="0.94" CONTENT="eller"/>
						</TextLine>
						<TextLine ID="line_13" HPOS="249" VPOS="730" WIDTH="615" HEIGHT="29">
							<String ID="string_70" HPOS="249" VPOS="731" WIDTH="49" HEIGHT="21" WC="0.92" CONTENT="sker"/><SP WIDTH="15" VPOS="731" HPOS="298"/>
							<String ID="string_71" HPOS="313" VPOS="731" WIDTH="100" HEIGHT="28" WC="0.93" CONTENT="återfall;"/><SP WIDTH="14" VPOS="731" HPOS="413"/>
							<String ID="string_72" HPOS="427" VPOS="732" WIDTH="86" HEIGHT="27" WC="0.62" CONTENT="straffes"/><SP WIDTH="16" VPOS="732" HPOS="513"/>
							<String ID="string_73" HPOS="529" VPOS="733" WIDTH="40" HEIGHT="20" WC="0.93" CONTENT="den"/><SP WIDTH="15" VPOS="733" HPOS="569"/>
							<String ID="string_74" HPOS="584" VPOS="732" WIDTH="94" HEIGHT="27" WC="0.96" CONTENT="skyldige"/><SP WIDTH="11" VPOS="732" HPOS="678"/>
							<String ID="string_75" HPOS="689" VPOS="731" WIDTH="47" HEIGHT="22" WC="0.93" CONTENT="med"/><SP WIDTH="7" VPOS="731" HPOS="736"/>
							<String ID="string_76" HPOS="743" VPOS="731" WIDTH="58" HEIGHT="21" WC="0.97" CONTENT="böter"/><SP WIDTH="6" VPOS="731" HPOS="801"/>
							<String ID="string_77" HPOS="807" VPOS="730" WIDTH="57" HEIGHT="28" WC="0.96" CONTENT="från"/>
						</TextLine>
						<TextLine ID="line_14" HPOS="250" VPOS="765" WIDTH="613" HEIGHT="23">
							<String ID="string_78" HPOS="250" VPOS="765" WIDTH="36" HEIGHT="22" WC="0.96" CONTENT="och"/><SP WIDTH="15" VPOS="765" HPOS="286"/>
							<String ID="string_79" HPOS="301" VPOS="766" WIDTH="48" HEIGHT="21" WC="0.93" CONTENT="med"/><SP WIDTH="13" VPOS="766" HPOS="349"/>
							<String ID="string_80" HPOS="362" VPOS="765" WIDTH="113" HEIGHT="22" WC="0.95" CONTENT="etthundra"/><SP WIDTH="9" VPOS="765" HPOS="475"/>
							<String ID="string_81" HPOS="484" VPOS="767" WIDTH="39" HEIGHT="21" WC="0.81" CONTENT="till"/><SP WIDTH="14" VPOS="767" HPOS="523"/>
							<String ID="string_82" HPOS="537" VPOS="766" WIDTH="35" HEIGHT="21" WC="0.96" CONTENT="och"/><SP WIDTH="16" VPOS="766" HPOS="572"/>
							<String ID="string_83" HPOS="588" VPOS="767" WIDTH="47" HEIGHT="20" WC="0.93" CONTENT="med"/><SP WIDTH="14" VPOS="767" HPOS="635"/>
							<String ID="string_84" HPOS="649" VPOS="768" WIDTH="80" HEIGHT="19" WC="0.96" CONTENT="ettusen"/><SP WIDTH="15" VPOS="768" HPOS="729"/>
							<String ID="string_85" HPOS="744" VPOS="765" WIDTH="62" HEIGHT="22" WC="0.96" CONTENT="mark"/><SP WIDTH="7" VPOS="765" HPOS="806"/>
							<String ID="string_86" HPOS="813" VPOS="765" WIDTH="50" HEIGHT="21" WC="0.95" CONTENT="eller"/>
						</TextLine>
						<TextLine ID="line_15" HPOS="246" VPOS="799" WIDTH="618" HEIGHT="28">
							<String ID="string_87" HPOS="246" VPOS="799" WIDTH="100" HEIGHT="27" WC="0.94" CONTENT="fängelse"/><SP WIDTH="10" VPOS="799" HPOS="346"/>
							<String ID="string_88" HPOS="356" VPOS="800" WIDTH="57" HEIGHT="27" WC="0.96" CONTENT="från"/><SP WIDTH="15" VPOS="800" HPOS="413"/>
							<String ID="string_89" HPOS="428" VPOS="800" WIDTH="37" HEIGHT="21" WC="0.96" CONTENT="och"/><SP WIDTH="15" VPOS="800" HPOS="465"/>
							<String ID="string_90" HPOS="480" VPOS="801" WIDTH="47" HEIGHT="20" WC="0.93" CONTENT="med"/><SP WIDTH="15" VPOS="801" HPOS="527"/>
							<String ID="string_91" HPOS="542" VPOS="801" WIDTH="35" HEIGHT="21" WC="0.96" CONTENT="två"/><SP WIDTH="15" VPOS="801" HPOS="577"/>
							<String ID="string_92" HPOS="592" VPOS="800" WIDTH="103" HEIGHT="21" WC="0.95" CONTENT="månader"/><SP WIDTH="22" VPOS="800" HPOS="695"/>
							<String ID="string_93" HPOS="717" VPOS="800" WIDTH="32" HEIGHT="21" WC="0.91" CONTENT="till"/><SP WIDTH="15" VPOS="800" HPOS="749"/>
							<String ID="string_94" HPOS="764" VPOS="799" WIDTH="37" HEIGHT="21" WC="0.95" CONTENT="och"/><SP WIDTH="16" VPOS="799" HPOS="801"/>
							<String ID="string_95" HPOS="817" VPOS="799" WIDTH="47" HEIGHT="20" WC="0.96" CONTENT="med"/>
						</TextLine>
						<TextLine ID="line_16" HPOS="250" VPOS="834" WIDTH="82" HEIGHT="20">
							<String ID="string_96" HPOS="250" VPOS="834" WIDTH="35" HEIGHT="20" WC="0.96" CONTENT="två"/><SP WIDTH="16" VPOS="834" HPOS="285"/>
							<String ID="string_97" HPOS="301" VPOS="834" WIDTH="31" HEIGHT="20" WC="0.93" CONTENT="är."/>
						</TextLine>
					</TextBlock>
					<TextBlock ID="block_5" HPOS="250" VPOS="867" WIDTH="615" HEIGHT="96">
						<TextLine ID="line_17" HPOS="318" VPOS="867" WIDTH="545" HEIGHT="28">
							<String ID="string_98" HPOS="318" VPOS="867" WIDTH="43" HEIGHT="22" WC="0.93" CONTENT="Det"/><SP WIDTH="15" VPOS="867" HPOS="361"/>
							<String ID="string_99" HPOS="376" VPOS="868" WIDTH="129" HEIGHT="27" WC="0.90" CONTENT="tullpligtiga"/><SP WIDTH="13" VPOS="868" HPOS="505"/>
							<String ID="string_100" HPOS="518" VPOS="869" WIDTH="71" HEIGHT="26" WC="0.92" CONTENT="godset"/><SP WIDTH="17" VPOS="869" HPOS="589"/>
							<String ID="string_101" HPOS="606" VPOS="869" WIDTH="50" HEIGHT="21" WC="0.96" CONTENT="eller"/><SP WIDTH="22" VPOS="869" HPOS="656"/>
							<String ID="string_102" HPOS="678" VPOS="869" WIDTH="49" HEIGHT="20" WC="0.95" CONTENT="dess"/><SP WIDTH="23" VPOS="869" HPOS="727"/>
							<String ID="string_103" HPOS="750" VPOS="867" WIDTH="71" HEIGHT="26" WC="0.96" CONTENT="värde,"/><SP WIDTH="16" VPOS="867" HPOS="821"/>
							<String ID="string_104" HPOS="837" VPOS="867" WIDTH="26" HEIGHT="20" WC="0.96" CONTENT="sä"/>
						</TextLine>
						<TextLine ID="line_18" HPOS="250" VPOS="901" WIDTH="613" HEIGHT="28">
							<String ID="string_105" HPOS="250" VPOS="901" WIDTH="36" HEIGHT="21" WC="0.96" CONTENT="ock"/><SP WIDTH="15" VPOS="901" HPOS="286"/>
							<String ID="string_106" HPOS="301" VPOS="901" WIDTH="48" HEIGHT="21" WC="0.95" CONTENT="kärl"/><SP WIDTH="14" VPOS="901" HPOS="349"/>
							<String ID="string_107" HPOS="363" VPOS="901" WIDTH="50" HEIGHT="22" WC="0.93" CONTENT="eller"/><SP WIDTH="14" VPOS="901" HPOS="413"/>
							<String ID="string_108" HPOS="427" VPOS="901" WIDTH="87" HEIGHT="28" WC="0.93" CONTENT="omslag,"/><SP WIDTH="16" VPOS="901" HPOS="514"/>
							<String ID="string_109" HPOS="530" VPOS="902" WIDTH="62" HEIGHT="22" WC="0.91" CONTENT="hvari"/><SP WIDTH="14" VPOS="902" HPOS="592"/>
							<String ID="string_110" HPOS="606" VPOS="902" WIDTH="71" HEIGHT="27" WC="0.96" CONTENT="godset"/><SP WIDTH="10" VPOS="902" HPOS="677"/>
							<String ID="string_111" HPOS="687" VPOS="901" WIDTH="110" HEIGHT="28" WC="0.96" CONTENT="förvaras,"/><SP WIDTH="16" VPOS="901" HPOS="797"/>
							<String ID="string_112" HPOS="813" VPOS="907" WIDTH="50" HEIGHT="14" WC="0.95" CONTENT="vare"/>
						</TextLine>
						<TextLine ID="line_19" HPOS="250" VPOS="935" WIDTH="615" HEIGHT="28">
							<String ID="string_113" HPOS="250" VPOS="935" WIDTH="36" HEIGHT="20" WC="0.93" CONTENT="vid"/><SP WIDTH="15" VPOS="935" HPOS="286"/>
							<String ID="string_114" HPOS="301" VPOS="935" WIDTH="179" HEIGHT="27" WC="0.91" CONTENT="tullförsnillning"/><SP WIDTH="15" VPOS="935" HPOS="480"/>
							<String ID="string_115" HPOS="495" VPOS="935" WIDTH="50" HEIGHT="22" WC="0.96" CONTENT="eller"/><SP WIDTH="11" VPOS="935" HPOS="545"/>
							<String ID="string_116" HPOS="556" VPOS="935" WIDTH="78" HEIGHT="28" WC="0.93" CONTENT="försök"/><SP WIDTH="19" VPOS="935" HPOS="634"/>
							<String ID="string_117" HPOS="653" VPOS="935" WIDTH="70" HEIGHT="21" WC="0.90" CONTENT="dertill"/><SP WIDTH="17" VPOS="935" HPOS="723"/>
							<String ID="string_118" HPOS="740" VPOS="935" WIDTH="125" HEIGHT="27" WC="0.92" CONTENT="förbrutna."/>
						</TextLine>
					</TextBlock>
				</ComposedBlock>
				<ComposedBlock ID="cblock_3" HPOS="246" VPOS="1016" WIDTH="620" HEIGHT="478">
					<TextBlock ID="block_6" HPOS="533" VPOS="1016" WIDTH="51" HEIGHT="26">
						<TextLine ID="line_20" HPOS="533" VPOS="1016" WIDTH="51" HEIGHT="26">
							<String ID="string_119" HPOS="533" VPOS="1016" WIDTH="15" HEIGHT="26" WC="0.93" CONTENT="$"/><SP WIDTH="15" VPOS="1016" HPOS="548"/>
							<String ID="string_120" HPOS="563" VPOS="1018" WIDTH="21" HEIGHT="19" WC="0.88" CONTENT="2"/>
						</TextLine>
					</TextBlock>
					<TextBlock ID="block_7" HPOS="246" VPOS="1059" WIDTH="620" HEIGHT="225">
						<TextLine ID="line_21" HPOS="318" VPOS="1059" WIDTH="547" HEIGHT="29">
							<String ID="string_121" HPOS="318" VPOS="1059" WIDTH="55" HEIGHT="26" WC="0.96" CONTENT="Den,"/><SP WIDTH="16" VPOS="1059" HPOS="373"/>
							<String ID="string_122" HPOS="389" VPOS="1067" WIDTH="44" HEIGHT="14" WC="0.93" CONTENT="som"/><SP WIDTH="17" VPOS="1067" HPOS="433"/>
							<String ID="string_123" HPOS="450" VPOS="1061" WIDTH="101" HEIGHT="27" WC="0.92" CONTENT="olofligen"/><SP WIDTH="23" VPOS="1061" HPOS="551"/>
							<String ID="string_124" HPOS="574" VPOS="1061" WIDTH="32" HEIGHT="21" WC="0.96" CONTENT="till"/><SP WIDTH="23" VPOS="1061" HPOS="606"/>
							<String ID="string_125" HPOS="629" VPOS="1061" WIDTH="70" HEIGHT="21" WC="0.96" CONTENT="landet"/><SP WIDTH="24" VPOS="1061" HPOS="699"/>
							<String ID="string_126" HPOS="723" VPOS="1061" WIDTH="69" HEIGHT="26" WC="0.95" CONTENT="infört"/><SP WIDTH="23" VPOS="1061" HPOS="792"/>
							<String ID="string_127" HPOS="815" VPOS="1060" WIDTH="50" HEIGHT="21" WC="0.94" CONTENT="eller"/>
						</TextLine>
						<TextLine ID="line_22" HPOS="250" VPOS="1094" WIDTH="614" HEIGHT="28">
							<String ID="string_128" HPOS="250" VPOS="1094" WIDTH="60" HEIGHT="21" WC="0.96" CONTENT="söker"/><SP WIDTH="15" VPOS="1094" HPOS="310"/>
							<String ID="string_129" HPOS="325" VPOS="1094" WIDTH="74" HEIGHT="27" WC="0.96" CONTENT="införa"/><SP WIDTH="15" VPOS="1094" HPOS="399"/>
							<String ID="string_130" HPOS="414" VPOS="1095" WIDTH="50" HEIGHT="20" WC="0.93" CONTENT="eller"/><SP WIDTH="15" VPOS="1095" HPOS="464"/>
							<String ID="string_131" HPOS="479" VPOS="1095" WIDTH="99" HEIGHT="27" WC="0.92" CONTENT="derifrän"/><SP WIDTH="16" VPOS="1095" HPOS="578"/>
							<String ID="string_132" HPOS="594" VPOS="1095" WIDTH="67" HEIGHT="27" WC="0.96" CONTENT="utfört"/><SP WIDTH="14" VPOS="1095" HPOS="661"/>
							<String ID="string_133" HPOS="675" VPOS="1095" WIDTH="50" HEIGHT="22" WC="0.96" CONTENT="eller"/><SP WIDTH="21" VPOS="1095" HPOS="725"/>
							<String ID="string_134" HPOS="746" VPOS="1095" WIDTH="62" HEIGHT="20" WC="0.93" CONTENT="söker"/><SP WIDTH="22" VPOS="1095" HPOS="808"/>
							<String ID="string_135" HPOS="830" VPOS="1096" WIDTH="34" HEIGHT="19" WC="0.81" CONTENT="ut-"/>
						</TextLine>
						<TextLine ID="line_23" HPOS="246" VPOS="1128" WIDTH="618" HEIGHT="28">
							<String ID="string_136" HPOS="246" VPOS="1128" WIDTH="54" HEIGHT="27" WC="0.75" CONTENT="Jöra"/><SP WIDTH="14" VPOS="1128" HPOS="300"/>
							<String ID="string_137" HPOS="314" VPOS="1135" WIDTH="58" HEIGHT="19" WC="0.93" CONTENT="vara,"/><SP WIDTH="17" VPOS="1135" HPOS="372"/>
							<String ID="string_138" HPOS="389" VPOS="1128" WIDTH="83" HEIGHT="21" WC="0.96" CONTENT="hvilken"/><SP WIDTH="15" VPOS="1128" HPOS="472"/>
							<String ID="string_139" HPOS="487" VPOS="1131" WIDTH="27" HEIGHT="19" WC="0.96" CONTENT="är"/><SP WIDTH="15" VPOS="1131" HPOS="514"/>
							<String ID="string_140" HPOS="529" VPOS="1129" WIDTH="33" HEIGHT="21" WC="0.93" CONTENT="till"/><SP WIDTH="18" VPOS="1129" HPOS="562"/>
							<String ID="string_141" HPOS="580" VPOS="1130" WIDTH="33" HEIGHT="20" WC="0.90" CONTENT="in-"/><SP WIDTH="23" VPOS="1130" HPOS="613"/>
							<String ID="string_142" HPOS="636" VPOS="1129" WIDTH="50" HEIGHT="21" WC="0.93" CONTENT="eller"/><SP WIDTH="22" VPOS="1129" HPOS="686"/>
							<String ID="string_143" HPOS="708" VPOS="1128" WIDTH="91" HEIGHT="28" WC="0.92" CONTENT="utförsel"/><SP WIDTH="18" VPOS="1128" HPOS="799"/>
							<String ID="string_144" HPOS="817" VPOS="1128" WIDTH="47" HEIGHT="27" WC="0.91" CONTENT="för-"/>
						</TextLine>
						<TextLine ID="line_24" HPOS="250" VPOS="1161" WIDTH="614" HEIGHT="28">
							<String ID="string_145" HPOS="250" VPOS="1161" WIDTH="83" HEIGHT="27" WC="0.93" CONTENT="bjuden,"/><SP WIDTH="16" VPOS="1161" HPOS="333"/>
							<String ID="string_146" HPOS="349" VPOS="1162" WIDTH="84" HEIGHT="27" WC="0.42" CONTENT="straffes"/><SP WIDTH="11" VPOS="1162" HPOS="433"/>
							<String ID="string_147" HPOS="444" VPOS="1163" WIDTH="40" HEIGHT="26" WC="0.93" CONTENT="för"/><SP WIDTH="21" VPOS="1163" HPOS="484"/>
							<String ID="string_148" HPOS="505" VPOS="1163" WIDTH="139" HEIGHT="26" WC="0.92" CONTENT="lurendrejeri"/><SP WIDTH="21" VPOS="1163" HPOS="644"/>
							<String ID="string_149" HPOS="665" VPOS="1163" WIDTH="47" HEIGHT="21" WC="0.93" CONTENT="med"/><SP WIDTH="21" VPOS="1163" HPOS="712"/>
							<String ID="string_150" HPOS="733" VPOS="1163" WIDTH="56" HEIGHT="20" WC="0.95" CONTENT="böter"/><SP WIDTH="18" VPOS="1163" HPOS="789"/>
							<String ID="string_151" HPOS="807" VPOS="1162" WIDTH="57" HEIGHT="27" WC="0.95" CONTENT="från"/>
						</TextLine>
						<TextLine ID="line_25" HPOS="250" VPOS="1196" WIDTH="614" HEIGHT="22">
							<String ID="string_152" HPOS="250" VPOS="1196" WIDTH="36" HEIGHT="21" WC="0.96" CONTENT="och"/><SP WIDTH="15" VPOS="1196" HPOS="286"/>
							<String ID="string_153" HPOS="301" VPOS="1197" WIDTH="48" HEIGHT="20" WC="0.96" CONTENT="med"/><SP WIDTH="14" VPOS="1197" HPOS="349"/>
							<String ID="string_154" HPOS="363" VPOS="1196" WIDTH="112" HEIGHT="21" WC="0.95" CONTENT="etthundra"/><SP WIDTH="16" VPOS="1196" HPOS="475"/>
							<String ID="string_155" HPOS="491" VPOS="1197" WIDTH="33" HEIGHT="21" WC="0.96" CONTENT="till"/><SP WIDTH="13" VPOS="1197" HPOS="524"/>
							<String ID="string_156" HPOS="537" VPOS="1197" WIDTH="36" HEIGHT="21" WC="0.95" CONTENT="och"/><SP WIDTH="15" VPOS="1197" HPOS="573"/>
							<String ID="string_157" HPOS="588" VPOS="1198" WIDTH="48" HEIGHT="20" WC="0.95" CONTENT="med"/><SP WIDTH="14" VPOS="1198" HPOS="636"/>
							<String ID="string_158" HPOS="650" VPOS="1199" WIDTH="79" HEIGHT="19" WC="0.96" CONTENT="ettusen"/><SP WIDTH="8" VPOS="1199" HPOS="729"/>
							<String ID="string_159" HPOS="737" VPOS="1196" WIDTH="62" HEIGHT="21" WC="0.94" CONTENT="mark"/><SP WIDTH="15" VPOS="1196" HPOS="799"/>
							<String ID="string_160" HPOS="814" VPOS="1196" WIDTH="50" HEIGHT="21" WC="0.94" CONTENT="eller"/>
						</TextLine>
						<TextLine ID="line_26" HPOS="246" VPOS="1229" WIDTH="620" HEIGHT="28">
							<String ID="string_161" HPOS="246" VPOS="1230" WIDTH="100" HEIGHT="27" WC="0.94" CONTENT="fängelse"/><SP WIDTH="10" VPOS="1230" HPOS="346"/>
							<String ID="string_162" HPOS="356" VPOS="1231" WIDTH="57" HEIGHT="26" WC="0.96" CONTENT="från"/><SP WIDTH="14" VPOS="1231" HPOS="413"/>
							<String ID="string_163" HPOS="427" VPOS="1231" WIDTH="36" HEIGHT="21" WC="0.96" CONTENT="och"/><SP WIDTH="16" VPOS="1231" HPOS="463"/>
							<String ID="string_164" HPOS="479" VPOS="1231" WIDTH="47" HEIGHT="21" WC="0.96" CONTENT="med"/><SP WIDTH="15" VPOS="1231" HPOS="526"/>
							<String ID="string_165" HPOS="541" VPOS="1233" WIDTH="34" HEIGHT="20" WC="0.96" CONTENT="två"/><SP WIDTH="15" VPOS="1233" HPOS="575"/>
							<String ID="string_166" HPOS="590" VPOS="1231" WIDTH="104" HEIGHT="22" WC="0.95" CONTENT="månader"/><SP WIDTH="19" VPOS="1231" HPOS="694"/>
							<String ID="string_167" HPOS="713" VPOS="1231" WIDTH="32" HEIGHT="21" WC="0.96" CONTENT="till"/><SP WIDTH="22" VPOS="1231" HPOS="745"/>
							<String ID="string_168" HPOS="767" VPOS="1230" WIDTH="36" HEIGHT="21" WC="0.96" CONTENT="och"/><SP WIDTH="16" VPOS="1230" HPOS="803"/>
							<String ID="string_169" HPOS="819" VPOS="1229" WIDTH="47" HEIGHT="21" WC="0.96" CONTENT="med"/>
						</TextLine>
						<TextLine ID="line_27" HPOS="250" VPOS="1264" WIDTH="82" HEIGHT="20">
							<String ID="string_170" HPOS="250" VPOS="1264" WIDTH="35" HEIGHT="20" WC="0.96" CONTENT="två"/><SP WIDTH="15" VPOS="1264" HPOS="285"/>
							<String ID="string_171" HPOS="300" VPOS="1264" WIDTH="32" HEIGHT="20" WC="0.95" CONTENT="år."/>
						</TextLine>
					</TextBlock>
					<TextBlock ID="block_8" HPOS="250" VPOS="1298" WIDTH="613" HEIGHT="95">
						<TextLine ID="line_28" HPOS="323" VPOS="1298" WIDTH="540" HEIGHT="28">
							<String ID="string_172" HPOS="323" VPOS="1298" WIDTH="66" HEIGHT="27" WC="0.96" CONTENT="Utgör"/><SP WIDTH="22" VPOS="1298" HPOS="389"/>
							<String ID="string_173" HPOS="411" VPOS="1298" WIDTH="41" HEIGHT="22" WC="0.96" CONTENT="den"/><SP WIDTH="22" VPOS="1298" HPOS="452"/>
							<String ID="string_174" HPOS="474" VPOS="1299" WIDTH="33" HEIGHT="21" WC="0.95" CONTENT="till"/><SP WIDTH="21" VPOS="1299" HPOS="507"/>
							<String ID="string_175" HPOS="528" VPOS="1299" WIDTH="92" HEIGHT="27" WC="0.93" CONTENT="införsel"/><SP WIDTH="24" VPOS="1299" HPOS="620"/>
							<String ID="string_176" HPOS="644" VPOS="1298" WIDTH="122" HEIGHT="28" WC="0.95" CONTENT="förbjudna"/><SP WIDTH="29" VPOS="1298" HPOS="766"/>
							<String ID="string_177" HPOS="795" VPOS="1304" WIDTH="68" HEIGHT="15" WC="0.93" CONTENT="varan"/>
						</TextLine>
						<TextLine ID="line_29" HPOS="250" VPOS="1332" WIDTH="613" HEIGHT="28">
							<String ID="string_178" HPOS="250" VPOS="1333" WIDTH="143" HEIGHT="26" WC="0.96" CONTENT="sprängämne"/><SP WIDTH="15" VPOS="1333" HPOS="393"/>
							<String ID="string_179" HPOS="408" VPOS="1332" WIDTH="51" HEIGHT="22" WC="0.92" CONTENT="eller"/><SP WIDTH="14" VPOS="1332" HPOS="459"/>
							<String ID="string_180" HPOS="473" VPOS="1333" WIDTH="127" HEIGHT="27" WC="0.92" CONTENT="spritdryck,"/><SP WIDTH="16" VPOS="1333" HPOS="600"/>
							<String ID="string_181" HPOS="616" VPOS="1333" WIDTH="56" HEIGHT="21" WC="0.96" CONTENT="skall"/><SP WIDTH="14" VPOS="1333" HPOS="672"/>
							<String ID="string_182" HPOS="686" VPOS="1332" WIDTH="69" HEIGHT="22" WC="0.92" CONTENT="denna"/><SP WIDTH="16" VPOS="1332" HPOS="755"/>
							<String ID="string_183" HPOS="771" VPOS="1333" WIDTH="92" HEIGHT="19" WC="0.92" CONTENT="omstän-"/>
						</TextLine>
						<TextLine ID="line_30" HPOS="250" VPOS="1366" WIDTH="396" HEIGHT="27">
							<String ID="string_184" HPOS="250" VPOS="1366" WIDTH="71" HEIGHT="26" WC="0.96" CONTENT="dighet"/><SP WIDTH="14" VPOS="1366" HPOS="321"/>
							<String ID="string_185" HPOS="335" VPOS="1367" WIDTH="71" HEIGHT="20" WC="0.96" CONTENT="såsom"/><SP WIDTH="9" VPOS="1367" HPOS="406"/>
							<String ID="string_186" HPOS="415" VPOS="1366" WIDTH="147" HEIGHT="27" WC="0.96" CONTENT="försvårande"/><SP WIDTH="15" VPOS="1366" HPOS="562"/>
							<String ID="string_187" HPOS="577" VPOS="1374" WIDTH="69" HEIGHT="14" WC="0.96" CONTENT="anses."/>
						</TextLine>
					</TextBlock>
					<TextBlock ID="block_9" HPOS="246" VPOS="1399" WIDTH="619" HEIGHT="95">
						<TextLine ID="line_31" HPOS="324" VPOS="1399" WIDTH="539" HEIGHT="27">
							<String ID="string_188" HPOS="324" VPOS="1399" WIDTH="73" HEIGHT="22" WC="0.95" CONTENT="Varan"/><SP WIDTH="14" VPOS="1399" HPOS="397"/>
							<String ID="string_189" HPOS="411" VPOS="1400" WIDTH="51" HEIGHT="22" WC="0.96" CONTENT="eller"/><SP WIDTH="15" VPOS="1400" HPOS="462"/>
							<String ID="string_190" HPOS="477" VPOS="1400" WIDTH="48" HEIGHT="22" WC="0.96" CONTENT="dess"/><SP WIDTH="15" VPOS="1400" HPOS="525"/>
							<String ID="string_191" HPOS="540" VPOS="1400" WIDTH="70" HEIGHT="26" WC="0.96" CONTENT="värde,"/><SP WIDTH="16" VPOS="1400" HPOS="610"/>
							<String ID="string_192" HPOS="626" VPOS="1402" WIDTH="26" HEIGHT="20" WC="0.96" CONTENT="så"/><SP WIDTH="14" VPOS="1402" HPOS="652"/>
							<String ID="string_193" HPOS="666" VPOS="1400" WIDTH="37" HEIGHT="22" WC="0.96" CONTENT="ock"/><SP WIDTH="8" VPOS="1400" HPOS="703"/>
							<String ID="string_194" HPOS="711" VPOS="1400" WIDTH="47" HEIGHT="22" WC="0.96" CONTENT="kärl"/><SP WIDTH="8" VPOS="1400" HPOS="758"/>
							<String ID="string_195" HPOS="766" VPOS="1400" WIDTH="49" HEIGHT="22" WC="0.93" CONTENT="eller"/><SP WIDTH="8" VPOS="1400" HPOS="815"/>
							<String ID="string_196" HPOS="823" VPOS="1406" WIDTH="40" HEIGHT="14" WC="0.92" CONTENT="om-"/>
						</TextLine>
						<TextLine ID="line_32" HPOS="250" VPOS="1432" WIDTH="615" HEIGHT="29">
							<String ID="string_197" HPOS="250" VPOS="1434" WIDTH="52" HEIGHT="26" WC="0.93" CONTENT="slag,"/><SP WIDTH="16" VPOS="1434" HPOS="302"/>
							<String ID="string_198" HPOS="318" VPOS="1434" WIDTH="61" HEIGHT="21" WC="0.91" CONTENT="hvari"/><SP WIDTH="16" VPOS="1434" HPOS="379"/>
							<String ID="string_199" HPOS="395" VPOS="1434" WIDTH="40" HEIGHT="22" WC="0.96" CONTENT="den"/><SP WIDTH="14" VPOS="1434" HPOS="435"/>
							<String ID="string_200" HPOS="449" VPOS="1434" WIDTH="107" HEIGHT="27" WC="0.96" CONTENT="förvaras,"/><SP WIDTH="16" VPOS="1434" HPOS="556"/>
							<String ID="string_201" HPOS="572" VPOS="1442" WIDTH="50" HEIGHT="14" WC="0.96" CONTENT="vare"/><SP WIDTH="19" VPOS="1442" HPOS="622"/>
							<String ID="string_202" HPOS="641" VPOS="1436" WIDTH="8" HEIGHT="20" WC="0.95" CONTENT="i"/><SP WIDTH="23" VPOS="1436" HPOS="649"/>
							<String ID="string_203" HPOS="672" VPOS="1434" WIDTH="43" HEIGHT="22" WC="0.96" CONTENT="alla"/><SP WIDTH="22" VPOS="1434" HPOS="715"/>
							<String ID="string_204" HPOS="737" VPOS="1434" WIDTH="63" HEIGHT="21" WC="0.95" CONTENT="dessa"/><SP WIDTH="19" VPOS="1434" HPOS="800"/>
							<String ID="string_205" HPOS="819" VPOS="1432" WIDTH="46" HEIGHT="28" WC="0.96" CONTENT="fall"/>
						</TextLine>
						<TextLine ID="line_33" HPOS="246" VPOS="1467" WIDTH="123" HEIGHT="27">
							<String ID="string_206" HPOS="246" VPOS="1467" WIDTH="123" HEIGHT="27" WC="0.92" CONTENT="förbrutna."/>
						</TextLine>
					</TextBlock>
				</ComposedBlock>
				<GraphicalElement ID="cblock_4" HPOS="1082" VPOS="27" WIDTH="4" HEIGHT="1219"></GraphicalElement >
			</PrintSpace>
		</Page>
	</Layout>
</alto>
