1086 1717
249 156 26 20 22

456 156 23 22 U.
495 152 28 26 B.
535 166 29 6 —
580 150 62 34 Prop.
660 155 36 23 N:o
713 156 38 22 34.

528 227 60 19 Art
608 227 57 19 111.

413 270 30 21 Om
459 270 116 28 destillering
590 270 33 22 och
639 271 65 25 rening
719 270 20 20 af
753 270 82 21 bränvin.

631 334 15 27 $
662 335 33 19 19.

427 374 74 21 Säsom
517 375 41 20 in.
574 380 60 21 prop.

565 437 15 28 $
594 439 36 20 20.

426 479 19 19 1.
476 471 114 27 Ästundar
612 478 72 27 någon
704 477 97 27 härefter
817 477 66 20 vinna
897 477 78 26 rättiy-

357 511 34 20 ket
406 513 32 19 att
454 512 8 20 i
477 511 50 21 stad
548 511 76 28 utöfva
640 512 134 27 destillering
793 512 72 20 säsom
880 510 95 22 särskild

358 546 85 27 näring,
461 546 82 27 ingifve
552 546 72 21 derom
640 546 97 21 ansökan
751 547 35 20 till
799 546 119 27 magistrat,
930 552 45 14 som

357 579 145 28 öfverlemnar
525 581 89 20 ärendet
636 581 35 20 till
686 580 213 27 stadsfullmäktiges
918 580 56 25 eller,

358 614 37 20 der
420 615 86 20 sådana
531 615 44 20 icke
592 616 85 27 finnas,
702 615 187 21 rädhusstämmas
911 614 64 27 pröf-

359 649 60 27 ning.
435 649 78 28 Afsläs
529 649 155 28 ansökningen,
700 649 65 28 blifve
776 649 75 21 dervid
863 649 113 24 beroende;

358 691 47 14 men
428 684 87 27 bifalles
538 684 131 27 densamma,
688 684 143 27 öfverlemnas
847 683 87 21 ärendet
950 683 30 27 af

357 719 142 26 magistraten
511 719 65 26 jemte
591 721 45 24 eget
650 719 102 27 yttrande
768 719 34 20 till
811 718 163 27 länestyrelsens

358 749 127 35 afyörande.
588 765 8 6 .

426 788 12 20 2
455 787 39 21 och
511 788 12 21 3
539 794 61 15 mom.
621 787 70 22 säsom
706 788 7 21 i
728 794 20 14 n.
765 793 60 20 prop.

631 851 15 27 $
660 852 36 20 21.

425 892 20 19 1.
479 891 43 20 Vid
544 890 196 28 destilleringsverk
769 890 82 21 räknas
879 889 95 22 tillverk-

356 925 93 26 ningsär
459 925 58 26 från
528 926 79 27 första
622 925 96 28 helyfria
734 925 43 27 dag
793 925 8 20 i
815 923 98 22 Januari
927 925 47 20 mä-

356 959 45 20 nad
424 959 35 21 till
482 960 57 20 ärets
560 960 54 25 slut;
637 960 37 21 och
690 961 35 20 mä
749 959 140 28 destillering,
904 959 70 21 under

356 994 75 27 tillsyn
446 995 31 26 af
487 994 96 21 särskild
598 994 125 26 kontrollör,
739 993 39 21 der
793 993 86 28 utöfvas
891 994 45 20 alla
947 994 26 20 ti-

355 1028 38 20 der
408 1029 30 27 af
449 1029 52 26 äret,
517 1029 48 20 med
579 1029 113 27 undantag
702 1028 59 27 frän
778 1028 93 21 klockan
886 1035 37 14 sex
938 1028 36 27 ef-

356 1063 122 27 termiddag
493 1065 49 18 näst
552 1063 54 27 före
621 1065 50 18 sön-
691 1063 51 20 eller
756 1062 92 28 helgdag
863 1063 35 20 till
915 1062 58 21 kloc-

355 1096 43 21 kan
409 1097 48 27 fem
470 1097 32 27 pä
518 1104 114 20 morgonen
643 1097 105 27 följande
763 1097 96 27 helgfria
874 1097 49 27 dag.

425 1132 12 20 2
454 1138 63 15 mom.
535 1131 74 22 Såsom
625 1132 7 20 i
647 1139 19 14 n.
683 1138 60 20 prop.

595 1195 31 27 $$
640 1196 95 20 22—26.

423 1235 75 21 Såsom
513 1235 41 21 in.
570 1242 60 20 prop.

597 1340 60 20 Art
681 1340 46 20 IV.

354 1383 31 21 Om
408 1383 105 22 kontrollen
529 1384 29 21 vid
576 1384 213 26 bränvinstillverkning
803 1383 34 21 och
852 1383 120 28 destillering.

593 1448 31 27 $$
636 1450 95 20 27—40.

421 1488 76 22 Såsom
512 1489 6 21 i
534 1496 19 14 n.
569 1495 61 21 prop.

284 1528 194 18 Ekonomiutskottets
491 1529 115 18 betänkande
619 1529 38 17 N:o
670 1529 17 17 5.
