1086 1717
320 153 23 22 U.
360 153 23 22 B.
401 165 25 3 —
442 153 66 27 Prop.
524 153 37 22 N:o
578 152 33 22 39.
816 153 26 19 73

114 219 80 27 nyttjas
204 219 8 21 i
227 218 82 22 landets
320 219 69 27 tjenst,
401 218 47 22 eller
458 218 78 27 förlust
547 218 27 27 af
580 218 158 27 meddborgerligt
748 217 125 28 förtroende,
887 219 11 17 7
909 218 95 22 Kapitlet.

114 252 48 22 eller
184 260 72 14 annan
281 253 63 27 dylik.
356 252 97 28 påföljd;
476 252 60 26 skall,
559 252 93 27 förutom
676 252 84 26 straffet
777 252 6 21 i
798 252 78 22 allmän

114 287 104 27 straffart,
234 288 62 26 äfven
311 288 69 20 sådan
393 287 86 27 påföljd
493 287 76 21 honom
584 287 95 22 ådömas.

184 321 12 22 2
213 323 20 25 8.
263 321 57 22 Lika
335 321 48 22 med
400 324 14 19 3
429 321 15 28 $
459 321 8 21 i
483 321 51 21 nåd.
550 328 59 20 prop.

184 355 12 23 3
214 356 20 26 8.
264 351 45 26 Äro
329 356 51 26 flera
400 356 55 21 brott
475 356 109 26 föröfvade
598 362 74 20 genom
688 355 107 21 särskilda
809 355 66 22 hand-

116 390 74 27 lingar,
211 390 68 21 hvilka
300 390 41 22 icke
360 392 75 25 utgöra
453 390 141 27 fortsättning
610 390 26 26 af
647 397 81 14 samma
743 390 66 26 brott;
824 389 54 22 skall

117 425 67 26 straff
202 426 95 20 utsättas
317 425 34 27 för
373 425 61 21 hvart
457 424 36 22 och
516 427 28 19 ett
566 425 60 26 brott,
644 425 35 21 och
695 424 34 22 det
745 424 69 27 straff,
832 431 46 14 som

116 461 111 25 strängast
250 461 30 24 är,
302 459 54 26 eller,
377 466 32 15 om
428 459 35 26 för
483 459 81 21 brotten
582 461 80 19 utsatts
678 459 42 21 lika
734 459 69 26 straff,
820 458 57 21 detta

117 493 66 27 straff
202 493 94 27 ådömas,
319 494 8 20 i
348 493 104 22 hvardera
475 493 59 27 fallet
556 493 66 22 tillökt
644 493 48 21 med
710 493 66 21 minst
789 492 87 27 hälften,

117 527 50 22 dock
190 528 18 27 ej
230 528 47 21 med
298 528 54 27 fulla
373 528 94 27 beloppet
490 528 27 26 af
533 528 23 21 de
572 528 68 26 straff,
657 528 68 21 hvilka
741 529 13 20 &
769 528 25 21 de
809 527 68 26 öfriga

118 563 80 21 brotten
221 563 46 21 bort
288 563 57 26 följa.
375 558 46 26 Äro
443 563 92 26 straffen
554 565 82 19 utsatta
652 563 7 20 i
674 563 53 21 olika
746 562 131 26 straffarter;

117 597 59 26 skall,
192 597 63 27 enligt
270 597 25 21 de
309 598 9 20 i
332 599 13 19 4
360 597 15 28 $
391 597 102 27 stadgade
507 597 99 27 grunder,
624 597 39 21 den
674 599 120 24 strängaste
804 596 73 26 straff-

118 634 59 19 arten
193 631 113 32 tillämpas.

186 665 152 27 Frihetsstraff
351 667 32 26 på
398 666 44 21 viss
458 666 32 21 tid
504 667 36 20 må
554 665 50 22 dock
620 666 18 27 ej
654 665 87 22 ådömas
756 665 34 27 för
805 665 73 26 längre

119 701 31 20 tid
173 701 28 20 än
223 701 79 26 femton
325 701 25 20 år
369 701 8 20 i
398 700 85 21 tukthus
499 700 36 21 och
550 707 37 14 sex
602 701 26 20 år
644 701 7 20 i
665 700 94 27 fängelse
776 699 53 26 eller,
846 706 33 14 om

119 735 65 26 något
206 735 26 26 af
244 735 80 21 brotten
340 737 24 19 är
383 735 84 26 belagdt
481 735 48 21 med
543 741 57 15 mera
616 736 29 19 än
660 735 48 27 fyra
725 735 36 20 års
777 734 100 27 fängelse,

119 770 36 20 två
171 769 25 21 år
211 769 80 26 utöfver
306 769 40 21 den
361 769 33 27 för
409 769 76 21 brottet
501 769 102 26 stadgade
618 769 86 26 längsta
720 769 36 21 tid.

190 802 38 22 Om
251 804 68 26 öfriga
338 803 109 28 påföljder
467 803 56 27 gälle
545 803 55 22 hvad
621 804 8 20 i
650 805 16 19 2
681 810 60 15 mom.
759 803 26 26 af
795 804 13 19 1
823 802 16 28 $
854 805 27 18 är

121 837 105 27 stadgadt.

189 871 15 22 4
226 871 20 28 8
280 872 40 21 Vid
342 872 133 27 tillämpning
499 872 27 27 af
543 874 13 19 1
579 872 36 21 och
636 874 14 19 3
664 872 32 27 $$
710 872 63 21 varde
787 872 93 27 följande

122 906 110 27 iakttaget:

190 942 20 20 1.
242 941 48 21 När
311 941 162 27 fängelsestraff
492 941 54 21 skall
564 941 84 27 öfvergå
664 941 31 22 till
710 941 91 26 tukthus,
817 941 64 21 varde

121 975 127 27 fjerdedelen
264 975 26 26 af
300 975 179 27 fängelsestraffet
495 975 102 27 afdraget,
614 976 26 20 så
656 977 30 20 att
701 977 30 20 ett
740 976 37 21 års
787 975 94 27 fängelse

121 1011 119 20 motsvarar
262 1010 35 21 nio
319 1010 114 21 månaders
449 1010 92 21 tukthus.
574 1010 139 27 Uppkommer
728 1010 72 21 dervid
814 1010 68 21 brutet

123 1044 29 21 tal
168 1044 27 27 af
206 1044 53 27 dag;
274 1043 53 22 skall
343 1044 33 21 det
390 1044 52 27 från
456 1044 85 26 straffet
556 1044 120 21 utelemnas.

191 1079 21 20 2.
244 1078 66 22 Böter
326 1079 85 26 öfvergå
426 1079 32 21 till
472 1079 96 26 fängelse
583 1079 63 26 enligt
662 1080 14 19 5
690 1078 16 28 $
720 1080 16 19 2
750 1079 47 26 kap.

192 1114 21 19 3.
245 1112 64 22 Skola
332 1113 35 21 vid
390 1113 135 27 tillämpning
548 1114 26 25 af
594 1115 14 19 3
627 1113 16 28 $
658 1113 51 27 flera
723 1112 163 28 fängelsestraff

121 1147 49 21 eller
185 1147 53 27 flera
253 1147 129 28 bötesbelopp
398 1147 85 27 öfvergå
500 1147 31 22 till
541 1148 87 21 svårare
638 1148 107 26 straffart;
761 1147 63 22 varde
833 1147 49 27 fän-

120 1182 147 27 gelsestraffen
282 1182 47 21 eller
344 1182 157 27 bötesbeloppen
516 1183 55 26 först
586 1183 195 20 sammanräknade.

192 1215 12 22 5
220 1215 20 29 8.
269 1216 57 22 Lika
340 1216 48 22 med
402 1216 51 22 nåd.
468 1223 61 20 prop.

191 1250 13 22 6
219 1250 19 29 &.
268 1251 150 27 Likalydande
433 1251 49 21 med
500 1253 13 19 7
527 1251 16 27 $
558 1251 7 21 i
580 1251 50 21 nåd.
644 1244 61 34 prop.

191 1284 11 22 7
218 1284 19 29 8.
267 1285 31 22 Af
311 1292 81 15 samma
407 1285 82 27 lydelse
505 1292 44 15 som
567 1287 14 20 &
596 1285 15 28 $
626 1285 8 21 i
648 1285 50 21 nåd.
714 1291 60 21 prop.

191 1318 13 23 8
227 1319 17 29 &
276 1320 48 21 Har
345 1320 78 27 någon,
446 1320 69 21 sedan
534 1320 43 21 han
592 1319 34 22 för
641 1321 33 20 ett
690 1320 51 21 eller
755 1319 54 22 flera
824 1319 60 21 brott

121 1354 74 22 blifvit
215 1354 64 22 dömd
298 1354 34 22 till
346 1354 67 28 straff,
429 1361 49 15 men
493 1354 47 22 förr
554 1356 28 20 än
597 1354 85 22 straffet
696 1354 119 23 verkstälts
830 1354 54 21 eller

121 1389 44 21 han
181 1388 119 22 detsamma
315 1388 35 22 till
364 1388 53 22 fullo
431 1389 126 27 undergått,
574 1390 56 26 ånyo
640 1388 97 23 föröfvat
745 1389 70 23 brott;
826 1388 57 21 skall

122 1422 86 23 straffet
222 1422 35 23 för
272 1423 37 22 det
324 1430 43 21 nya
381 1424 88 27 brottet,
480 1424 49 21 med
539 1424 137 27 tillämpning
686 1423 25 22 af
718 1422 167 23 föreskrifterna

121 1458 8 21 i
146 1459 15 20 3
175 1457 21 28 $,
213 1458 174 27 sammanläggas
402 1458 48 22 med
465 1457 39 23 det
518 1458 60 22 förra
592 1458 85 22 straffet
692 1457 57 27 eller,
767 1463 33 16 om
811 1463 26 15 en
848 1456 35 22 del
