1086 1717
353 146 24 22 U.
393 146 22 21 B.
434 158 23 2 —
476 146 64 28 Prop.
555 146 37 22 N:o
609 146 33 22 39.
825 149 26 19 83

427 211 46 21 17
490 211 100 27 Kap.

434 257 38 22 Om
487 257 83 22 mened.

193 311 41 28 18.
264 311 47 21 Har
333 310 75 27 vittne,
432 310 123 27 sakkunnig
578 310 52 22 eller
649 316 71 16 annan
736 310 143 28 uppsätligen,

125 349 57 19 emot
204 346 72 21 bättre
299 345 98 27 vetande,
418 344 59 22 inför
496 344 90 22 domstol
601 345 52 21 eller
668 351 71 15 annan
755 345 126 28 myndighet

125 382 14 20 å
161 381 26 21 ed
210 380 82 28 afgifvit
311 380 47 22 eller
372 380 47 21 med
434 380 26 21 ed
475 380 103 26 bekräftat
593 386 67 15 osann
675 381 84 26 utsaga,
775 380 52 21 eller
841 380 40 22 har

125 414 69 23 vittne
210 414 52 22 eller
277 414 122 28 sakkunnig
414 414 139 28 uppsåtligen
568 414 8 21 i
591 415 40 21 sak
645 414 96 28 förtegat
751 415 74 27 något,
836 421 44 16 som

125 449 75 22 honom
223 449 120 28 veterligen
366 449 73 27 tjenar
461 449 34 21 till
516 449 130 28 upplysning
669 449 54 27 deri;
746 449 85 22 straffes
845 449 35 22 för

124 483 75 22 mened
222 484 48 21 med
293 484 88 21 tukthus
396 483 7 22 i
419 483 65 28 högst
502 489 38 16 sex
555 484 25 21 är
595 483 58 28 eller,
670 484 38 21 der
723 483 156 28 omständighe-

125 520 62 19 terna
206 520 36 20 äro
258 518 137 28 synnerligen
411 518 125 27 mildrande,
552 518 48 22 med
616 518 97 27 fängelse
728 519 19 27 ej
763 519 69 21 under
846 520 33 20 tre

123 553 109 21 månader.

192 587 84 28 Bidrog
298 589 92 26 utsagan
413 587 52 22 eller
479 587 135 28 förtigandet
630 587 78 28 dertill,
724 589 33 20 att
773 587 46 27 den,
835 594 43 15 som

123 623 26 20 är
172 622 106 27 oskyldig,
301 622 86 21 dömdes
409 622 34 21 till
465 622 89 21 tukthus
576 622 52 21 eller
650 621 124 28 dödsstraff;
794 621 85 22 straffes

123 656 128 22 menedaren
271 657 48 21 med
334 657 89 21 tukthus
438 657 49 21 från
503 657 39 21 och
557 656 48 22 med
619 657 37 22 två
673 656 33 22 till
722 657 39 21 och
775 656 48 22 med
838 655 42 22 tolf

123 691 25 20 är
163 691 52 21 eller
230 692 28 26 pä
273 691 75 22 lifstid.

192 727 12 19 3
220 726 38 21 och
274 727 14 20 4
302 732 60 15 mom.
377 725 71 22 säsom
463 725 8 21 i
486 725 50 21 näd.
551 731 59 21 prop.

192 759 12 22 2
225 759 18 29 &.
273 759 90 23 Pröfvas
388 761 72 26 någon
487 759 66 22 hafva
578 759 24 22 af
625 760 178 21 obetänksamhet
827 759 51 22 eller

122 795 135 21 vårdslöshet
280 795 14 21 å
316 795 25 21 ed
363 795 84 27 afgifvit
467 794 52 22 eller
534 794 48 22 med
597 795 27 21 ed
638 794 111 22 bekräftat
765 801 66 24 osann
846 795 31 20 ut-

121 835 60 21 saga,
205 829 52 21 eller
278 829 68 22 såsom
369 829 71 22 vittne
455 829 52 22 eller
522 829 123 28 sakkunnig
659 829 97 28 förtegat
770 829 57 22 hvad
842 828 33 23 till

122 863 129 28 upplysning
274 864 7 21 i
303 864 66 21 saken
388 864 84 21 kunnat
487 864 69 27 tjena;
572 863 84 22 straffes
672 863 48 22 med
735 864 62 21 böter
811 863 64 28 högst

122 898 117 21 trehundra
254 899 60 21 mark
328 899 51 21 eller
393 898 98 28 fängelse
506 899 19 27 ej
542 899 60 22 öfver
616 905 38 15 sex
668 898 109 22 månader.

189 935 13 18 2
217 939 61 15 mom.
293 933 69 22 såsom
377 933 8 22 i
399 933 50 22 nåd.
465 940 59 21 prop.

190 967 12 22 3
218 967 18 29 5.
267 968 101 27 Förtiger
389 968 46 27 den,
457 968 88 22 hvilken
564 967 72 23 blifvit
655 968 70 21 såsom
739 967 71 22 vittne
825 967 51 22 eller

121 1001 123 28 sakkunnig
260 1002 85 27 edligen
361 1002 60 27 hörd,
437 1003 74 27 något,
521 1003 65 21 hvars
596 1002 168 27 uppenbarande
773 1002 44 21 kan
827 1001 49 22 leda

122 1036 32 21 till
175 1037 45 20 åtal
235 1037 33 21 för
282 1037 58 22 brott
356 1039 55 20 emot
427 1037 47 27 den,
490 1043 45 16 som
550 1039 24 20 är
589 1037 49 22 med
652 1037 76 21 honom
743 1037 8 21 i
765 1037 46 20 rätt
825 1043 50 20 upp-

121 1071 53 21 eller
188 1071 144 28 nedstigande
346 1071 118 28 skyldskap
480 1071 52 22 eller
546 1071 122 28 svågerlag,
680 1071 52 22 eller
741 1071 54 21 hans
805 1071 70 27 maka,

121 1105 181 28 fosterföräldrar,
326 1106 129 27 fosterbarn,
478 1107 80 26 syskon
580 1106 52 22 eller
650 1106 62 21 deras
727 1105 82 28 makar,
825 1105 52 22 eller

121 1140 54 21 hans
197 1140 130 27 trolofvade;
350 1140 85 22 straffes
453 1140 49 22 med
516 1141 62 21 böter
590 1141 66 26 högst
670 1139 123 23 tvåhundra
808 1139 67 27 mark,

121 1175 53 21 eller
189 1175 72 27 varde,
278 1175 38 22 der
331 1175 215 27 omständigheterna
554 1177 37 20 äro
601 1175 137 27 synnerligen
749 1174 126 27 mildrande,

121 1209 50 21 från
192 1209 64 22 straff
275 1209 122 22 förskonad.
427 1209 49 22 Har
498 1210 79 21 sådant
598 1209 119 28 förtigande
739 1209 92 27 bidragit
846 1209 31 22 till

122 1245 31 20 att
171 1244 46 26 den,
238 1251 45 14 som
299 1246 25 19 är
339 1244 100 28 oskyldig,
455 1244 69 21 dömts
540 1245 31 21 till
586 1244 86 22 tukthus
687 1244 47 21 eller
749 1244 128 26 dödsstraff;

121 1285 48 15 vare
184 1279 82 26 straffet
280 1279 94 27 fängelse
389 1279 8 20 i
411 1278 62 28 högst
488 1279 35 21 två
539 1279 25 21 år
579 1279 47 21 eller
640 1279 62 21 böter.
731 1278 52 22 Kan
797 1285 79 20 uppen-

121 1313 93 21 barande
230 1314 26 26 af
268 1313 159 27 omständighet,
447 1320 46 14 som
507 1314 65 21 vittne
586 1313 48 21 eller
648 1314 118 26 sakkunnig
781 1313 95 27 förtegat,

123 1348 81 26 ådraga
230 1348 76 21 honom
331 1348 52 26 sjelf
402 1348 57 25 åtal;
485 1348 36 21 må
543 1348 42 21 han
606 1348 34 26 för
663 1348 34 21 det
718 1347 119 28 förtigande
859 1347 18 27 ej

121 1382 73 21 dömas
210 1382 31 21 till
256 1382 68 27 straff.

189 1415 15 23 4
219 1416 19 28 8.
261 1417 53 27 (ny).
338 1416 63 22 Hvad
411 1416 63 27 ofvan
485 1416 8 22 i
503 1417 55 22 detta
568 1416 47 27 kap.
626 1418 25 20 är
661 1416 106 28 stadgadt,
776 1415 55 28 gälle
842 1416 35 22 ock

122 1451 130 27 tjensteman,
273 1458 45 14 som
334 1452 14 20 A
363 1452 82 26 engång
463 1451 34 27 för
512 1451 42 22 alla
569 1451 71 27 aflagd
654 1451 26 21 ed
693 1450 136 28 uppsåtligen
845 1450 32 27 af-
