1086 1717
258 141 32 37 20
472 148 23 24 U.
510 148 23 23 B.
548 159 30 6 —
594 149 60 27 Prop.
670 148 37 22 N:o
723 148 39 22 35.

234 210 48 16 som
296 204 65 22 funne
376 205 36 21 det
427 205 48 21 med
489 206 32 21 sin
536 206 69 21 fördel
620 206 101 26 förenligt
735 207 34 19 att
778 205 33 21 till
821 205 57 21 äbon
887 205 104 27 förskjuta

233 238 171 28 löseskillingens
427 239 84 28 belopp,
537 240 33 21 för
592 242 33 19 att
642 240 66 21 sedan
723 241 45 20 mot
783 246 25 15 en
823 240 62 27 ringa
899 240 92 27 penning

233 272 110 22 ätkomma
358 273 85 27 skogen.
474 274 10 21 I
500 274 99 22 ändamål
614 276 39 24 att,
672 274 34 22 till
720 274 158 27 förebyggande
893 274 23 22 af
929 275 62 21 dessa

234 308 169 26 eventualiteter,
419 308 136 28 tillvarataga
570 308 105 27 skogarne
692 309 39 21 och
745 309 34 21 för
793 308 29 22 all
837 308 87 22 framtid
938 311 53 25 göra

232 342 50 22 dem
290 342 133 26 produktiva,
435 342 68 23 skulle
513 350 35 18 nu,
560 343 66 27 enligt
634 343 171 21 Kommisionens
814 342 87 28 förslag,
912 343 78 27 ifräga-

232 376 94 22 varande
342 376 202 28 kommunalskogar
559 377 69 21 bildas
644 377 12 21 ä
667 378 42 20 alla
720 377 25 21 de
756 377 133 27 donationer,
905 377 85 21 hvarest

231 410 136 22 tullbordade
383 411 124 21 storskiften
522 412 47 21 icke
584 412 48 21 lade
648 412 75 21 hinder
739 412 6 20 i
761 413 67 26 vägen
844 411 82 26 derför;
950 412 39 20 och

232 445 78 26 kunde,
337 445 66 28 enligt
425 446 171 21 Kommisionens
619 446 70 26 tanke,
714 446 75 21 sädant
812 448 52 19 utan
883 445 107 28 svärighet

231 479 95 28 försiggä
342 479 12 22 &
376 480 93 27 följande
491 480 48 21 utaf
559 481 53 26 dem,
637 481 115 26 nemligen:
776 480 83 26 Salmis,
883 480 103 27 Suojärvi,

233 515 134 26 Korpiselkä,
385 515 110 24 Soanlaks,
511 516 69 25 llmes,
601 516 158 25 Jaakimvaara,
782 515 123 26 Walkjärvi,
921 515 68 28 Pyhä-

230 548 63 27 järvi,
317 548 94 22 Sakkola
434 549 40 21 och
489 549 112 22 Kivinebb.
633 548 164 28 Sammanlagda
812 549 85 21 arealen
913 549 23 21 af
949 549 41 21 den

232 583 68 25 mark,
324 589 45 15 som
384 583 159 22 Kommisionen
566 583 90 22 sälunda
678 585 71 19 ansett
764 583 59 26 böra,
840 583 54 22 efter
908 584 36 21 det
960 584 30 20 lä-

232 617 131 26 genheterna
377 617 42 22 fätt
434 618 31 27 sig
481 617 114 22 tillskiftad
610 618 65 27 nödig
690 618 108 27 hemskog,
815 618 32 21 till
857 617 133 22 kommunal-

232 651 54 27 skog
308 651 104 28 utbrytas,
435 652 83 27 uppgär
540 653 32 20 till
592 653 98 26 omkring
705 653 93 25 531,000
812 652 114 26 tunnland;
949 653 39 20 och

231 685 121 22 innehäller
373 686 172 21 Kommisionens
567 686 81 27 förslag
661 687 85 26 jemväl,
769 688 33 19 att
817 687 87 20 Kronan
920 687 68 20 skulle

232 719 34 22 till
286 719 121 22 ändamälet
424 720 90 27 bidraga
528 727 77 20 genom
621 722 33 20 att
668 721 34 21 till
717 721 62 20 dessa
795 720 78 27 skogar
888 721 55 21 afstä
958 721 31 20 öf-

231 754 168 27 verloppsmark,
416 755 40 20 och
472 755 110 21 deribland
598 755 66 21 delvis
680 755 63 21 äfven
758 755 73 25 sädan,
848 761 45 15 som
903 755 23 21 af
933 755 56 21 Kro-

231 795 44 14 nan
290 788 135 21 förbehällits
440 789 33 21 till
488 789 129 26 Kronopark
632 789 52 21 eller
700 789 65 21 redan
781 789 71 21 dertill
867 789 121 22 förklarats.

233 834 25 3 —
276 822 104 27 Slutligen
403 823 39 21 har
464 823 160 22 Kommisionen
643 823 39 22 ock
698 823 101 27 uppgjort
815 825 31 19 ett
861 823 127 27 detaljeradt

231 857 92 26 yförslag
346 857 32 21 till
397 857 130 27 reglemente
542 857 34 21 för
591 857 111 22 bildandet
717 857 23 21 af
753 857 208 27 Kommunalskogar
976 857 12 22 ä

232 891 267 27 donationslägenheterna
521 892 7 21 i
550 892 100 27 Wiborgs
672 893 52 24 län*,
751 891 80 22 hvilket
853 891 80 28 förslag
956 892 33 21 till

231 925 49 21 sina
301 925 134 28 hufvuddrag
457 928 24 19 är
503 926 23 21 af
546 926 93 27 följande
662 925 99 22 innehäll.
792 925 37 21 Uti
845 925 41 22 den
900 925 47 22 frän
962 932 26 15 en

231 959 36 22 hel
290 959 88 22 sockens
393 960 52 21 eller
461 960 153 27 samfällighets
628 960 127 27 skogsmark
771 959 70 22 såsom
856 960 133 21 kommunal-

230 993 55 27 skog
300 994 103 21 utbrutna
413 995 168 26 skogskomplex,
598 995 108 20 äfvensom
722 994 32 21 uti
769 994 40 21 den
825 994 67 26 ärliga
906 994 81 21 inkom-

230 1029 50 20 sten
295 1028 93 21 derifrän
412 1028 68 21 skulle
495 1029 99 26 samtliga
606 1029 114 26 jordegare
735 1028 7 21 i
759 1028 92 21 socknen
866 1028 52 21 eller
933 1035 55 15 sam-

231 1062 126 27 fälligheten
373 1062 63 21 hafva
452 1063 34 21 del
501 1063 7 20 i
523 1063 134 21 förhällande
673 1063 33 20 till
722 1063 48 20 sina
784 1062 135 27 lägenheters
929 1069 59 15 man-

230 1097 38 20 tal.
305 1097 212 27 Kommunalskogen
541 1097 55 27 finge
621 1097 67 21 under
711 1097 50 26 inga
783 1097 70 21 vilkor
875 1097 113 22 framdeles

230 1131 166 27 sönderstyckas
411 1131 52 22 eller
480 1131 81 26 skiftas,
581 1131 40 22 och
636 1131 49 22 dess
701 1131 81 21 skötsel
797 1131 40 21 och
852 1130 53 22 vård
920 1131 68 22 skulle

230 1165 134 21 handhafvas
387 1165 24 22 af
424 1171 26 16 en
466 1166 72 21 dertill
552 1165 48 22 utaf
614 1165 126 27 regeringen
755 1165 78 21 utsedd
847 1165 141 27 forsttjenste-

229 1205 57 20 man,
303 1199 86 22 biträdd
405 1200 100 27 antingen
521 1200 23 21 af
556 1199 237 22 Kommunalnämnden
809 1199 52 21 eller
875 1199 23 22 af
906 1205 26 16 en
942 1199 48 22 utaf

228 1233 130 27 delegarene
373 1234 50 21 vald
439 1234 147 27 skogsnämnd,
603 1234 109 21 äfvensom
727 1233 164 27 hushällningen
906 1233 82 22 derstä-

229 1267 40 22 des
284 1267 107 22 bedrifvas
406 1268 55 21 efter
476 1275 26 14 en
512 1268 23 21 af
542 1269 164 20 forstmästaren
716 1267 106 27 uppgjord
833 1267 40 22 och
884 1268 23 21 af
914 1268 74 21 Forst-

229 1302 106 27 styrelsen
358 1302 102 27 godkänd
482 1302 204 28 hushällningsplan,
702 1302 114 21 hvarutom
831 1302 157 27 Forstsyrelsen

228 1336 56 27 egde
306 1342 77 21 genom
405 1343 26 15 en
446 1337 34 21 för
502 1337 100 27 samtliga
624 1336 203 27 kommunalskogar
849 1336 8 21 i
879 1336 73 22 landet
966 1337 23 21 af

229 1371 127 27 regeringen
373 1371 77 21 utsedd
469 1371 207 22 öfverforstmästare
691 1370 117 22 öfvervaka
824 1370 163 27 hushällningen

228 1404 8 21 i
252 1405 115 21 desamma.
404 1406 33 20 De
466 1405 136 22 kommunala
626 1405 81 27 skogen
732 1404 92 22 rörande
849 1404 137 22 ekonomiska

228 1438 103 27 frågorna
352 1439 69 21 skulle
443 1440 117 21 behandlas
585 1440 35 21 vid
637 1438 287 28 kommunalskogsstämma,
950 1439 38 22 der

228 1472 128 28 delegarene
371 1474 53 26 egde
439 1474 73 22 utöfva
527 1475 91 21 rösträtt
631 1474 79 27 jemväl
724 1474 7 20 i
741 1472 133 22 förhällande
885 1473 32 21 till
927 1480 59 15 man-

298 1513 149 18 Statsutskotteis
460 1513 116 18 betänkande
588 1515 36 16 N:o
638 1514 17 17 9.
