<?xml version="1.0" encoding="UTF-8"?>
<alto xmlns="http://www.loc.gov/standards/alto/ns-v3#" xmlns:xlink="http://www.w3.org/1999/xlink" xmlns:xsi="http://www.w3.org/2001/XMLSchema-instance" xsi:schemaLocation="http://www.loc.gov/standards/alto/ns-v3# http://www.loc.gov/alto/v3/alto-3-0.xsd">
	<Description>
		<MeasurementUnit>pixel</MeasurementUnit>
		<sourceImageInformation>
			<fileName>/tmp/tess_uhcip1xy_input.PNG</fileName>
		</sourceImageInformation>
		<OCRProcessing ID="OCR_0">
			<ocrProcessingStep>
				<processingSoftware>
					<softwareName>tesseract 5.3.4</softwareName>
				</processingSoftware>
			</ocrProcessingStep>
		</OCRProcessing>
	</Description>
	<Layout>
		<Page WIDTH="1086" HEIGHT="1717" PHYSICAL_IMG_NR="0" ID="page_0">
			<PrintSpace HPOS="0" VPOS="0" WIDTH="1086" HEIGHT="1717">
				<GraphicalElement ID="cblock_0" HPOS="0" VPOS="26" WIDTH="11" HEIGHT="1041"></GraphicalElement >
				<ComposedBlock ID="cblock_1" HPOS="261" VPOS="144" WIDTH="497" HEIGHT="30">
					<TextBlock ID="block_0" HPOS="261" VPOS="144" WIDTH="497" HEIGHT="30">
						<TextLine ID="line_0" HPOS="261" VPOS="144" WIDTH="497" HEIGHT="30">
							<String ID="string_0" HPOS="261" VPOS="148" WIDTH="27" HEIGHT="20" WC="0.96" CONTENT="50"/><SP WIDTH="179" VPOS="148" HPOS="288"/>
							<String ID="string_1" HPOS="467" VPOS="146" WIDTH="23" HEIGHT="22" WC="0.91" CONTENT="U."/><SP WIDTH="16" VPOS="146" HPOS="490"/>
							<String ID="string_2" HPOS="506" VPOS="146" WIDTH="25" HEIGHT="22" WC="0.89" CONTENT="B."/><SP WIDTH="15" VPOS="146" HPOS="531"/>
							<String ID="string_3" HPOS="546" VPOS="158" WIDTH="28" HEIGHT="4" WC="0.89" CONTENT="—"/><SP WIDTH="15" VPOS="158" HPOS="574"/>
							<String ID="string_4" HPOS="589" VPOS="146" WIDTH="64" HEIGHT="28" WC="0.94" CONTENT="Prop."/><SP WIDTH="17" VPOS="146" HPOS="653"/>
							<String ID="string_5" HPOS="670" VPOS="146" WIDTH="38" HEIGHT="22" WC="0.96" CONTENT="N:o"/><SP WIDTH="16" VPOS="146" HPOS="708"/>
							<String ID="string_6" HPOS="724" VPOS="144" WIDTH="34" HEIGHT="24" WC="0.96" CONTENT="39."/>
						</TextLine>
					</TextBlock>
				</ComposedBlock>
				<ComposedBlock ID="cblock_2" HPOS="95" VPOS="210" WIDTH="895" HEIGHT="1103">
					<TextBlock ID="block_1" HPOS="95" VPOS="210" WIDTH="895" HEIGHT="307">
						<TextLine ID="line_1" HPOS="95" VPOS="210" WIDTH="895" HEIGHT="30">
							<String ID="string_7" HPOS="95" VPOS="212" WIDTH="22" HEIGHT="17" WC="0.96" CONTENT="16"/><SP WIDTH="12" VPOS="212" HPOS="117"/>
							<String ID="string_8" HPOS="129" VPOS="213" WIDTH="89" HEIGHT="23" WC="0.96" CONTENT="Kapitlet."/><SP WIDTH="14" VPOS="213" HPOS="218"/>
							<String ID="string_9" HPOS="232" VPOS="212" WIDTH="129" HEIGHT="22" WC="0.92" CONTENT="åtminstone"/><SP WIDTH="17" VPOS="212" HPOS="361"/>
							<String ID="string_10" HPOS="378" VPOS="212" WIDTH="71" HEIGHT="28" WC="0.88" CONTENT=",groft"/><SP WIDTH="14" VPOS="212" HPOS="449"/>
							<String ID="string_11" HPOS="463" VPOS="212" WIDTH="72" HEIGHT="21" WC="0.91" CONTENT="brott&quot;"/><SP WIDTH="18" VPOS="212" HPOS="535"/>
							<String ID="string_12" HPOS="553" VPOS="218" WIDTH="27" HEIGHT="16" WC="0.95" CONTENT="en"/><SP WIDTH="14" VPOS="218" HPOS="580"/>
							<String ID="string_13" HPOS="594" VPOS="212" WIDTH="143" HEIGHT="28" WC="0.96" CONTENT="bestämning,"/><SP WIDTH="10" VPOS="212" HPOS="737"/>
							<String ID="string_14" HPOS="747" VPOS="211" WIDTH="96" HEIGHT="28" WC="0.96" CONTENT="hvilken,"/><SP WIDTH="10" VPOS="211" HPOS="843"/>
							<String ID="string_15" HPOS="853" VPOS="212" WIDTH="26" HEIGHT="22" WC="0.93" CONTENT="sä"/><SP WIDTH="12" VPOS="212" HPOS="879"/>
							<String ID="string_16" HPOS="891" VPOS="210" WIDTH="99" HEIGHT="23" WC="0.92" CONTENT="traditio-"/>
						</TextLine>
						<TextLine ID="line_2" HPOS="230" VPOS="246" WIDTH="760" HEIGHT="28">
							<String ID="string_17" HPOS="230" VPOS="247" WIDTH="43" HEIGHT="21" WC="0.96" CONTENT="nell"/><SP WIDTH="16" VPOS="247" HPOS="273"/>
							<String ID="string_18" HPOS="289" VPOS="247" WIDTH="41" HEIGHT="21" WC="0.96" CONTENT="den"/><SP WIDTH="14" VPOS="247" HPOS="330"/>
							<String ID="string_19" HPOS="344" VPOS="248" WIDTH="28" HEIGHT="20" WC="0.96" CONTENT="än"/><SP WIDTH="15" VPOS="248" HPOS="372"/>
							<String ID="string_20" HPOS="387" VPOS="249" WIDTH="24" HEIGHT="19" WC="0.94" CONTENT="är"/><SP WIDTH="9" VPOS="249" HPOS="411"/>
							<String ID="string_21" HPOS="420" VPOS="246" WIDTH="9" HEIGHT="22" WC="0.94" CONTENT="i"/><SP WIDTH="10" VPOS="246" HPOS="429"/>
							<String ID="string_22" HPOS="439" VPOS="246" WIDTH="41" HEIGHT="22" WC="0.96" CONTENT="den"/><SP WIDTH="10" VPOS="246" HPOS="480"/>
							<String ID="string_23" HPOS="490" VPOS="246" WIDTH="70" HEIGHT="22" WC="0.96" CONTENT="finska"/><SP WIDTH="10" VPOS="246" HPOS="560"/>
							<String ID="string_24" HPOS="570" VPOS="246" WIDTH="140" HEIGHT="28" WC="0.96" CONTENT="straffrätten,"/><SP WIDTH="11" VPOS="246" HPOS="710"/>
							<String ID="string_25" HPOS="721" VPOS="246" WIDTH="8" HEIGHT="22" WC="0.93" CONTENT="i"/><SP WIDTH="10" VPOS="246" HPOS="729"/>
							<String ID="string_26" HPOS="739" VPOS="246" WIDTH="167" HEIGHT="28" WC="0.90" CONTENT="lagskipningen"/><SP WIDTH="10" VPOS="246" HPOS="906"/>
							<String ID="string_27" HPOS="916" VPOS="246" WIDTH="74" HEIGHT="23" WC="0.92" CONTENT="åstad-"/>
						</TextLine>
						<TextLine ID="line_3" HPOS="229" VPOS="280" WIDTH="759" HEIGHT="28">
							<String ID="string_28" HPOS="229" VPOS="280" WIDTH="90" HEIGHT="23" WC="0.96" CONTENT="kommit"/><SP WIDTH="19" VPOS="280" HPOS="319"/>
							<String ID="string_29" HPOS="338" VPOS="281" WIDTH="73" HEIGHT="22" WC="0.96" CONTENT="alltför"/><SP WIDTH="18" VPOS="281" HPOS="411"/>
							<String ID="string_30" HPOS="429" VPOS="281" WIDTH="92" HEIGHT="27" WC="0.68" CONTENT="mycken"/><SP WIDTH="18" VPOS="281" HPOS="521"/>
							<String ID="string_31" HPOS="539" VPOS="281" WIDTH="141" HEIGHT="27" WC="0.91" CONTENT="villrädighet"/><SP WIDTH="19" VPOS="281" HPOS="680"/>
							<String ID="string_32" HPOS="699" VPOS="281" WIDTH="35" HEIGHT="21" WC="0.96" CONTENT="för"/><SP WIDTH="15" VPOS="281" HPOS="734"/>
							<String ID="string_33" HPOS="749" VPOS="282" WIDTH="35" HEIGHT="20" WC="0.96" CONTENT="att"/><SP WIDTH="15" VPOS="282" HPOS="784"/>
							<String ID="string_34" HPOS="799" VPOS="281" WIDTH="122" HEIGHT="22" WC="0.95" CONTENT="densamma"/><SP WIDTH="14" VPOS="281" HPOS="921"/>
							<String ID="string_35" HPOS="935" VPOS="283" WIDTH="53" HEIGHT="20" WC="0.96" CONTENT="utan"/>
						</TextLine>
						<TextLine ID="line_4" HPOS="230" VPOS="316" WIDTH="759" HEIGHT="28">
							<String ID="string_36" HPOS="230" VPOS="318" WIDTH="98" HEIGHT="20" WC="0.95" CONTENT="närmare"/><SP WIDTH="22" VPOS="318" HPOS="328"/>
							<String ID="string_37" HPOS="350" VPOS="316" WIDTH="147" HEIGHT="28" WC="0.95" CONTENT="begränsning"/><SP WIDTH="20" VPOS="316" HPOS="497"/>
							<String ID="string_38" HPOS="517" VPOS="316" WIDTH="73" HEIGHT="22" WC="0.96" CONTENT="kunde"/><SP WIDTH="22" VPOS="316" HPOS="590"/>
							<String ID="string_39" HPOS="612" VPOS="316" WIDTH="127" HEIGHT="22" WC="0.93" CONTENT="bibehållas."/><SP WIDTH="31" VPOS="316" HPOS="739"/>
							<String ID="string_40" HPOS="770" VPOS="316" WIDTH="156" HEIGHT="27" WC="0.91" CONTENT="Lagutskottet"/><SP WIDTH="21" VPOS="316" HPOS="926"/>
							<String ID="string_41" HPOS="947" VPOS="316" WIDTH="42" HEIGHT="22" WC="0.96" CONTENT="har"/>
						</TextLine>
						<TextLine ID="line_5" HPOS="229" VPOS="349" WIDTH="759" HEIGHT="29">
							<String ID="string_42" HPOS="229" VPOS="349" WIDTH="134" HEIGHT="23" WC="0.92" CONTENT="fördenskull"/><SP WIDTH="19" VPOS="349" HPOS="363"/>
							<String ID="string_43" HPOS="382" VPOS="352" WIDTH="71" HEIGHT="20" WC="0.96" CONTENT="ansett"/><SP WIDTH="20" VPOS="352" HPOS="453"/>
							<String ID="string_44" HPOS="473" VPOS="352" WIDTH="27" HEIGHT="19" WC="0.96" CONTENT="20"/><SP WIDTH="19" VPOS="352" HPOS="500"/>
							<String ID="string_45" HPOS="519" VPOS="349" WIDTH="12" HEIGHT="29" WC="0.89" CONTENT="&amp;"/><SP WIDTH="15" VPOS="349" HPOS="531"/>
							<String ID="string_46" HPOS="546" VPOS="350" WIDTH="54" HEIGHT="22" WC="0.96" CONTENT="böra"/><SP WIDTH="14" VPOS="350" HPOS="600"/>
							<String ID="string_47" HPOS="614" VPOS="350" WIDTH="84" HEIGHT="22" WC="0.95" CONTENT="erhålla"/><SP WIDTH="14" VPOS="350" HPOS="698"/>
							<String ID="string_48" HPOS="712" VPOS="356" WIDTH="27" HEIGHT="15" WC="0.96" CONTENT="en"/><SP WIDTH="15" VPOS="356" HPOS="739"/>
							<String ID="string_49" HPOS="754" VPOS="350" WIDTH="147" HEIGHT="28" WC="0.93" CONTENT="formulering,"/><SP WIDTH="14" VPOS="350" HPOS="901"/>
							<String ID="string_50" HPOS="915" VPOS="350" WIDTH="73" HEIGHT="22" WC="0.92" CONTENT="hvari-"/>
						</TextLine>
						<TextLine ID="line_6" HPOS="230" VPOS="384" WIDTH="756" HEIGHT="29">
							<String ID="string_51" HPOS="230" VPOS="390" WIDTH="76" HEIGHT="22" WC="0.90" CONTENT="genom"/><SP WIDTH="14" VPOS="390" HPOS="306"/>
							<String ID="string_52" HPOS="320" VPOS="385" WIDTH="245" HEIGHT="27" WC="0.90" CONTENT="denunciationspligten"/><SP WIDTH="10" VPOS="385" HPOS="565"/>
							<String ID="string_53" HPOS="575" VPOS="384" WIDTH="102" HEIGHT="22" WC="0.92" CONTENT="hänföres"/><SP WIDTH="9" VPOS="384" HPOS="677"/>
							<String ID="string_54" HPOS="686" VPOS="384" WIDTH="35" HEIGHT="22" WC="0.96" CONTENT="till"/><SP WIDTH="10" VPOS="384" HPOS="721"/>
							<String ID="string_55" HPOS="731" VPOS="384" WIDTH="60" HEIGHT="23" WC="0.96" CONTENT="vissa"/><SP WIDTH="9" VPOS="384" HPOS="791"/>
							<String ID="string_56" HPOS="800" VPOS="385" WIDTH="112" HEIGHT="22" WC="0.96" CONTENT="bestämda"/><SP WIDTH="9" VPOS="385" HPOS="912"/>
							<String ID="string_57" HPOS="921" VPOS="386" WIDTH="65" HEIGHT="27" WC="0.96" CONTENT="brott,"/>
						</TextLine>
						<TextLine ID="line_7" HPOS="229" VPOS="419" WIDTH="758" HEIGHT="29">
							<String ID="string_58" HPOS="229" VPOS="419" WIDTH="107" HEIGHT="28" WC="0.92" CONTENT="nemligen"/><SP WIDTH="18" VPOS="419" HPOS="336"/>
							<String ID="string_59" HPOS="354" VPOS="419" WIDTH="155" HEIGHT="29" WC="0.96" CONTENT="högförräderi,"/><SP WIDTH="20" VPOS="419" HPOS="509"/>
							<String ID="string_60" HPOS="529" VPOS="419" WIDTH="176" HEIGHT="28" WC="0.95" CONTENT="landsförräderi,"/><SP WIDTH="20" VPOS="419" HPOS="705"/>
							<String ID="string_61" HPOS="725" VPOS="420" WIDTH="68" HEIGHT="27" WC="0.96" CONTENT="mord,"/><SP WIDTH="19" VPOS="420" HPOS="793"/>
							<String ID="string_62" HPOS="812" VPOS="420" WIDTH="40" HEIGHT="21" WC="0.96" CONTENT="rån"/><SP WIDTH="15" VPOS="420" HPOS="852"/>
							<String ID="string_63" HPOS="867" VPOS="422" WIDTH="56" HEIGHT="20" WC="0.96" CONTENT="samt"/><SP WIDTH="15" VPOS="422" HPOS="923"/>
							<String ID="string_64" HPOS="938" VPOS="420" WIDTH="49" HEIGHT="22" WC="0.96" CONTENT="de"/><SP WIDTH="-13" VPOS="420" HPOS="987"/>
							<String ID="string_65" HPOS="974" VPOS="415" WIDTH="17" HEIGHT="37" WC="0.96" CONTENT="i"/>
						</TextLine>
						<TextLine ID="line_8" HPOS="230" VPOS="454" WIDTH="757" HEIGHT="29">
							<String ID="string_66" HPOS="230" VPOS="456" WIDTH="28" HEIGHT="20" WC="0.93" CONTENT="34"/><SP WIDTH="14" VPOS="456" HPOS="258"/>
							<String ID="string_67" HPOS="272" VPOS="455" WIDTH="50" HEIGHT="27" WC="0.96" CONTENT="kap."/><SP WIDTH="15" VPOS="455" HPOS="322"/>
							<String ID="string_68" HPOS="337" VPOS="455" WIDTH="93" HEIGHT="22" WC="0.96" CONTENT="nämnda"/><SP WIDTH="14" VPOS="455" HPOS="430"/>
							<String ID="string_69" HPOS="444" VPOS="455" WIDTH="91" HEIGHT="21" WC="0.96" CONTENT="allmänt"/><SP WIDTH="13" VPOS="455" HPOS="535"/>
							<String ID="string_70" HPOS="548" VPOS="454" WIDTH="81" HEIGHT="28" WC="0.96" CONTENT="farliga"/><SP WIDTH="15" VPOS="454" HPOS="629"/>
							<String ID="string_71" HPOS="644" VPOS="455" WIDTH="86" HEIGHT="21" WC="0.96" CONTENT="brotten"/><SP WIDTH="16" VPOS="455" HPOS="730"/>
							<String ID="string_72" HPOS="746" VPOS="455" WIDTH="41" HEIGHT="21" WC="0.96" CONTENT="och"/><SP WIDTH="15" VPOS="455" HPOS="787"/>
							<String ID="string_73" HPOS="802" VPOS="455" WIDTH="27" HEIGHT="21" WC="0.93" CONTENT="de"/><SP WIDTH="14" VPOS="455" HPOS="829"/>
							<String ID="string_74" HPOS="843" VPOS="455" WIDTH="144" HEIGHT="28" WC="0.92" CONTENT="myntförbry-"/>
						</TextLine>
						<TextLine ID="line_9" HPOS="228" VPOS="489" WIDTH="606" HEIGHT="28">
							<String ID="string_75" HPOS="228" VPOS="489" WIDTH="72" HEIGHT="28" WC="0.92" CONTENT="telser,"/><SP WIDTH="16" VPOS="489" HPOS="300"/>
							<String ID="string_76" HPOS="316" VPOS="495" WIDTH="44" HEIGHT="16" WC="0.93" CONTENT="som"/><SP WIDTH="15" VPOS="495" HPOS="360"/>
							<String ID="string_77" HPOS="375" VPOS="489" WIDTH="136" HEIGHT="22" WC="0.92" CONTENT="omförmälas"/><SP WIDTH="16" VPOS="489" HPOS="511"/>
							<String ID="string_78" HPOS="527" VPOS="489" WIDTH="8" HEIGHT="22" WC="0.96" CONTENT="i"/><SP WIDTH="15" VPOS="489" HPOS="535"/>
							<String ID="string_79" HPOS="550" VPOS="491" WIDTH="20" HEIGHT="26" WC="0.96" CONTENT="1,"/><SP WIDTH="16" VPOS="491" HPOS="570"/>
							<String ID="string_80" HPOS="586" VPOS="491" WIDTH="12" HEIGHT="20" WC="0.96" CONTENT="2"/><SP WIDTH="16" VPOS="491" HPOS="598"/>
							<String ID="string_81" HPOS="614" VPOS="490" WIDTH="39" HEIGHT="21" WC="0.96" CONTENT="och"/><SP WIDTH="15" VPOS="490" HPOS="653"/>
							<String ID="string_82" HPOS="668" VPOS="491" WIDTH="14" HEIGHT="20" WC="0.96" CONTENT="4"/><SP WIDTH="16" VPOS="491" HPOS="682"/>
							<String ID="string_83" HPOS="698" VPOS="490" WIDTH="27" HEIGHT="25" WC="0.55" CONTENT="$$"/><SP WIDTH="16" VPOS="490" HPOS="725"/>
							<String ID="string_84" HPOS="741" VPOS="491" WIDTH="27" HEIGHT="20" WC="0.96" CONTENT="37"/><SP WIDTH="16" VPOS="491" HPOS="768"/>
							<String ID="string_85" HPOS="784" VPOS="490" WIDTH="50" HEIGHT="27" WC="0.96" CONTENT="kap."/>
						</TextLine>
					</TextBlock>
					<TextBlock ID="block_2" HPOS="226" VPOS="523" WIDTH="761" HEIGHT="168">
						<TextLine ID="line_10" HPOS="298" VPOS="523" WIDTH="688" HEIGHT="29">
							<String ID="string_86" HPOS="298" VPOS="523" WIDTH="27" HEIGHT="23" WC="0.95" CONTENT="21"/><SP WIDTH="15" VPOS="523" HPOS="325"/>
							<String ID="string_87" HPOS="340" VPOS="524" WIDTH="19" HEIGHT="28" WC="0.84" CONTENT="$."/><SP WIDTH="30" VPOS="524" HPOS="359"/>
							<String ID="string_88" HPOS="389" VPOS="524" WIDTH="138" HEIGHT="28" WC="0.89" CONTENT="Stadgandet"/><SP WIDTH="14" VPOS="524" HPOS="527"/>
							<String ID="string_89" HPOS="541" VPOS="526" WIDTH="34" HEIGHT="19" WC="0.93" CONTENT="att"/><SP WIDTH="14" VPOS="526" HPOS="575"/>
							<String ID="string_90" HPOS="589" VPOS="523" WIDTH="85" HEIGHT="23" WC="0.95" CONTENT="straffet"/><SP WIDTH="13" VPOS="523" HPOS="674"/>
							<String ID="string_91" HPOS="687" VPOS="523" WIDTH="35" HEIGHT="22" WC="0.96" CONTENT="för"/><SP WIDTH="14" VPOS="523" HPOS="722"/>
							<String ID="string_92" HPOS="736" VPOS="530" WIDTH="17" HEIGHT="16" WC="0.96" CONTENT="s."/><SP WIDTH="16" VPOS="530" HPOS="753"/>
							<String ID="string_93" HPOS="769" VPOS="524" WIDTH="21" HEIGHT="21" WC="0.96" CONTENT="k."/><SP WIDTH="14" VPOS="524" HPOS="790"/>
							<String ID="string_94" HPOS="804" VPOS="525" WIDTH="120" HEIGHT="27" WC="0.93" CONTENT="personligt"/><SP WIDTH="9" VPOS="525" HPOS="924"/>
							<String ID="string_95" HPOS="933" VPOS="531" WIDTH="53" HEIGHT="21" WC="0.92" CONTENT="gyn-"/>
						</TextLine>
						<TextLine ID="line_11" HPOS="228" VPOS="559" WIDTH="759" HEIGHT="28">
							<String ID="string_96" HPOS="228" VPOS="559" WIDTH="62" HEIGHT="27" WC="0.93" CONTENT="nade,"/><SP WIDTH="16" VPOS="559" HPOS="290"/>
							<String ID="string_97" HPOS="306" VPOS="559" WIDTH="88" HEIGHT="22" WC="0.91" CONTENT="hvarom"/><SP WIDTH="19" VPOS="559" HPOS="394"/>
							<String ID="string_98" HPOS="413" VPOS="559" WIDTH="70" HEIGHT="22" WC="0.92" CONTENT="denna"/><SP WIDTH="16" VPOS="559" HPOS="483"/>
							<String ID="string_99" HPOS="499" VPOS="560" WIDTH="12" HEIGHT="25" WC="0.68" CONTENT="&amp;"/><SP WIDTH="16" VPOS="560" HPOS="511"/>
							<String ID="string_100" HPOS="527" VPOS="559" WIDTH="97" HEIGHT="27" WC="0.93" CONTENT="handlar,"/><SP WIDTH="17" VPOS="559" HPOS="624"/>
							<String ID="string_101" HPOS="641" VPOS="559" WIDTH="18" HEIGHT="27" WC="0.96" CONTENT="ej"/><SP WIDTH="17" VPOS="559" HPOS="659"/>
							<String ID="string_102" HPOS="676" VPOS="559" WIDTH="36" HEIGHT="21" WC="0.93" CONTENT="mä"/><SP WIDTH="16" VPOS="559" HPOS="712"/>
							<String ID="string_103" HPOS="728" VPOS="560" WIDTH="83" HEIGHT="25" WC="0.82" CONTENT=",sättas"/><SP WIDTH="15" VPOS="560" HPOS="811"/>
							<String ID="string_104" HPOS="826" VPOS="559" WIDTH="67" HEIGHT="28" WC="0.95" CONTENT="högre"/><SP WIDTH="15" VPOS="559" HPOS="893"/>
							<String ID="string_105" HPOS="908" VPOS="561" WIDTH="28" HEIGHT="20" WC="0.96" CONTENT="än"/><SP WIDTH="14" VPOS="561" HPOS="936"/>
							<String ID="string_106" HPOS="950" VPOS="559" WIDTH="37" HEIGHT="22" WC="0.96" CONTENT="för"/>
						</TextLine>
						<TextLine ID="line_12" HPOS="227" VPOS="593" WIDTH="760" HEIGHT="29">
							<String ID="string_107" HPOS="227" VPOS="593" WIDTH="107" HEIGHT="28" WC="0.92" CONTENT="medhjelp"/><SP WIDTH="19" VPOS="593" HPOS="334"/>
							<String ID="string_108" HPOS="353" VPOS="593" WIDTH="34" HEIGHT="22" WC="0.92" CONTENT="till"/><SP WIDTH="18" VPOS="593" HPOS="387"/>
							<String ID="string_109" HPOS="405" VPOS="594" WIDTH="94" HEIGHT="21" WC="0.92" CONTENT="brottet&quot;"/><SP WIDTH="22" VPOS="594" HPOS="499"/>
							<String ID="string_110" HPOS="521" VPOS="594" WIDTH="39" HEIGHT="21" WC="0.93" CONTENT="har"/><SP WIDTH="15" VPOS="594" HPOS="560"/>
							<String ID="string_111" HPOS="575" VPOS="593" WIDTH="113" HEIGHT="22" WC="0.96" CONTENT="Utskottet"/><SP WIDTH="14" VPOS="593" HPOS="688"/>
							<String ID="string_112" HPOS="702" VPOS="593" WIDTH="131" HEIGHT="28" WC="0.93" CONTENT="förtydligat"/><SP WIDTH="16" VPOS="593" HPOS="833"/>
							<String ID="string_113" HPOS="849" VPOS="594" WIDTH="86" HEIGHT="28" WC="0.92" CONTENT="derhän,"/><SP WIDTH="17" VPOS="594" HPOS="935"/>
							<String ID="string_114" HPOS="952" VPOS="596" WIDTH="35" HEIGHT="20" WC="0.96" CONTENT="att"/>
						</TextLine>
						<TextLine ID="line_13" HPOS="226" VPOS="627" WIDTH="760" HEIGHT="29">
							<String ID="string_115" HPOS="226" VPOS="628" WIDTH="89" HEIGHT="22" WC="0.91" CONTENT="härmed"/><SP WIDTH="15" VPOS="628" HPOS="315"/>
							<String ID="string_116" HPOS="330" VPOS="628" WIDTH="57" HEIGHT="22" WC="0.92" CONTENT="afses"/><SP WIDTH="15" VPOS="628" HPOS="387"/>
							<String ID="string_117" HPOS="402" VPOS="628" WIDTH="37" HEIGHT="22" WC="0.93" CONTENT="det"/><SP WIDTH="14" VPOS="628" HPOS="439"/>
							<String ID="string_118" HPOS="453" VPOS="629" WIDTH="80" HEIGHT="26" WC="0.92" CONTENT="högsta"/><SP WIDTH="13" VPOS="629" HPOS="533"/>
							<String ID="string_119" HPOS="546" VPOS="627" WIDTH="68" HEIGHT="28" WC="0.94" CONTENT="straff,"/><SP WIDTH="15" VPOS="627" HPOS="614"/>
							<String ID="string_120" HPOS="629" VPOS="635" WIDTH="45" HEIGHT="15" WC="0.96" CONTENT="som"/><SP WIDTH="10" VPOS="635" HPOS="674"/>
							<String ID="string_121" HPOS="684" VPOS="629" WIDTH="85" HEIGHT="20" WC="0.93" CONTENT="kunnat"/><SP WIDTH="10" VPOS="629" HPOS="769"/>
							<String ID="string_122" HPOS="779" VPOS="628" WIDTH="88" HEIGHT="22" WC="0.92" CONTENT="ädömas"/><SP WIDTH="11" VPOS="628" HPOS="867"/>
							<String ID="string_123" HPOS="878" VPOS="629" WIDTH="40" HEIGHT="22" WC="0.93" CONTENT="den"/><SP WIDTH="10" VPOS="629" HPOS="918"/>
							<String ID="string_124" HPOS="928" VPOS="629" WIDTH="58" HEIGHT="27" WC="0.92" CONTENT="skyl-"/>
						</TextLine>
						<TextLine ID="line_14" HPOS="227" VPOS="663" WIDTH="640" HEIGHT="28">
							<String ID="string_125" HPOS="227" VPOS="663" WIDTH="56" HEIGHT="27" WC="0.92" CONTENT="dige,"/><SP WIDTH="16" VPOS="663" HPOS="283"/>
							<String ID="string_126" HPOS="299" VPOS="663" WIDTH="8" HEIGHT="21" WC="0.93" CONTENT="i"/><SP WIDTH="13" VPOS="663" HPOS="307"/>
							<String ID="string_127" HPOS="320" VPOS="663" WIDTH="103" HEIGHT="22" WC="0.92" CONTENT="händelse"/><SP WIDTH="15" VPOS="663" HPOS="423"/>
							<String ID="string_128" HPOS="438" VPOS="663" WIDTH="43" HEIGHT="21" WC="0.96" CONTENT="han"/><SP WIDTH="15" VPOS="663" HPOS="481"/>
							<String ID="string_129" HPOS="496" VPOS="663" WIDTH="58" HEIGHT="22" WC="0.93" CONTENT="varit"/><SP WIDTH="15" VPOS="663" HPOS="554"/>
							<String ID="string_130" HPOS="569" VPOS="663" WIDTH="145" HEIGHT="28" WC="0.91" CONTENT="medhjelpare"/><SP WIDTH="16" VPOS="663" HPOS="714"/>
							<String ID="string_131" HPOS="730" VPOS="663" WIDTH="34" HEIGHT="21" WC="0.96" CONTENT="till"/><SP WIDTH="15" VPOS="663" HPOS="764"/>
							<String ID="string_132" HPOS="779" VPOS="663" WIDTH="88" HEIGHT="22" WC="0.95" CONTENT="brottet."/>
						</TextLine>
					</TextBlock>
					<TextBlock ID="block_3" HPOS="224" VPOS="697" WIDTH="760" HEIGHT="201">
						<TextLine ID="line_15" HPOS="294" VPOS="697" WIDTH="689" HEIGHT="28">
							<String ID="string_133" HPOS="294" VPOS="697" WIDTH="76" HEIGHT="22" WC="0.91" CONTENT="Ehuru"/><SP WIDTH="19" VPOS="697" HPOS="370"/>
							<String ID="string_134" HPOS="389" VPOS="697" WIDTH="24" HEIGHT="22" WC="0.93" CONTENT="af"/><SP WIDTH="16" VPOS="697" HPOS="413"/>
							<String ID="string_135" HPOS="429" VPOS="697" WIDTH="144" HEIGHT="28" WC="0.92" CONTENT="nyssanförda"/><SP WIDTH="24" VPOS="697" HPOS="573"/>
							<String ID="string_136" HPOS="597" VPOS="698" WIDTH="128" HEIGHT="27" WC="0.92" CONTENT="stadgande,"/><SP WIDTH="19" VPOS="698" HPOS="725"/>
							<String ID="string_137" HPOS="744" VPOS="697" WIDTH="105" HEIGHT="28" WC="0.92" CONTENT="jemfördt"/><SP WIDTH="17" VPOS="697" HPOS="849"/>
							<String ID="string_138" HPOS="866" VPOS="699" WIDTH="48" HEIGHT="21" WC="0.96" CONTENT="med"/><SP WIDTH="15" VPOS="699" HPOS="914"/>
							<String ID="string_139" HPOS="929" VPOS="698" WIDTH="54" HEIGHT="22" WC="0.96" CONTENT="sista"/>
						</TextLine>
						<TextLine ID="line_16" HPOS="226" VPOS="731" WIDTH="758" HEIGHT="30">
							<String ID="string_140" HPOS="226" VPOS="733" WIDTH="116" HEIGHT="20" WC="0.96" CONTENT="momentet"/><SP WIDTH="18" VPOS="733" HPOS="342"/>
							<String ID="string_141" HPOS="360" VPOS="732" WIDTH="8" HEIGHT="21" WC="0.96" CONTENT="i"/><SP WIDTH="20" VPOS="732" HPOS="368"/>
							<String ID="string_142" HPOS="388" VPOS="734" WIDTH="12" HEIGHT="19" WC="0.91" CONTENT="3"/><SP WIDTH="16" VPOS="734" HPOS="400"/>
							<String ID="string_143" HPOS="416" VPOS="731" WIDTH="12" HEIGHT="29" WC="0.52" CONTENT="&amp;"/><SP WIDTH="16" VPOS="731" HPOS="428"/>
							<String ID="string_144" HPOS="444" VPOS="734" WIDTH="12" HEIGHT="19" WC="0.93" CONTENT="5"/><SP WIDTH="16" VPOS="734" HPOS="456"/>
							<String ID="string_145" HPOS="472" VPOS="732" WIDTH="57" HEIGHT="27" WC="0.93" CONTENT="kap.,"/><SP WIDTH="16" VPOS="732" HPOS="529"/>
							<String ID="string_146" HPOS="545" VPOS="732" WIDTH="44" HEIGHT="21" WC="0.93" CONTENT="kan"/><SP WIDTH="15" VPOS="732" HPOS="589"/>
							<String ID="string_147" HPOS="604" VPOS="732" WIDTH="106" HEIGHT="27" WC="0.96" CONTENT="härledas,"/><SP WIDTH="17" VPOS="732" HPOS="710"/>
							<String ID="string_148" HPOS="727" VPOS="733" WIDTH="35" HEIGHT="20" WC="0.97" CONTENT="att"/><SP WIDTH="15" VPOS="733" HPOS="762"/>
							<String ID="string_149" HPOS="777" VPOS="732" WIDTH="64" HEIGHT="22" WC="0.93" CONTENT="straff"/><SP WIDTH="12" VPOS="732" HPOS="841"/>
							<String ID="string_150" HPOS="853" VPOS="733" WIDTH="18" HEIGHT="27" WC="0.96" CONTENT="ej"/><SP WIDTH="17" VPOS="733" HPOS="871"/>
							<String ID="string_151" HPOS="888" VPOS="733" WIDTH="39" HEIGHT="21" WC="0.93" CONTENT="bör"/><SP WIDTH="15" VPOS="733" HPOS="927"/>
							<String ID="string_152" HPOS="942" VPOS="739" WIDTH="42" HEIGHT="22" WC="0.92" CONTENT="ega"/>
						</TextLine>
						<TextLine ID="line_17" HPOS="225" VPOS="766" WIDTH="759" HEIGHT="29">
							<String ID="string_153" HPOS="225" VPOS="773" WIDTH="47" HEIGHT="14" WC="0.95" CONTENT="rum"/><SP WIDTH="22" VPOS="773" HPOS="272"/>
							<String ID="string_154" HPOS="294" VPOS="766" WIDTH="34" HEIGHT="22" WC="0.93" CONTENT="för"/><SP WIDTH="21" VPOS="766" HPOS="328"/>
							<String ID="string_155" HPOS="349" VPOS="767" WIDTH="115" HEIGHT="27" WC="0.92" CONTENT="gynnande"/><SP WIDTH="23" VPOS="767" HPOS="464"/>
							<String ID="string_156" HPOS="487" VPOS="767" WIDTH="25" HEIGHT="21" WC="0.96" CONTENT="af"/><SP WIDTH="19" VPOS="767" HPOS="512"/>
							<String ID="string_157" HPOS="531" VPOS="773" WIDTH="83" HEIGHT="21" WC="0.96" CONTENT="person,"/><SP WIDTH="22" VPOS="773" HPOS="614"/>
							<String ID="string_158" HPOS="636" VPOS="773" WIDTH="45" HEIGHT="15" WC="0.93" CONTENT="som"/><SP WIDTH="22" VPOS="773" HPOS="681"/>
							<String ID="string_159" HPOS="703" VPOS="767" WIDTH="79" HEIGHT="27" WC="0.94" CONTENT="begått"/><SP WIDTH="21" VPOS="767" HPOS="782"/>
							<String ID="string_160" HPOS="803" VPOS="768" WIDTH="68" HEIGHT="27" WC="0.96" CONTENT="något"/><SP WIDTH="20" VPOS="768" HPOS="871"/>
							<String ID="string_161" HPOS="891" VPOS="767" WIDTH="23" HEIGHT="22" WC="0.96" CONTENT="af"/><SP WIDTH="18" VPOS="767" HPOS="914"/>
							<String ID="string_162" HPOS="932" VPOS="767" WIDTH="26" HEIGHT="22" WC="0.95" CONTENT="de"/><SP WIDTH="18" VPOS="767" HPOS="958"/>
							<String ID="string_163" HPOS="976" VPOS="768" WIDTH="8" HEIGHT="21" WC="0.96" CONTENT="i"/>
						</TextLine>
						<TextLine ID="line_18" HPOS="225" VPOS="801" WIDTH="758" HEIGHT="28">
							<String ID="string_164" HPOS="225" VPOS="802" WIDTH="87" HEIGHT="20" WC="0.92" CONTENT="41—44"/><SP WIDTH="20" VPOS="802" HPOS="312"/>
							<String ID="string_165" HPOS="332" VPOS="801" WIDTH="98" HEIGHT="27" WC="0.96" CONTENT="kapitlen"/><SP WIDTH="18" VPOS="801" HPOS="430"/>
							<String ID="string_166" HPOS="448" VPOS="801" WIDTH="94" HEIGHT="22" WC="0.96" CONTENT="nämnda"/><SP WIDTH="18" VPOS="801" HPOS="542"/>
							<String ID="string_167" HPOS="560" VPOS="802" WIDTH="64" HEIGHT="27" WC="0.93" CONTENT="brott,"/><SP WIDTH="17" VPOS="802" HPOS="624"/>
							<String ID="string_168" HPOS="641" VPOS="802" WIDTH="40" HEIGHT="21" WC="0.92" CONTENT="har"/><SP WIDTH="19" VPOS="802" HPOS="681"/>
							<String ID="string_169" HPOS="700" VPOS="801" WIDTH="115" HEIGHT="22" WC="0.96" CONTENT="Utskottet"/><SP WIDTH="14" VPOS="801" HPOS="815"/>
							<String ID="string_170" HPOS="829" VPOS="802" WIDTH="67" HEIGHT="22" WC="0.96" CONTENT="likväl"/><SP WIDTH="15" VPOS="802" HPOS="896"/>
							<String ID="string_171" HPOS="911" VPOS="803" WIDTH="72" HEIGHT="21" WC="0.96" CONTENT="ansett"/>
						</TextLine>
						<TextLine ID="line_19" HPOS="224" VPOS="835" WIDTH="758" HEIGHT="29">
							<String ID="string_172" HPOS="224" VPOS="835" WIDTH="81" HEIGHT="22" WC="0.91" CONTENT="sädant"/><SP WIDTH="13" VPOS="835" HPOS="305"/>
							<String ID="string_173" HPOS="318" VPOS="835" WIDTH="34" HEIGHT="22" WC="0.96" CONTENT="för"/><SP WIDTH="13" VPOS="835" HPOS="352"/>
							<String ID="string_174" HPOS="365" VPOS="837" WIDTH="70" HEIGHT="20" WC="0.93" CONTENT="större"/><SP WIDTH="14" VPOS="837" HPOS="435"/>
							<String ID="string_175" HPOS="449" VPOS="836" WIDTH="120" HEIGHT="27" WC="0.92" CONTENT="tydlighets"/><SP WIDTH="15" VPOS="836" HPOS="569"/>
							<String ID="string_176" HPOS="584" VPOS="836" WIDTH="56" HEIGHT="21" WC="0.93" CONTENT="skull"/><SP WIDTH="16" VPOS="836" HPOS="640"/>
							<String ID="string_177" HPOS="656" VPOS="837" WIDTH="52" HEIGHT="20" WC="0.93" CONTENT="böra"/><SP WIDTH="15" VPOS="837" HPOS="708"/>
							<String ID="string_178" HPOS="723" VPOS="836" WIDTH="148" HEIGHT="28" WC="0.93" CONTENT="uttryckligen"/><SP WIDTH="14" VPOS="836" HPOS="871"/>
							<String ID="string_179" HPOS="885" VPOS="837" WIDTH="97" HEIGHT="27" WC="0.91" CONTENT="päpekas"/>
						</TextLine>
						<TextLine ID="line_20" HPOS="224" VPOS="869" WIDTH="229" HEIGHT="29">
							<String ID="string_180" HPOS="224" VPOS="869" WIDTH="8" HEIGHT="22" WC="0.95" CONTENT="i"/><SP WIDTH="16" VPOS="869" HPOS="232"/>
							<String ID="string_181" HPOS="248" VPOS="872" WIDTH="13" HEIGHT="19" WC="0.95" CONTENT="2"/><SP WIDTH="15" VPOS="872" HPOS="261"/>
							<String ID="string_182" HPOS="276" VPOS="876" WIDTH="62" HEIGHT="15" WC="0.96" CONTENT="mom."/><SP WIDTH="16" VPOS="876" HPOS="338"/>
							<String ID="string_183" HPOS="354" VPOS="870" WIDTH="25" HEIGHT="21" WC="0.95" CONTENT="af"/><SP WIDTH="12" VPOS="870" HPOS="379"/>
							<String ID="string_184" HPOS="391" VPOS="872" WIDTH="26" HEIGHT="19" WC="0.93" CONTENT="21"/><SP WIDTH="16" VPOS="872" HPOS="417"/>
							<String ID="string_185" HPOS="433" VPOS="869" WIDTH="20" HEIGHT="29" WC="0.93" CONTENT="8."/>
						</TextLine>
					</TextBlock>
					<TextBlock ID="block_4" HPOS="224" VPOS="904" WIDTH="758" HEIGHT="98">
						<TextLine ID="line_21" HPOS="294" VPOS="904" WIDTH="688" HEIGHT="29">
							<String ID="string_186" HPOS="294" VPOS="904" WIDTH="27" HEIGHT="22" WC="0.90" CONTENT="22"/><SP WIDTH="23" VPOS="904" HPOS="321"/>
							<String ID="string_187" HPOS="344" VPOS="905" WIDTH="12" HEIGHT="28" WC="0.86" CONTENT="&amp;"/><SP WIDTH="21" VPOS="905" HPOS="356"/>
							<String ID="string_188" HPOS="377" VPOS="905" WIDTH="40" HEIGHT="21" WC="0.92" CONTENT="har"/><SP WIDTH="22" VPOS="905" HPOS="417"/>
							<String ID="string_189" HPOS="439" VPOS="905" WIDTH="114" HEIGHT="22" WC="0.95" CONTENT="Utskottet"/><SP WIDTH="22" VPOS="905" HPOS="553"/>
							<String ID="string_190" HPOS="575" VPOS="907" WIDTH="72" HEIGHT="20" WC="0.96" CONTENT="ansett"/><SP WIDTH="21" VPOS="907" HPOS="647"/>
							<String ID="string_191" HPOS="668" VPOS="905" WIDTH="54" HEIGHT="22" WC="0.96" CONTENT="böra"/><SP WIDTH="22" VPOS="905" HPOS="722"/>
							<String ID="string_192" HPOS="744" VPOS="905" WIDTH="83" HEIGHT="22" WC="0.96" CONTENT="erhålla"/><SP WIDTH="23" VPOS="905" HPOS="827"/>
							<String ID="string_193" HPOS="850" VPOS="907" WIDTH="33" HEIGHT="20" WC="0.93" CONTENT="ett"/><SP WIDTH="14" VPOS="907" HPOS="883"/>
							<String ID="string_194" HPOS="897" VPOS="905" WIDTH="85" HEIGHT="28" WC="0.93" CONTENT="tillägg,"/>
						</TextLine>
						<TextLine ID="line_22" HPOS="224" VPOS="939" WIDTH="758" HEIGHT="28">
							<String ID="string_195" HPOS="224" VPOS="939" WIDTH="141" HEIGHT="28" WC="0.95" CONTENT="hvarigenom"/><SP WIDTH="15" VPOS="939" HPOS="365"/>
							<String ID="string_196" HPOS="380" VPOS="939" WIDTH="65" HEIGHT="22" WC="0.93" CONTENT="äfven"/><SP WIDTH="15" VPOS="939" HPOS="445"/>
							<String ID="string_197" HPOS="460" VPOS="939" WIDTH="101" HEIGHT="28" WC="0.92" CONTENT="döljande"/><SP WIDTH="13" VPOS="939" HPOS="561"/>
							<String ID="string_198" HPOS="574" VPOS="939" WIDTH="26" HEIGHT="22" WC="0.93" CONTENT="af"/><SP WIDTH="11" VPOS="939" HPOS="600"/>
							<String ID="string_199" HPOS="611" VPOS="940" WIDTH="118" HEIGHT="27" WC="0.91" CONTENT="krigsman,"/><SP WIDTH="12" VPOS="940" HPOS="729"/>
							<String ID="string_200" HPOS="741" VPOS="946" WIDTH="45" HEIGHT="15" WC="0.96" CONTENT="som"/><SP WIDTH="10" VPOS="946" HPOS="786"/>
							<String ID="string_201" HPOS="796" VPOS="941" WIDTH="62" HEIGHT="26" WC="0.93" CONTENT="rymt,"/><SP WIDTH="11" VPOS="941" HPOS="858"/>
							<String ID="string_202" HPOS="869" VPOS="940" WIDTH="113" HEIGHT="22" WC="0.89" CONTENT="hemfaller"/>
						</TextLine>
						<TextLine ID="line_23" HPOS="224" VPOS="974" WIDTH="397" HEIGHT="28">
							<String ID="string_203" HPOS="224" VPOS="974" WIDTH="69" HEIGHT="21" WC="0.96" CONTENT="under"/><SP WIDTH="15" VPOS="974" HPOS="293"/>
							<String ID="string_204" HPOS="308" VPOS="974" WIDTH="37" HEIGHT="21" WC="0.96" CONTENT="det"/><SP WIDTH="14" VPOS="974" HPOS="345"/>
							<String ID="string_205" HPOS="359" VPOS="974" WIDTH="8" HEIGHT="21" WC="0.93" CONTENT="i"/><SP WIDTH="15" VPOS="974" HPOS="367"/>
							<String ID="string_206" HPOS="382" VPOS="975" WIDTH="35" HEIGHT="26" WC="0.35" CONTENT="$:n"/><SP WIDTH="15" VPOS="975" HPOS="417"/>
							<String ID="string_207" HPOS="432" VPOS="974" WIDTH="107" HEIGHT="28" WC="0.96" CONTENT="stadgade"/><SP WIDTH="15" VPOS="974" HPOS="539"/>
							<String ID="string_208" HPOS="554" VPOS="974" WIDTH="67" HEIGHT="22" WC="0.96" CONTENT="straff."/>
						</TextLine>
					</TextBlock>
					<TextBlock ID="block_5" HPOS="220" VPOS="1008" WIDTH="761" HEIGHT="305">
						<TextLine ID="line_24" HPOS="292" VPOS="1008" WIDTH="688" HEIGHT="29">
							<String ID="string_209" HPOS="292" VPOS="1008" WIDTH="41" HEIGHT="22" WC="0.95" CONTENT="Ett"/><SP WIDTH="19" VPOS="1008" HPOS="333"/>
							<String ID="string_210" HPOS="352" VPOS="1009" WIDTH="8" HEIGHT="20" WC="0.96" CONTENT="i"/><SP WIDTH="18" VPOS="1009" HPOS="360"/>
							<String ID="string_211" HPOS="378" VPOS="1009" WIDTH="113" HEIGHT="22" WC="0.96" CONTENT="Utskottet"/><SP WIDTH="19" VPOS="1009" HPOS="491"/>
							<String ID="string_212" HPOS="510" VPOS="1009" WIDTH="66" HEIGHT="22" WC="0.96" CONTENT="väckt"/><SP WIDTH="14" VPOS="1009" HPOS="576"/>
							<String ID="string_213" HPOS="590" VPOS="1009" WIDTH="84" HEIGHT="28" WC="0.96" CONTENT="förslag"/><SP WIDTH="16" VPOS="1009" HPOS="674"/>
							<String ID="string_214" HPOS="690" VPOS="1011" WIDTH="33" HEIGHT="20" WC="0.96" CONTENT="att"/><SP WIDTH="15" VPOS="1011" HPOS="723"/>
							<String ID="string_215" HPOS="738" VPOS="1009" WIDTH="35" HEIGHT="22" WC="0.96" CONTENT="till"/><SP WIDTH="16" VPOS="1009" HPOS="773"/>
							<String ID="string_216" HPOS="789" VPOS="1009" WIDTH="60" HEIGHT="22" WC="0.96" CONTENT="detta"/><SP WIDTH="14" VPOS="1009" HPOS="849"/>
							<String ID="string_217" HPOS="863" VPOS="1009" WIDTH="50" HEIGHT="28" WC="0.96" CONTENT="kap."/><SP WIDTH="15" VPOS="1009" HPOS="913"/>
							<String ID="string_218" HPOS="928" VPOS="1009" WIDTH="52" HEIGHT="28" WC="0.96" CONTENT="foga"/>
						</TextLine>
						<TextLine ID="line_25" HPOS="224" VPOS="1043" WIDTH="756" HEIGHT="28">
							<String ID="string_219" HPOS="224" VPOS="1049" WIDTH="27" HEIGHT="15" WC="0.96" CONTENT="en"/><SP WIDTH="22" VPOS="1049" HPOS="251"/>
							<String ID="string_220" HPOS="273" VPOS="1044" WIDTH="19" HEIGHT="26" WC="0.66" CONTENT="&amp;,"/><SP WIDTH="23" VPOS="1044" HPOS="292"/>
							<String ID="string_221" HPOS="315" VPOS="1043" WIDTH="151" HEIGHT="22" WC="0.95" CONTENT="innehållande"/><SP WIDTH="19" VPOS="1043" HPOS="466"/>
							<String ID="string_222" HPOS="485" VPOS="1043" WIDTH="8" HEIGHT="22" WC="0.96" CONTENT="i"/><SP WIDTH="17" VPOS="1043" HPOS="493"/>
							<String ID="string_223" HPOS="510" VPOS="1043" WIDTH="70" HEIGHT="22" WC="0.96" CONTENT="likhet"/><SP WIDTH="14" VPOS="1043" HPOS="580"/>
							<String ID="string_224" HPOS="594" VPOS="1044" WIDTH="48" HEIGHT="21" WC="0.96" CONTENT="med"/><SP WIDTH="15" VPOS="1044" HPOS="642"/>
							<String ID="string_225" HPOS="657" VPOS="1044" WIDTH="11" HEIGHT="27" WC="0.90" CONTENT="8"/><SP WIDTH="17" VPOS="1044" HPOS="668"/>
							<String ID="string_226" HPOS="685" VPOS="1045" WIDTH="40" HEIGHT="20" WC="0.96" CONTENT="146"/><SP WIDTH="16" VPOS="1045" HPOS="725"/>
							<String ID="string_227" HPOS="741" VPOS="1043" WIDTH="8" HEIGHT="22" WC="0.93" CONTENT="i"/><SP WIDTH="16" VPOS="1043" HPOS="749"/>
							<String ID="string_228" HPOS="765" VPOS="1043" WIDTH="215" HEIGHT="28" WC="0.91" CONTENT="Granskningskomi-"/>
						</TextLine>
						<TextLine ID="line_26" HPOS="222" VPOS="1077" WIDTH="758" HEIGHT="29">
							<String ID="string_229" HPOS="222" VPOS="1078" WIDTH="49" HEIGHT="21" WC="0.91" CONTENT="téns"/><SP WIDTH="15" VPOS="1078" HPOS="271"/>
							<String ID="string_230" HPOS="286" VPOS="1077" WIDTH="83" HEIGHT="28" WC="0.96" CONTENT="förslag"/><SP WIDTH="14" VPOS="1077" HPOS="369"/>
							<String ID="string_231" HPOS="383" VPOS="1077" WIDTH="64" HEIGHT="22" WC="0.96" CONTENT="straff"/><SP WIDTH="12" VPOS="1077" HPOS="447"/>
							<String ID="string_232" HPOS="459" VPOS="1077" WIDTH="35" HEIGHT="22" WC="0.96" CONTENT="för"/><SP WIDTH="15" VPOS="1077" HPOS="494"/>
							<String ID="string_233" HPOS="509" VPOS="1078" WIDTH="47" HEIGHT="27" WC="0.96" CONTENT="den,"/><SP WIDTH="16" VPOS="1078" HPOS="556"/>
							<String ID="string_234" HPOS="572" VPOS="1085" WIDTH="44" HEIGHT="15" WC="0.93" CONTENT="som"/><SP WIDTH="10" VPOS="1085" HPOS="616"/>
							<String ID="string_235" HPOS="626" VPOS="1085" WIDTH="115" HEIGHT="21" WC="0.92" CONTENT="uppeggar"/><SP WIDTH="8" VPOS="1085" HPOS="741"/>
							<String ID="string_236" HPOS="749" VPOS="1078" WIDTH="36" HEIGHT="21" WC="0.93" CONTENT="till"/><SP WIDTH="9" VPOS="1078" HPOS="785"/>
							<String ID="string_237" HPOS="794" VPOS="1078" WIDTH="110" HEIGHT="27" WC="0.90" CONTENT="fiendtligt"/><SP WIDTH="9" VPOS="1078" HPOS="904"/>
							<String ID="string_238" HPOS="913" VPOS="1079" WIDTH="67" HEIGHT="21" WC="0.93" CONTENT="hand-"/>
						</TextLine>
						<TextLine ID="line_27" HPOS="220" VPOS="1111" WIDTH="760" HEIGHT="28">
							<String ID="string_239" HPOS="220" VPOS="1111" WIDTH="105" HEIGHT="28" WC="0.88" CONTENT="lingssätt"/><SP WIDTH="15" VPOS="1111" HPOS="325"/>
							<String ID="string_240" HPOS="340" VPOS="1112" WIDTH="53" HEIGHT="21" WC="0.96" CONTENT="eller"/><SP WIDTH="14" VPOS="1112" HPOS="393"/>
							<String ID="string_241" HPOS="407" VPOS="1112" WIDTH="159" HEIGHT="22" WC="0.96" CONTENT="våldsamheter"/><SP WIDTH="15" VPOS="1112" HPOS="566"/>
							<String ID="string_242" HPOS="581" VPOS="1115" WIDTH="57" HEIGHT="20" WC="0.96" CONTENT="emot"/><SP WIDTH="14" VPOS="1115" HPOS="638"/>
							<String ID="string_243" HPOS="652" VPOS="1113" WIDTH="45" HEIGHT="21" WC="0.96" CONTENT="viss"/><SP WIDTH="15" VPOS="1113" HPOS="697"/>
							<String ID="string_244" HPOS="712" VPOS="1113" WIDTH="36" HEIGHT="21" WC="0.96" CONTENT="del"/><SP WIDTH="16" VPOS="1113" HPOS="748"/>
							<String ID="string_245" HPOS="764" VPOS="1113" WIDTH="25" HEIGHT="21" WC="0.96" CONTENT="af"/><SP WIDTH="12" VPOS="1113" HPOS="789"/>
							<String ID="string_246" HPOS="801" VPOS="1113" WIDTH="86" HEIGHT="21" WC="0.93" CONTENT="landets"/><SP WIDTH="12" VPOS="1113" HPOS="887"/>
							<String ID="string_247" HPOS="899" VPOS="1113" WIDTH="81" HEIGHT="22" WC="0.92" CONTENT="befolk-"/>
						</TextLine>
						<TextLine ID="line_28" HPOS="221" VPOS="1146" WIDTH="758" HEIGHT="29">
							<String ID="string_248" HPOS="221" VPOS="1146" WIDTH="60" HEIGHT="27" WC="0.95" CONTENT="ning,"/><SP WIDTH="23" VPOS="1146" HPOS="281"/>
							<String ID="string_249" HPOS="304" VPOS="1146" WIDTH="52" HEIGHT="22" WC="0.96" CONTENT="eller"/><SP WIDTH="21" VPOS="1146" HPOS="356"/>
							<String ID="string_250" HPOS="377" VPOS="1148" WIDTH="45" HEIGHT="20" WC="0.96" CONTENT="mot"/><SP WIDTH="19" VPOS="1148" HPOS="422"/>
							<String ID="string_251" HPOS="441" VPOS="1147" WIDTH="68" HEIGHT="28" WC="0.96" CONTENT="något"/><SP WIDTH="14" VPOS="1147" HPOS="509"/>
							<String ID="string_252" HPOS="523" VPOS="1147" WIDTH="8" HEIGHT="21" WC="0.96" CONTENT="i"/><SP WIDTH="15" VPOS="1147" HPOS="531"/>
							<String ID="string_253" HPOS="546" VPOS="1147" WIDTH="74" HEIGHT="22" WC="0.96" CONTENT="landet"/><SP WIDTH="18" VPOS="1147" HPOS="620"/>
							<String ID="string_254" HPOS="638" VPOS="1147" WIDTH="120" HEIGHT="22" WC="0.93" CONTENT="bestående"/><SP WIDTH="19" VPOS="1147" HPOS="758"/>
							<String ID="string_255" HPOS="777" VPOS="1147" WIDTH="202" HEIGHT="27" WC="0.91" CONTENT="religionssamfund"/>
						</TextLine>
						<TextLine ID="line_29" HPOS="222" VPOS="1181" WIDTH="758" HEIGHT="28">
							<String ID="string_256" HPOS="222" VPOS="1181" WIDTH="52" HEIGHT="21" WC="0.96" CONTENT="eller"/><SP WIDTH="14" VPOS="1181" HPOS="274"/>
							<String ID="string_257" HPOS="288" VPOS="1183" WIDTH="45" HEIGHT="19" WC="0.96" CONTENT="mot"/><SP WIDTH="15" VPOS="1183" HPOS="333"/>
							<String ID="string_258" HPOS="348" VPOS="1181" WIDTH="55" HEIGHT="22" WC="0.96" CONTENT="visst"/><SP WIDTH="14" VPOS="1181" HPOS="403"/>
							<String ID="string_259" HPOS="417" VPOS="1182" WIDTH="66" HEIGHT="21" WC="0.95" CONTENT="stånd"/><SP WIDTH="15" VPOS="1182" HPOS="483"/>
							<String ID="string_260" HPOS="498" VPOS="1182" WIDTH="51" HEIGHT="21" WC="0.96" CONTENT="eller"/><SP WIDTH="14" VPOS="1182" HPOS="549"/>
							<String ID="string_261" HPOS="563" VPOS="1182" WIDTH="59" HEIGHT="21" WC="0.96" CONTENT="klass"/><SP WIDTH="17" VPOS="1182" HPOS="622"/>
							<String ID="string_262" HPOS="639" VPOS="1182" WIDTH="25" HEIGHT="21" WC="0.96" CONTENT="af"/><SP WIDTH="12" VPOS="1182" HPOS="664"/>
							<String ID="string_263" HPOS="676" VPOS="1181" WIDTH="162" HEIGHT="28" WC="0.96" CONTENT="befolkningen,"/><SP WIDTH="15" VPOS="1181" HPOS="838"/>
							<String ID="string_264" HPOS="853" VPOS="1182" WIDTH="41" HEIGHT="21" WC="0.96" CONTENT="har"/><SP WIDTH="14" VPOS="1182" HPOS="894"/>
							<String ID="string_265" HPOS="908" VPOS="1181" WIDTH="25" HEIGHT="22" WC="0.93" CONTENT="af"/><SP WIDTH="7" VPOS="1181" HPOS="933"/>
							<String ID="string_266" HPOS="940" VPOS="1181" WIDTH="40" HEIGHT="22" WC="0.93" CONTENT="Ut-"/>
						</TextLine>
						<TextLine ID="line_30" HPOS="221" VPOS="1215" WIDTH="760" HEIGHT="29">
							<String ID="string_267" HPOS="221" VPOS="1215" WIDTH="94" HEIGHT="22" WC="0.91" CONTENT="skottets"/><SP WIDTH="15" VPOS="1215" HPOS="315"/>
							<String ID="string_268" HPOS="330" VPOS="1215" WIDTH="71" HEIGHT="22" WC="0.96" CONTENT="flertal"/><SP WIDTH="14" VPOS="1215" HPOS="401"/>
							<String ID="string_269" HPOS="415" VPOS="1215" WIDTH="74" HEIGHT="23" WC="0.93" CONTENT="blifvit"/><SP WIDTH="15" VPOS="1215" HPOS="489"/>
							<String ID="string_270" HPOS="504" VPOS="1215" WIDTH="90" HEIGHT="29" WC="0.91" CONTENT="afböjdt,"/><SP WIDTH="16" VPOS="1215" HPOS="594"/>
							<String ID="string_271" HPOS="610" VPOS="1217" WIDTH="90" HEIGHT="21" WC="0.93" CONTENT="emedan"/><SP WIDTH="12" VPOS="1217" HPOS="700"/>
							<String ID="string_272" HPOS="712" VPOS="1215" WIDTH="155" HEIGHT="28" WC="0.90" CONTENT="lagförslagets"/><SP WIDTH="10" VPOS="1215" HPOS="867"/>
							<String ID="string_273" HPOS="877" VPOS="1216" WIDTH="104" HEIGHT="27" WC="0.91" CONTENT="stadgan-"/>
						</TextLine>
						<TextLine ID="line_31" HPOS="222" VPOS="1249" WIDTH="758" HEIGHT="30">
							<String ID="string_274" HPOS="222" VPOS="1250" WIDTH="42" HEIGHT="21" WC="0.96" CONTENT="den"/><SP WIDTH="15" VPOS="1250" HPOS="264"/>
							<String ID="string_275" HPOS="279" VPOS="1256" WIDTH="33" HEIGHT="15" WC="0.96" CONTENT="om"/><SP WIDTH="14" VPOS="1256" HPOS="312"/>
							<String ID="string_276" HPOS="326" VPOS="1249" WIDTH="64" HEIGHT="22" WC="0.96" CONTENT="straff"/><SP WIDTH="12" VPOS="1249" HPOS="390"/>
							<String ID="string_277" HPOS="402" VPOS="1250" WIDTH="35" HEIGHT="21" WC="0.96" CONTENT="för"/><SP WIDTH="13" VPOS="1250" HPOS="437"/>
							<String ID="string_278" HPOS="450" VPOS="1251" WIDTH="94" HEIGHT="27" WC="0.96" CONTENT="upplopp"/><SP WIDTH="16" VPOS="1251" HPOS="544"/>
							<String ID="string_279" HPOS="560" VPOS="1251" WIDTH="38" HEIGHT="21" WC="0.96" CONTENT="och"/><SP WIDTH="16" VPOS="1251" HPOS="598"/>
							<String ID="string_280" HPOS="614" VPOS="1251" WIDTH="97" HEIGHT="28" WC="0.96" CONTENT="offentlig"/><SP WIDTH="16" VPOS="1251" HPOS="711"/>
							<String ID="string_281" HPOS="727" VPOS="1251" WIDTH="134" HEIGHT="27" WC="0.96" CONTENT="uppmaning"/><SP WIDTH="14" VPOS="1251" HPOS="861"/>
							<String ID="string_282" HPOS="875" VPOS="1251" WIDTH="33" HEIGHT="21" WC="0.96" CONTENT="till"/><SP WIDTH="13" VPOS="1251" HPOS="908"/>
							<String ID="string_283" HPOS="921" VPOS="1251" WIDTH="59" HEIGHT="22" WC="0.96" CONTENT="brott"/>
						</TextLine>
						<TextLine ID="line_32" HPOS="220" VPOS="1285" WIDTH="322" HEIGHT="28">
							<String ID="string_284" HPOS="220" VPOS="1291" WIDTH="28" HEIGHT="15" WC="0.96" CONTENT="m."/><SP WIDTH="15" VPOS="1291" HPOS="248"/>
							<String ID="string_285" HPOS="263" VPOS="1292" WIDTH="27" HEIGHT="14" WC="0.92" CONTENT="m."/><SP WIDTH="16" VPOS="1292" HPOS="290"/>
							<String ID="string_286" HPOS="306" VPOS="1286" WIDTH="83" HEIGHT="21" WC="0.96" CONTENT="ansetts"/><SP WIDTH="14" VPOS="1286" HPOS="389"/>
							<String ID="string_287" HPOS="403" VPOS="1285" WIDTH="139" HEIGHT="28" WC="0.96" CONTENT="tillräckliga."/>
						</TextLine>
					</TextBlock>
				</ComposedBlock>
				<ComposedBlock ID="cblock_3" HPOS="478" VPOS="1367" WIDTH="244" HEIGHT="27">
					<TextBlock ID="block_6" HPOS="478" VPOS="1367" WIDTH="244" HEIGHT="27">
						<TextLine ID="line_33" HPOS="478" VPOS="1367" WIDTH="244" HEIGHT="27">
							<String ID="string_288" HPOS="478" VPOS="1367" WIDTH="46" HEIGHT="21" WC="0.95" CONTENT="17"/><SP WIDTH="17" VPOS="1367" HPOS="524"/>
							<String ID="string_289" HPOS="541" VPOS="1367" WIDTH="181" HEIGHT="27" WC="0.94" CONTENT="Kapitlet."/>
						</TextLine>
					</TextBlock>
				</ComposedBlock>
				<ComposedBlock ID="cblock_4" HPOS="218" VPOS="1422" WIDTH="760" HEIGHT="65">
					<TextBlock ID="block_7" HPOS="218" VPOS="1422" WIDTH="760" HEIGHT="65">
						<TextLine ID="line_34" HPOS="288" VPOS="1422" WIDTH="690" HEIGHT="30">
							<String ID="string_290" HPOS="288" VPOS="1423" WIDTH="9" HEIGHT="23" WC="0.96" CONTENT="1"/><SP WIDTH="20" VPOS="1423" HPOS="297"/>
							<String ID="string_291" HPOS="317" VPOS="1424" WIDTH="39" HEIGHT="21" WC="0.96" CONTENT="och"/><SP WIDTH="19" VPOS="1424" HPOS="356"/>
							<String ID="string_292" HPOS="375" VPOS="1422" WIDTH="13" HEIGHT="23" WC="0.96" CONTENT="2"/><SP WIDTH="20" VPOS="1422" HPOS="388"/>
							<String ID="string_293" HPOS="408" VPOS="1424" WIDTH="35" HEIGHT="26" WC="0.82" CONTENT="88."/><SP WIDTH="29" VPOS="1424" HPOS="443"/>
							<String ID="string_294" HPOS="472" VPOS="1424" WIDTH="65" HEIGHT="22" WC="0.96" CONTENT="Emot"/><SP WIDTH="18" VPOS="1424" HPOS="537"/>
							<String ID="string_295" HPOS="555" VPOS="1424" WIDTH="42" HEIGHT="22" WC="0.97" CONTENT="den"/><SP WIDTH="17" VPOS="1424" HPOS="597"/>
							<String ID="string_296" HPOS="614" VPOS="1424" WIDTH="8" HEIGHT="22" WC="0.96" CONTENT="i"/><SP WIDTH="16" VPOS="1424" HPOS="622"/>
							<String ID="string_297" HPOS="638" VPOS="1426" WIDTH="11" HEIGHT="20" WC="0.92" CONTENT="1"/><SP WIDTH="16" VPOS="1426" HPOS="649"/>
							<String ID="string_298" HPOS="665" VPOS="1424" WIDTH="13" HEIGHT="28" WC="0.91" CONTENT="&amp;"/><SP WIDTH="15" VPOS="1424" HPOS="678"/>
							<String ID="string_299" HPOS="693" VPOS="1423" WIDTH="176" HEIGHT="23" WC="0.93" CONTENT="förekommande"/><SP WIDTH="18" VPOS="1423" HPOS="869"/>
							<String ID="string_300" HPOS="887" VPOS="1423" WIDTH="91" HEIGHT="22" WC="0.92" CONTENT="bestäm-"/>
						</TextLine>
						<TextLine ID="line_35" HPOS="218" VPOS="1457" WIDTH="759" HEIGHT="30">
							<String ID="string_301" HPOS="218" VPOS="1457" WIDTH="82" HEIGHT="29" WC="0.96" CONTENT="ningen"/><SP WIDTH="22" VPOS="1457" HPOS="300"/>
							<String ID="string_302" HPOS="322" VPOS="1460" WIDTH="34" HEIGHT="20" WC="0.95" CONTENT="att"/><SP WIDTH="21" VPOS="1460" HPOS="356"/>
							<String ID="string_303" HPOS="377" VPOS="1458" WIDTH="71" HEIGHT="22" WC="0.96" CONTENT="vittne"/><SP WIDTH="23" VPOS="1458" HPOS="448"/>
							<String ID="string_304" HPOS="471" VPOS="1459" WIDTH="51" HEIGHT="21" WC="0.96" CONTENT="eller"/><SP WIDTH="22" VPOS="1459" HPOS="522"/>
							<String ID="string_305" HPOS="544" VPOS="1459" WIDTH="128" HEIGHT="28" WC="0.96" CONTENT="sakkunnig,"/><SP WIDTH="24" VPOS="1459" HPOS="672"/>
							<String ID="string_306" HPOS="696" VPOS="1465" WIDTH="45" HEIGHT="15" WC="0.96" CONTENT="som"/><SP WIDTH="20" VPOS="1465" HPOS="741"/>
							<String ID="string_307" HPOS="761" VPOS="1458" WIDTH="139" HEIGHT="28" WC="0.96" CONTENT="uppsåtligen"/><SP WIDTH="14" VPOS="1458" HPOS="900"/>
							<String ID="string_308" HPOS="914" VPOS="1458" WIDTH="8" HEIGHT="22" WC="0.96" CONTENT="i"/><SP WIDTH="14" VPOS="1458" HPOS="922"/>
							<String ID="string_309" HPOS="936" VPOS="1458" WIDTH="41" HEIGHT="22" WC="0.90" CONTENT="sak"/>
						</TextLine>
					</TextBlock>
				</ComposedBlock>
			</PrintSpace>
		</Page>
	</Layout>
</alto>
