1086 1717
336 139 67 27 UB:
454 135 67 42 Prop.
537 143 44 23 N:o
590 140 35 26 32.
802 144 13 21 T

100 209 34 20 ett:
155 207 97 28 verkligt"
274 207 74 21 behof
364 204 108 31 påkallad
481 204 54 24 "och
551 213 34 15 om
601 207 55 21 icke:
666 207 104 21 fästmera
785 206 61 22 dettå

99 242 72 22 behof
189 242 73 22 bättre
282 241 69 28 fylles
373 245 80 24 genom
473 237 150 36 uppkomsten
638 241 26 21 af
676 241 84 21 tindre
775 241 72 21 lokal-

101 277 91 27 banker,
214 276 51 21 med
288 278 32 19 ett
342 271 61 27 mera
425 276 127 27 begränsad
574 275 199 22 verksämhetsfält.
788 267 14 41 '
809 275 39 21 Då

99 311 113 21 dessutom
223 310 157 22 'erfarenheten
396 310 61 21 visat
470 312 32 19 att
517 310 27 21 de
562 310 69 21 redan
646 310 119 21 bestående
777 310 68 21 större

101 344 115 23 bankertia
229 344 71 22 icke
294 336 8 41 '
313 342 35 24 för
371 344 34 22 sin
421 344 98 22 existens
535 347 37 19 äro
587 344 152 22 beroende:
712 336 24 41 af
747 340 103 26 sedeliit-:

102 375 142 32 gifningsrätt
260 381 65 25 utan,
336 380 93 20 tvärtom
446 379 37 21 väl
498 379 86 21 kunnat
597 378 103 22 utveckla
708 378 34 28 sig
750 379 40 21 och
798 378 50 22 trif-

102 420 40 15 vas
153 412 63 24 utan
225 416 27 19 en
261 414 70 28 dylik,
339 413 41 22 har
388 413 113 22 Utskottet
510 413 36 22 uti
552 413 43 21 allt
604 413 60 22 detta
672 412 71 22 funnit
756 413 50 21 skäl
814 414 32 20 att

103 448 50 22 icke
169 448 79 27 frångå
257 448 42 21 den
309 448 51 21 nåd.
367 447 179 28 pröpositionens
554 447 85 28 förslag
648 447 7 21 i
662 447 63 22 detta
735 447 110 22 afseende.

171 482 44 21 För
236 481 36 22 sin
294 482 58 27 åsigt
372 481 41 22 har
428 481 114 22 Utskottet
557 481 81 21 hemtat
653 481 128 28 ytterligare
797 481 51 22 stöd

102 515 33 22 uti
151 516 40 21 den
208 516 192 27 omständigheten
410 517 38 20 att
463 515 65 22 äfven
542 515 8 21 i
564 515 101 21 utlandet
678 513 167 29 lagstiftningen

103 556 46 15 mer
171 550 40 21 och
234 556 46 15 mer
295 550 83 27 begynt
393 549 102 28 tillimpa
510 549 146 28 grundsatsen
671 555 35 15 om
721 549 124 22 :sedelemis-

102 583 90 22 sionens
207 584 172 27 koncentrering
394 582 41 33 los
450 583 154 22 statsbanken.
626 583 94 28 Länder,
731 589 45 16 som
787 583 60 22 förut

102 620 46 25 egt:
162 618 52 22 flere:
236 618 191 28 sedelutgifvande
443 617 92 28 banker,
550 618 67 21 hafva
632 616 93 23 sålunda
741 618 104 27 antingen

105 652 132 28 öfverflyttat
260 653 52 21 hela
329 652 259 27 sedelutgifningsrätten
603 653 30 26 pä
648 658 27 15 en
691 652 25 21 af
729 652 47 21 dem
793 652 54 21 eller

103 687 44 21 ock
160 687 138 28 "visserligen
314 686 114 28 medgifvit
443 686 189 28 privatbankerna
647 686 70 22 sådan
732 688 49 25 rätt,
797 692 48 15 men

104 721 78 22 dervid
196 721 26 21 sä
236 721 121 28 begränsat
371 717 130 25 densamma
517 723 31 19 att
566 721 41 21 den
622 721 73 21 blifvit
709 723 79 19 nästan
797 720 50 21 fall-

105 755 93 28 komligt
213 755 119 22 illusorisk.
362 755 13 21 I
389 755 60 21 detta
464 755 104 21 afseende
582 754 114 22 meddelar
711 755 36 21 det
755 755 25 21 af
785 760 62 16 sven-

104 789 33 22 ka
143 789 166 22 'bankkomitön
318 789 24 22 är
352 789 55 22 1883
415 789 102 28 afgifvna
525 789 148 27 betänkande,
682 789 114 28 angående
804 789 43 21 för-

105 823 86 22 ändrad
206 823 151 28 organisation
373 823 24 22 af
409 823 147 27 riksbanken,
571 823 134 22 intressanta
720 823 128 28 upplysnin-

103 858 105 27 gar.
173 853 13 37 —
193 853 13 37 I
220 857 125 22 Frankrike
358 857 58 22 hade
431 857 72 22 under
517 857 53 22 åren
586 857 141 22 1818—1848
733 857 68 28 jemte
810 863 38 15 na-

105 891 160 22 tionalbanken
288 891 84 22 funnits
382 887 10 36 :
395 891 37 21 nio
455 891 191 28 sedelutgifvande
669 891 179 28 provinsbanker.

105 925 113 22 Försedda
226 925 50 22 med
281 925 164 28 jemförelsevis
453 932 70 21 svaga
532 925 150 28 grundfonder
690 926 89 27 spelade
785 925 65 22 dessa

107 959 72 28 aldrig
205 959 74 28 någon
304 960 60 21 mera
391 960 151 22 framstående
569 960 47 21 roll.
647 959 75 23 Under
748 960 43 21 den
813 965 36 22 ge

107 1001 50 14 nom
171 1009 3 2 .
183 994 63 21 1848:
262 994 36 22 års
320 994 123 21 revolution
466 994 149 21 framkallade
637 994 116 22 finansiela
772 993 77 22 krisen

106 1028 73 22 blefvo
195 1028 27 21 de
228 1028 126 28 upphäfda
366 1029 41 21 och
423 1028 106 22 förenade
543 1029 51 20 med
607 1029 179 21 centralbanken.
803 1028 46 21 Och

105 1062 38 21 dä:
158 1063 24 20 år
206 1062 56 22 "1865
284 1063 219 27 enbankssystemets
526 1063 153 28 berättigande
700 1063 7 21 i
723 1063 60 21 detta
797 1062 54 22 land

107 1099 69 19 sattes
190 1097 8 21 i
213 1097 71 28 fräga,
300 1097 99 21 uttalade
415 1097 36 28 sig
467 1097 163 22 affärsmännen
644 1097 41 22 och
695 1097 154 22 handelskam-

106 1137 66 15 rarne
179 1130 50 23 med
237 1134 45 19 stor
289 1131 112 28 majoritet
409 1131 34 22 för
453 1131 52 22 dess
513 1131 163 22 bibehållande:
682 1144 28 4 —
717 1132 11 21 I
735 1131 116 28 Tyskland

108 1165 133 22 faststäldes
252 1172 79 21 genom
347 1172 27 15 en
389 1166 102 27 banklag
501 1166 25 21 af
534 1166 25 21 är
564 1166 58 21 1875
630 1166 37 21 det
676 1166 80 28 högsta
763 1165 88 22 tillåtna

107 1199 105 28 beloppet
227 1199 33 22 af
280 1199 122 22 metalliskt
421 1199 121 22 obetäckta
556 1200 69 21 sedlar
637 1200 42 21 till
693 1200 42 22 385
749 1200 102 27 miljoner

108 1233 117 28 riksmark,
240 1234 82 21 hvaraf
334 1234 43 21 250
392 1234 103 28 miljoner
503 1234 92 28 medgaf
600 1234 135 22 riksbanken
744 1234 42 21 och
795 1234 56 21 äter-

104 1267 82 22 "stoden
197 1268 5 21 i
216 1263 118 38 trettiotvå:
353 1268 108 22 särskilda
477 1271 75 25 poster
566 1268 145 22 tillerkändes
726 1269 72 27 öfriga
812 1267 39 22 vid

109 1302 77 28 lagens
201 1302 134 22 utfärdande
359 1303 7 21 i
389 1303 67 28 tyska
481 1304 59 20 riket
553 1303 125 27 befintliga
698 1302 153 22 sedelbanker.

107 1335 37 23 De
156 1336 172 28 bestämmelser,
343 1336 77 22 hviika
435 1337 28 21 de
479 1337 103 22 enskilda
597 1337 90 27 banker,
695 1344 46 14 som
753 1336 55 22 ville
814 1336 37 22 be-

107 1369 68 23 källa
186 1370 34 22 sin:
235 1371 238 28 sedelutgifningsrätt,
490 1372 71 21 måste
574 1372 134 21 underkasta
716 1371 40 28 sig,
765 1370 87 22 vållade

107 1404 127 22 emellertid:
247 1407 33 19 att
292 1406 22 27 ej
330 1406 85 21 mindre
431 1408 29 29 än
476 1406 81 27 fjorton
566 1408 78 25 genast
654 1405 85 22 afstodo
748 1404 104 23 derifrän.

153 1456 3 1 -
178 1444 154 19 Bankuiskoltets
345 1445 115 18 betänkande
472 1446 37 17 N:o
522 1446 16 17 4.
