1086 1717
74 218 23 20 16
109 217 92 23 Kapitlet.

242 150 28 20 82
448 149 24 22 U.
488 148 23 22 B.
528 161 26 3 —
570 149 65 28 Prop.
652 149 37 22 N:o
705 148 34 22 39.

283 214 38 22 Om
340 214 63 22 straff
415 214 34 22 för
465 215 135 27 tjensteman,
616 214 87 22 hvilken
718 214 68 28 begår
801 214 64 27 brott,
881 219 44 16 som
940 218 29 16 nu

212 251 25 19 är
252 249 72 27 sagdt,
340 249 91 28 stadgas
445 249 8 21 i
468 251 27 19 40
511 249 51 27 kap.

281 282 22 23 13
319 284 20 26 8.
368 284 74 21 Såsom
458 284 8 21 i
480 284 51 23 nåd.
546 290 60 21 prop.

281 317 23 22 14
320 319 20 25 8.
369 318 83 27 Gifver,
473 318 93 22 utfäster
582 318 48 22 eller
645 318 95 27 erbjuder
755 318 72 27 någon
843 317 24 21 åt
881 316 87 28 tjenste-

211 358 50 16 man
277 352 51 22 eller
344 359 70 15 annan
429 353 68 21 sådan
512 359 83 21 person,
611 358 44 16 som
671 352 7 21 i
695 354 10 19 1
722 353 13 24 $
750 354 95 23 nämnes,
861 353 59 19 muta
935 350 33 22 för

212 388 34 20 att
268 386 68 22 förmå
360 388 75 21 honom
455 389 34 20 att
508 387 7 21 i
533 387 84 27 sysslän
638 388 58 20 orätt
718 386 87 27 främja;
821 386 84 22 straffes
920 385 48 21 med

212 421 97 28 fängelse
324 422 8 21 i
346 422 64 28 högst
426 424 33 20 tre
476 422 103 22 mänader
597 422 52 21 eller
667 422 61 21 böter
738 422 19 27 ej
771 421 60 22 öfver
841 420 127 23 femhundra

211 457 69 27 mark,
296 457 40 21 och
350 458 59 20 muta
424 463 51 16 vare
491 456 119 22 förbruten.

281 490 73 23 15—19
370 492 34 25 $$.
433 491 58 22 Lika
505 491 48 22 med
568 491 50 22 nåd.
633 497 60 21 prop.

282 525 28 23 20
326 527 19 25 &.
367 526 67 27 Hvar,
450 532 45 15 som
505 528 36 19 vet
551 525 154 28 högtörräderi,
716 525 174 22 landsförräderi,
901 525 65 26 mord,

212 561 46 27 rän,
276 561 46 21 eller
338 561 59 26 brott,
414 568 45 14 som
474 562 88 20 nämnes
578 561 8 20 i
602 562 28 19 34
645 561 54 26 kap.,
716 561 47 20 eller
777 561 9 20 i
799 561 19 25 1,
834 562 16 19 2
865 560 47 21 eler
926 562 14 19 4
954 561 14 24 $

214 596 30 20 37
269 595 47 26 kap.
343 595 13 21 &
382 594 62 22 färde
470 601 59 18 vara,
556 601 48 15 men
631 594 129 27 underlåter,
783 594 77 21 medan
887 595 80 20 brottet

212 631 58 20 ännu
284 629 44 22 kan
343 629 148 27 förekommas,
508 631 33 20 att
556 629 72 22 derom
638 629 8 22 i
658 629 32 22 tid
703 629 127 21 underrätta
842 629 125 27 myndighet

212 664 53 21 eller
287 664 47 26 den,
358 670 43 15 som
423 665 62 21 hotas
509 664 24 21 af
551 664 87 27 brottet,
659 663 91 27 straffes,
770 670 31 15 om
820 663 80 22 brottet
915 663 52 22 eller

212 698 112 22 straffbart
341 698 73 22 försök
437 699 72 22 dertill
523 699 56 27 sker,
596 699 48 21 med
659 698 96 28 fängelse
771 698 7 21 i
793 699 64 26 högst
872 704 37 15 sex
924 698 43 21 mä-

212 733 68 22 nader
294 733 53 22 eller
361 733 68 22 böter.

282 769 12 20 2
310 773 61 16 mom.
385 767 46 22 lika
446 767 48 22 med
509 767 50 22 näd.
575 774 59 21 prop.

282 801 22 23 21
319 802 19 29 8.
367 802 47 21 Har
429 803 78 26 någon,
523 802 67 21 sedan
605 803 43 21 han
663 802 43 22 fått
721 804 51 20 veta
785 803 34 20 att
829 801 58 22 brott
897 801 68 22 timat.

213 837 45 22 dolt
280 837 52 22 eller
354 837 69 27 hulpit
446 839 34 20 att
495 837 59 27 dölja
568 837 136 27 förbrytaren
720 837 52 21 eller
787 836 112 22 befordrat
913 837 53 20 hans

212 872 55 27 flykt
286 871 52 22 eller
352 871 57 22 varit
424 871 76 22 honom
514 871 118 28 behjelplig
646 871 33 22 till
696 871 99 27 döljande
811 871 25 21 af
849 871 118 27 gerningen

212 906 53 22 eller
280 905 177 28 undanrödjande
472 905 25 22 af
511 906 59 22 bevis
585 906 82 26 derom;
678 905 84 22 straffes
773 905 48 22 med
831 906 62 21 böter
904 906 64 27 högst

212 940 128 22 femhundra
354 941 61 20 mark
431 940 52 22 eller
498 940 97 27 fängelse
611 941 19 27 ej
647 940 61 21 öfver
722 942 33 19 ett
770 941 31 20 år.
831 940 79 27 Gjorde
925 940 42 21 han

213 975 37 21 det
272 974 33 21 för
325 981 53 21 egen
393 975 100 27 vinning;
509 981 52 16 vare
576 975 84 22 straffet
674 975 97 27 fängelse
787 975 7 20 i
809 975 64 26 högst
887 975 39 21 tvä
942 975 25 20 är

212 1009 53 22 eller
284 1009 67 22 böter.
380 1009 27 28 Ej
429 1010 35 21 mä
480 1010 53 21 dock
548 1009 84 22 straffet
647 1011 69 20 sättas
732 1009 66 27 högre
814 1011 28 20 än
858 1009 39 21 den
912 1009 55 27 skyl-

212 1045 47 26 dige
274 1045 80 20 kunnat
369 1045 88 20 ädömas
472 1043 34 22 för
520 1044 106 27 medhjelp
641 1044 34 21 till
690 1044 87 21 brottet.

281 1078 69 22 Straff
361 1078 69 28 enligt
445 1079 71 21 denna
533 1078 12 29 &
561 1079 34 21 mä
610 1079 68 21 likväl
693 1079 19 26 ej
729 1078 94 27 ädömas,
840 1078 37 21 der
892 1078 74 21 brottet

211 1116 25 19 är
251 1115 66 26 något
332 1114 27 27 af
369 1113 51 27 dem,
436 1120 46 15 som
498 1113 134 27 omförmälas
647 1113 9 21 i
670 1115 33 24 41,
719 1114 36 25 42,
770 1114 31 19 43
816 1113 35 20 och
861 1113 28 20 44
899 1112 67 27 kapit-

211 1149 44 26 len;
277 1149 19 26 e
310 1148 61 21 heller
385 1147 72 28 någon
473 1147 25 22 af
511 1147 26 22 de
552 1147 8 22 i
575 1150 12 19 2
603 1154 60 15 mom.
679 1147 25 22 af
718 1149 26 19 20
760 1147 12 28 &
787 1146 94 22 nämnda
895 1153 71 20 perso-

210 1189 44 21 ner,
272 1182 51 22 eller
338 1182 47 27 den,
401 1184 57 20 emot
473 1182 87 22 hvilken
576 1183 80 21 brottet
671 1182 72 21 blifvit
758 1181 117 28 begänget.

279 1216 28 22 22
322 1216 19 29 &.
370 1217 54 27 Den,
440 1223 45 15 som
500 1217 137 27 uppsåtligen
653 1216 93 22 förleder
757 1216 51 21 eller
818 1216 83 27 hjelper
910 1215 55 21 finsk

210 1251 52 22 eller
276 1251 52 27 rysk
343 1251 110 28 krigsman
469 1253 34 20 att
513 1258 87 20 rymma,
612 1252 47 21 eller
670 1252 63 27 döljer
743 1251 40 21 den
793 1250 78 28 rymde,
882 1249 84 22 straftes

209 1286 49 22 med
284 1285 98 28 fängelse
404 1285 7 22 i
432 1286 65 27 högst
521 1292 38 16 sex
581 1285 103 22 månader
706 1285 52 22 eller
780 1285 61 21 böter
863 1284 19 27 ej
906 1284 60 22 öfver

209 1320 127 22 femhundra
351 1321 67 21 mark.

278 1354 26 24 23
320 1355 40 21 och
374 1354 29 22 24
417 1355 32 29 $8.
480 1355 56 21 Lika
550 1355 48 21 med
614 1355 50 21 nåd.
680 1361 59 21 prop.
