<?xml version="1.0" encoding="UTF-8"?>
<alto xmlns="http://www.loc.gov/standards/alto/ns-v3#" xmlns:xlink="http://www.w3.org/1999/xlink" xmlns:xsi="http://www.w3.org/2001/XMLSchema-instance" xsi:schemaLocation="http://www.loc.gov/standards/alto/ns-v3# http://www.loc.gov/alto/v3/alto-3-0.xsd">
	<Description>
		<MeasurementUnit>pixel</MeasurementUnit>
		<sourceImageInformation>
			<fileName>/tmp/tess_rkjklmz5_input.PNG</fileName>
		</sourceImageInformation>
		<OCRProcessing ID="OCR_0">
			<ocrProcessingStep>
				<processingSoftware>
					<softwareName>tesseract 5.3.4</softwareName>
				</processingSoftware>
			</ocrProcessingStep>
		</OCRProcessing>
	</Description>
	<Layout>
		<Page WIDTH="1086" HEIGHT="1717" PHYSICAL_IMG_NR="0" ID="page_0">
			<PrintSpace HPOS="0" VPOS="0" WIDTH="1086" HEIGHT="1717">
				<GraphicalElement ID="cblock_0" HPOS="0" VPOS="24" WIDTH="6" HEIGHT="1010"></GraphicalElement >
				<ComposedBlock ID="cblock_1" HPOS="256" VPOS="144" WIDTH="392" HEIGHT="24">
					<TextBlock ID="block_0" HPOS="256" VPOS="144" WIDTH="392" HEIGHT="24">
						<TextLine ID="line_0" HPOS="256" VPOS="144" WIDTH="392" HEIGHT="24">
							<String ID="string_0" HPOS="256" VPOS="146" WIDTH="26" HEIGHT="20" WC="0.96" CONTENT="16"/><SP WIDTH="275" VPOS="146" HPOS="282"/>
							<String ID="string_1" HPOS="557" VPOS="144" WIDTH="41" HEIGHT="24" WC="0.93" CONTENT="N:o"/><SP WIDTH="14" VPOS="144" HPOS="598"/>
							<String ID="string_2" HPOS="612" VPOS="145" WIDTH="36" HEIGHT="22" WC="0.96" CONTENT="36."/>
						</TextLine>
					</TextBlock>
				</ComposedBlock>
				<ComposedBlock ID="cblock_2" HPOS="220" VPOS="206" WIDTH="762" HEIGHT="1267">
					<TextBlock ID="block_1" HPOS="223" VPOS="206" WIDTH="759" HEIGHT="166">
						<TextLine ID="line_1" HPOS="225" VPOS="206" WIDTH="757" HEIGHT="30">
							<String ID="string_3" HPOS="225" VPOS="206" WIDTH="73" HEIGHT="28" WC="0.96" CONTENT="brott;"/><SP WIDTH="24" VPOS="206" HPOS="298"/>
							<String ID="string_4" HPOS="322" VPOS="206" WIDTH="60" HEIGHT="22" WC="0.96" CONTENT="skall"/><SP WIDTH="22" VPOS="206" HPOS="382"/>
							<String ID="string_5" HPOS="404" VPOS="207" WIDTH="39" HEIGHT="22" WC="0.96" CONTENT="det"/><SP WIDTH="22" VPOS="207" HPOS="443"/>
							<String ID="string_6" HPOS="465" VPOS="207" WIDTH="73" HEIGHT="26" WC="0.93" CONTENT="straff,"/><SP WIDTH="16" VPOS="207" HPOS="538"/>
							<String ID="string_7" HPOS="554" VPOS="214" WIDTH="51" HEIGHT="15" WC="0.96" CONTENT="som"/><SP WIDTH="15" VPOS="214" HPOS="605"/>
							<String ID="string_8" HPOS="620" VPOS="211" WIDTH="26" HEIGHT="18" WC="0.93" CONTENT="är"/><SP WIDTH="14" VPOS="211" HPOS="646"/>
							<String ID="string_9" HPOS="660" VPOS="209" WIDTH="126" HEIGHT="27" WC="0.91" CONTENT="strängast,"/><SP WIDTH="15" VPOS="209" HPOS="786"/>
							<String ID="string_10" HPOS="801" VPOS="208" WIDTH="64" HEIGHT="28" WC="0.96" CONTENT="eller,"/><SP WIDTH="17" VPOS="208" HPOS="865"/>
							<String ID="string_11" HPOS="882" VPOS="216" WIDTH="37" HEIGHT="14" WC="0.96" CONTENT="om"/><SP WIDTH="15" VPOS="216" HPOS="919"/>
							<String ID="string_12" HPOS="934" VPOS="208" WIDTH="48" HEIGHT="22" WC="0.95" CONTENT="alla"/>
						</TextLine>
						<TextLine ID="line_2" HPOS="224" VPOS="240" WIDTH="757" HEIGHT="31">
							<String ID="string_13" HPOS="224" VPOS="240" WIDTH="94" HEIGHT="22" WC="0.93" CONTENT="brotten"/><SP WIDTH="14" VPOS="240" HPOS="318"/>
							<String ID="string_14" HPOS="332" VPOS="241" WIDTH="101" HEIGHT="29" WC="0.92" CONTENT="förtjena"/><SP WIDTH="14" VPOS="241" HPOS="433"/>
							<String ID="string_15" HPOS="447" VPOS="241" WIDTH="50" HEIGHT="22" WC="0.96" CONTENT="lika"/><SP WIDTH="16" VPOS="241" HPOS="497"/>
							<String ID="string_16" HPOS="513" VPOS="242" WIDTH="73" HEIGHT="28" WC="0.94" CONTENT="straff,"/><SP WIDTH="16" VPOS="242" HPOS="586"/>
							<String ID="string_17" HPOS="602" VPOS="242" WIDTH="65" HEIGHT="22" WC="0.96" CONTENT="detta"/><SP WIDTH="11" VPOS="242" HPOS="667"/>
							<String ID="string_18" HPOS="678" VPOS="242" WIDTH="70" HEIGHT="22" WC="0.95" CONTENT="straff"/><SP WIDTH="10" VPOS="242" HPOS="748"/>
							<String ID="string_19" HPOS="758" VPOS="241" WIDTH="126" HEIGHT="30" WC="0.93" CONTENT="tillämpas,"/><SP WIDTH="11" VPOS="241" HPOS="884"/>
							<String ID="string_20" HPOS="895" VPOS="243" WIDTH="8" HEIGHT="21" WC="0.93" CONTENT="i"/><SP WIDTH="10" VPOS="243" HPOS="903"/>
							<String ID="string_21" HPOS="913" VPOS="242" WIDTH="68" HEIGHT="22" WC="0.90" CONTENT="hvar-"/>
						</TextLine>
						<TextLine ID="line_3" HPOS="224" VPOS="274" WIDTH="758" HEIGHT="32">
							<String ID="string_22" HPOS="224" VPOS="274" WIDTH="56" HEIGHT="22" WC="0.96" CONTENT="dera"/><SP WIDTH="14" VPOS="274" HPOS="280"/>
							<String ID="string_23" HPOS="294" VPOS="276" WIDTH="68" HEIGHT="21" WC="0.91" CONTENT="fallet"/><SP WIDTH="14" VPOS="276" HPOS="362"/>
							<String ID="string_24" HPOS="376" VPOS="276" WIDTH="80" HEIGHT="22" WC="0.91" CONTENT="tillökt"/><SP WIDTH="14" VPOS="276" HPOS="456"/>
							<String ID="string_25" HPOS="470" VPOS="276" WIDTH="55" HEIGHT="22" WC="0.96" CONTENT="med"/><SP WIDTH="14" VPOS="276" HPOS="525"/>
							<String ID="string_26" HPOS="539" VPOS="276" WIDTH="73" HEIGHT="22" WC="0.96" CONTENT="minst"/><SP WIDTH="14" VPOS="276" HPOS="612"/>
							<String ID="string_27" HPOS="626" VPOS="276" WIDTH="99" HEIGHT="28" WC="0.96" CONTENT="hälften,"/><SP WIDTH="16" VPOS="276" HPOS="725"/>
							<String ID="string_28" HPOS="741" VPOS="276" WIDTH="61" HEIGHT="22" WC="0.96" CONTENT="dock"/><SP WIDTH="15" VPOS="276" HPOS="802"/>
							<String ID="string_29" HPOS="817" VPOS="277" WIDTH="21" HEIGHT="29" WC="0.96" CONTENT="ej"/><SP WIDTH="16" VPOS="277" HPOS="838"/>
							<String ID="string_30" HPOS="854" VPOS="278" WIDTH="53" HEIGHT="21" WC="0.96" CONTENT="med"/><SP WIDTH="14" VPOS="278" HPOS="907"/>
							<String ID="string_31" HPOS="921" VPOS="277" WIDTH="61" HEIGHT="21" WC="0.92" CONTENT="fulla"/>
						</TextLine>
						<TextLine ID="line_4" HPOS="223" VPOS="309" WIDTH="759" HEIGHT="31">
							<String ID="string_32" HPOS="223" VPOS="309" WIDTH="117" HEIGHT="30" WC="0.96" CONTENT="beloppen"/><SP WIDTH="15" VPOS="309" HPOS="340"/>
							<String ID="string_33" HPOS="355" VPOS="310" WIDTH="26" HEIGHT="22" WC="0.96" CONTENT="af"/><SP WIDTH="21" VPOS="310" HPOS="381"/>
							<String ID="string_34" HPOS="402" VPOS="310" WIDTH="28" HEIGHT="22" WC="0.96" CONTENT="de"/><SP WIDTH="23" VPOS="310" HPOS="430"/>
							<String ID="string_35" HPOS="453" VPOS="310" WIDTH="72" HEIGHT="28" WC="0.94" CONTENT="straff,"/><SP WIDTH="23" VPOS="310" HPOS="525"/>
							<String ID="string_36" HPOS="548" VPOS="310" WIDTH="83" HEIGHT="23" WC="0.93" CONTENT="hvilka"/><SP WIDTH="22" VPOS="310" HPOS="631"/>
							<String ID="string_37" HPOS="653" VPOS="311" WIDTH="14" HEIGHT="21" WC="0.81" CONTENT="å"/><SP WIDTH="15" VPOS="311" HPOS="667"/>
							<String ID="string_38" HPOS="682" VPOS="310" WIDTH="30" HEIGHT="22" WC="0.96" CONTENT="de"/><SP WIDTH="15" VPOS="310" HPOS="712"/>
							<String ID="string_39" HPOS="727" VPOS="310" WIDTH="77" HEIGHT="30" WC="0.96" CONTENT="öfriga"/><SP WIDTH="14" VPOS="310" HPOS="804"/>
							<String ID="string_40" HPOS="818" VPOS="311" WIDTH="94" HEIGHT="22" WC="0.96" CONTENT="brotten"/><SP WIDTH="15" VPOS="311" HPOS="912"/>
							<String ID="string_41" HPOS="927" VPOS="312" WIDTH="55" HEIGHT="22" WC="0.96" CONTENT="bort"/>
						</TextLine>
						<TextLine ID="line_5" HPOS="224" VPOS="344" WIDTH="64" HEIGHT="28">
							<String ID="string_42" HPOS="224" VPOS="344" WIDTH="64" HEIGHT="28" WC="0.96" CONTENT="följa."/>
						</TextLine>
					</TextBlock>
					<TextBlock ID="block_2" HPOS="222" VPOS="374" WIDTH="759" HEIGHT="131">
						<TextLine ID="line_6" HPOS="292" VPOS="374" WIDTH="689" HEIGHT="34">
							<String ID="string_43" HPOS="292" VPOS="380" WIDTH="14" HEIGHT="22" WC="0.82" CONTENT="5"/><SP WIDTH="16" VPOS="380" HPOS="306"/>
							<String ID="string_44" HPOS="322" VPOS="380" WIDTH="20" HEIGHT="26" WC="0.82" CONTENT="8."/><SP WIDTH="29" VPOS="380" HPOS="342"/>
							<String ID="string_45" HPOS="371" VPOS="374" WIDTH="34" HEIGHT="27" WC="0.96" CONTENT="Är"/><SP WIDTH="20" VPOS="374" HPOS="405"/>
							<String ID="string_46" HPOS="425" VPOS="380" WIDTH="79" HEIGHT="28" WC="0.95" CONTENT="någon"/><SP WIDTH="22" VPOS="380" HPOS="504"/>
							<String ID="string_47" HPOS="526" VPOS="380" WIDTH="110" HEIGHT="22" WC="0.96" CONTENT="förfallen"/><SP WIDTH="18" VPOS="380" HPOS="636"/>
							<String ID="string_48" HPOS="654" VPOS="380" WIDTH="39" HEIGHT="21" WC="0.96" CONTENT="till"/><SP WIDTH="23" VPOS="380" HPOS="693"/>
							<String ID="string_49" HPOS="716" VPOS="380" WIDTH="132" HEIGHT="28" WC="0.96" CONTENT="dödsstraff,"/><SP WIDTH="23" VPOS="380" HPOS="848"/>
							<String ID="string_50" HPOS="871" VPOS="380" WIDTH="55" HEIGHT="22" WC="0.96" CONTENT="eller"/><SP WIDTH="15" VPOS="380" HPOS="926"/>
							<String ID="string_51" HPOS="941" VPOS="380" WIDTH="40" HEIGHT="22" WC="0.96" CONTENT="till"/>
						</TextLine>
						<TextLine ID="line_7" HPOS="223" VPOS="412" WIDTH="758" HEIGHT="31">
							<String ID="string_52" HPOS="223" VPOS="412" WIDTH="99" HEIGHT="23" WC="0.92" CONTENT="tukthus"/><SP WIDTH="14" VPOS="412" HPOS="322"/>
							<String ID="string_53" HPOS="336" VPOS="414" WIDTH="31" HEIGHT="29" WC="0.93" CONTENT="på"/><SP WIDTH="14" VPOS="414" HPOS="367"/>
							<String ID="string_54" HPOS="381" VPOS="414" WIDTH="86" HEIGHT="28" WC="0.92" CONTENT="lifstid;"/><SP WIDTH="17" VPOS="414" HPOS="467"/>
							<String ID="string_55" HPOS="484" VPOS="414" WIDTH="66" HEIGHT="22" WC="0.96" CONTENT="skola"/><SP WIDTH="15" VPOS="414" HPOS="550"/>
							<String ID="string_56" HPOS="565" VPOS="414" WIDTH="47" HEIGHT="22" WC="0.96" CONTENT="alla"/><SP WIDTH="10" VPOS="414" HPOS="612"/>
							<String ID="string_57" HPOS="622" VPOS="414" WIDTH="76" HEIGHT="29" WC="0.96" CONTENT="öfriga"/><SP WIDTH="11" VPOS="414" HPOS="698"/>
							<String ID="string_58" HPOS="709" VPOS="414" WIDTH="69" HEIGHT="22" WC="0.95" CONTENT="straff"/><SP WIDTH="7" VPOS="414" HPOS="778"/>
							<String ID="string_59" HPOS="785" VPOS="414" WIDTH="9" HEIGHT="22" WC="0.95" CONTENT="i"/><SP WIDTH="11" VPOS="414" HPOS="794"/>
							<String ID="string_60" HPOS="805" VPOS="414" WIDTH="87" HEIGHT="23" WC="0.93" CONTENT="allmän"/><SP WIDTH="9" VPOS="414" HPOS="892"/>
							<String ID="string_61" HPOS="901" VPOS="414" WIDTH="80" HEIGHT="23" WC="0.91" CONTENT="straff-"/>
						</TextLine>
						<TextLine ID="line_8" HPOS="223" VPOS="448" WIDTH="757" HEIGHT="29">
							<String ID="string_62" HPOS="223" VPOS="449" WIDTH="37" HEIGHT="20" WC="0.93" CONTENT="art"/><SP WIDTH="17" VPOS="449" HPOS="260"/>
							<String ID="string_63" HPOS="277" VPOS="448" WIDTH="134" HEIGHT="29" WC="0.92" CONTENT="inbegripas"/><SP WIDTH="22" VPOS="448" HPOS="411"/>
							<String ID="string_64" HPOS="433" VPOS="449" WIDTH="9" HEIGHT="21" WC="0.93" CONTENT="i"/><SP WIDTH="23" VPOS="449" HPOS="442"/>
							<String ID="string_65" HPOS="465" VPOS="449" WIDTH="156" HEIGHT="28" WC="0.92" CONTENT="dödsstraffet,"/><SP WIDTH="17" VPOS="449" HPOS="621"/>
							<String ID="string_66" HPOS="638" VPOS="451" WIDTH="60" HEIGHT="19" WC="0.96" CONTENT="samt"/><SP WIDTH="15" VPOS="451" HPOS="698"/>
							<String ID="string_67" HPOS="713" VPOS="449" WIDTH="47" HEIGHT="22" WC="0.93" CONTENT="alla"/><SP WIDTH="14" VPOS="449" HPOS="760"/>
							<String ID="string_68" HPOS="774" VPOS="449" WIDTH="154" HEIGHT="22" WC="0.89" CONTENT="frihetsstraff"/><SP WIDTH="8" VPOS="449" HPOS="928"/>
							<String ID="string_69" HPOS="936" VPOS="449" WIDTH="44" HEIGHT="22" WC="0.96" CONTENT="och"/>
						</TextLine>
						<TextLine ID="line_9" HPOS="222" VPOS="481" WIDTH="303" HEIGHT="24">
							<String ID="string_70" HPOS="222" VPOS="481" WIDTH="68" HEIGHT="22" WC="0.96" CONTENT="böter"/><SP WIDTH="14" VPOS="481" HPOS="290"/>
							<String ID="string_71" HPOS="304" VPOS="483" WIDTH="9" HEIGHT="21" WC="0.93" CONTENT="i"/><SP WIDTH="15" VPOS="483" HPOS="313"/>
							<String ID="string_72" HPOS="328" VPOS="483" WIDTH="197" HEIGHT="22" WC="0.71" CONTENT="tukthusstraffet."/>
						</TextLine>
					</TextBlock>
					<TextBlock ID="block_3" HPOS="224" VPOS="517" WIDTH="758" HEIGHT="62">
						<TextLine ID="line_10" HPOS="291" VPOS="517" WIDTH="691" HEIGHT="30">
							<String ID="string_73" HPOS="291" VPOS="517" WIDTH="13" HEIGHT="21" WC="0.93" CONTENT="I"/><SP WIDTH="14" VPOS="517" HPOS="304"/>
							<String ID="string_74" HPOS="318" VPOS="517" WIDTH="130" HEIGHT="30" WC="0.91" CONTENT="afsättning"/><SP WIDTH="22" VPOS="517" HPOS="448"/>
							<String ID="string_75" HPOS="470" VPOS="517" WIDTH="136" HEIGHT="29" WC="0.91" CONTENT="inbegripes"/><SP WIDTH="22" VPOS="517" HPOS="606"/>
							<String ID="string_76" HPOS="628" VPOS="517" WIDTH="118" HEIGHT="30" WC="0.91" CONTENT="skiljande"/><SP WIDTH="15" VPOS="517" HPOS="746"/>
							<String ID="string_77" HPOS="761" VPOS="517" WIDTH="52" HEIGHT="22" WC="0.93" CONTENT="frän"/><SP WIDTH="16" VPOS="517" HPOS="813"/>
							<String ID="string_78" HPOS="829" VPOS="518" WIDTH="110" HEIGHT="29" WC="0.92" CONTENT="utöfning"/><SP WIDTH="15" VPOS="518" HPOS="939"/>
							<String ID="string_79" HPOS="954" VPOS="518" WIDTH="28" HEIGHT="21" WC="0.96" CONTENT="af"/>
						</TextLine>
						<TextLine ID="line_11" HPOS="224" VPOS="550" WIDTH="80" HEIGHT="29">
							<String ID="string_80" HPOS="224" VPOS="550" WIDTH="80" HEIGHT="29" WC="0.92" CONTENT="tjenst."/>
						</TextLine>
					</TextBlock>
					<TextBlock ID="block_4" HPOS="222" VPOS="586" WIDTH="757" HEIGHT="98">
						<TextLine ID="line_12" HPOS="293" VPOS="586" WIDTH="686" HEIGHT="29">
							<String ID="string_81" HPOS="293" VPOS="587" WIDTH="12" HEIGHT="21" WC="0.71" CONTENT="6"/><SP WIDTH="16" VPOS="587" HPOS="305"/>
							<String ID="string_82" HPOS="321" VPOS="587" WIDTH="20" HEIGHT="26" WC="0.71" CONTENT="8."/><SP WIDTH="33" VPOS="587" HPOS="341"/>
							<String ID="string_83" HPOS="374" VPOS="586" WIDTH="47" HEIGHT="22" WC="0.93" CONTENT="Vid"/><SP WIDTH="25" VPOS="586" HPOS="421"/>
							<String ID="string_84" HPOS="446" VPOS="586" WIDTH="219" HEIGHT="29" WC="0.96" CONTENT="sammanläggning"/><SP WIDTH="25" VPOS="586" HPOS="665"/>
							<String ID="string_85" HPOS="690" VPOS="586" WIDTH="27" HEIGHT="21" WC="0.96" CONTENT="af"/><SP WIDTH="22" VPOS="586" HPOS="717"/>
							<String ID="string_86" HPOS="739" VPOS="586" WIDTH="69" HEIGHT="21" WC="0.96" CONTENT="straff"/><SP WIDTH="21" VPOS="586" HPOS="808"/>
							<String ID="string_87" HPOS="829" VPOS="586" WIDTH="72" HEIGHT="28" WC="0.95" CONTENT="skola,"/><SP WIDTH="24" VPOS="586" HPOS="901"/>
							<String ID="string_88" HPOS="925" VPOS="586" WIDTH="54" HEIGHT="22" WC="0.96" CONTENT="med"/>
						</TextLine>
						<TextLine ID="line_13" HPOS="222" VPOS="619" WIDTH="757" HEIGHT="31">
							<String ID="string_89" HPOS="222" VPOS="619" WIDTH="154" HEIGHT="29" WC="0.90" CONTENT="iakttagande"/><SP WIDTH="15" VPOS="619" HPOS="376"/>
							<String ID="string_90" HPOS="391" VPOS="621" WIDTH="27" HEIGHT="21" WC="0.93" CONTENT="af"/><SP WIDTH="11" VPOS="621" HPOS="418"/>
							<String ID="string_91" HPOS="429" VPOS="621" WIDTH="64" HEIGHT="22" WC="0.93" CONTENT="hvad"/><SP WIDTH="14" VPOS="621" HPOS="493"/>
							<String ID="string_92" HPOS="507" VPOS="621" WIDTH="43" HEIGHT="21" WC="0.93" CONTENT="här"/><SP WIDTH="10" VPOS="621" HPOS="550"/>
							<String ID="string_93" HPOS="560" VPOS="621" WIDTH="71" HEIGHT="22" WC="0.93" CONTENT="ofvan"/><SP WIDTH="12" VPOS="621" HPOS="631"/>
							<String ID="string_94" HPOS="643" VPOS="624" WIDTH="25" HEIGHT="18" WC="0.93" CONTENT="är"/><SP WIDTH="10" VPOS="624" HPOS="668"/>
							<String ID="string_95" HPOS="678" VPOS="620" WIDTH="117" HEIGHT="29" WC="0.90" CONTENT="stadgadt,"/><SP WIDTH="11" VPOS="620" HPOS="795"/>
							<String ID="string_96" HPOS="806" VPOS="621" WIDTH="103" HEIGHT="29" WC="0.93" CONTENT="följande"/><SP WIDTH="10" VPOS="621" HPOS="909"/>
							<String ID="string_97" HPOS="919" VPOS="621" WIDTH="60" HEIGHT="22" WC="0.91" CONTENT="före-"/>
						</TextLine>
						<TextLine ID="line_14" HPOS="223" VPOS="653" WIDTH="237" HEIGHT="31">
							<String ID="string_98" HPOS="223" VPOS="653" WIDTH="95" HEIGHT="23" WC="0.93" CONTENT="skrifter"/><SP WIDTH="15" VPOS="653" HPOS="318"/>
							<String ID="string_99" HPOS="333" VPOS="655" WIDTH="127" HEIGHT="29" WC="0.96" CONTENT="tillämpas:"/>
						</TextLine>
					</TextBlock>
					<TextBlock ID="block_5" HPOS="222" VPOS="689" WIDTH="757" HEIGHT="64">
						<TextLine ID="line_15" HPOS="294" VPOS="689" WIDTH="685" HEIGHT="29">
							<String ID="string_100" HPOS="294" VPOS="691" WIDTH="18" HEIGHT="20" WC="0.96" CONTENT="1."/><SP WIDTH="30" VPOS="691" HPOS="312"/>
							<String ID="string_101" HPOS="342" VPOS="689" WIDTH="46" HEIGHT="22" WC="0.93" CONTENT="Till"/><SP WIDTH="22" VPOS="689" HPOS="388"/>
							<String ID="string_102" HPOS="410" VPOS="689" WIDTH="156" HEIGHT="22" WC="0.54" CONTENT="frihetsstraff"/><SP WIDTH="19" VPOS="689" HPOS="566"/>
							<String ID="string_103" HPOS="585" VPOS="690" WIDTH="31" HEIGHT="27" WC="0.96" CONTENT="pä"/><SP WIDTH="22" VPOS="690" HPOS="616"/>
							<String ID="string_104" HPOS="638" VPOS="689" WIDTH="48" HEIGHT="22" WC="0.96" CONTENT="viss"/><SP WIDTH="20" VPOS="689" HPOS="686"/>
							<String ID="string_105" HPOS="706" VPOS="689" WIDTH="37" HEIGHT="22" WC="0.96" CONTENT="tid"/><SP WIDTH="14" VPOS="689" HPOS="743"/>
							<String ID="string_106" HPOS="757" VPOS="689" WIDTH="38" HEIGHT="22" WC="0.91" CONTENT="mä"/><SP WIDTH="16" VPOS="689" HPOS="795"/>
							<String ID="string_107" HPOS="811" VPOS="689" WIDTH="20" HEIGHT="29" WC="0.96" CONTENT="ej"/><SP WIDTH="17" VPOS="689" HPOS="831"/>
							<String ID="string_108" HPOS="848" VPOS="689" WIDTH="78" HEIGHT="22" WC="0.96" CONTENT="dömas"/><SP WIDTH="16" VPOS="689" HPOS="926"/>
							<String ID="string_109" HPOS="942" VPOS="689" WIDTH="37" HEIGHT="22" WC="0.96" CONTENT="för"/>
						</TextLine>
						<TextLine ID="line_16" HPOS="222" VPOS="723" WIDTH="756" HEIGHT="30">
							<String ID="string_110" HPOS="222" VPOS="723" WIDTH="82" HEIGHT="28" WC="0.96" CONTENT="längre"/><SP WIDTH="15" VPOS="723" HPOS="304"/>
							<String ID="string_111" HPOS="319" VPOS="723" WIDTH="36" HEIGHT="22" WC="0.96" CONTENT="tid"/><SP WIDTH="15" VPOS="723" HPOS="355"/>
							<String ID="string_112" HPOS="370" VPOS="727" WIDTH="29" HEIGHT="18" WC="0.93" CONTENT="än"/><SP WIDTH="15" VPOS="727" HPOS="399"/>
							<String ID="string_113" HPOS="414" VPOS="724" WIDTH="89" HEIGHT="21" WC="0.96" CONTENT="femton"/><SP WIDTH="16" VPOS="724" HPOS="503"/>
							<String ID="string_114" HPOS="519" VPOS="725" WIDTH="25" HEIGHT="20" WC="0.96" CONTENT="är"/><SP WIDTH="14" VPOS="725" HPOS="544"/>
							<String ID="string_115" HPOS="558" VPOS="724" WIDTH="9" HEIGHT="21" WC="0.93" CONTENT="i"/><SP WIDTH="15" VPOS="724" HPOS="567"/>
							<String ID="string_116" HPOS="582" VPOS="724" WIDTH="99" HEIGHT="21" WC="0.92" CONTENT="tukthus"/><SP WIDTH="16" VPOS="724" HPOS="681"/>
							<String ID="string_117" HPOS="697" VPOS="723" WIDTH="45" HEIGHT="22" WC="0.95" CONTENT="och"/><SP WIDTH="15" VPOS="723" HPOS="742"/>
							<String ID="string_118" HPOS="757" VPOS="731" WIDTH="40" HEIGHT="14" WC="0.23" CONTENT="sex"/><SP WIDTH="10" VPOS="731" HPOS="797"/>
							<String ID="string_119" HPOS="807" VPOS="724" WIDTH="44" HEIGHT="21" WC="0.94" CONTENT="år"/><SP WIDTH="-11" VPOS="724" HPOS="851"/>
							<String ID="string_120" HPOS="840" VPOS="719" WIDTH="15" HEIGHT="38" WC="0.94" CONTENT="i"/><SP WIDTH="11" VPOS="719" HPOS="855"/>
							<String ID="string_121" HPOS="866" VPOS="724" WIDTH="112" HEIGHT="29" WC="0.96" CONTENT="fängelse."/>
						</TextLine>
					</TextBlock>
					<TextBlock ID="block_6" HPOS="222" VPOS="758" WIDTH="757" HEIGHT="125">
						<TextLine ID="line_17" HPOS="292" VPOS="758" WIDTH="686" HEIGHT="29">
							<String ID="string_122" HPOS="292" VPOS="759" WIDTH="20" HEIGHT="21" WC="0.93" CONTENT="2."/><SP WIDTH="30" VPOS="759" HPOS="312"/>
							<String ID="string_123" HPOS="342" VPOS="758" WIDTH="192" HEIGHT="29" WC="0.90" CONTENT="Fängelsestraff,"/><SP WIDTH="11" VPOS="758" HPOS="534"/>
							<String ID="string_124" HPOS="545" VPOS="766" WIDTH="50" HEIGHT="14" WC="0.96" CONTENT="som"/><SP WIDTH="10" VPOS="766" HPOS="595"/>
							<String ID="string_125" HPOS="605" VPOS="759" WIDTH="43" HEIGHT="21" WC="0.93" CONTENT="bör"/><SP WIDTH="10" VPOS="759" HPOS="648"/>
							<String ID="string_126" HPOS="658" VPOS="758" WIDTH="185" HEIGHT="29" WC="0.91" CONTENT="sammanläggas"/><SP WIDTH="11" VPOS="758" HPOS="843"/>
							<String ID="string_127" HPOS="854" VPOS="759" WIDTH="52" HEIGHT="21" WC="0.93" CONTENT="med"/><SP WIDTH="8" VPOS="759" HPOS="906"/>
							<String ID="string_128" HPOS="914" VPOS="759" WIDTH="64" HEIGHT="21" WC="0.92" CONTENT="tukt-"/>
						</TextLine>
						<TextLine ID="line_18" HPOS="222" VPOS="791" WIDTH="757" HEIGHT="30">
							<String ID="string_129" HPOS="222" VPOS="791" WIDTH="44" HEIGHT="22" WC="0.95" CONTENT="hus"/><SP WIDTH="22" VPOS="791" HPOS="266"/>
							<String ID="string_130" HPOS="288" VPOS="793" WIDTH="31" HEIGHT="28" WC="0.96" CONTENT="pä"/><SP WIDTH="22" VPOS="793" HPOS="319"/>
							<String ID="string_131" HPOS="341" VPOS="793" WIDTH="48" HEIGHT="21" WC="0.96" CONTENT="viss"/><SP WIDTH="22" VPOS="793" HPOS="389"/>
							<String ID="string_132" HPOS="411" VPOS="793" WIDTH="42" HEIGHT="28" WC="0.96" CONTENT="tid,"/><SP WIDTH="24" VPOS="793" HPOS="453"/>
							<String ID="string_133" HPOS="477" VPOS="793" WIDTH="67" HEIGHT="28" WC="0.93" CONTENT="skall,"/><SP WIDTH="15" VPOS="793" HPOS="544"/>
							<String ID="string_134" HPOS="559" VPOS="793" WIDTH="121" HEIGHT="22" WC="0.92" CONTENT="minskadt"/><SP WIDTH="14" VPOS="793" HPOS="680"/>
							<String ID="string_135" HPOS="694" VPOS="793" WIDTH="54" HEIGHT="21" WC="0.96" CONTENT="med"/><SP WIDTH="15" VPOS="793" HPOS="748"/>
							<String ID="string_136" HPOS="763" VPOS="800" WIDTH="30" HEIGHT="14" WC="0.93" CONTENT="en"/><SP WIDTH="14" VPOS="800" HPOS="793"/>
							<String ID="string_137" HPOS="807" VPOS="793" WIDTH="120" HEIGHT="28" WC="0.90" CONTENT="fjerdedel,"/><SP WIDTH="17" VPOS="793" HPOS="927"/>
							<String ID="string_138" HPOS="944" VPOS="794" WIDTH="35" HEIGHT="21" WC="0.89" CONTENT="öf-"/>
						</TextLine>
						<TextLine ID="line_19" HPOS="222" VPOS="827" WIDTH="756" HEIGHT="28">
							<String ID="string_139" HPOS="222" VPOS="827" WIDTH="73" HEIGHT="28" WC="0.91" CONTENT="vergä"/><SP WIDTH="14" VPOS="827" HPOS="295"/>
							<String ID="string_140" HPOS="309" VPOS="827" WIDTH="38" HEIGHT="21" WC="0.93" CONTENT="till"/><SP WIDTH="15" VPOS="827" HPOS="347"/>
							<String ID="string_141" HPOS="362" VPOS="827" WIDTH="97" HEIGHT="22" WC="0.92" CONTENT="tukthus"/><SP WIDTH="16" VPOS="827" HPOS="459"/>
							<String ID="string_142" HPOS="475" VPOS="828" WIDTH="44" HEIGHT="21" WC="0.93" CONTENT="och"/><SP WIDTH="16" VPOS="828" HPOS="519"/>
							<String ID="string_143" HPOS="535" VPOS="827" WIDTH="101" HEIGHT="22" WC="0.92" CONTENT="derefter"/><SP WIDTH="14" VPOS="827" HPOS="636"/>
							<String ID="string_144" HPOS="650" VPOS="827" WIDTH="187" HEIGHT="28" WC="0.92" CONTENT="sammanläggas"/><SP WIDTH="14" VPOS="827" HPOS="837"/>
							<String ID="string_145" HPOS="851" VPOS="827" WIDTH="53" HEIGHT="22" WC="0.93" CONTENT="med"/><SP WIDTH="10" VPOS="827" HPOS="904"/>
							<String ID="string_146" HPOS="914" VPOS="827" WIDTH="64" HEIGHT="22" WC="0.91" CONTENT="tukt-"/>
						</TextLine>
						<TextLine ID="line_20" HPOS="222" VPOS="860" WIDTH="146" HEIGHT="23">
							<String ID="string_147" HPOS="222" VPOS="860" WIDTH="146" HEIGHT="23" WC="0.92" CONTENT="husstraffet."/>
						</TextLine>
					</TextBlock>
					<TextBlock ID="block_7" HPOS="221" VPOS="895" WIDTH="757" HEIGHT="132">
						<TextLine ID="line_21" HPOS="292" VPOS="895" WIDTH="685" HEIGHT="29">
							<String ID="string_148" HPOS="292" VPOS="897" WIDTH="19" HEIGHT="20" WC="0.93" CONTENT="3."/><SP WIDTH="30" VPOS="897" HPOS="311"/>
							<String ID="string_149" HPOS="341" VPOS="896" WIDTH="78" HEIGHT="28" WC="0.96" CONTENT="Böter,"/><SP WIDTH="25" VPOS="896" HPOS="419"/>
							<String ID="string_150" HPOS="444" VPOS="903" WIDTH="50" HEIGHT="15" WC="0.93" CONTENT="som"/><SP WIDTH="24" VPOS="903" HPOS="494"/>
							<String ID="string_151" HPOS="518" VPOS="896" WIDTH="56" HEIGHT="21" WC="0.93" CONTENT="böra"/><SP WIDTH="26" VPOS="896" HPOS="574"/>
							<String ID="string_152" HPOS="600" VPOS="895" WIDTH="186" HEIGHT="29" WC="0.92" CONTENT="sammanläggas"/><SP WIDTH="25" VPOS="895" HPOS="786"/>
							<String ID="string_153" HPOS="811" VPOS="896" WIDTH="53" HEIGHT="21" WC="0.92" CONTENT="med"/><SP WIDTH="19" VPOS="896" HPOS="864"/>
							<String ID="string_154" HPOS="883" VPOS="896" WIDTH="94" HEIGHT="21" WC="0.92" CONTENT="frihets-"/>
						</TextLine>
						<TextLine ID="line_22" HPOS="222" VPOS="929" WIDTH="756" HEIGHT="30">
							<String ID="string_155" HPOS="222" VPOS="929" WIDTH="72" HEIGHT="22" WC="0.95" CONTENT="straff"/><SP WIDTH="19" VPOS="929" HPOS="294"/>
							<String ID="string_156" HPOS="313" VPOS="931" WIDTH="31" HEIGHT="28" WC="0.96" CONTENT="pä"/><SP WIDTH="20" VPOS="931" HPOS="344"/>
							<String ID="string_157" HPOS="364" VPOS="931" WIDTH="48" HEIGHT="21" WC="0.96" CONTENT="viss"/><SP WIDTH="23" VPOS="931" HPOS="412"/>
							<String ID="string_158" HPOS="435" VPOS="931" WIDTH="42" HEIGHT="28" WC="0.96" CONTENT="tid,"/><SP WIDTH="24" VPOS="931" HPOS="477"/>
							<String ID="string_159" HPOS="501" VPOS="931" WIDTH="73" HEIGHT="27" WC="0.96" CONTENT="skola,"/><SP WIDTH="21" VPOS="931" HPOS="574"/>
							<String ID="string_160" HPOS="595" VPOS="930" WIDTH="76" HEIGHT="29" WC="0.96" CONTENT="enligt"/><SP WIDTH="15" VPOS="930" HPOS="671"/>
							<String ID="string_161" HPOS="686" VPOS="931" WIDTH="12" HEIGHT="21" WC="0.93" CONTENT="2"/><SP WIDTH="16" VPOS="931" HPOS="698"/>
							<String ID="string_162" HPOS="714" VPOS="930" WIDTH="60" HEIGHT="29" WC="0.91" CONTENT="kap.,"/><SP WIDTH="17" VPOS="930" HPOS="774"/>
							<String ID="string_163" HPOS="791" VPOS="930" WIDTH="133" HEIGHT="22" WC="0.92" CONTENT="förvandlas"/><SP WIDTH="15" VPOS="930" HPOS="924"/>
							<String ID="string_164" HPOS="939" VPOS="930" WIDTH="39" HEIGHT="21" WC="0.96" CONTENT="till"/>
						</TextLine>
						<TextLine ID="line_23" HPOS="221" VPOS="964" WIDTH="757" HEIGHT="29">
							<String ID="string_165" HPOS="221" VPOS="964" WIDTH="182" HEIGHT="28" WC="0.91" CONTENT="fängelsestraff,"/><SP WIDTH="16" VPOS="964" HPOS="403"/>
							<String ID="string_166" HPOS="419" VPOS="965" WIDTH="44" HEIGHT="22" WC="0.96" CONTENT="och"/><SP WIDTH="16" VPOS="965" HPOS="463"/>
							<String ID="string_167" HPOS="479" VPOS="965" WIDTH="40" HEIGHT="22" WC="0.97" CONTENT="det"/><SP WIDTH="15" VPOS="965" HPOS="519"/>
							<String ID="string_168" HPOS="534" VPOS="965" WIDTH="72" HEIGHT="21" WC="0.93" CONTENT="straff"/><SP WIDTH="12" VPOS="965" HPOS="606"/>
							<String ID="string_169" HPOS="618" VPOS="964" WIDTH="187" HEIGHT="29" WC="0.92" CONTENT="sammanläggas"/><SP WIDTH="15" VPOS="964" HPOS="805"/>
							<String ID="string_170" HPOS="820" VPOS="965" WIDTH="53" HEIGHT="21" WC="0.96" CONTENT="med"/><SP WIDTH="15" VPOS="965" HPOS="873"/>
							<String ID="string_171" HPOS="888" VPOS="965" WIDTH="40" HEIGHT="21" WC="0.93" CONTENT="det"/><SP WIDTH="15" VPOS="965" HPOS="928"/>
							<String ID="string_172" HPOS="943" VPOS="965" WIDTH="35" HEIGHT="21" WC="0.92" CONTENT="öf-"/>
						</TextLine>
						<TextLine ID="line_24" HPOS="221" VPOS="998" WIDTH="251" HEIGHT="29">
							<String ID="string_173" HPOS="221" VPOS="998" WIDTH="53" HEIGHT="29" WC="0.93" CONTENT="riga"/><SP WIDTH="14" VPOS="998" HPOS="274"/>
							<String ID="string_174" HPOS="288" VPOS="999" WIDTH="184" HEIGHT="22" WC="0.92" CONTENT="frihetsstraffet."/>
						</TextLine>
					</TextBlock>
					<TextBlock ID="block_8" HPOS="220" VPOS="1033" WIDTH="757" HEIGHT="64">
						<TextLine ID="line_25" HPOS="290" VPOS="1033" WIDTH="687" HEIGHT="28">
							<String ID="string_175" HPOS="290" VPOS="1034" WIDTH="20" HEIGHT="21" WC="0.93" CONTENT="4."/><SP WIDTH="30" VPOS="1034" HPOS="310"/>
							<String ID="string_176" HPOS="340" VPOS="1033" WIDTH="72" HEIGHT="22" WC="0.96" CONTENT="Böter"/><SP WIDTH="25" VPOS="1033" HPOS="412"/>
							<String ID="string_177" HPOS="437" VPOS="1034" WIDTH="66" HEIGHT="21" WC="0.95" CONTENT="skola"/><SP WIDTH="22" VPOS="1034" HPOS="503"/>
							<String ID="string_178" HPOS="525" VPOS="1033" WIDTH="55" HEIGHT="22" WC="0.93" CONTENT="med"/><SP WIDTH="24" VPOS="1033" HPOS="580"/>
							<String ID="string_179" HPOS="604" VPOS="1033" WIDTH="67" HEIGHT="22" WC="0.93" CONTENT="böter"/><SP WIDTH="24" VPOS="1033" HPOS="671"/>
							<String ID="string_180" HPOS="695" VPOS="1033" WIDTH="196" HEIGHT="28" WC="0.92" CONTENT="sammanräknas,"/><SP WIDTH="25" VPOS="1033" HPOS="891"/>
							<String ID="string_181" HPOS="916" VPOS="1033" WIDTH="61" HEIGHT="22" WC="0.96" CONTENT="dock"/>
						</TextLine>
						<TextLine ID="line_26" HPOS="220" VPOS="1067" WIDTH="593" HEIGHT="30">
							<String ID="string_182" HPOS="220" VPOS="1067" WIDTH="54" HEIGHT="22" WC="0.93" CONTENT="med"/><SP WIDTH="15" VPOS="1067" HPOS="274"/>
							<String ID="string_183" HPOS="289" VPOS="1067" WIDTH="152" HEIGHT="30" WC="0.92" CONTENT="tillämpning"/><SP WIDTH="16" VPOS="1067" HPOS="441"/>
							<String ID="string_184" HPOS="457" VPOS="1068" WIDTH="26" HEIGHT="21" WC="0.93" CONTENT="af"/><SP WIDTH="12" VPOS="1068" HPOS="483"/>
							<String ID="string_185" HPOS="495" VPOS="1068" WIDTH="63" HEIGHT="21" WC="0.92" CONTENT="hvad"/><SP WIDTH="16" VPOS="1068" HPOS="558"/>
							<String ID="string_186" HPOS="574" VPOS="1068" WIDTH="9" HEIGHT="21" WC="0.95" CONTENT="i"/><SP WIDTH="14" VPOS="1068" HPOS="583"/>
							<String ID="string_187" HPOS="597" VPOS="1069" WIDTH="14" HEIGHT="20" WC="0.93" CONTENT="4"/><SP WIDTH="15" VPOS="1069" HPOS="611"/>
							<String ID="string_188" HPOS="626" VPOS="1069" WIDTH="14" HEIGHT="25" WC="0.92" CONTENT="$"/><SP WIDTH="16" VPOS="1069" HPOS="640"/>
							<String ID="string_189" HPOS="656" VPOS="1071" WIDTH="26" HEIGHT="18" WC="0.93" CONTENT="är"/><SP WIDTH="14" VPOS="1071" HPOS="682"/>
							<String ID="string_190" HPOS="696" VPOS="1067" WIDTH="117" HEIGHT="28" WC="0.92" CONTENT="stadgadt."/>
						</TextLine>
					</TextBlock>
					<TextBlock ID="block_9" HPOS="221" VPOS="1101" WIDTH="757" HEIGHT="64">
						<TextLine ID="line_27" HPOS="291" VPOS="1101" WIDTH="687" HEIGHT="30">
							<String ID="string_191" HPOS="291" VPOS="1104" WIDTH="19" HEIGHT="21" WC="0.92" CONTENT="5."/><SP WIDTH="31" VPOS="1104" HPOS="310"/>
							<String ID="string_192" HPOS="341" VPOS="1103" WIDTH="84" HEIGHT="21" WC="0.92" CONTENT="Brutet"/><SP WIDTH="22" VPOS="1103" HPOS="425"/>
							<String ID="string_193" HPOS="447" VPOS="1103" WIDTH="34" HEIGHT="21" WC="0.96" CONTENT="tal"/><SP WIDTH="22" VPOS="1103" HPOS="481"/>
							<String ID="string_194" HPOS="503" VPOS="1103" WIDTH="26" HEIGHT="21" WC="0.96" CONTENT="af"/><SP WIDTH="19" VPOS="1103" HPOS="529"/>
							<String ID="string_195" HPOS="548" VPOS="1103" WIDTH="52" HEIGHT="28" WC="0.96" CONTENT="dag,"/><SP WIDTH="24" VPOS="1103" HPOS="600"/>
							<String ID="string_196" HPOS="624" VPOS="1109" WIDTH="49" HEIGHT="15" WC="0.93" CONTENT="som"/><SP WIDTH="22" VPOS="1109" HPOS="673"/>
							<String ID="string_197" HPOS="695" VPOS="1102" WIDTH="153" HEIGHT="28" WC="0.92" CONTENT="uppkommer"/><SP WIDTH="14" VPOS="1102" HPOS="848"/>
							<String ID="string_198" HPOS="862" VPOS="1101" WIDTH="41" HEIGHT="22" WC="0.93" CONTENT="vid"/><SP WIDTH="15" VPOS="1101" HPOS="903"/>
							<String ID="string_199" HPOS="918" VPOS="1109" WIDTH="60" HEIGHT="14" WC="0.93" CONTENT="sam-"/>
						</TextLine>
						<TextLine ID="line_28" HPOS="221" VPOS="1136" WIDTH="755" HEIGHT="29">
							<String ID="string_200" HPOS="221" VPOS="1137" WIDTH="170" HEIGHT="28" WC="0.90" CONTENT="manläggning"/><SP WIDTH="10" VPOS="1137" HPOS="391"/>
							<String ID="string_201" HPOS="401" VPOS="1137" WIDTH="25" HEIGHT="22" WC="0.93" CONTENT="af"/><SP WIDTH="8" VPOS="1137" HPOS="426"/>
							<String ID="string_202" HPOS="434" VPOS="1137" WIDTH="160" HEIGHT="27" WC="0.92" CONTENT="frihetsstraff,"/><SP WIDTH="11" VPOS="1137" HPOS="594"/>
							<String ID="string_203" HPOS="605" VPOS="1136" WIDTH="60" HEIGHT="22" WC="0.91" CONTENT="skall"/><SP WIDTH="10" VPOS="1136" HPOS="665"/>
							<String ID="string_204" HPOS="675" VPOS="1136" WIDTH="54" HEIGHT="21" WC="0.93" CONTENT="frän"/><SP WIDTH="10" VPOS="1136" HPOS="729"/>
							<String ID="string_205" HPOS="739" VPOS="1136" WIDTH="94" HEIGHT="21" WC="0.92" CONTENT="straffet"/><SP WIDTH="6" VPOS="1136" HPOS="833"/>
							<String ID="string_206" HPOS="839" VPOS="1136" WIDTH="137" HEIGHT="22" WC="0.91" CONTENT="utelemnas."/>
						</TextLine>
					</TextBlock>
					<TextBlock ID="block_10" HPOS="220" VPOS="1170" WIDTH="757" HEIGHT="133">
						<TextLine ID="line_29" HPOS="292" VPOS="1170" WIDTH="685" HEIGHT="29">
							<String ID="string_207" HPOS="292" VPOS="1173" WIDTH="10" HEIGHT="20" WC="0.94" CONTENT="7"/><SP WIDTH="17" VPOS="1173" HPOS="302"/>
							<String ID="string_208" HPOS="319" VPOS="1173" WIDTH="21" HEIGHT="25" WC="0.27" CONTENT="8."/><SP WIDTH="30" VPOS="1173" HPOS="340"/>
							<String ID="string_209" HPOS="370" VPOS="1171" WIDTH="71" HEIGHT="22" WC="0.92" CONTENT="Skola"/><SP WIDTH="14" VPOS="1171" HPOS="441"/>
							<String ID="string_210" HPOS="455" VPOS="1171" WIDTH="56" HEIGHT="22" WC="0.93" CONTENT="flera"/><SP WIDTH="16" VPOS="1171" HPOS="511"/>
							<String ID="string_211" HPOS="527" VPOS="1171" WIDTH="85" HEIGHT="27" WC="0.96" CONTENT="domar,"/><SP WIDTH="16" VPOS="1171" HPOS="612"/>
							<String ID="string_212" HPOS="628" VPOS="1177" WIDTH="86" HEIGHT="22" WC="0.93" CONTENT="genom"/><SP WIDTH="14" VPOS="1177" HPOS="714"/>
							<String ID="string_213" HPOS="728" VPOS="1170" WIDTH="83" HEIGHT="22" WC="0.96" CONTENT="hvilka"/><SP WIDTH="14" VPOS="1170" HPOS="811"/>
							<String ID="string_214" HPOS="825" VPOS="1177" WIDTH="87" HEIGHT="14" WC="0.93" CONTENT="samma"/><SP WIDTH="14" VPOS="1177" HPOS="912"/>
							<String ID="string_215" HPOS="926" VPOS="1177" WIDTH="51" HEIGHT="21" WC="0.92" CONTENT="per-"/>
						</TextLine>
						<TextLine ID="line_30" HPOS="222" VPOS="1204" WIDTH="755" HEIGHT="30">
							<String ID="string_216" HPOS="222" VPOS="1212" WIDTH="42" HEIGHT="15" WC="0.92" CONTENT="son"/><SP WIDTH="19" VPOS="1212" HPOS="264"/>
							<String ID="string_217" HPOS="283" VPOS="1205" WIDTH="76" HEIGHT="22" WC="0.92" CONTENT="dömts"/><SP WIDTH="15" VPOS="1205" HPOS="359"/>
							<String ID="string_218" HPOS="374" VPOS="1206" WIDTH="38" HEIGHT="21" WC="0.96" CONTENT="till"/><SP WIDTH="15" VPOS="1206" HPOS="412"/>
							<String ID="string_219" HPOS="427" VPOS="1206" WIDTH="75" HEIGHT="27" WC="0.96" CONTENT="straff,"/><SP WIDTH="15" VPOS="1206" HPOS="502"/>
							<String ID="string_220" HPOS="517" VPOS="1207" WIDTH="31" HEIGHT="27" WC="0.96" CONTENT="pä"/><SP WIDTH="15" VPOS="1207" HPOS="548"/>
							<String ID="string_221" HPOS="563" VPOS="1213" WIDTH="29" HEIGHT="14" WC="0.93" CONTENT="en"/><SP WIDTH="15" VPOS="1213" HPOS="592"/>
							<String ID="string_222" HPOS="607" VPOS="1206" WIDTH="64" HEIGHT="27" WC="0.93" CONTENT="gäng"/><SP WIDTH="14" VPOS="1206" HPOS="671"/>
							<String ID="string_223" HPOS="685" VPOS="1205" WIDTH="151" HEIGHT="27" WC="0.92" CONTENT="verkställas;"/><SP WIDTH="16" VPOS="1205" HPOS="836"/>
							<String ID="string_224" HPOS="852" VPOS="1207" WIDTH="55" HEIGHT="26" WC="0.92" CONTENT="göre"/><SP WIDTH="13" VPOS="1207" HPOS="907"/>
							<String ID="string_225" HPOS="920" VPOS="1204" WIDTH="57" HEIGHT="29" WC="0.91" CONTENT="Kej-"/>
						</TextLine>
						<TextLine ID="line_31" HPOS="221" VPOS="1239" WIDTH="756" HEIGHT="28">
							<String ID="string_226" HPOS="221" VPOS="1247" WIDTH="69" HEIGHT="14" WC="0.91" CONTENT="saren"/><SP WIDTH="22" VPOS="1247" HPOS="290"/>
							<String ID="string_227" HPOS="312" VPOS="1240" WIDTH="44" HEIGHT="22" WC="0.93" CONTENT="och"/><SP WIDTH="22" VPOS="1240" HPOS="356"/>
							<String ID="string_228" HPOS="378" VPOS="1241" WIDTH="157" HEIGHT="21" WC="0.92" CONTENT="Storfurstens"/><SP WIDTH="22" VPOS="1241" HPOS="535"/>
							<String ID="string_229" HPOS="557" VPOS="1239" WIDTH="263" HEIGHT="28" WC="0.90" CONTENT="befallningshafvande"/><SP WIDTH="19" VPOS="1239" HPOS="820"/>
							<String ID="string_230" HPOS="839" VPOS="1239" WIDTH="78" HEIGHT="21" WC="0.92" CONTENT="derom"/><SP WIDTH="19" VPOS="1239" HPOS="917"/>
							<String ID="string_231" HPOS="936" VPOS="1246" WIDTH="41" HEIGHT="14" WC="0.92" CONTENT="an-"/>
						</TextLine>
						<TextLine ID="line_32" HPOS="220" VPOS="1273" WIDTH="729" HEIGHT="30">
							<String ID="string_232" HPOS="220" VPOS="1275" WIDTH="80" HEIGHT="21" WC="0.90" CONTENT="mälan"/><SP WIDTH="21" VPOS="1275" HPOS="300"/>
							<String ID="string_233" HPOS="321" VPOS="1275" WIDTH="42" HEIGHT="22" WC="0.93" CONTENT="hos"/><SP WIDTH="16" VPOS="1275" HPOS="363"/>
							<String ID="string_234" HPOS="379" VPOS="1275" WIDTH="125" HEIGHT="27" WC="0.92" CONTENT="hofrätten,"/><SP WIDTH="17" VPOS="1275" HPOS="504"/>
							<String ID="string_235" HPOS="521" VPOS="1282" WIDTH="49" HEIGHT="14" WC="0.93" CONTENT="som"/><SP WIDTH="15" VPOS="1282" HPOS="570"/>
							<String ID="string_236" HPOS="585" VPOS="1281" WIDTH="55" HEIGHT="22" WC="0.92" CONTENT="eger"/><SP WIDTH="15" VPOS="1281" HPOS="640"/>
							<String ID="string_237" HPOS="655" VPOS="1273" WIDTH="175" HEIGHT="29" WC="0.92" CONTENT="sammanlägga"/><SP WIDTH="15" VPOS="1273" HPOS="830"/>
							<String ID="string_238" HPOS="845" VPOS="1273" WIDTH="104" HEIGHT="22" WC="0.92" CONTENT="straffen."/>
						</TextLine>
					</TextBlock>
					<TextBlock ID="block_11" HPOS="220" VPOS="1308" WIDTH="757" HEIGHT="165">
						<TextLine ID="line_33" HPOS="290" VPOS="1308" WIDTH="687" HEIGHT="30">
							<String ID="string_239" HPOS="290" VPOS="1311" WIDTH="13" HEIGHT="21" WC="0.88" CONTENT="8"/><SP WIDTH="15" VPOS="1311" HPOS="303"/>
							<String ID="string_240" HPOS="318" VPOS="1311" WIDTH="22" HEIGHT="26" WC="0.88" CONTENT="&amp;."/><SP WIDTH="28" VPOS="1311" HPOS="340"/>
							<String ID="string_241" HPOS="368" VPOS="1310" WIDTH="89" HEIGHT="21" WC="0.92" CONTENT="Varder"/><SP WIDTH="22" VPOS="1310" HPOS="457"/>
							<String ID="string_242" HPOS="479" VPOS="1310" WIDTH="85" HEIGHT="28" WC="0.91" CONTENT="nägon,"/><SP WIDTH="24" VPOS="1310" HPOS="564"/>
							<String ID="string_243" HPOS="588" VPOS="1308" WIDTH="72" HEIGHT="22" WC="0.96" CONTENT="sedan"/><SP WIDTH="22" VPOS="1308" HPOS="660"/>
							<String ID="string_244" HPOS="682" VPOS="1308" WIDTH="48" HEIGHT="22" WC="0.96" CONTENT="han"/><SP WIDTH="19" VPOS="1308" HPOS="730"/>
							<String ID="string_245" HPOS="749" VPOS="1309" WIDTH="36" HEIGHT="20" WC="0.96" CONTENT="för"/><SP WIDTH="15" VPOS="1309" HPOS="785"/>
							<String ID="string_246" HPOS="800" VPOS="1310" WIDTH="35" HEIGHT="19" WC="0.96" CONTENT="ett"/><SP WIDTH="15" VPOS="1310" HPOS="835"/>
							<String ID="string_247" HPOS="850" VPOS="1308" WIDTH="56" HEIGHT="21" WC="0.96" CONTENT="eller"/><SP WIDTH="14" VPOS="1308" HPOS="906"/>
							<String ID="string_248" HPOS="920" VPOS="1308" WIDTH="57" HEIGHT="21" WC="0.96" CONTENT="flera"/>
						</TextLine>
						<TextLine ID="line_34" HPOS="220" VPOS="1342" WIDTH="756" HEIGHT="29">
							<String ID="string_249" HPOS="220" VPOS="1343" WIDTH="66" HEIGHT="23" WC="0.93" CONTENT="brott"/><SP WIDTH="20" VPOS="1343" HPOS="286"/>
							<String ID="string_250" HPOS="306" VPOS="1344" WIDTH="82" HEIGHT="22" WC="0.96" CONTENT="blifvit"/><SP WIDTH="22" VPOS="1344" HPOS="388"/>
							<String ID="string_251" HPOS="410" VPOS="1344" WIDTH="69" HEIGHT="22" WC="0.93" CONTENT="dömd"/><SP WIDTH="16" VPOS="1344" HPOS="479"/>
							<String ID="string_252" HPOS="495" VPOS="1344" WIDTH="38" HEIGHT="21" WC="0.96" CONTENT="till"/><SP WIDTH="15" VPOS="1344" HPOS="533"/>
							<String ID="string_253" HPOS="548" VPOS="1343" WIDTH="74" HEIGHT="28" WC="0.93" CONTENT="straff,"/><SP WIDTH="15" VPOS="1343" HPOS="622"/>
							<String ID="string_254" HPOS="637" VPOS="1343" WIDTH="134" HEIGHT="21" WC="0.96" CONTENT="förvunnen"/><SP WIDTH="15" VPOS="1343" HPOS="771"/>
							<String ID="string_255" HPOS="786" VPOS="1344" WIDTH="36" HEIGHT="20" WC="0.93" CONTENT="att"/><SP WIDTH="13" VPOS="1344" HPOS="822"/>
							<String ID="string_256" HPOS="835" VPOS="1342" WIDTH="77" HEIGHT="27" WC="0.96" CONTENT="hafva,"/><SP WIDTH="16" VPOS="1342" HPOS="912"/>
							<String ID="string_257" HPOS="928" VPOS="1342" WIDTH="48" HEIGHT="21" WC="0.96" CONTENT="förr"/>
						</TextLine>
						<TextLine ID="line_35" HPOS="220" VPOS="1375" WIDTH="756" HEIGHT="30">
							<String ID="string_258" HPOS="220" VPOS="1382" WIDTH="31" HEIGHT="17" WC="0.96" CONTENT="än"/><SP WIDTH="23" VPOS="1382" HPOS="251"/>
							<String ID="string_259" HPOS="274" VPOS="1378" WIDTH="94" HEIGHT="22" WC="0.95" CONTENT="straffet"/><SP WIDTH="21" VPOS="1378" HPOS="368"/>
							<String ID="string_260" HPOS="389" VPOS="1378" WIDTH="85" HEIGHT="22" WC="0.93" CONTENT="honom"/><SP WIDTH="23" VPOS="1378" HPOS="474"/>
							<String ID="string_261" HPOS="497" VPOS="1378" WIDTH="117" HEIGHT="27" WC="0.91" CONTENT="ådömdes,"/><SP WIDTH="22" VPOS="1378" HPOS="614"/>
							<String ID="string_262" HPOS="636" VPOS="1378" WIDTH="84" HEIGHT="27" WC="0.96" CONTENT="begått"/><SP WIDTH="19" VPOS="1378" HPOS="720"/>
							<String ID="string_263" HPOS="739" VPOS="1378" WIDTH="72" HEIGHT="20" WC="0.95" CONTENT="annat"/><SP WIDTH="14" VPOS="1378" HPOS="811"/>
							<String ID="string_264" HPOS="825" VPOS="1376" WIDTH="74" HEIGHT="27" WC="0.95" CONTENT="brott;"/><SP WIDTH="16" VPOS="1376" HPOS="899"/>
							<String ID="string_265" HPOS="915" VPOS="1375" WIDTH="61" HEIGHT="22" WC="0.96" CONTENT="skall"/>
						</TextLine>
						<TextLine ID="line_36" HPOS="220" VPOS="1409" WIDTH="755" HEIGHT="32">
							<String ID="string_266" HPOS="220" VPOS="1412" WIDTH="47" HEIGHT="22" WC="0.96" CONTENT="den"/><SP WIDTH="23" VPOS="1412" HPOS="267"/>
							<String ID="string_267" HPOS="290" VPOS="1413" WIDTH="115" HEIGHT="28" WC="0.93" CONTENT="skyldige,"/><SP WIDTH="16" VPOS="1413" HPOS="405"/>
							<String ID="string_268" HPOS="421" VPOS="1413" WIDTH="76" HEIGHT="21" WC="0.92" CONTENT="ehvad"/><SP WIDTH="15" VPOS="1413" HPOS="497"/>
							<String ID="string_269" HPOS="512" VPOS="1412" WIDTH="47" HEIGHT="22" WC="0.96" CONTENT="han"/><SP WIDTH="15" VPOS="1412" HPOS="559"/>
							<String ID="string_270" HPOS="574" VPOS="1412" WIDTH="96" HEIGHT="22" WC="0.96" CONTENT="alldeles"/><SP WIDTH="16" VPOS="1412" HPOS="670"/>
							<String ID="string_271" HPOS="686" VPOS="1411" WIDTH="60" HEIGHT="27" WC="0.96" CONTENT="icke,"/><SP WIDTH="16" VPOS="1411" HPOS="746"/>
							<String ID="string_272" HPOS="762" VPOS="1410" WIDTH="57" HEIGHT="22" WC="0.96" CONTENT="eller"/><SP WIDTH="14" VPOS="1410" HPOS="819"/>
							<String ID="string_273" HPOS="833" VPOS="1410" WIDTH="38" HEIGHT="22" WC="0.96" CONTENT="till"/><SP WIDTH="14" VPOS="1410" HPOS="871"/>
							<String ID="string_274" HPOS="885" VPOS="1418" WIDTH="29" HEIGHT="14" WC="0.96" CONTENT="en"/><SP WIDTH="16" VPOS="1418" HPOS="914"/>
							<String ID="string_275" HPOS="930" VPOS="1409" WIDTH="45" HEIGHT="28" WC="0.96" CONTENT="del,"/>
						</TextLine>
						<TextLine ID="line_37" HPOS="220" VPOS="1444" WIDTH="754" HEIGHT="29">
							<String ID="string_276" HPOS="220" VPOS="1447" WIDTH="58" HEIGHT="21" WC="0.95" CONTENT="eller"/><SP WIDTH="22" VPOS="1447" HPOS="278"/>
							<String ID="string_277" HPOS="300" VPOS="1447" WIDTH="38" HEIGHT="21" WC="0.95" CONTENT="till"/><SP WIDTH="22" VPOS="1447" HPOS="338"/>
							<String ID="string_278" HPOS="360" VPOS="1447" WIDTH="59" HEIGHT="21" WC="0.93" CONTENT="fullo"/><SP WIDTH="14" VPOS="1447" HPOS="419"/>
							<String ID="string_279" HPOS="433" VPOS="1448" WIDTH="88" HEIGHT="20" WC="0.93" CONTENT="utstått"/><SP WIDTH="14" VPOS="1448" HPOS="521"/>
							<String ID="string_280" HPOS="535" VPOS="1446" WIDTH="65" HEIGHT="22" WC="0.96" CONTENT="detta"/><SP WIDTH="16" VPOS="1446" HPOS="600"/>
							<String ID="string_281" HPOS="616" VPOS="1446" WIDTH="75" HEIGHT="27" WC="0.96" CONTENT="straff,"/><SP WIDTH="16" VPOS="1446" HPOS="691"/>
							<String ID="string_282" HPOS="707" VPOS="1445" WIDTH="80" HEIGHT="22" WC="0.96" CONTENT="dömas"/><SP WIDTH="16" VPOS="1445" HPOS="787"/>
							<String ID="string_283" HPOS="803" VPOS="1445" WIDTH="32" HEIGHT="27" WC="0.96" CONTENT="så,"/><SP WIDTH="16" VPOS="1445" HPOS="835"/>
							<String ID="string_284" HPOS="851" VPOS="1452" WIDTH="48" HEIGHT="14" WC="0.96" CONTENT="som"/><SP WIDTH="15" VPOS="1452" HPOS="899"/>
							<String ID="string_285" HPOS="914" VPOS="1444" WIDTH="60" HEIGHT="21" WC="0.96" CONTENT="hade"/>
						</TextLine>
					</TextBlock>
				</ComposedBlock>
			</PrintSpace>
		</Page>
	</Layout>
</alto>
