1086 1717
421 156 53 27 Prop.
489 154 32 22 N:o
535 154 31 22 34.
626 162 3 3 :
702 168 2 4 :
817 154 27 22 69

117 219 33 21 för
171 219 35 21 hel
228 220 94 26 procent,
345 225 48 15 men
411 218 47 22 half
474 219 89 27 procent
582 218 52 21 eller
651 218 54 21 bråk
720 218 106 21 derunder
840 219 34 20 ut-

118 254 89 21 lemnas.

186 287 18 27 i)
221 287 70 22 Sedan
309 287 27 27 på
354 287 69 27 grund
437 284 28 24 af
477 286 124 22 bränvinets
616 287 126 26 värmegrad
758 287 39 21 och
812 286 62 22 sken-

118 322 53 20 bara
186 321 73 27 styrka
273 321 192 27 alkoholmängden
481 321 36 21 vid
531 321 80 21 femton
623 321 88 27 graders
723 322 71 21 värme
805 321 70 21 blifvit

119 356 85 26 funnen,
223 356 127 20 bestämmes
369 356 37 21 det
423 356 34 20 till
474 356 158 26 normalstyrka
650 356 130 21 reducerade
795 356 80 21 kanne-

119 390 31 22 tal
171 390 49 21 med
241 390 87 26 ledning
350 390 22 21 af
392 390 96 26 tabeller,
511 396 46 15 som
579 390 23 21 af
623 390 227 27 Finansexpeditionen
868 390 8 20 i

121 424 92 23 Senaten
227 424 73 22 härför
314 424 32 22 till
361 424 142 22 efterrättelse
518 424 122 22 fastställas.

187 459 22 26 k)
225 459 33 21 De
275 459 33 21 för
326 459 73 27 hvarje
417 459 158 26 transportkärl
592 459 78 21 funna.
679 459 117 26 talvärden,
816 465 58 15 nem-

120 493 57 27 ligen
198 495 98 26 uppmätt
308 493 116 26 -kannetal,
447 493 93 21 skenbar
562 493 80 27 styrka,
665 493 132 27 värmegrad,
818 493 59 21 alko-

121 528 115 27 holmängd
250 528 36 21 vid
300 527 80 22 femton
395 528 77 26 grader
488 527 82 22 Celsius
586 528 39 21 och
641 528 32 21 till
688 528 73 21 femtio
777 529 99 26 procents

121 562 73 27 styrka
211 562 36 21 vid
265 562 130 21 sistnämnde
413 562 127 27 värmegrad
554 562 131 21 reducerade
700 563 107 26 kannetal,
823 562 54 21 böra

121 597 117 21 antecknas
255 597 8 20 i
284 597 39 20 den
342 596 97 27 ordning,
458 596 27 21 de
507 595 75 22 under
596 597 156 26 förrättningen
775 597 101 25 erhållits,

121 631 107 21 hvarefter
250 631 129 26 summering
400 630 127 21 verkställes
549 631 23 21 af
592 631 26 21 de
638 633 92 19 omsatta
748 631 129 21 kannetalen

123 665 39 22 och
182 665 36 21 det
236 665 95 21 erhållna
348 665 101 27 beloppet
466 665 80 22 införes
565 665 7 21 i
594 665 197 44 summäköfamnén
810 665 7 21 i
835 664 42 21 till-

118 693 236 38 "verkningsjournalen.
879 721 3 2 N

191 735 20 20 2.
242 734 161 21 Ofvannämnde
429 734 117 27 uträkning
567 733 126 21 verkställes
716 733 22 21 af
758 733 120 21 kontrollör

124 768 39 21 och
182 769 68 20 vittne
268 770 55 19 samt
341 768 60 26 skall,
421 768 28 26 pä
467 770 43 19 sätt
524 769 39 19 här
578 767 63 22 ofvan
657 768 7 20 i
679 768 11 27 8
707 768 26 21 13
749 767 91 27 stadgas,
856 767 23 20 af

124 802 205 21 öfverkontrollören
347 802 36 20 vid
398 801 48 22 dess
461 802 68 21 besök
544 802 13 21 &
572 802 124 21 bränneriet
710 801 111 28 granskas;
838 801 40 21 och

124 838 24 19 är
165 836 146 21 kontrollören
331 836 74 27 pligtig
423 836 99 21 meddela
541 836 252 21 bränneriinnehafvaren
812 835 67 22 resul-

123 871 56 20 tatet
193 870 23 21 af
228 870 148 27 uträkningen,
393 876 34 15 om
443 870 69 21 denne
528 870 76 21 sädant
619 870 85 21 önskar.

470 933 12 27 8
497 933 36 21 28.
901 947 2 2 :

194 974 18 20 1.
243 973 69 21 Sedan
327 973 116 26 uträkning
457 973 72 21 blifvit
542 973 62 27 gjord
620 973 39 21 och
674 973 128 26 inskrifning
816 973 7 20 i
837 973 42 20 till-

124 1007 225 27 verkningsjournalen
364 1004 116 29 verkstälä,
496 1007 77 22 teckne
588 1007 224 22 bränvinstillverkare
828 1007 51 20 eller

126 1041 48 21 dess
196 1041 80 21 ombud
298 1041 38 21 och
359 1041 147 22 kontrollören
529 1044 74 24 genast
622 1042 106 21 derunder
747 1042 46 21 sina
807 1047 71 15 namn.

126 1075 73 22 Vittne
222 1075 99 28 bestyrke
342 1076 68 21 under
433 1076 56 27 edlig
507 1076 131 28 förpligtelse
652 1077 8 20 i
674 1075 205 27 tillverkningsjour-

126 1110 62 21 nalen
202 1110 129 27 riktigheten
346 1110 23 21 af
382 1111 137 26 uppgifterna
535 1117 33 15 om
584 1111 36 21 det
635 1113 111 25 uppmätta
756 1110 123 21 bränvinets

125 1144 107 26 kannetal,
248 1145 124 26 värmegrad
388 1145 40 20 och
443 1144 107 22 skenbara
561 1145 81 27 styrka.
664 1145 83 26 Vägrar
757 1144 122 22 tillverkare

126 1179 51 21 eller
191 1179 48 21 dess
255 1179 78 21 ombud
348 1180 32 20 att
393 1179 157 27 inskrifningen
565 1179 152 30 underteckna,
735 1179 55 21 skall
809 1179 71 21 anled-

126 1213 78 26 ningen
220 1213 71 21 dertill
306 1213 22 21 af
341 1213 120 21 kontrollör
475 1213 7 21 i
495 1213 114 27 journalen
624 1211 87 24 införas.
740 1214 46 21 Har
801 1213 79 22 tillver-

126 1247 52 21 kare
196 1247 51 22 eller
265 1247 78 22 ombud
361 1247 18 28 ej
398 1248 56 21 varit
471 1248 44 24 vid
527 1248 155 27 förrättningen
700 1248 109 25 tillstädes,
831 1253 50 16 vare

127 1281 77 22 sådant
219 1282 40 21 ock
274 1282 7 21 i
293 1282 112 27 journalen
421 1282 137 22 antecknadt.

196 1316 20 21 2.
246 1316 106 27 Radering
370 1317 6 21 i
394 1316 114 28 journalen
528 1317 34 21 må
581 1317 18 27 ej
618 1317 44 26 ske,
682 1319 52 19 utan
751 1316 55 22 skall
821 1316 50 22 miss

127 1350 105 27 skrifning
247 1350 39 22 och
300 1350 120 28 felräkning
435 1357 78 21 genom
528 1352 129 26 anteckning
672 1352 46 20 deri
733 1353 75 19 rättas.

475 1413 11 27 8
502 1414 37 21 29.

196 1454 19 25 1.
245 1453 101 21 Kommer
371 1454 18 26 ej
415 1453 227 22 bränvinstillverkare
667 1454 51 21 eller
744 1453 79 21 ombud
848 1453 33 21 för
