1086 1717
411 149 52 28 Prop.
480 148 31 22 No
526 149 30 21 8
579 152 4 6 *
630 132 26 49 =
727 155 2 2 oc
803 149 28 21 75

105 214 78 26 ningen
200 212 92 27 fullgöra
310 214 55 19 samt
380 212 82 27 åtnjute
477 212 73 21 härför
564 212 23 21 af
600 212 123 21 tillverkare
737 212 47 26 fyra
798 211 61 22 mark

105 247 33 21 för
152 246 73 28 hvarje
240 246 48 26 dag.
310 246 10 21 I
335 246 66 21 sådan
416 246 102 21 händelse
533 246 55 21 skall
602 246 43 21 han
656 246 36 21 vid
704 246 155 26 anteckningen

105 281 74 27 hvarje
194 281 55 27 gång
263 280 80 22 skrifva
358 280 37 22 sitt
409 287 66 14 namn
491 280 39 21 och
546 286 34 16 om
590 280 144 21 förhållandet
745 280 36 21 vid
792 280 67 21 öfver-

105 315 157 22 kontrollörens
276 314 66 22 besök
358 315 12 21 å
384 315 125 21 bränneriet
523 315 39 21 hos
577 315 69 21 denne
662 315 91 21 anmäla.

451 377 12 28 $
479 378 34 21 38.

175 419 19 21 1.
224 418 46 21 Den
290 418 10 21 1
320 417 40 22 och
380 417 26 22 15
424 417 8 21 i
450 417 73 28 hvarje
542 417 84 27 månad,
646 418 57 25 eller,
720 424 35 15 om
770 417 91 27 helgdag

106 453 28 21 då
147 452 102 26 inträffar,
265 451 13 22 &
292 451 141 28 nästföljande
448 451 90 27 helgfria
553 452 41 26 dag
609 452 55 21 skall
677 452 120 21 kontrollör
807 451 56 28 efter

106 487 71 21 slutad
197 486 116 26 mätnings-
336 486 39 21 och
393 486 254 27 graderingsförrättning
665 486 23 21 af
704 486 156 26 tillverknings-

103 521 113 27 journalen
238 522 50 25 taga
308 522 77 19 tvenne
406 520 84 27 utdrag,
514 520 132 21 omfattande
668 522 73 19 senast
759 520 101 21 förflutna

106 555 71 22 halfva
194 555 78 21 månad
290 555 65 25 eller,
367 561 34 14 om
419 554 165 27 tillverkningen
604 555 17 27 ej
642 555 24 20 så
685 555 61 26 länge
765 554 95 27 fortgätt,

106 590 41 21 den
169 589 27 22 då
218 589 154 26 tilländalupna
394 589 214 26 tillverkningstiden,
634 589 74 29 hvilka
725 589 84 26 utdrag,
828 589 34 21 till

105 624 130 27 riktigheten
256 623 109 27 bestyrkte
387 623 23 21 af
429 623 121 21 kontrollör
573 623 39 21 och
635 624 74 25 vittne,
732 623 61 21 skola
812 623 49 21 med

105 657 157 27 förstafgående
276 659 49 25 post
339 657 107 26 insändas,
463 657 36 22 det
514 664 40 15 ena
569 658 33 21 till
617 658 137 27 länestyrelse
770 658 39 21 och
825 658 37 21 det

106 692 67 21 andra
191 692 33 21 till
242 691 177 22 öfverkontrollör
435 692 68 26 jemte
521 692 108 21 afskrifter
647 692 23 21 af
685 692 68 21 under
770 692 91 21 nämnde

105 727 33 20 tid
151 727 101 20 inkomna
266 726 199 27 ränteriqvittenser
484 726 58 21 öfver
560 723 72 29 erlagd
649 726 212 27 tillverkningsskatt.

174 762 20 20 2.
222 761 115 20 Dessutom
360 760 79 27 åligger
462 760 80 21 honom
560 761 33 20 att
616 760 33 21 för
671 760 73 27 hvarje
767 760 94 21 tillverk-

105 795 140 26 ningstermin
268 795 131 20 omedelbart
421 793 54 22 efter
498 794 48 21 dess
566 794 81 27 utgång
669 795 34 20 till
725 795 136 26 länestyrelse

105 829 84 21 insända
200 828 160 21 .ofvanberörda
378 828 234 27 tillverkningsjournal
626 829 8 20 i
648 829 144 21 hufvudskrift
806 830 56 19 samt

105 863 34 21 till
167 863 136 26 länestyrelse
334 862 39 21 och
401 863 180 21 öfverkontrollör
606 863 84 27 styrkta
712 863 107 21 afskrifter
841 863 23 21 af

105 897 60 22 såväl
182 897 42 21 den
242 897 50 26 dag-
311 897 51 28 eller
380 897 149 26 materialbok,
545 897 252 21 bränneriinnehafvaren
812 897 49 26 fört,

105 938 46 15 som
169 931 222 27 nederlagsjournalen
407 931 67 27 jemte
493 931 83 28 uppgift
595 931 59 22 öfver
672 932 133 26 nederlagets
819 931 42 22 till-

105 966 70 21 ständ.

454 994 62 27 839.

174 1034 34 21 Då
233 1034 238 27 bränvinstillverkning
497 1035 8 20 i
527 1035 100 21 bränneri
652 1035 94 26 afslutas;
772 1035 90 20 hvarom

106 1069 128 26 anteckning
252 1069 7 20 i
278 1069 260 27 tillverkningsjournalen
557 1069 23 21 af
596 1069 120 21 kontrollör
734 1070 75 25 genast
831 1069 31 20 in-

106 1101 57 22 föres
185 1103 39 21 och
246 1103 48 20 med
314 1103 79 22 vittnes
415 1103 132 21 underskrift
565 1103 116 27 bestyrkes,
698 1103 55 21 skall
767 1103 95 21 kontrol-

106 1137 39 26 lör,
167 1137 64 22 innan
253 1137 42 21 han
317 1137 46 21 från
385 1138 72 21 stället
480 1138 86 26 afreser,
589 1138 48 21 med
660 1140 48 25 eget
727 1138 55 26 sigill
801 1137 61 22 och
849 1133 15 36 i

106 1173 90 20 närvaro
219 1171 22 22 af
260 1172 68 21 vittne
350 1172 23 21 sä
395 1172 133 27 tillförlitligt
549 1173 92 26 försegla
663 1173 131 20 dervarande
815 1172 48 21 red-

107 1205 58 28 skap,
184 1207 32 20 att
234 1206 122 21 densamma
373 1206 33 21 för
426 1206 82 27 olofligt
523 1207 98 20 ändamål
635 1207 48 21 icke
698 1207 43 21 kan
756 1207 107 26 begagnas

106 1241 53 20 utan
180 1240 105 27 rubbning
308 1240 23 21 af
351 1240 150 27 förseglingen.
534 1241 98 21 Derefter
653 1241 56 26 ligge
728 1241 7 20 i
753 1240 110 22 bränneri-

107 1281 73 20 egares
202 1275 51 21 värd
275 1275 40 21 och
337 1281 76 15 ansvar
435 1277 33 20 att
486 1275 143 27 förseglingen
647 1275 47 22 icke
712 1275 71 27 brytes
798 1275 64 21 innan

106 1311 63 19 nästa
193 1310 224 26 tillverkningstermin
442 1310 85 21 infaller
549 1310 40 21 och
611 1310 125 26 kontrollör,
760 1310 53 21 efter
835 1309 28 21 dä

107 1343 67 21 skedd
189 1344 130 27 granskning
334 1350 34 14 om
383 1344 80 26 sigillet
478 1344 52 21 eller
545 1344 83 27 sigillen
643 1346 37 19 äro
700 1344 100 26 skadade,
816 1344 47 20 der-

106 1378 34 20 till
165 1377 88 22 skrider.
294 1378 42 21 Vill
362 1378 225 22 bränvinstillverkare
613 1378 136 21 derförinnan
777 1378 86 26 vidtaga

107 1412 66 21 sädan
194 1412 128 26 förbättring
344 1412 52 21 eller
419 1412 125 28 förändring
566 1413 23 21 af
609 1413 126 27 redskapen,
756 1419 45 15 som
816 1412 47 21 icke

106 1446 43 21 kan
164 1446 81 22 utföras
267 1446 41 22 med
316 1446 86 22 -mindre
421 1448 27 20 än
463 1446 142 28 förseglingen
620 1447 87 26 rubbas,
723 1447 83 21 anmäle
820 1446 52 22 han:
