1086 1717
447 128 35 21 N:o
497 128 30 22 41.
824 128 12 20 5

113 198 81 24 sionen,
210 196 145 22 tillförbindas
371 198 33 20 att
418 197 37 21 vid
470 196 129 22 inträffande
614 197 151 27 mobilisering
779 196 28 28 på
822 196 45 20 kal-

113 232 53 20 lelse
180 232 48 21 åter
244 232 62 20 träda
322 232 6 20 i
344 232 157 26 militärtjenst,
517 238 25 14 en
558 231 125 27 skyldighet
699 238 44 15 som
756 230 55 22 dock
821 230 48 22 icke

113 266 66 21 borde
202 266 123 21 utsträckas
349 266 73 26 längre
445 268 27 19 än
491 266 30 21 till
543 266 44 21 viss
607 266 109 25 faststäld,
732 266 47 21 icke
795 265 72 21 alltför

112 300 43 27 hög
170 300 66 21 ålder.
268 299 81 23 Genom
365 302 31 20 ett
412 301 69 27 dylikt
498 300 126 27 förfogande
641 300 70 22 skulle
723 300 36 21 det
770 300 35 21 vid
816 300 52 20 ifrå-

113 335 105 27 gakomna
238 334 98 22 tillfällen
353 336 98 26 vanligen
469 337 59 19 stora
544 335 100 21 behofvet
660 335 23 21 af
697 334 170 28 befälspersonal

113 370 130 20 åtminstone
258 370 33 20 till
308 370 69 25 någon
393 370 34 21 del
444 370 73 21 kunna
527 370 134 26 tillgodoses.
673 382 26 3 —
711 368 156 28 Efterföljande

113 403 229 27 författningsförslag,
366 404 149 22 innehållande
536 404 136 22 föreskrifter
688 405 6 20 i
711 403 157 22 ofvanberörda

112 438 136 22 hänseenden
268 439 39 21 och
326 439 71 21 afsedt
412 441 33 19 att
460 439 106 27 påbjudas
582 439 33 21 till
632 439 146 21 efterrättelse
794 439 6 20 i
816 439 52 20 hän-

113 473 59 21 delse
187 473 105 27 förslaget
307 479 33 15 om
356 473 123 22 införandet
495 474 22 21 af
532 473 164 27 åldersgränser
711 473 23 21 af
749 473 120 22 Ständerna

113 509 95 25 antages,
232 507 39 21 har
293 508 60 21 Hans
376 507 123 28 Kejserliga
520 508 104 27 Majestät
647 508 125 27 härigenom
789 507 78 21 velat
853 503 17 36 i

115 542 153 27 sammanhang
284 543 86 21 dermed
387 543 32 20 till
435 543 131 27 upplysning
582 543 104 21 meddela.

317 634 129 34 Förslag
463 635 44 26 till
525 634 157 34 kungörelse,
695 633 173 28 innefattande

250 675 125 26 särskilda
392 675 85 26 vilkor
496 675 44 26 och
558 675 189 33 bestämningar
764 674 103 27 rörande

250 715 139 27 officerares
421 715 95 34 afgång
548 723 28 19 ur
604 715 112 34 tjensten
742 715 45 27 vid
813 714 54 27 viss

250 755 76 28 älder.

466 814 48 27 81.

182 854 86 28 Officer,
284 861 46 14 som
346 855 6 20 i
368 854 53 26 följd
437 854 24 21 af
475 854 101 27 uppnådd
593 854 138 27 åldersgräns
747 853 65 27 afgår
820 853 48 22 från

114 889 156 21 innehafvande
286 889 121 26 befattning
423 889 36 21 vid
475 888 70 22 finska
560 889 73 21 aktiva
649 889 108 21 militären
773 889 52 20 eller
836 894 32 15 re-

115 929 87 15 servens
222 923 99 26 ständiga
341 923 125 26 öfverbefäl,
483 923 94 21 tilldelas
594 923 74 21 dervid
684 923 91 27 pension
789 929 26 14 ur
830 922 39 21 all-

114 959 77 20 männa
207 958 69 21 medel
292 958 6 20 i
314 957 135 22 förhållande
465 958 35 21 till
515 958 53 21 hans
584 958 120 27 tjenstetid,
716 957 120 22 oberoende
847 957 23 21 af

114 999 78 15 annars
208 992 142 22 föreskrifven
366 992 117 27 utredning
499 999 34 14 om
548 992 77 21 iråkad
642 992 123 27 sjuklighet.

466 1056 12 27 8
494 1057 19 20 2.

181 1096 81 27 Lediga
276 1095 360 28 krigskommissariebefattningar
647 1096 36 21 vid
694 1096 173 27 uppbådsnämn-

113 1131 67 20 derna
202 1131 7 20 i
232 1131 73 21 landet
324 1131 61 20 skola
401 1130 155 22 företrädesvis
572 1131 98 21 besättas
685 1131 48 20 med
749 1130 118 26 officerare,

113 1171 46 15 som
181 1165 37 21 vid
240 1165 116 27 uppnådda
378 1165 165 27 åldersgränser
561 1165 93 27 nödgats
672 1165 50 27 afgå
737 1171 26 15 ur
779 1165 89 21 militär-

112 1199 94 27 tjensten
223 1200 39 21 och
278 1199 72 22 hvilka
364 1199 98 22 befinnas
479 1200 72 21 dertill
566 1199 51 22 fullt
632 1199 107 27 lämplige.

181 1234 82 22 Dervid
286 1235 86 21 utfaller
395 1235 38 21 det
452 1234 35 21 för
503 1235 211 26 krigskommissarie
729 1234 12 21 å
757 1236 44 19 stat
815 1240 54 21 upp-

113 1270 66 26 tagna
201 1269 69 27 årliga
289 1269 79 21 arvode
384 1269 79 21 endast
478 1269 34 21 till
528 1269 24 21 så
568 1271 46 19 stor
630 1269 40 25 del,
686 1275 45 15 som
747 1271 122 19 motsvarar

113 1303 113 22 skilnaden
242 1304 90 21 emellan
348 1304 90 21 arvodet
454 1304 41 21 och
511 1304 39 21 den
566 1304 97 26 pension,
680 1304 40 20 den
735 1303 90 21 sålunda
836 1305 33 19 ut-

112 1338 92 22 nämnde
220 1338 106 27 åtnjuter;
349 1344 48 16 men
413 1338 141 27 tjenstetiden
571 1338 71 21 såsom
658 1338 211 27 krigskommissarie

112 1372 35 22 må
170 1373 171 27 tillgodoräknas
363 1374 7 20 i
394 1372 104 22 afseende
513 1374 12 20 å
542 1373 124 21 erhållande
682 1373 23 22 af
719 1372 150 22 motsvarande

112 1407 96 21 tillskott
222 1408 34 21 till
272 1408 40 20 den
325 1408 98 26 pension,
435 1408 69 21 sådan
515 1407 73 22 officer
598 1407 36 21 vid
645 1407 105 27 afgången
761 1414 26 14 ur
798 1407 71 26 krigs-

112 1441 94 28 tjensten
222 1442 111 22 tilldelats.
