1086 1717
212 206 27 22 af
252 206 113 22 vansinne
392 206 24 22 få
431 206 43 22 sitt
489 206 93 29 upphof
595 206 27 22 af
634 206 146 28 alkoholism,
797 214 49 13 som
862 206 110 29 derjemte

213 242 43 27 går
270 241 9 21 i
294 241 38 21 arf
345 240 37 22 till
397 240 88 22 barnen
501 241 8 21 i
525 241 60 21 form
601 241 26 21 af
640 241 105 21 idiotism
761 240 43 22 och
820 241 152 28 svagsinthet.

212 275 126 22 Likaledes
363 275 42 22 har
429 283 55 14 man
507 278 52 26 sagt
582 278 36 19 att
641 276 39 21 väl
704 275 89 21 hälften
809 275 27 21 af
849 276 46 21 alla
909 276 64 28 brott

213 310 76 21 skulle
311 310 30 21 ha
364 310 128 28 uteblifvit,
517 317 36 14 om
576 310 40 21 det
638 310 52 21 icke
713 309 59 22 hade
788 310 91 20 funnits
895 310 77 21 starka

214 344 105 28 drycker,
336 343 43 22 och
395 346 36 19 att
445 344 191 28 fyrafemtedelar
652 344 26 21 af
691 344 140 21 tukthusens
845 344 129 28 inbyggare

214 378 30 21 ha
260 378 98 21 kommit
373 378 36 22 dit
424 378 36 22 för
475 378 207 29 dryckenskapens
698 378 67 21 skull.

284 412 54 22 Men
353 412 24 22 vi
393 413 51 22 icke
460 420 41 15 ens
521 413 94 22 försöka
631 415 36 19 att
682 412 85 22 teckna
783 420 28 13 en
827 412 50 22 bild
893 412 25 22 af
932 412 42 22 allt

214 447 40 21 det
279 447 81 22 elände
386 447 44 22 och
455 447 120 28 obestånd,
604 455 48 14 som
678 447 79 22 starka
780 447 99 28 drycker
899 447 75 22 åstad-

214 481 104 22 komma:
334 481 140 22 förlusterna
489 482 10 21 i
514 482 87 28 sedligt
620 481 43 22 och
680 481 92 28 andligt
787 481 131 22 hänseende
935 485 39 18 äro

214 515 8 21 i
238 515 84 29 sjelfva
344 515 82 22 verket
442 515 95 28 sådana,
553 517 36 20 att
605 515 53 22 Gud
674 523 79 14 ensam
769 515 46 22 kan
831 517 63 20 mäta
909 515 66 22 deras

214 549 94 22 storlek.

284 584 83 21 Staten
382 583 42 22 har
439 584 8 21 i
463 584 52 21 vårt
530 584 56 21 land
602 584 43 21 allt
659 584 62 22 ifrån
737 585 44 20 den
797 584 42 27 tid,
856 583 29 22 då
896 583 78 22 starka

216 619 111 28 dryckers
350 618 107 28 skadliga
473 618 118 29 egenskap
606 618 52 21 blef
670 618 69 27 känd,
756 613 30 33 på
801 620 48 19 sätt
864 618 55 21 eller
934 625 40 14 an-

215 654 42 20 nat
282 653 123 21 inskränkt
430 652 185 28 tillverkningen
641 653 26 21 af
689 652 44 22 och
759 652 104 21 handeln
877 652 52 21 med
945 652 28 21 de

216 694 94 15 samma.
340 686 423 29 Husbehofsbränningsrättighetens
779 686 145 22 afskaffande
940 687 36 21 för

215 721 205 28 hemmansegarne
444 728 42 14 var
509 721 45 21 den
578 721 128 28 vigtigaste
722 721 27 21 af
761 721 66 21 dessa
844 721 130 21 förbudsät-

214 755 90 28 gärder.
336 755 54 22 Men
413 755 28 21 30
464 756 37 21 års
523 755 133 21 erfarenhet
671 755 42 21 har
729 755 67 27 visat,
823 757 36 19 att
873 755 24 22 vi
912 759 64 17 ännu

214 789 95 22 befinna
331 797 36 14 oss
391 789 94 28 mycket
507 789 68 28 längt
597 789 52 22 frän
666 790 40 21 det
720 789 53 27 mäl,
797 797 48 13 som
862 797 53 14 man
930 789 46 22 för-

215 823 67 22 sökte
306 825 79 27 uppnä
407 831 82 20 genom
515 823 287 28 husbehofsbränningens
824 823 151 25 afskaffande,

215 857 190 22 Bränvinsflödet
421 858 133 21 hämmades
575 858 39 21 väl
628 858 36 21 för
680 865 30 14 en
725 858 54 21 kort
793 857 35 22 tid
845 858 30 28 pä
889 857 86 28 landet,

215 899 55 14 men
285 892 79 21 svälde
380 893 25 20 sä
420 892 95 28 mycket
530 892 130 27 mäktigare
677 892 8 21 i
701 891 116 28 städerna,
833 891 52 22 frän
896 891 80 22 hvilka

215 926 41 21 det
271 926 68 21 hotar
355 928 35 19 att
406 926 127 22 ätervända
548 926 38 21 till
597 926 196 28 landsbygderna,
803 926 36 21 för
848 928 35 19 att
893 926 83 27 bringa

216 960 100 21 sakerna
332 960 8 21 i
355 960 67 21 deras
437 960 64 21 förra
515 960 68 21 skick
598 961 44 21 och
658 960 89 22 kanske
763 961 30 27 pä
808 967 29 14 en
853 963 72 18 sämre
934 960 44 27 tot,

216 997 30 18 än
262 994 69 22 förut.
456 992 8 7 *

287 1029 113 21 Personer
425 1028 82 28 finnas,
533 1036 50 14 som
608 1036 54 14 anse
688 1031 37 19 att
748 1029 167 28 nykterhetens
937 1028 39 22 be-

216 1062 130 29 främjande
369 1066 26 18 är
416 1063 63 21 blott
503 1063 28 21 de
554 1063 118 22 enskildes
692 1063 43 21 sak
750 1063 44 21 och
809 1063 42 21 hör
867 1063 43 21 alls
925 1062 51 21 icke

216 1097 38 20 till
277 1098 88 20 statens
387 1097 214 22 verksamhetssfer.
632 1097 115 28 Stigande
771 1097 115 28 bildning,
916 1104 29 14 en
968 1097 8 20 i

216 1131 44 21 allt
282 1131 80 21 vidare
385 1131 91 21 kretsar
494 1131 158 28 inträngande
668 1131 309 28 folkskoleundervisning
961 1127 19 37 i

216 1165 109 28 förening
348 1165 51 21 med
421 1165 185 29 presterskapets
628 1166 9 21 i
660 1165 95 28 kristlig
779 1165 61 21 anda
855 1165 65 28 gifna
935 1165 41 22 räd

216 1199 62 21 skall
300 1200 146 28 smäningom
469 1199 41 22 hos
534 1201 52 20 värt
608 1200 49 21 folk
678 1199 105 28 aflägsna
798 1199 140 22 missbruket
953 1199 26 22 af

216 1233 80 22 starka
319 1233 106 28 drycker.
455 1234 37 21 En
515 1234 157 28 lagstiftning,
694 1241 50 14 som
759 1233 117 28 företager
891 1234 35 27 sig
942 1235 35 20 att

216 1267 129 22 inskränka
360 1269 56 20 vära
440 1268 70 29 nöjen
527 1268 44 21 och
586 1269 56 20 vära
657 1268 146 28 njutningar,
819 1267 91 21 afviker
924 1268 53 21 frän

217 1302 46 21 den
286 1304 61 20 rätta
366 1306 77 24 vägen
459 1302 44 22 och
518 1303 81 27 lägger
614 1302 86 28 farliga
714 1302 64 21 band
794 1303 29 27 pä
839 1302 44 20 den
899 1302 77 27 frihet,

216 1336 36 21 för
277 1336 69 22 hvars
371 1339 63 19 rätta
457 1337 61 21 bruk
542 1337 139 21 menniskan
704 1336 81 22 blifvit
800 1336 61 22 stäld
877 1336 8 21 i
901 1336 75 21 denna

216 1370 161 23 frestelsernas
399 1372 73 22 verld.
501 1372 32 21 Vi
554 1372 99 21 förneka
675 1371 118 21 bestämdt
816 1370 66 22 dessa
900 1371 77 27 pästä-

216 1404 89 22 endens
328 1405 133 22 hällbarhet
485 1406 43 21 och
550 1406 100 28 äberopa
674 1406 46 20 den
746 1405 69 21 ocksä
831 1405 8 20 i
855 1405 51 21 värt
921 1404 56 21 land

217 1438 75 22 redan
306 1446 80 15 vunna
403 1440 138 26 erfarenhet,
557 1447 49 14 som
622 1440 91 21 bevisar
729 1440 35 20 att
775 1439 144 27 bildningen,
932 1438 44 21 den

218 1474 38 22 mä
280 1473 72 23 sedan
375 1474 64 22 hvila
462 1475 30 28 pä
514 1474 156 22 humanistisk
693 1473 56 22 eller
777 1473 94 28 kristlig
893 1472 82 29 grund,
