1086 1717
338 148 24 22 U.
377 148 24 22 B.
419 160 25 3 —
460 148 65 28 Prop.
541 147 39 22 N:o
596 146 33 23 39.
808 148 27 20 29

379 225 26 21 6
422 224 176 26 Kapitlet.

177 281 12 23 2
210 284 18 24 8.
258 281 116 28 Förslaget
397 282 40 21 har
459 281 40 21 här
521 281 59 28 gjort
604 281 41 21 den
668 281 142 28 bestämning,
833 282 33 21 att

108 316 67 28 högre
197 316 64 22 straff
281 316 34 22 för
337 316 88 22 återfall
443 316 49 21 icke
513 316 55 21 skall
584 322 42 21 ega
640 322 54 21 rum,
710 322 33 15 om
759 316 50 22 från
825 316 41 22 den

108 350 50 29 dag,
174 351 29 22 då
219 351 41 21 den
275 350 100 28 skyldige
389 351 81 21 utstått
485 350 63 22 straff
561 350 7 22 i
584 350 79 22 allmän
678 350 97 22 straffart
785 350 34 22 för
829 350 37 22 det

108 384 59 23 förra
182 386 88 26 brottet,
286 385 26 21 så
326 385 53 27 lång
394 384 33 22 tid
437 384 98 27 förflutit,
547 390 45 16 som
602 386 66 26 utgör
677 384 190 28 preskriptionstid

107 419 35 22 för
161 419 47 22 åtal
228 419 25 22 af
266 419 37 22 det
317 425 76 16 senare
408 419 89 22 brottet.
524 418 82 28 Någon
620 418 113 28 principiel
747 419 71 28 grund
832 418 35 23 för

109 460 26 15 en
155 454 61 27 dylik
234 454 149 22 bestämmelse
402 453 62 22 torde
484 453 49 22 icke
548 453 122 27 förefinnas,
687 454 39 21 och
741 454 41 21 den
797 453 69 22 skulle

108 488 65 23 äfven
192 489 74 21 kunna
283 489 49 21 leda
346 489 34 21 till
395 488 151 28 egendomliga
560 489 166 26 konsegvenser.
757 488 42 22 Till
813 488 54 27 följd

109 523 64 22 deraf
192 524 35 21 att
246 523 218 27 preskriptionstiden
483 523 34 21 för
537 523 132 22 åtalsrätten
684 525 24 19 är
723 522 106 22 beroende
845 521 24 22 af

108 557 96 22 straffets
226 557 115 22 maximum
363 557 71 22 kunde
457 557 37 22 det
515 560 16 19 t.
547 564 32 15 ex.
599 558 73 21 hända
686 559 39 26 att,
742 564 33 15 om
791 557 24 22 af
828 557 39 22 två

108 598 108 21 personer,
237 592 76 22 hvilka
331 599 81 15 samma
431 592 44 27 dag
495 593 80 21 utstått
594 592 64 22 straff
671 592 34 21 för
720 592 69 22 första
803 597 64 16 resan

108 626 64 27 stöld,
188 626 42 22 den
246 633 39 15 ene
300 626 94 23 derefter
409 627 69 27 begår
493 627 73 21 försök
581 627 34 21 till
629 627 113 21 enahanda
757 627 59 20 brott
828 626 39 21 och

109 661 42 21 den
173 661 67 22 andre
263 661 75 22 dervid
358 663 23 20 är
399 661 151 28 medhjelpare,
567 661 42 22 den
624 661 59 22 förre
698 661 69 22 skulle
781 659 86 23 straffas

109 695 34 22 för
163 695 88 22 återfall
266 702 47 15 men
328 696 47 21 icke
391 696 40 21 den
447 702 76 15 senare
540 703 18 14 o.
574 702 16 15 s.
606 703 20 14 v.
645 708 25 3 —
686 695 75 22 Ehuru
776 694 93 23 visserli-

109 736 43 21 gen
171 729 40 22 den
226 729 40 28 tid,
282 729 56 22 efter
353 730 88 22 hvilken
455 731 68 26 högre
538 729 64 22 straff
614 729 36 22 för
664 729 87 22 äterfall
766 729 48 22 icke
829 729 39 21 bör

109 770 42 21 ega
166 770 52 21 rum,
235 766 87 25 strängt
336 766 63 26 taget
413 765 48 21 stär
475 764 8 21 i
499 766 32 20 ett
546 765 56 21 visst
616 764 137 21 förhällande
769 764 33 21 till
811 764 57 21 brot-

109 800 43 20 tets
167 798 89 28 storlek,
273 805 63 15 anser
350 799 114 22 Utskottot
474 811 29 3 —
514 799 28 21 dä
557 799 44 21 tids
616 798 191 28 bestämningarne
821 798 48 21 här-

111 832 38 22 vid
169 832 63 22 alltid
251 833 71 22 blefve
340 839 45 16 mer
400 833 52 22 eller
467 833 82 22 mindre
564 833 142 27 godtyckliga
722 845 26 3 —
765 833 26 21 de
805 832 64 27 prak-

111 867 59 21 tiska
188 866 124 23 fördelarne
330 867 25 22 af
368 874 27 15 en
409 867 34 22 för
458 867 44 22 alla
517 868 59 21 brott
590 867 46 22 lika
651 867 53 28 läng
719 867 32 22 tid
767 873 53 16 vara
835 867 34 21 att

111 901 85 22 skattas
219 901 73 28 högre,
309 902 39 21 och
369 902 40 21 har
431 901 86 23 derföre
537 902 7 21 i
562 902 69 21 likhet
646 902 48 21 med
710 901 159 27 Gransknings-

111 935 95 22 komitön
225 937 71 20 utsatt
313 936 31 21 tio
364 937 31 26 är,
414 936 98 22 räknade
525 937 50 21 från
590 936 42 22 den
648 937 49 27 dag,
712 936 28 21 dä
756 936 42 21 den
813 935 56 28 skyl-

112 969 50 28 dige
181 971 82 20 utstätt
282 970 64 22 straff
362 970 8 21 i
389 971 80 21 allmän
487 971 98 21 straffart
604 971 35 21 för
654 970 37 22 det
706 970 59 22 förra
779 970 88 26 brottet,

111 1005 71 21 såsom
198 1004 42 21 den
256 1004 38 27 tid,
310 1004 55 22 efter
379 1005 88 22 hvilken
482 1004 35 22 för
532 1005 87 22 återfall
634 1005 48 21 icke
696 1005 36 21 mä
747 1005 74 21 dömas
835 1004 34 21 till

111 1039 68 27 högre
192 1038 68 22 straff.

379 1155 26 20 7
422 1155 182 26 Kapitlet.

181 1210 123 22 Föremålet
319 1211 34 21 för
367 1211 151 28 stadgandena
532 1211 8 21 i
557 1211 60 22 detta
633 1211 49 27 kap.
697 1213 88 26 utgöres
795 1210 25 22 af
829 1211 41 22 den

113 1251 16 14 s.
145 1245 22 21 k.
184 1245 255 25 ,brottskonkurrensen".
463 1245 72 22 Sedan
550 1246 8 21 i
574 1248 10 19 1
601 1245 12 29 $
627 1245 152 28 föreskrifvits,
790 1247 34 20 att
833 1245 37 21 vid

113 1278 29 22 all
164 1278 134 23 konkurrens
320 1279 84 22 straffet
425 1280 40 21 bör
487 1281 95 21 utsättas
601 1280 8 21 i
630 1280 42 22 den
691 1281 100 21 sväraste
806 1279 25 22 af
844 1279 26 22 de

112 1312 128 28 straffarter,
256 1314 89 22 hvartill
360 1314 41 22 den
415 1314 102 28 skyldige
532 1314 35 22 för
582 1315 68 27 nägot
666 1314 24 22 af
698 1315 87 21 brotten
795 1316 24 20 är
829 1313 42 22 för-

112 1346 72 28 fallen,
209 1348 129 22 bestämmes
357 1348 8 22 i
385 1351 12 19 2
417 1348 18 29 8,
453 1350 33 20 att
501 1349 38 22 vid
554 1350 53 20 ideel
622 1350 136 26 konkurrens,
775 1349 52 21 eller
842 1348 29 22 dä

112 1381 53 22 flera
188 1381 60 22 brott
269 1384 38 20 äro
329 1382 113 23 föröfvade
467 1390 77 20 genom
564 1390 27 15 en
610 1383 112 27 handling,
739 1383 77 22 endast
834 1382 38 22 det

112 1417 126 26 strängaste
253 1416 85 22 straffet
352 1418 39 20 bör
404 1417 109 27 tillämpas
529 1418 39 21 och
582 1417 26 22 de
623 1418 65 27 brott,
704 1418 35 21 för
753 1417 76 22 hvilka
845 1417 26 21 de

113 1449 71 29 öfriga
206 1450 89 22 straffen
318 1452 85 27 utsatts,
425 1452 77 21 endast
516 1452 58 27 gälla
588 1452 72 21 såsom
674 1452 142 22 försvårande
831 1458 40 15 om-
