1086 1717
266 151 26 21 18
467 150 24 24 U.
507 150 23 24 B.
545 162 29 6 —
590 150 62 30 Prop.
668 150 37 24 N:o
721 151 38 23 35.

491 316 62 27 Till
570 316 165 22 Statsutskottet.

304 379 37 21 Uti
363 379 122 21 skrifvelser
507 380 33 20 till
562 379 99 27 samtliga
676 378 96 22 Stånden
794 378 23 22 af
834 379 40 21 den
891 379 26 21 14
932 385 58 21 nyss-

234 412 63 23 vikne
312 413 58 22 Mars
392 414 40 21 har
455 413 171 27 Statsutskottet,
651 414 49 21 med
724 412 113 27 förmälan,
863 413 36 22 det
923 412 68 23 Stats-

233 447 107 22 utskottet
361 449 35 20 vid
419 448 157 27 behandlingen
591 448 23 21 af
631 448 78 27 nädiga
723 447 162 28 propositionen
899 448 40 21 N:o
955 448 34 26 35,

234 481 109 28 angäende
368 483 81 20 inlösen
473 483 24 21 af
520 482 194 27 donationsgodsen
738 482 8 21 i
771 481 100 27 Wiborgs
895 482 38 21 och
958 481 32 22 S:t

232 516 90 22 Michels
338 517 35 20 län
387 517 70 21 funnit
473 517 36 21 det
525 517 22 21 af
557 517 161 21 Kommisionen
732 516 35 21 för
777 516 132 21 anställande
920 516 23 21 af
951 523 38 14 un-

233 551 129 27 dersökning
371 551 49 21 utaf
428 551 25 21 de
465 551 188 27 omständigheter,
664 557 46 15 som
720 551 75 20 kunna
804 550 88 21 inverka
902 551 88 26 menligt

232 585 28 27 pä
284 585 105 21 äboarnes
406 585 13 21 &
434 585 26 21 de
475 585 79 22 inlösta
568 585 268 27 donationslägenheterna
851 585 137 21 ekonomiska

232 619 108 27 ställning,
362 619 126 22 framstälda
509 620 81 26 förslag
612 626 35 15 om
669 619 123 21 inrättande
815 619 23 21 af
859 619 23 21 sä
904 619 84 22 kallade

231 653 202 28 kommunalskogar
455 661 52 14 vara
529 653 23 22 af
565 654 42 21 den
622 654 116 27 betydelse,
762 655 33 19 att
810 653 117 22 detsamma
942 653 46 22 icke

231 687 68 22 borde
309 688 81 21 lemnas
400 689 52 20 utan
467 688 107 26 afseende,
590 688 108 25 hemstält,
714 689 33 20 att
759 688 55 27 Lag-
825 687 39 22 och
875 688 114 21 Ekonomi-

231 722 112 27 utskottet,
367 729 44 14 som
433 722 56 21 hade
509 723 67 20 under
590 722 131 27 behandling
736 721 79 28 nädiga
829 722 159 27 propositionen

231 756 110 27 angäende
357 763 26 20 ny
399 757 105 26 skogslag,
520 756 156 27 innehällande,
692 756 67 21 bland
774 758 71 23 annat,
861 756 79 27 förslag
955 757 33 20 till

231 790 119 27 stadgande
368 791 91 21 rörande
475 791 143 26 samfällighet
633 791 96 26 tillhörig
745 790 39 21 och
799 792 131 25 gemensamt
945 790 43 21 för-

231 825 73 21 valtad
329 825 130 26 skogsmark,
485 825 67 21 mätte
577 825 104 21 anmodas
704 824 79 27 afgifva
805 825 99 26 yttrande
929 825 59 21 öfver

230 859 172 22 Kommisionens
424 859 128 22 förberörda
581 859 81 27 förslag
684 860 57 20 samt
765 859 33 20 till
823 858 165 22 Statsutskottet

231 893 127 22 öfversända
382 893 121 22 utlätandet
525 893 7 21 i
554 893 40 22 och
618 893 35 21 för
675 893 131 21 detsammas
828 893 113 26 intagande
956 893 32 21 uti

229 927 123 22 Utskottets
375 927 134 22 betänkande
529 927 111 27 angående
654 928 83 21 inlösen
753 927 24 21 af
789 927 198 27 donationsgodsen.

230 961 99 22 Derefter
341 961 70 27 hafva,
427 962 66 27 enligt
507 962 33 21 till
554 963 55 26 Lag-
620 962 39 21 och
670 961 215 22 Ekonomiutskottet
899 961 47 22 från
962 962 26 21 de

229 996 121 27 respektive
366 996 94 21 Stånden
475 996 106 21 ankomna
596 996 205 27 protokollsutdrag,
818 996 62 21 dessa
893 995 93 27 beslutit,

229 1029 91 28 Preste-,
341 1030 104 27 Borgare-
460 1031 39 20 och
514 1030 166 21 Bondestånden
695 1031 39 25 att,
757 1030 49 21 med
821 1029 61 22 bifall
897 1030 31 21 till
944 1036 43 15 om-

228 1063 106 22 förmälda
349 1064 134 27 hemställan,
499 1065 93 21 anmoda
606 1065 114 20 Utskottet
730 1065 33 20 att
778 1064 33 21 till
822 1063 165 22 Statsutskottet

228 1097 92 22 aflemna
335 1099 36 20 det
386 1099 79 21 äskade
480 1099 115 26 yttrandet,
620 1100 55 20 samt
689 1098 160 26 Ridderskapet
864 1098 39 21 och
918 1098 69 21 Adeln

228 1133 34 20 att
283 1133 111 21 remittera
415 1133 102 26 förslaget
533 1139 34 15 om
583 1133 101 21 bildande
698 1133 25 21 af
736 1132 202 27 kommunalskogar
952 1132 33 21 till

228 1167 56 26 Lag-
302 1167 40 21 och
357 1167 217 26 Ekonomiutskottet,
597 1167 81 21 hvilket
694 1166 54 27 egde
764 1168 51 25 taga
829 1166 76 27 frågan
919 1167 67 20 under

228 1201 73 27 slutlig
316 1201 98 27 pröfning
429 1203 55 20 samt
499 1201 38 21 sitt
551 1201 112 21 utlåtande
678 1201 47 21 deri
741 1201 71 21 direkt
822 1201 33 20 till
866 1200 119 22 Ständerna

228 1235 85 27 afgifva.
343 1235 41 21 Till
405 1235 53 27 följd
480 1235 23 21 af
523 1236 25 21 de
564 1237 33 20 tre
612 1235 150 22 förstnämnda
777 1235 106 21 Ståndens
898 1235 89 21 sålunda

228 1270 229 21 sammanstämmande
476 1269 76 27 beslut,
577 1269 39 22 och
632 1269 54 22 efter
701 1269 38 22 det
754 1269 112 21 Utskottet
881 1269 57 21 såväl
954 1271 32 19 ta-

226 1304 32 26 git
273 1304 120 21 kännedom
409 1310 34 15 om
459 1304 26 21 de
501 1304 59 22 öfver
574 1304 165 21 ofvanbemälda
753 1304 144 21 Kommisions
910 1304 78 20 under-

227 1337 79 28 dåniga
327 1338 135 21 betänkande
483 1338 118 22 aflemnade
619 1338 149 27 underdåniga
782 1337 125 22 utlåtanden
920 1337 65 27 jemte

226 1372 257 27 Finans-Expeditionens
506 1372 7 21 i
537 1372 120 28 Kejserliga
682 1372 95 22 Senaten
801 1372 69 21 under
894 1372 40 21 den
957 1372 27 20 10

225 1406 121 22 December
369 1407 55 22 1884
445 1407 8 21 i
472 1408 71 20 ämnet
558 1407 80 27 afgifna
652 1406 119 22 berättelse
786 1406 109 21 äfvensom
910 1412 34 15 om
956 1406 30 21 'de

226 1441 133 26 uttalanden,
375 1441 73 21 hvilka
462 1441 35 21 vid
512 1441 171 27 propositionens
694 1447 35 15 om
740 1440 83 22 inlösen
833 1440 23 21 af
865 1440 122 22 donations-

225 1475 82 27 godsen
321 1475 152 27 föredragning
488 1476 7 20 i
510 1475 158 27 Ridderskapet
683 1475 41 21 och
739 1475 70 21 Adeln
825 1476 49 20 sant
883 1475 104 27 Borgare-

296 1514 149 19 Statsutskottets
457 1515 116 18 betänkande
585 1516 39 17 N:o
636 1516 30 16 9.-
