1086 1717
233 140 29 21 52

387 140 80 22 Ständ.
482 140 37 22 Sv.
537 152 23 3 —
578 140 71 27 Prop.
665 140 40 22 N:o
720 140 36 21 34.

410 203 23 27 a)
449 202 28 21 då
488 202 125 28 forslingen
628 202 50 21 sker
696 202 73 21 utmed
791 202 108 28 landsväg
915 203 53 21 eller

338 238 101 26 Jjernväg,
463 238 12 19 å
498 238 64 26 insjö,
578 236 35 28 elf
626 237 52 20 eller
693 239 70 18 annat
779 237 141 28 vattendrag,
934 238 32 26 pä

343 271 72 21 landet
429 271 28 28 af
462 271 159 21 vederbörande
630 271 128 26 kontrollör,
769 271 135 27 kronofogde
913 272 53 20 eller

344 305 99 21 länsman
458 306 8 20 i
481 308 67 24 orten,
564 305 116 28 hvarifrån
691 305 182 27 försändningen
889 305 76 28 afgår,

343 340 36 20 och
396 341 8 19 i
419 340 50 21 stad
484 340 27 26 af
523 340 159 21 vederbörande
697 339 143 28 stadsfiskal;
857 339 38 21 och

411 380 22 23 b)
449 388 32 13 om
503 380 124 27 forslingen
650 380 129 21 verkställes
802 387 13 13 å
835 380 86 27 saltsjö,
940 379 28 28 af

343 414 156 26 tullkammare,
522 414 90 26 hvilken,
638 413 55 28 efter
717 414 66 21 skedd
799 413 167 28 undersökning

342 449 29 27 af
388 449 118 20 innehållet
528 449 8 20 i
558 449 77 20 kärlen
658 451 56 18 samt
731 449 12 20 å
760 449 72 26 dessa,
850 448 52 28 ifall
917 448 49 21 skäl

344 483 33 21 till
401 485 83 25 vägran
499 484 22 26 ej
530 483 154 27 förekommer,
700 483 120 20 verkställd
831 483 133 27 försegling,

341 517 110 20 meddelar
473 517 198 27 varuförpassning
692 519 32 18 att
741 517 120 20 bränvinet
878 517 86 27 åtfölja.

342 550 60 21 Dock
426 551 41 26 må,
494 551 38 21 der
555 551 99 28 forsling
680 551 28 28 af
731 551 92 21 bränvin
850 552 15 19 å
887 551 77 27 saltsjö

340 584 49 21 sker
400 585 58 26 från
481 585 104 21 bränneri
600 585 52 20 eller
668 584 205 29 destilleringsverk
888 585 13 20 &
918 585 46 20 lan-

341 619 41 26 det,
405 619 85 21 hvarest
515 619 153 21 tullkammare
691 619 44 21 icke
753 619 82 28 finnes,
861 619 36 21 till
913 621 50 19 när-

343 653 84 28 belägen
453 654 50 20 stad
528 654 47 20 med
597 654 234 27 passagerarefartyg,
859 661 44 14 som
930 653 34 21 be-

340 694 84 21 gagnas
439 688 36 20 till
489 688 147 27 regelbundna
653 691 61 18 turer
731 688 82 21 inrikes
830 691 59 18 orter
901 688 61 21 emel-

342 721 43 26 lan,
405 721 147 28 förpassning
578 723 12 20 å
614 723 71 20 sådan
710 722 152 28 försändning
890 722 74 27 utfär-

345 755 39 21 das
399 756 30 25 af
439 756 124 30 kontrollör,
579 757 135 27 kronofogde
729 757 52 21 eller
797 757 167 21 länsman
904 751 10 39 i
926 751 42 39 den

344 792 41 23 ort,
408 791 38 20 der
469 791 124 20 bränneriet
615 791 53 20 eller
692 791 220 28 destilleringsverket
938 793 26 18 är

344 823 90 28 beläget.

411 861 20 18 2.
463 859 45 20 För
523 859 144 27 utfärdandet
679 859 25 26 af
705 859 152 28 förpassning
870 859 26 27 af
903 859 63 20 brän-

341 893 35 22 vin
393 893 66 28 enligt
479 893 179 28 nästföregående
674 900 61 14 mom.
751 893 58 21 skall
825 900 135 21 ursprungs-

345 927 61 26 bevis,
428 927 91 28 utgifvet
542 927 27 28 af
589 928 133 26 tillverkare,
745 928 53 21 eller
813 928 110 27 certifikat
938 928 30 27 af

342 961 169 27 återförsäljare
533 962 105 27 aflemnas
662 963 34 20 till
720 962 47 26 den,
786 962 178 27 förpassningen

341 994 106 27 utfärdar
462 995 38 21 och
516 995 28 28 af
555 996 77 21 honom
643 997 114 26 förvaras.
779 996 48 21 För
838 996 67 21 sådan
916 997 49 26 för-

339 1030 109 27 passning
464 1031 35 19 må
514 1031 8 19 i
537 1031 58 20 lösen
611 1030 112 27 uppbäras
739 1038 25 13 en
781 1030 68 22 mark.

409 1065 20 18 3.
464 1063 42 21 Vid
523 1063 99 28 forsling
646 1064 30 27 af
691 1063 115 28 förbrutet
831 1064 75 21 dömdt
924 1065 38 20 och

341 1097 67 27 enligt
422 1097 15 26 $
450 1099 30 19 28
494 1105 61 14 mom.
571 1100 15 19 2
597 1098 101 27 försåldt
714 1099 93 20 bränvin
820 1098 60 27 från
890 1105 26 14 en
926 1099 35 20 till

341 1137 74 14 annan
431 1134 34 18 ort
481 1133 56 20 inom
554 1133 79 25 landet,
650 1132 58 21 skall
723 1132 116 21 bränvinet
852 1133 66 20 alltid
932 1133 34 20 åt-

336 1165 75 27 följas
427 1165 29 28 af
469 1165 304 28 tullkammareförpassning.

615 1230 14 26 $
644 1231 35 19 32.

410 1277 19 19 1.
459 1275 17 21 I
495 1275 119 21 allmänhet
636 1276 36 20 må
691 1275 92 22 bränvin
800 1277 20 27 ej
837 1276 129 28 uppläggas

346 1310 143 21 annorstädes
505 1312 28 18 än
548 1310 40 21 der
602 1317 70 14 varan
689 1310 73 27 blifvit
777 1310 118 21 tillverkad
914 1311 54 21 eller

340 1344 119 27 Jörädlad
451 1340 15 35 ;
474 1351 46 13 men
536 1344 38 21 vill
590 1351 62 20 egare
668 1344 30 27 af
710 1344 106 21 bränneri
833 1345 54 21 eller
894 1345 72 21 destil-

344 1377 131 27 leringsverk
493 1378 32 26 på
541 1378 73 20 landet
629 1378 61 21 hålla
706 1379 85 27 upplag
807 1379 30 26 af
851 1385 52 21 egen
919 1379 48 20 till-

343 1411 103 28 verkning
461 1412 8 20 i
484 1412 60 26 stad;
560 1413 52 21 eller
627 1413 46 26 den,
689 1420 45 14 som
750 1412 98 22 innehar
862 1412 105 28 rättighet

344 1445 39 21 vill
396 1446 143 26 partihandel
553 1446 47 21 med
616 1447 99 26 bränvin,
733 1447 112 27 upplägga
861 1446 28 28 af
895 1446 71 22 sådan
