1086 1717
371 159 24 24 U.
411 159 23 23 B.
453 172 24 4 —
495 160 61 30 Prop.
571 160 37 23 N:o
622 160 35 22 32.
845 162 12 19 5

115 268 170 22 Bondeståndet.

463 269 181 22 Bankutskottets
659 269 82 28 förslag
756 269 35 22 till
805 269 84 29 åtgärd.

47 435 123 22 Utskottets
218 435 137 22 betänkande

72 464 125 28 godkändes
206 464 149 22 oförändradt.

48 670 163 22 Bondeståndet
240 671 40 21 har
304 671 51 27 god-

76 698 53 22 känt
151 699 41 21 den
208 700 24 20 af
244 699 112 22 Utskottet

76 727 79 28 gjorda
164 727 162 28 uteslutningen
334 726 27 23 afj

76 756 105 21 nästsista
206 759 119 19 momentet
349 757 5 20 i

76 784 80 29 nådiga
171 785 170 28 propositionen.

395 366 76 22 förena
487 366 32 28 sig
534 374 35 14 om
584 367 87 21 Preste-
686 367 41 21 och
738 366 181 22 Bondeståndens
927 374 57 14 sam-

395 395 116 28 stämmiga
527 396 71 21 beslut
612 396 94 21 rörande
722 395 71 22 denna
807 396 76 27 punkt.

367 435 97 22 Emedan
480 437 32 20 tre
527 436 75 21 stånds
618 436 163 28 samstämmiga
791 436 72 21 beslut
871 435 113 30 föreligga,

396 464 98 22 förfaller
509 464 29 23 all
554 465 73 22 vidare
642 465 83 28 åtgärd.

369 670 30 22 På
422 671 70 27 grund
515 672 24 21 af
560 671 26 22 de
609 671 72 22 beslut
702 678 45 15 som
768 671 7 22 i
790 671 77 28 antydt
883 670 102 22 afseende

397 699 111 28 föreligga,
525 701 33 20 får
574 700 111 21 Utskottet
700 700 110 21 vördsamt
825 699 114 22 hemställa
952 701 34 20 att

397 728 100 27 samtliga
513 728 63 21 stånd
587 741 27 3 —
625 728 164 22 Bondeståndet
796 728 48 21 med
852 728 132 27 frångående

396 757 25 20 af
441 757 38 20 sitt
501 757 92 27 tidigare
616 757 83 21 fattade
718 757 72 21 beslut
804 769 29 4 —
847 757 50 21 ville
912 757 72 20 såsom

397 785 104 22 nästsista
524 787 95 20 moment
637 787 7 19 i
663 785 13 29 &
694 786 24 21 17
734 786 25 21 af
772 785 123 22 Utskottets
910 785 76 22 betän-

396 813 72 22 kande
483 816 81 25 antaga
578 816 32 20 ett
621 814 119 28 stadgande
751 814 24 21 af
786 813 95 29 följande
892 813 92 29 lydelse:

506 872 47 20 Har
567 873 61 24 någon
644 873 26 24 af
680 872 142 25 ofvannämnda
833 878 99 20 personer,
943 872 43 20 med

471 901 104 20 kännedom
589 903 30 18 att
632 901 149 25 författningens
795 901 123 24 föreskrifter
932 901 8 20 i
950 907 35 14 an-

471 929 58 24 förda
550 929 100 25 afseenden
665 929 64 25 blifvit
743 929 131 24 öfverträdda,
889 929 42 20 deri
944 930 42 19 icke

471 958 117 25 oförtöfvadt
606 959 87 24 påyrkat
708 959 84 25 rättelse,
807 958 52 23 eller,
874 958 9 19 i
896 958 90 19 händelse

469 987 62 19 sådan
552 987 19 24 ej
591 987 50 24 följt,
663 993 30 14 om
711 987 132 24 förhållandet
856 987 34 19 hos
901 987 85 24 publika

471 1015 85 20 ombudet
578 1016 46 19 eller
638 1015 85 25 offentlig
737 1015 93 25 åklagare
844 1015 79 26 anmält,
937 1021 49 14 vare

471 1043 77 25 straffet
568 1044 52 19 böter
641 1044 47 24 från
709 1044 65 24 femtio
798 1044 29 19 till
842 1045 72 18 ettusen
928 1043 58 20 mark

471 1072 46 20 eller
531 1073 85 24 fängelse
632 1073 29 20 till
676 1073 33 20 och
723 1072 42 20 med
779 1078 34 15 sex
827 1072 99 21 månader.

104 1167 142 28 Helsingfors,
263 1167 40 22 den
322 1169 25 20 18
362 1167 44 29 Maj
425 1168 60 21 1885.
