1086 1717
224 142 26 20 14
539 144 28 17 N:o
579 143 27 18 33.

192 210 92 22 innehar
300 211 128 27 statstjenst,
447 212 40 21 och
503 212 18 26 ej
538 212 68 21 heller
622 213 48 25 den,
688 219 44 15 som
749 212 33 22 för
798 212 28 21 fel
839 212 6 21 i
857 213 93 27 tjensten

191 244 49 21 från
264 245 182 21 nämndemanna-
471 246 52 21 eller
547 253 71 15 annan
644 247 79 21 allmän
744 247 122 27 befattning
882 247 70 21 blifvit

192 279 73 27 skiljd.

548 310 47 26 83.

262 348 72 22 Sedan
352 349 218 22 kommunalstämma
586 350 101 27 uppgjort
702 350 83 27 förslag
800 350 34 22 till
849 351 103 21 nämnde-

192 389 62 15 mans
273 383 136 23 tillsättande
425 385 40 21 och
480 385 133 26 protokollet
628 384 60 22 öfver
703 385 161 27 förrättningen
880 385 70 21 blifvit

188 418 118 28 justeradt,
330 419 57 21 skall
410 420 81 27 utdrag
514 420 62 21 deraf
595 420 111 21 tillställas
722 420 179 27 häradshöfding,
916 420 34 21 till

192 453 86 21 hvilken
295 453 40 21 ock
351 454 41 21 den
407 455 49 21 med
472 455 103 26 förslaget
591 455 117 27 missnöjde
725 461 51 20 eger
790 455 58 21 inom
859 455 42 21 den
911 455 38 26 tid,

192 493 46 15 som
254 487 34 22 för
304 488 201 27 ändringssökande
520 489 6 20 i
537 489 228 22 kommunalstämmas
777 489 72 22 beslut
859 492 25 18 är
894 489 56 22 före-

193 521 101 28 skrifven,
319 523 93 21 inlemna
430 523 114 27 skriftliga,
561 524 33 21 till
610 524 154 21 häradsrätten
780 524 71 21 stälda
866 524 84 21 besvär.

190 556 61 21 Efter
263 557 161 22 besvärstidens
435 559 83 26 utgång
529 558 38 21 bör
578 559 173 26 häradshöfding
761 559 116 26 föredraga
889 561 60 18 ären-

191 591 37 21 det
244 591 7 21 i
268 591 160 28 häradsrätten,
444 599 47 14 som
506 593 33 20 till
554 593 144 21 nämndeman
714 595 61 19 utser
786 599 26 15 en
824 593 23 21 af
858 593 26 21 de
896 593 54 21 före-

192 625 76 27 slagne
291 625 33 22 för
342 627 34 20 tre
393 627 34 20 års
443 627 33 20 tid
491 629 57 19 samt
563 627 99 21 deröfver
679 627 100 21 utfärdar
795 627 60 21 bevis
872 627 23 21 åt
909 628 40 21 den

191 660 99 21 utsedde.
320 660 76 21 Denna
419 667 50 20 eger
492 661 100 21 tillträda
615 661 34 21 sin
668 661 121 28 befattning
805 664 53 19 utan
873 662 77 21 hinder

192 695 24 20 af
229 695 79 21 besvär
324 695 59 21 öfver
398 695 165 22 häradsrättens
580 697 84 26 åtgärd.

549 759 11 27 8
576 761 20 19 4.

261 799 53 26 Den,
332 805 45 14 som
393 799 70 22 blifvit
479 799 33 21 till
529 800 143 21 nämndeman
688 800 85 27 utsedd,
789 799 35 21 mä
838 800 18 27 ej
869 801 81 20 undan-

192 833 70 26 draga
278 833 33 26 sig
328 833 90 26 sysslan,
435 834 39 21 der
489 834 43 21 han
548 834 19 27 ej
583 834 68 21 redan
668 834 6 21 i
690 836 33 19 tre
737 835 24 20 är
772 834 98 21 innehaft
881 835 68 20 sädan

191 867 123 28 befattning
337 868 52 21 eller
412 869 91 26 uppnått
521 868 67 21 sextio
605 869 35 20 års
656 869 62 21 ålder
733 868 54 21 eller
803 869 43 20 kan
861 869 34 20 för
910 869 39 21 sitt

191 901 113 22 befriande
328 902 75 21 anföra
422 904 67 19 annat
504 903 77 26 vigtigt
596 903 54 26 skäl,
668 909 46 15 som
729 903 152 21 häradsrätten
897 904 52 26 god-

192 937 90 20 känner.

261 971 55 21 Sker
334 971 107 27 afsägelse
457 971 40 22 och
512 971 62 27 gillas
592 972 124 21 densamma
732 971 23 22 af
770 972 128 25 domstolen,
914 973 35 20 må

191 1005 154 22 häradsrätten
368 1005 33 22 till
424 1006 150 27 befattningen
595 1008 47 19 utse
658 1007 127 26 någondera
801 1006 23 21 af
838 1007 26 20 de
881 1006 69 27 öfriga

190 1039 131 28 föreslagna.

548 1069 48 27 85.

260 1109 85 26 Flyttar
368 1109 145 21 nämndeman
535 1109 49 21 från
608 1110 41 21 den
672 1112 34 18 ort
724 1109 54 22 eller
794 1109 36 21 det
846 1110 103 21 nämnde-

190 1143 174 25 mannaomräde,
381 1144 38 21 der
434 1144 44 21 han
493 1144 39 21 bör
547 1151 53 14 vara
616 1144 80 26 bosatt,
711 1143 54 22 eller
776 1144 100 21 inträffar
887 1144 62 27 eljest

189 1178 49 21 med
254 1178 102 21 afseende
372 1179 13 20 å
400 1178 79 21 honom
495 1179 67 20 sådan
579 1179 169 26 omständighet,
765 1185 46 14 som
826 1180 64 25 utgör
903 1179 46 21 hin-

190 1213 40 20 der
245 1213 34 20 för
294 1213 115 21 valbarhet
423 1213 34 21 till
473 1213 304 27 nämndemannabefattning,
794 1219 51 20 eger
859 1213 90 22 härads-

190 1248 73 20 rätten
287 1247 78 21 honom
389 1247 48 22 frän
459 1248 94 27 tjensten
570 1248 70 27 skilja.
670 1248 134 21 Häradsrätt
820 1247 73 27 afgöre
910 1248 40 21 ock

191 1287 34 16 om
240 1282 156 21 nämndemans
412 1282 202 27 tjensteförseelser,
630 1284 60 19 utom
706 1282 28 21 dä
749 1281 44 22 han
809 1282 92 21 tilltalas
916 1282 34 22 för

190 1316 102 27 felaktigt
314 1316 124 21 förfarande
458 1317 35 20 vid
508 1316 100 27 utöfning
623 1317 23 21 af
660 1316 38 22 sitt
714 1316 143 26 domarevärf,
874 1317 7 20 i
896 1317 54 21 hvil-

189 1350 42 21 ken
247 1350 105 22 händelse
369 1350 68 22 ätalet
453 1351 40 21 bör
508 1351 37 21 ske
561 1351 7 21 i
583 1351 91 21 hofrätt.

260 1385 155 26 Nämndeman,
432 1391 46 15 som
494 1385 33 21 för
543 1385 110 27 tjenstefel
668 1385 54 21 eller
735 1392 73 14 annan
819 1385 131 27 förbrytelse

190 1418 98 26 tilltalas,
308 1419 35 21 mä
358 1419 68 21 under
441 1419 160 27 ransakningen
617 1419 47 22 frän
681 1420 107 26 tjenstens
804 1420 99 26 utöfning
918 1420 31 20 af-

188 1453 78 26 hållas,
284 1460 34 14 om
334 1454 45 20 skäl
397 1454 72 21 dertill
485 1454 150 21 förekommer.
