1086 1717
449 143 45 26 N:o.
499 143 37 22 39.
833 143 12 19 3

115 213 98 27 skyldige
236 212 49 22 med
307 212 62 22 böter
392 212 49 21 från
461 211 41 21 och
522 211 48 21 med
587 211 119 21 etthundra
720 210 35 22 till
772 210 39 22 och
827 210 49 22 med

115 248 85 20 ettusen
220 246 63 22 mark
302 246 54 22 eller
370 246 97 27 fängelse
485 245 50 22 från
550 245 40 21 och
606 245 49 21 med
670 251 38 15 sex
723 245 104 21 månader
842 245 34 21 till

116 282 40 21 och
171 282 50 21 med
237 282 36 21 två
289 281 31 21 år.

184 316 44 21 Det
250 315 131 27 tullpligtiga
400 315 79 27 godset
494 314 52 22 eller
562 314 50 22 dess
627 314 67 22 värde
709 320 51 16 vare
775 314 36 21 vid
826 314 51 21 tull-

117 350 138 27 försnillning
270 350 52 21 eller
337 350 73 21 försök
427 349 72 21 dertill
515 349 115 21 förbrutet.

473 424 48 27 82.

186 465 54 27 Den,
256 471 45 15 som
322 464 98 27 olofligen
437 464 34 21 till
486 465 74 20 landet
576 464 68 21 infört
660 464 52 21 eller
727 464 65 21 söker
807 463 72 22 införa

118 500 51 21 eller
193 499 95 21 derifrän
309 499 69 22 utfört
393 499 52 21 eller
461 499 63 21 söker
539 499 72 21 utföra
626 505 60 20 vara,
702 499 87 21 hvilken
805 501 24 18 är
845 498 34 21 till

118 535 33 20 in-
167 534 53 21 eller
235 534 90 21 utförsel
340 533 122 28 förbjuden,
482 534 85 21 straffes
582 533 34 21 för
626 533 144 27 lurendrejeri
781 534 49 20 med
841 533 38 21 bö-

117 570 34 20 ter
167 568 49 21 frän
232 569 38 20 och
286 569 49 20 med
351 568 118 22 etthundra
485 568 33 21 till
535 568 39 21 och
590 568 50 21 med
655 570 84 19 ettusen
752 568 62 21 mark
825 568 54 21 eller

119 603 97 26 fängelse
232 603 48 20 från
296 603 41 21 och
352 603 49 21 med
416 609 37 14 sex
469 603 103 20 månader
587 602 35 21 till
638 603 40 20 och
694 603 49 20 med
759 603 36 20 två
812 602 30 21 år.

187 637 69 27 Utgör
280 638 40 21 den
343 637 33 22 till
399 637 90 22 införsel
511 637 116 27 förbjudna
646 643 67 15 varan
734 639 145 25 sprängämne

120 672 52 21 eller
183 672 133 27 spritdryck;
332 672 57 21 skall
401 672 70 21 denna
482 672 160 27 omständighet
654 672 71 21 säsom
737 671 142 22 försvärande

119 713 69 15 anses.

191 741 74 21 Varan
280 741 52 21 eller
349 741 48 22 dess
412 741 67 22 värde
494 747 52 15 vare
562 741 6 21 i
582 741 44 21 alla
637 741 64 21 dessa
711 741 38 21 fall
760 740 119 21 förbruten.

476 815 48 28 83.

191 856 54 28 Den,
254 863 45 14 som
314 856 138 27 uppsätligen
468 855 125 22 underläter
609 857 33 20 att
654 856 99 27 iakttaga
763 855 52 22 eller
826 861 53 20 upp-

121 890 94 27 sätligen
230 891 74 26 bryter
316 892 58 19 emot
384 890 78 21 förbud
474 890 52 21 eller
537 890 111 21 föreskrift
658 890 34 21 till
703 889 176 22 förekommande

121 925 23 21 af
158 925 72 27 oloflig
245 925 124 26 varuförsel,
387 925 50 21 böte
453 924 49 21 frän
518 924 39 21 och
573 925 51 20 med
638 925 76 20 trettio
729 925 34 20 till
777 924 40 21 och
831 923 51 22 med

123 959 130 22 femhundra
268 960 68 21 mark.
362 955 44 26 Äro
423 959 217 27 omständigheterna
650 959 138 27 synnerligen
799 959 83 20 försvä-

121 995 75 26 rande,
220 995 52 20 eller
292 995 50 20 sker
359 994 97 26 äterfall;
482 994 86 21 straffes
584 994 41 21 den
642 993 97 28 skyldige
755 994 50 21 med
820 993 62 21 böter

121 1028 49 21 frän
186 1029 40 20 och
242 1029 48 20 med
306 1029 118 20 etthundra
439 1028 34 21 till
489 1028 40 21 och
545 1028 48 21 med
610 1030 86 19 ettusen
712 1028 68 21 mark.

193 1063 117 26 Förbryter
325 1063 34 27 sig
374 1063 73 26 någon
457 1062 24 21 af
490 1062 136 22 vårdslöshet
637 1063 28 26 pä
676 1064 44 19 sätt
730 1069 29 14 nu
771 1064 25 19 är
807 1062 76 27 sagdt;

121 1097 50 21 böte
187 1097 48 21 frän
252 1097 39 22 och
306 1097 49 22 med
371 1097 62 27 tjugu
448 1097 34 21 till
498 1097 41 21 och
553 1097 49 21 med
618 1097 135 27 fyrahundra
769 1097 69 20 mark.

477 1171 11 28 8
505 1173 19 19 4.

195 1212 109 21 Anställes
320 1212 108 21 ransakan
445 1212 7 21 i
467 1211 79 28 fartyg,
562 1211 14 22 å
591 1212 42 21 last
648 1212 54 21 eller
717 1212 7 21 i
739 1212 41 21 hus
797 1211 23 21 af
834 1211 50 21 obe-

121 1246 63 27 hörig
199 1253 78 20 person
293 1247 53 20 eller
360 1247 7 20 i
383 1247 64 26 olaga
457 1247 91 26 ordning
559 1246 23 21 af
591 1246 90 27 behörig
692 1252 89 21 person;
797 1245 86 22 straffes

123 1280 42 22 den
189 1280 103 28 skyldige,
316 1287 35 15 om
373 1281 155 27 mälseganden
544 1281 53 21 derä
612 1281 64 27 talar,
692 1281 49 21 med
757 1281 62 21 böter
834 1280 50 21 frän

123 1315 40 21 och
178 1316 49 20 med
242 1316 62 26 tjupu
319 1316 33 20 till
368 1315 40 21 och
423 1316 49 20 med
487 1315 129 21 femhundra
631 1316 69 26 mark,
718 1316 53 20 eller
786 1314 97 28 fängelse

123 1348 48 22 frän
188 1350 40 20 och
244 1350 49 21 med
308 1350 81 26 fjorton
405 1350 67 26 dagar
488 1350 34 20 till
538 1350 39 21 och
592 1350 49 21 med
657 1356 37 15 sex
709 1350 111 21 mänader.

197 1384 46 20 Har
258 1384 109 21 ransakan
383 1383 116 27 försiggätt
515 1384 7 20 i
538 1384 102 27 oträngdt
656 1384 43 21 mäl
714 1384 39 22 och
764 1383 121 22 föranledts

123 1423 77 21 genom
224 1418 111 26 ogrundad
354 1418 128 26 angifvelse;
507 1418 86 22 straffes
609 1418 126 27 angifvaren
750 1418 29 27 pä
795 1419 45 20 sätt
855 1424 30 14 nu

122 1453 26 19 är
163 1452 71 26 sagdt.
