1086 1717
242 179 13 21 2
403 178 80 23 Ständ.
500 180 39 22 Sv.
556 191 22 3 —
597 179 71 27 Prop.
684 179 40 21 N:o
739 179 37 22 39.

283 242 43 22 Till
349 243 5 21 3
370 250 63 14 mom.
449 243 6 21 i
471 242 58 22 såväl
545 244 13 25 8
576 243 10 19 1
603 250 43 14 som
663 244 13 24 &
692 243 14 20 2
721 242 62 22 hafva
802 242 117 23 Ständerna
935 245 29 21 fo-

211 280 36 26 gat
263 280 30 19 ett
308 277 72 28 tillägg
395 277 79 26 derom,
491 279 30 19 att
536 276 36 22 vid
587 276 174 28 tullförsnillning
778 278 38 20 och
827 278 136 28 lurendrejeri

214 311 62 22 äfven
293 311 35 22 det
343 311 46 22 kärl
405 312 50 20 eller
471 312 85 27 omslag,
572 310 60 22 hvari
648 311 35 21 det
697 311 126 28 tullpligtiga
835 312 52 21 eller
897 312 67 21 luren-

214 345 84 29 drejade
313 346 72 28 godset
399 345 100 25 förvaras,
514 346 37 20 bör
566 345 7 21 i
589 345 67 21 likhet
664 345 47 21 med
719 345 72 28 godset
799 353 49 14 vara
857 346 106 22 förbrutet.

282 380 44 22 Det
341 380 7 21 i
364 381 13 25 &
393 380 12 21 6
421 380 32 21 för
468 379 102 28 brytande
585 379 23 21 af
621 379 177 28 tulltjenstemans
821 379 52 22 eller
896 388 67 13 annan

214 414 136 29 myndighets
364 414 30 22 läs
410 414 51 21 eller
476 414 79 28 insegel
570 421 27 14 m.
614 421 27 14 m.
658 416 77 19 utsatta
751 414 64 28 lägsta
830 414 134 29 bötesbelopp

212 448 120 22 tvähundra
347 449 58 21 mark
421 448 63 22 hafva
501 447 117 22 Ständerna
641 448 70 22 funnit
733 448 49 21 böra
804 448 106 22 nedsättas
932 449 31 21 till

211 483 74 22 femtio
294 483 66 25 mark,
377 487 50 17 enär
435 482 49 22 det
475 477 10 38 i
494 483 34 26 8:n
538 482 97 28 stadgade
644 483 65 27 lägsta
717 481 174 29 fängelsestraffet
899 482 64 28 enligt

212 519 14 24 $
242 519 11 20 7
274 520 115 19 motsvarar
403 517 73 28 sjuttio
492 517 70 21 marks
577 517 59 21 böter
652 517 37 21 och
701 516 24 22 de
741 516 7 21 i
765 516 74 29 nådiga
855 516 107 29 propositi-

211 559 41 14 nen
261 551 118 28 föreslagna
386 551 245 22 straffbestämmelserna
646 550 87 22 sålunda
749 551 67 21 skulle
833 551 46 21 leda
895 550 67 22 dertill

211 588 31 19 att
257 586 63 27 sagda
336 586 54 21 brott
406 586 5 19 i
427 585 54 22 vissa
497 585 36 22 fall
549 585 70 22 kunde
635 585 81 22 straffas
731 585 47 22 med
793 585 113 28 lindrigare
920 585 42 21 fän-

211 620 57 28 gelse
284 624 26 17 än
326 619 55 22 hvad
396 627 44 14 som
457 622 115 19 motsvarar
588 619 34 22 det
638 622 76 19 utsatte
726 619 65 28 lägsta
801 619 161 28 bötesbeloppet.

281 654 34 21 En
331 653 81 22 mindre
428 653 88 28 ändring
531 653 6 21 i
553 653 242 28 författningsförslagets
818 652 72 22 rubrik
906 657 22 17 är
943 653 23 21 af

212 688 119 22 Ständerna
344 688 79 28 jemväl
439 688 103 28 vidtagen,
566 688 110 21 hvarutom
699 687 108 28 förslagets
829 687 68 21 finska
918 689 45 20 text

212 722 112 28 undergått
339 722 62 28 några
418 722 95 22 rättelser
528 722 7 21 i
551 721 101 29 språkligt
667 722 104 21 afseende.

282 756 104 28 Slutligen
394 756 62 22 hafva
465 756 118 22 Ständerna
592 758 67 19 ansett
670 755 31 29 sig
711 755 46 22 icke
771 756 49 22 böra
833 755 69 22 lemna
913 762 49 14 oan-

211 791 77 25 märkt,
303 793 31 19 att
350 791 66 21 ehuru
431 791 32 21 uti
479 790 135 28 inledningen
625 790 31 22 till
668 790 38 21 den
719 789 74 28 nådiga
808 789 154 29 propositionen

210 825 64 21 bland
285 825 136 28 uppräknade
436 825 128 28 stadganden
575 824 45 22 från
634 825 104 21 allmänna
754 823 206 28 strafflagsförslaget,

210 859 74 22 hvilka
295 859 61 21 äfven
365 859 53 28 angå
427 859 181 28 tullförbrytelser,
617 863 86 17 nämnes
711 859 27 21 36
747 858 46 28 kap.
805 859 26 20 10
839 859 20 25 8,
868 857 94 22 innehål-

211 893 62 21 lande
289 893 61 21 straff
364 893 32 21 för
411 892 139 29 förfalskning
567 893 23 21 af
598 893 134 27 tullstämpel,
744 892 62 28 något
817 891 145 22 motsvarande

211 927 114 28 stadgande
340 927 66 22 likväl
413 927 47 22 icke
469 927 105 28 upptagits
582 927 7 21 i
597 927 140 28 föreliggande
745 925 215 29 författningsförslag.

210 961 36 22 Då
262 961 116 22 emellertid
393 961 33 22 för
441 962 55 21 brott
511 961 22 22 af
551 961 73 22 anförd
646 961 145 21 beskaffenhet
813 959 62 23 äfven
897 959 65 28 enligt

212 1004 28 13 nu
255 996 97 27 gällande
367 996 33 28 lag
415 996 42 21 kan
472 995 84 22 ådömas
572 995 64 26 straff,
652 995 38 21 och
706 994 145 23 utlemnandet
870 993 23 22 af
905 1001 57 21 nyss-

211 1029 88 22 berörda
315 1029 113 28 stadgande
444 1029 140 28 tilläfventyrs
600 1029 114 22 föranledts
729 1028 60 21 deraf
802 1031 31 18 att
847 1028 46 21 skäl
915 1028 46 21 icke

210 1067 80 19 ansetts
306 1064 111 21 förefinnas
434 1066 30 20 att
479 1064 32 21 för
526 1063 53 22 slika
594 1064 54 21 brott
664 1063 67 22 införa
747 1065 30 19 ett
784 1062 99 22 särskildt
898 1062 64 22 straff

211 1098 49 25 bud,
277 1097 62 22 hafva
356 1098 118 22 Ständerna
489 1100 50 20 trott
554 1097 32 29 sig
600 1097 47 22 icke
662 1098 50 21 böra
731 1097 7 20 i
758 1095 203 29 författningsförsla-

210 1135 35 25 get
260 1132 71 28 intaga
347 1135 29 19 ett
391 1132 70 28 dylikt
475 1132 119 28 stadgande.

281 1166 32 21 På
328 1166 67 28 grund
411 1166 23 21 af
447 1166 54 21 hvad
525 1166 60 21 ofvan
608 1165 79 22 anförts
710 1165 38 21 och
764 1164 25 21 då
812 1164 102 27 förslagen
930 1164 31 21 till

210 1201 78 20 allmän
304 1200 94 28 strafflag
413 1200 47 22 med
477 1200 68 22 dertill
561 1200 91 21 hörande
672 1198 147 29 författningar
835 1197 35 22 vid
885 1205 29 14 nu
929 1197 33 28 på-

209 1233 81 29 gåeude
306 1234 99 28 landtdag
419 1234 48 22 icke
482 1234 77 22 hunnit
574 1233 64 23 blifva
659 1232 178 26 slutbehandlade,
862 1231 21 22 få
903 1231 59 22 Stän-

210 1268 64 21 derna
290 1268 149 28 underdånigst
455 1269 91 20 anmäla:

417 1369 32 18 att
467 1366 123 21 Ständerna
606 1366 95 28 godkänt
723 1363 176 29 ifrågavarande
910 1362 50 27 för-

346 1401 48 27 slag
411 1401 35 20 till
457 1400 135 28 förordning
603 1400 47 21 med
660 1398 161 29 ofvannämnda
831 1396 130 28 ändringar,

351 1435 7 19 i
368 1434 64 28 följd
447 1434 84 27 hvaraf
542 1435 122 20 densamma
681 1434 80 20 komme
777 1434 31 20 att
820 1430 83 22 erhålla
916 1430 46 27 föl-

344 1468 67 28 jande
427 1469 90 27 lydelse:
