1086 1717
247 152 33 36 50
527 155 52 28 Prop.
595 155 32 21 N:o
642 155 30 21 34.

223 224 34 16 om
272 219 48 25 den,
336 218 24 21 af
371 218 86 22 hvilken
474 218 143 27 förbrytelsen
636 218 119 26 utöfvades,
775 218 82 22 kunnat
874 218 39 22 och
928 219 52 21 bort

222 255 65 25 vägra
305 252 37 28 att!
355 253 137 21 husbondens
510 253 52 27 vilja
580 252 147 27 efterkomma,
745 253 7 21 i
768 252 80 22 hvilket
863 252 38 22 fall
914 253 63 21 äfven

202 302 2 2 +
222 287 47 26 den,
286 293 45 15 som
346 287 88 21 sålunda
448 287 58 26 felat,
522 287 40 21 bör
577 287 49 21 med
640 286 62 22 straff
714 287 109 27 beläggas.

570 338 11 28 $
596 339 36 21 48.

291 378 45 22 Gör
350 379 70 27 någon
435 379 32 27 sig
481 379 84 27 skyldig
579 379 34 21 till
627 378 53 22 flera
693 379 140 27 förbrytelser
848 381 44 19 mot
907 379 69 21 denna

221 413 130 27 förordning,
367 413 60 22 skola
442 414 26 21 de
483 413 33 22 för
530 413 74 27 hvarje
619 413 58 22 olika
688 413 128 28 förbrytelse
827 415 80 20 utsatta
917 412 62 22 straff

222 448 173 27 sammanläggas.
425 448 120 21 Fortsätter
563 448 47 21 åter
628 447 70 28 någon
716 448 70 21 under
800 448 38 26 tid,
854 448 27 21 då
895 448 42 21 han
952 449 25 19 är

221 482 56 21 stäld
299 483 68 20 under
387 483 64 20 tilltal
472 482 34 21 för
531 482 127 27 förbrytelse
683 484 46 19 mot
755 482 70 21 denna
847 482 128 26 förordning,

221 523 81 15 samma
319 517 132 27 förbrytelse,
475 517 40 21 och
534 517 42 21 blir
594 517 72 21 härtill
684 517 126 26 förvunnen,
827 517 53 20 skall
895 516 81 21 straffet

220 551 72 22 derför
308 551 167 27 sammanläggas
493 551 49 21 med
560 551 83 21 straffet
660 551 33 21 för
708 551 42 22 den
765 551 54 21 först
834 551 85 26 angifna
933 551 42 20 för-

221 586 117 27 brytelsen;
354 586 54 21 dock
423 586 35 21 må
472 586 59 21 tiden
546 585 34 22 för
593 585 184 27 fängelsestraffet,
790 585 38 22 der
839 585 75 22 sådant
925 585 50 21 ådö-

220 626 51 20 mes,
291 620 18 27 ej
329 620 113 27 öfverstiga
460 622 32 19 ett
507 620 30 21 år.
567 620 10 21 I
593 620 72 27 dylika
683 620 43 21 mål
745 620 35 21 må
795 620 19 27 ej
830 620 48 21 med
895 619 81 26 utslags

220 654 136 22 afkunnande
375 654 58 21 öfver
451 655 67 21 redan
537 655 76 20 utredd
632 654 127 27 förbrytelse
778 654 129 27 uppehållas,
923 655 52 20 utan

220 689 74 22 dervid
312 689 56 21 blott
385 689 107 26 iakttagas
511 690 37 25 att,
565 689 27 21 då
607 689 91 21 böterna
720 689 19 27 ej
761 689 58 26 utgå,
842 688 132 26 förvandling

220 723 23 22 af
260 723 48 21 dem
327 723 32 21 till
377 723 149 22 motsvarande
544 725 66 20 annat
629 723 62 22 straff
706 723 34 22 för
755 723 42 22 alla
811 723 164 27 förbrytelserna

220 758 27 26 på
262 764 26 15 en
303 758 55 27 gång
372 759 98 20 utsättes.

568 798 11 27 8
594 798 36 21 49.

288 832 72 26 Böter,
382 838 45 15 som
447 834 36 19 äro
503 832 91 22 ådömda
613 832 55 21 efter
682 833 71 21 denna
768 833 129 26 förordning,
914 832 61 21 skola

219 869 86 24 uttagas
324 867 22 20 af
362 867 42 20 den
423 867 107 21 sakfäldes
549 867 105 26 egendom
672 867 7 20 i
698 867 43 21 löst
760 867 40 21 och
819 867 42 21 fast
879 867 23 20 så
916 867 59 26 långt

220 901 89 26 tillgång
323 900 68 22 finnes
406 901 39 21 och
461 901 123 22 återstoden
602 901 124 22 förvandlas
741 901 28 28 pä
784 903 43 19 sätt
842 901 12 27 $
869 901 28 22 62
911 901 7 21 i
932 901 43 21 för-

220 935 118 27 ordningen
353 935 22 21 af
389 935 69 21 denna
477 935 48 27 dag,
548 935 110 27 angående
676 935 97 22 vilkoren
792 935 33 21 för
839 935 136 27 tillverkning

220 970 23 21 af
256 969 97 26 bränvin,
369 969 73 22 derom
458 969 92 27 stadgar.

568 1016 12 27 8
595 1016 35 21 50.

288 1056 34 21 Då
340 1056 61 27 afgift
417 1056 66 27 jemte
498 1056 62 21 böter
575 1056 67 26 enligt
660 1056 70 21 denna
745 1055 124 26 förordning
884 1055 89 26 ådömts,

220 1091 40 25 må,
277 1091 38 20 der
329 1090 89 27 tillgång
433 1090 78 21 saknas
525 1091 33 20 till
576 1090 105 27 gäldande
700 1090 24 21 af
737 1089 88 27 afgiften
840 1089 51 22 eller
904 1089 70 27 någon

219 1125 35 21 del
269 1124 66 27 deraf,
351 1124 88 21 böterne
455 1125 18 26 ej
490 1125 96 26 erläggas
601 1125 49 20 med
664 1124 125 27 penningar,
806 1125 51 20 utan
868 1123 54 22 skall
933 1123 41 21 den

219 1159 96 21 sakfälde
337 1159 7 20 i
367 1159 72 20 stället
461 1159 95 26 undergå
577 1159 151 20 motsvarande
750 1157 161 27 fängelsestraff.
947 1157 29 21 Af

220 1194 62 21 dessa
297 1193 67 26 böter,
380 1193 24 21 så
418 1193 45 21 vidt
479 1193 26 21 de
520 1193 57 26 utgå,
597 1193 83 21 tillfalle
695 1192 37 21 två
746 1192 129 27 tredjedelar
889 1192 85 26 åklaga-

220 1235 37 14 ren
274 1227 39 22 och
328 1233 27 15 en
369 1227 104 27 tredjedel
488 1227 129 26 angifvaren,
634 1227 26 21 då
676 1227 26 21 de
718 1228 131 25 gemensamt
864 1226 57 21 åtala
932 1226 42 21 för-

220 1262 114 27 brytelsen,
350 1268 47 15 men
413 1261 115 27 åklagaren
546 1261 92 27 odeladt,
653 1261 27 21 då
691 1261 44 21 han
747 1267 73 15 ensam
831 1260 58 21 utför
903 1260 71 21 målet.

219 1296 32 22 På
266 1296 111 22 enahanda
392 1298 43 19 sätt
449 1296 90 22 förfares
554 1296 62 22 äfven
631 1296 49 21 med
694 1296 78 21 värdet
786 1295 13 21 å
813 1295 95 26 bränvin,
920 1294 53 26 kärl,

219 1331 91 27 redskap
327 1331 39 21 och
381 1332 67 20 annat
466 1331 59 26 gods,
544 1337 45 15 som
608 1330 115 22 förklarats
741 1329 112 26 förbrutet,
872 1329 7 21 i
894 1328 80 22 hvilket

219 1366 99 21 afseende
334 1365 28 21 all
377 1364 67 22 sådan
459 1365 103 27 egendom
577 1365 40 21 bör
632 1371 76 21 genom
723 1364 128 26 åklagarens
865 1363 82 26 försorg
961 1363 13 21 å

219 1400 95 26 offentlig
328 1399 89 21 auktion
431 1399 98 27 försäljas
543 1401 56 19 samt
613 1398 132 28 protokollet
757 1398 98 21 deröfver
865 1398 39 21 hos
914 1397 60 21 dom-

219 1435 69 21 stolen
302 1434 85 24 företes,
403 1434 27 27 på
445 1434 37 21 det
497 1433 213 27 auktionsskillingen
726 1432 35 22 må
775 1432 73 21 kunna
858 1432 7 21 i
877 1432 96 21 saköres-

218 1469 91 27 längden
324 1468 33 22 till
372 1468 136 26 redovisning
522 1470 112 24 upptagas.
