1086 1717
345 149 25 22 U.
385 149 23 22 B.
423 161 29 3 —
467 149 66 28 Prop.
547 149 39 23 N:o
601 148 35 23 39.
815 151 26 20 17

115 214 91 28 straffet,
230 221 45 15 som
298 216 24 20 är
345 214 97 22 rådande
459 214 8 21 i
482 214 101 22 nutidens
598 214 107 22 straffrätt
720 214 149 28 öfverhufvud,
893 218 11 17 2
916 216 93 23 Kapitlet.

117 251 34 19 att
166 249 104 27 fråntaga
286 249 41 21 den
342 248 99 28 skyldige
455 249 30 21 all
495 248 113 28 möjlighet
617 251 35 20 att
662 250 114 22 återvinna
786 249 86 23 anställ-

116 283 53 28 ning
184 284 8 21 i
207 284 69 21 sådan
291 283 84 22 landets
391 284 74 26 tjenst,
476 284 88 21 hvartill
577 284 43 21 han
630 284 44 21 kan
684 284 69 21 finnas
763 284 108 28 lämplig".

185 318 12 22 I
212 317 118 28 anledning
346 318 24 21 af
383 318 58 22 hvad
457 318 113 22 Utskottet
584 318 92 22 sälunda
692 318 73 22 anfört
779 319 40 21 har
833 318 39 22 Ut-

117 353 83 21 skottet
214 352 50 22 från
281 354 26 19 11
322 353 32 26 &:s
368 352 70 22 första
453 358 61 16 mom.
530 352 119 22 utelemnat
663 353 66 21 orden
741 353 129 27 ,antingen*

118 388 39 21 och
173 387 66 27 eller
250 386 34 22 för
295 386 74 22 alltid”
380 388 63 25 samt,
452 386 67 28 jemte
530 387 36 21 det
576 393 28 15 en
613 387 83 22 mindre
706 387 167 22 redaktionsför-

118 422 93 27 ändring
226 420 108 28 vidtagits
349 420 7 22 i
372 421 101 22 afseende
489 422 12 21 å
515 423 127 20 momentets
652 428 75 16 senare
737 422 93 27 mening,
841 423 32 20 ut-

118 457 50 26 bytt
182 458 36 19 2:a
233 462 61 15 mom.
310 457 44 20 mot
368 462 27 15 en
409 455 123 28 affattning,
547 456 151 22 motsvarande
714 456 41 22 den
773 457 102 27 begräns-

119 490 53 28 ning
182 489 25 23 af
216 489 185 28 straffpäföljdens
411 491 94 26 omfång,
517 497 44 14 som
571 490 115 22 Utskottet
696 490 64 22 ofvan
770 491 102 21 förordat.

188 524 23 23 13
227 527 19 23 $.
275 525 78 21 Denna
371 525 13 26 $
405 525 40 20 har
465 525 34 20 till
514 525 101 21 ändamål
629 525 66 21 bland
710 527 67 19 annat
791 526 34 20 att
840 525 35 21 be-

119 561 92 20 stämma
224 559 41 21 den
280 558 139 27 disciplinära
433 558 113 28 straffrätt,
557 565 44 15 som
611 559 35 21 för
656 559 58 21 vissa
724 559 25 21 af
757 559 118 27 straffänge

121 594 115 27 begängna
250 593 60 22 brott
324 595 83 20 ansetts
418 593 119 22 tillkomma
547 593 234 28 fängelsedirektionen
791 593 8 22 i
810 593 66 28 enlig-

120 628 38 21 het
173 628 48 21 med
236 628 27 21 de
278 630 99 19 närmare
391 627 144 28 föreskrifter,
550 634 45 15 som
609 628 53 27 ingå
676 628 8 21 i
701 630 25 19 10
742 629 13 25 &
769 630 12 19 2
792 629 50 26 kap.
853 627 25 22 af

120 662 106 27 förslaget
246 662 34 21 till
301 662 126 27 förordning
446 669 33 14 om
496 662 166 27 verkställighet
678 662 24 22 af
714 662 68 22 straff.
812 662 64 21 Före-

121 697 96 21 varande
234 698 12 25 8
262 697 55 21 lider
331 697 68 22 likväl
414 697 131 22 härutinnan
560 697 25 21 af
598 703 26 15 en
639 697 70 21 lucka.
739 699 35 20 1:a
789 697 38 21 och
842 699 35 18 2:a

120 734 127 25 momenten,
268 737 44 16 som
328 731 115 28 innehälla,
460 733 34 20 att
509 738 33 15 om
557 731 66 28 fänge
638 732 56 21 inom
709 731 168 27 straffanstalten

122 765 78 28 begått
215 766 65 27 brott,
296 766 57 21 skall
367 766 49 27 han,
434 766 37 21 der
479 766 83 21 brottet
573 767 25 20 är
608 765 69 28 ringa,
688 766 25 21 sä
723 767 34 20 att
767 765 37 22 det
815 771 62 16 anses

122 799 73 22 kunna
218 800 49 21 med
289 801 62 20 böter
372 799 106 28 försonas,
499 802 78 25 näpsas
592 800 8 21 i
615 799 177 28 straffanstalten,
807 806 48 15 men
869 799 8 21 i

123 836 67 19 annat
205 834 38 22 fall
260 835 72 21 dömas
348 834 22 21 af
386 835 97 21 domstol.
507 837 32 19 3:e
554 841 62 14 mom.
631 834 81 21 förmär
726 835 55 27 äter,
797 835 33 20 att
845 839 33 16 om

123 868 66 28 fånge
204 872 58 19 utom
276 869 168 27 straffanstalten
459 869 69 27 begår
541 869 87 27 ringare
638 868 61 25 brott
709 869 38 22 och
760 869 43 21 han
813 868 66 22 tillika

123 905 48 20 står
185 904 67 21 under
268 904 44 21 åtal
326 905 34 25 för
374 904 70 26 gröfre
460 904 61 25 brott,
537 904 43 21 han
595 903 34 22 för
643 903 71 27 begge
729 903 86 21 brotten
822 902 57 22 skall

123 938 106 21 ransakas
244 938 39 21 och
300 938 72 21 dömas
387 937 25 22 af
426 937 98 22 domstol.
548 938 102 21 Deremot
664 938 79 21 saknas
754 937 8 22 i
772 938 34 26 $:n
821 936 58 22 stad-

125 972 71 27 gande
207 979 33 14 om
251 972 37 21 det
298 971 39 22 fall
347 973 33 20 att
390 972 67 27 fänge
467 973 58 20 utom
536 971 170 22 straffanstalten
716 972 68 27 begär
791 971 87 27 ringare

125 1007 64 27 brott,
205 1009 53 19 utan
280 1008 34 20 att
336 1007 28 21 dä
384 1013 53 15 vara
455 1007 58 21 stäld
528 1007 67 21 under
609 1006 134 27 ransakning
757 1005 34 22 för
805 1005 73 28 gröfre

125 1041 135 28 förbrytelse.
283 1041 76 28 Nägra
373 1041 119 22 ledamöter
507 1041 8 22 i
530 1041 115 22 Utskottet
658 1041 67 22 hafva
735 1041 72 21 ansett
817 1040 62 21 detta

124 1075 40 22 fall
182 1076 8 21 i
209 1076 69 21 likhet
296 1075 49 22 med
364 1076 36 21 det
419 1075 149 22 förstberörda
585 1076 53 21 böra
652 1076 85 21 komma
751 1075 68 22 under
833 1074 46 22 fän-

124 1110 207 27 gelsedirektionens
342 1110 138 27 disciplinära
489 1110 114 27 straffrätt,
614 1110 39 21 och
664 1112 11 19 1
686 1116 61 15 mom.
758 1109 58 28 förty
825 1109 54 21 böra

125 1145 83 21 erhålla
224 1151 26 15 en
263 1145 81 27 jemväl
359 1145 74 21 härtill
443 1145 86 27 lämpad
539 1145 82 26 lydelse
631 1151 75 20 genom
718 1143 161 22 bortlemnande

125 1179 25 22 af
167 1179 67 22 orden
254 1179 68 27 ,inom
339 1179 167 22 straffanstalt*.
537 1179 142 21 Pluraliteten
693 1178 56 21 inom
764 1178 115 22 Utskottet

125 1214 40 21 har
187 1214 95 21 deremot
305 1213 100 22 omfattat
428 1213 41 22 den
492 1213 64 28 åsigt,
573 1215 33 20 att
621 1213 65 27 brott,
701 1219 45 15 som
760 1211 119 28 straffänge

125 1247 69 28 begår
209 1250 58 19 utom
282 1248 145 21 straffanstalt
442 1250 25 24 (t.
484 1254 27 15 ex
525 1248 67 21 under
607 1247 108 28 rymning)
731 1249 52 20 utan
799 1247 80 22 undan-

125 1283 40 27 tag
177 1282 54 22 böra
242 1282 120 28 underlyda
371 1282 97 28 domstol,
479 1282 140 28 hvarigenom
630 1281 64 23 äfven
704 1281 89 29 möjliga
803 1282 77 21 ersätt-

125 1316 161 28 ningsanspråk
296 1317 7 21 i
314 1319 32 19 ett
356 1318 156 26 sammanhang
522 1318 72 20 kunna
601 1317 85 21 komma
693 1316 68 22 under
768 1315 111 29 pröfning;

126 1351 39 22 och
180 1351 67 22 hafva
262 1351 132 22 fördenskull
408 1352 66 21 orden
486 1368 9 10 ,
498 1352 84 21 hvilket
591 1352 44 20 kan
645 1351 105 27 umgällas
760 1350 49 22 med
819 1350 62 22 böter

125 1386 40 21 och
184 1386 47 21 står
250 1386 43 21 han
313 1386 28 21 då
361 1386 68 22 under
447 1386 135 27 ransakning
600 1385 35 21 för
654 1386 67 20 annat
735 1385 71 21 brott"
823 1384 8 22 i
847 1386 33 20 3:e

125 1426 61 16 mom.
203 1420 25 22 af
240 1420 114 22 Utskottet
367 1420 117 27 uteslutits,
500 1420 139 28 hvarigenom
650 1420 61 21 detta
721 1426 60 15 mom.
793 1418 88 23 erhållit

125 1460 28 16 en
167 1454 34 22 för
215 1454 124 22 ändamålet
354 1454 66 28 nödig
435 1454 137 28 utvidgning.

802 1488 10 16 2
