1086 1717
424 158 54 22 N:o
494 157 51 23 39.

384 441 64 21 Hans
469 440 146 27 Kejserliga
635 439 140 28 Majestäts
795 438 73 28 nådiga

316 475 125 28 proposition
465 475 30 22 till
519 475 94 21 Finlands
632 474 88 22 Ständer
739 474 46 21 med
804 473 63 22 alter-

316 510 63 21 nativt
393 510 78 27 förslag
488 510 128 21 beträffande
630 509 61 22 straff
700 509 33 21 för
743 509 58 21 vissa
811 508 56 21 brott

316 545 54 22 emot
385 545 95 26 gällande
496 545 156 26 tullförfattning
669 549 25 16 m.
711 550 25 15 m.

178 608 10 21 I
204 608 40 21 den
260 607 80 27 nådiga
355 608 135 27 proposition
505 607 135 22 beträffande
652 607 111 21 allmänna
773 607 95 26 grunder

108 642 34 21 för
158 649 26 14 en
199 649 28 20 ny
242 642 157 27 brottmålslag,
417 649 46 14 som
479 642 107 21 förelades
602 642 104 21 Finlands
722 643 24 20 år
764 643 54 20 1863
834 641 35 21 till

108 677 106 26 landtdag
230 677 183 20 sammankallade
429 677 100 25 Ständer,
545 676 105 27 föreslogs
665 676 66 21 bland
747 678 72 23 annat,
836 677 33 20 att

109 711 41 21 den
165 717 43 20 nya
218 711 100 26 strafflag
329 711 32 20 för
373 711 215 25 Storfurstendömet,
600 717 34 14 om
645 711 65 20 hvars
722 710 145 21 utarbetande

109 745 28 21 då
152 745 88 22 väcktes
256 745 68 27 fråga,
340 745 69 21 skulle
426 745 91 21 omfatta
533 745 18 26 ej
565 745 56 21 blott
632 745 109 26 egentliga
752 745 117 21 rättsbrott

107 779 67 27 jemte
189 780 111 26 religions-
316 779 40 21 och
372 779 266 27 sedlighetsförbrytelser,
655 781 53 19 utan
724 779 63 21 äfven
798 779 25 21 de
835 779 34 20 för

109 814 115 21 samhället
245 814 120 27 vådligaste
389 814 39 21 och
451 814 132 21 allmännast
605 814 176 21 förekommande
797 813 72 27 politi-

106 848 150 27 förbrytelser;
279 848 39 21 och
338 848 7 21 i
365 849 38 20 sitt
417 848 33 21 uti
466 849 136 26 underdånig
618 848 112 21 skrifvelse
746 848 23 21 af
783 848 42 21 den
841 849 28 20 30

107 882 59 21 Mars
187 883 55 20 1864
261 883 81 26 afgifna
361 889 48 14 svar
425 884 13 19 å
453 883 95 20 nämnda
564 883 134 26 proposition
714 883 75 21 biföllo
805 882 65 21 Stän-

108 917 67 20 derna
190 917 71 21 denna
276 917 166 27 framställning.

180 951 49 21 Med
245 951 101 22 afseende
362 952 54 21 härå
432 952 51 27 ingå
498 952 7 20 i
521 952 36 21 det
568 952 81 27 förslag
659 952 32 21 till
703 952 80 21 allmän
795 951 71 22 straff-

107 985 36 27 lag
158 985 34 22 för
208 985 207 22 Storfurstendömet
431 986 100 27 Finland,
544 993 46 14 som
600 993 30 14 nu
640 988 25 19 är
676 986 124 21 Ständerna
810 985 57 22 före-

107 1019 62 28 lagdt
191 1020 33 21 till
246 1021 129 26 antagande,
398 1021 70 26 några
491 1021 135 26 stadganden
647 1020 6 21 i
673 1021 27 20 38
715 1021 50 26 kap.
784 1022 23 19 11
826 1020 40 21 och

109 1055 26 20 12
151 1055 25 26 $$
192 1057 56 18 samt
263 1056 27 20 42
306 1055 49 26 kap.
371 1056 12 20 6
397 1055 18 27 &,
432 1055 75 21 hvilka
522 1055 106 20 särskildt
643 1055 53 20 eller
712 1055 155 20 företrädesvis

107 1088 47 21 afse
169 1089 58 21 vissa
240 1089 37 21 vid
292 1089 32 21 in-
340 1089 51 21 eller
407 1089 89 21 utförsel
513 1089 23 21 af
549 1095 65 15 varor
629 1089 47 21 ofta
689 1089 177 21 förekommande

107 1123 149 27 förbrytelser,
279 1123 110 22 hvaremot
413 1123 68 21 andra
504 1123 66 26 brott,
593 1123 75 21 hvilka
690 1123 75 21 kunna
779 1123 88 21 inträffa

107 1157 61 21 såväl
190 1157 38 21 vid
250 1158 125 27 varuförsel,
396 1164 45 15 som
458 1158 66 21 också
539 1158 69 21 under
623 1158 69 21 andra
707 1158 159 27 förhållanden,

108 1193 38 20 äro
169 1192 128 27 inbegripna
316 1193 7 20 i
342 1193 26 20 de
384 1193 110 20 allmänna
510 1192 136 27 stadganden
662 1198 34 15 om
712 1193 73 26 dylika
801 1192 66 27 brott,

108 1232 46 15 som
174 1226 50 27 ingä
242 1227 28 26 pä
289 1227 107 21 särskilda
415 1227 79 21 ställen
510 1227 7 20 i
533 1226 223 28 strafflagsförslaget,
773 1228 70 19 säsom
859 1226 7 21 i

109 1261 26 20 16
151 1261 49 26 kap.
217 1262 13 20 2
246 1261 40 21 och
303 1263 25 20 18
345 1261 31 28 $$,
393 1263 27 20 24
435 1261 50 27 kap.
500 1263 10 20 2
525 1261 8 28 $
547 1261 40 21 och
601 1263 27 19 36
638 1261 50 27 kap.
702 1262 25 20 10
738 1261 18 28 8.
786 1261 11 21 I
813 1255 55 33 42%

104 1290 48 42 aff
145 1295 106 27 förslaget
265 1296 34 21 till
314 1296 126 27 förordning
456 1302 35 15 om
507 1296 113 21 införande
635 1296 23 21 af
667 1302 27 21 ny
706 1296 79 21 allmän
797 1296 71 21 straft-

107 1329 36 27 lag
150 1326 154 30 förekommer
323 1331 108 21 dessutom
452 1333 31 19 ett
499 1330 119 26 stadgande
635 1336 34 15 om
685 1330 50 27 laga
751 1330 94 22 domstol
861 1330 8 21 i

107 1358 44 27 mål
175 1366 111 25 angående
309 1365 142 27 lurendrejeri
471 1365 40 21 och
530 1364 180 27 tullförsnillning
727 1366 56 20 samt
798 1365 69 21 andra

107 1398 60 22 brott
182 1400 58 20 emot
254 1399 109 21 föreskrift
378 1399 34 21 till
427 1399 177 21 förekommande
620 1399 24 21 af
658 1399 71 27 oloflig
739 1398 126 22 varuförsel.

111 1426 100 28 "DA
233 1434 32 20 uti
284 1440 27 14 en
330 1440 27 20 ny
376 1434 120 26 tullstadga
515 1434 33 20 för
563 1434 99 25 Finland,
678 1433 87 21 hvilken
780 1434 85 20 komme

108 1468 33 19 att
163 1468 7 20 i
192 1468 158 21 administrativ
369 1470 41 24 väg
426 1468 99 21 utfärdas
542 1468 39 21 och
597 1468 87 20 hvartill
700 1468 80 26 förslag
795 1467 71 21 blifvit
