1086 1717
426 149 52 28 Prop.
493 148 31 22 N:o
538 148 30 22 34.
748 163 9 10 «
833 150 14 22 9

474 211 11 28 8
500 212 35 21 2.

190 252 18 21 1.
238 252 103 21 Bränneri
359 252 34 22 mä
410 252 48 21 icke
476 252 91 21 inrättas
589 252 13 21 &
620 252 80 26 landet,
718 252 89 22 såframt
824 252 49 22 icke

119 286 140 22 kommunens
274 286 137 21 medlemmar
425 286 13 21 &
453 286 107 22 ordinarie
574 286 215 22 kommunalstämma
804 286 71 22 dertill

120 320 78 22 lemnat
213 320 38 21 sitt
265 320 66 21 bifall.

188 355 20 21 2.
238 354 239 26 Bränvinstillverkning
502 354 33 21 får
560 354 18 27 ej
603 354 85 21 utöfvas
710 354 13 21 å
744 354 129 27 kungsgård,

119 388 165 26 ecklesiastika-,
302 388 83 22 militie-
404 388 44 28 och;
463 388 130 21 civilstatens
611 388 112 26 boställen,
743 388 52 22 eller
813 388 13 21 ä
843 388 30 22 lä-

118 422 85 27 genhet,
218 428 47 16 som
280 422 22 22 af
315 428 69 16 annan
399 424 27 19 än
441 428 78 21 egaren
533 422 129 27 innehafves,
678 424 52 20 utan
745 422 80 22 dennes
839 424 34 20 ut-

118 457 105 27 tryckliga
240 457 100 22 tillåtelse
358 458 55 20 samt
435 457 47 21 icke
499 457 59 21 inom
576 463 71 15 annan
666 457 79 21 socken
764 457 27 21 af
803 457 70 27 Lapp-

118 491 100 21 markens
233 491 73 26 härad,
322 493 27 19 än
363 491 151 21 Muonioniska
528 491 132 26 församling.

187 527 20 21 3.
237 526 25 27 Ej
278 526 67 21 heller
359 525 34 22 må
407 525 138 27 tillverkning
560 525 24 21 af
596 525 90 21 bränvin
701 525 62 22 idkas
778 525 13 21 ä
800 525 72 27 lägen-

118 560 37 21 het
169 561 51 20 eller
235 561 8 20 i
257 560 105 26 bränneri,
381 566 46 15 som
445 559 74 22 tillhör
538 559 70 27 någon
623 559 24 22 af
660 559 26 22 de
701 559 8 22 i
729 559 6 28 $
752 561 10 20 1
779 565 64 16 mom.
859 560 14 21 3

117 594 91 21 nämnde
223 600 107 21 personer,
345 594 8 21 i
367 595 66 20 annat
451 589 48 36 fall-
509 596 25 19 än
553 595 33 20 att
600 593 127 28 lägenheten
742 594 52 21 eller
809 594 63 21 brän-

117 628 68 21 neriet
203 628 68 21 under
289 628 91 27 löpande
401 627 173 28 tillverkningsår
591 634 77 20 genom
686 628 35 21 arf
737 628 52 21 eller
807 629 65 20 testa-

117 664 71 19 mente
202 662 48 21 dem
265 663 94 26 tillfallit,
375 663 7 20 i
397 662 86 21 hvilken
498 662 102 21 händelse
614 661 165 28 tillverkningen
794 662 35 21 må
839 662 33 21 till

117 697 57 21 årets
188 697 43 21 slut
244 697 77 26 fortgå.

470 753 47 28 83.

186 794 19 21 1.
234 793 54 27 Den,
304 799 46 16 som
365 794 36 21 vill
416 793 99 22 tillverka
529 793 96 27 bränvin,
641 795 51 26 göre
708 793 73 22 derom
794 793 77 22 ansök-

117 827 57 27 ning,
189 827 46 22 ifall
248 828 163 27 tillverkningen
426 828 56 21 skall
495 828 85 21 utöfvas
599 828 13 21 &
630 828 80 26 landet,
725 828 39 21 hos
779 828 91 26 länesty-

116 862 61 26 relse,
192 868 49 15 men
259 862 8 21 i
285 862 47 21 stad
346 862 39 21 hos
404 862 118 27 magistrat,
539 862 38 21 och
597 862 71 27 bifoge
682 862 59 21 bevis
760 862 59 21 öfver
837 861 33 22 sin

116 896 127 27 behörighet
258 898 32 20 att
304 897 48 21 med
366 897 67 21 sädan
447 896 128 27 handtering
590 898 50 25 taga
656 896 118 27 befattning
789 897 55 20 samt
862 895 8 22 i

115 930 59 21 förra
188 931 116 21 händelsen
319 931 108 21 dessutom
441 931 60 26 intyg
512 931 97 21 deröfver
620 932 34 19 att
664 930 99 27 behörigt
774 929 96 22 tillständ

115 965 34 20 till
166 965 133 21 bränneriets
321 965 127 27 anläggning
471 965 101 21 erhållits.
602 965 78 21 Finnes
698 965 75 26 lagligt
795 963 75 22 hinder

115 998 48 22 icke
178 1001 64 24 möta,
257 999 65 21 varde
335 999 168 22 tillståndsbevis
518 999 33 21 för
565 999 80 22 honom
659 999 116 21 utfärdadt.

184 1034 20 21 2.
235 1033 134 27 Aktiebolag,
392 1039 46 16 som
460 1033 92 22 ansöker
577 1033 66 22 sådan
666 1033 108 27 rättighet,
797 1032 72 27 styrke

115 1068 49 21 med
179 1067 59 22 bevis
253 1068 24 22 af
290 1068 94 27 offentlig
402 1068 131 27 myndighet,
551 1068 73 21 hvilka
643 1073 102 22 personer
760 1069 37 19 äro
813 1067 56 21 dele-

114 1108 51 20 gare
180 1102 7 21 i
201 1102 93 27 bolaget.
517 1097 9 8 N

467 1167 11 27 8
493 1167 21 21 4.

184 1213 19 20 1.
232 1213 241 27 Bränvinstillverkning
491 1219 51 16 vare
557 1213 84 22 tillåten
656 1213 67 22 under
738 1212 43 24 8'/2
796 1213 72 21 mäna-

113 1247 38 20 der
174 1247 23 21 af
217 1247 52 26 året,
292 1247 109 22 fördelade
422 1248 8 20 i
451 1248 37 21 två
506 1248 111 26 terminer,
634 1254 45 15 som
697 1247 112 26 beräknas,
827 1247 41 21 den

112 1280 59 22 förra
189 1281 47 21 frän
255 1281 39 22 och
312 1282 48 21 med
381 1281 68 22 första
470 1282 91 26 helgfria
580 1282 40 27 dag
639 1282 7 21 i
660 1282 95 26 Januari,
775 1281 92 22 klockan

113 1314 42 21 tolf
167 1315 87 27 middag
268 1316 55 21 intill
338 1316 41 21 den
395 1317 11 20 1
422 1316 51 21 Juni
488 1322 82 16 samma
584 1316 38 27 tid,
639 1316 40 22 och
690 1316 40 21 den
743 1316 68 31 andra
821 1316 47 21 från

113 1348 40 22 och
167 1350 48 20 med
231 1350 41 21 den
289 1350 26 22 15
330 1350 125 28 September
470 1351 52 21 eller
536 1351 68 21 första
614 1350 91 27 helgfria
716 1351 40 27 dag
769 1350 98 26 derefter,

111 1382 93 22 klockan
219 1384 42 21 tolf
274 1384 91 27 middag,
381 1384 33 21 till
429 1390 82 17 samma
526 1385 84 21 tid.den
622 1386 25 20 31
661 1385 118 21 december.
801 1385 67 21 Brän-

111 1416 153 28 vinsbränning
279 1418 140 27 (destillering
433 1425 26 14 ur
473 1419 69 27 mäsk)
558 1419 36 21 mä
608 1419 56 21 dock
679 1419 19 27 ej
709 1420 102 21 anställas
821 1419 47 21 från

110 1450 94 22 klockan
226 1458 36 15 sex
285 1452 139 27 eftermiddag
446 1455 49 19 näst
517 1454 45 20 före
584 1455 48 19 sön-
656 1454 51 21 eller
725 1454 92 26 helgdag
835 1454 33 21 till
