1086 1717
286 146 79 23 Ständ.
383 146 37 24 Sv.
437 158 28 4 —
480 146 70 28 Prop.
566 145 39 23 N:o
621 146 35 22 34.
800 146 28 22 55

240 210 78 26 böcker,
334 210 8 20 i
357 210 50 21 stad
421 210 33 21 till
469 210 114 26 magistrat
594 209 60 21 och
641 205 12 36 ä
664 210 71 20 landet
743 209 33 22 till
784 209 73 21 krono-

240 244 104 26 länsman,
356 244 39 27 för
411 246 31 19 att
456 243 38 22 hos
509 244 63 21 dessa
587 243 147 28 myndigheter
743 244 68 21 under
822 244 35 20 två

240 279 26 19 är
276 277 110 28 förvaras.

479 370 62 20 Art.
556 370 59 20 III.

240 426 41 23 Om
302 432 87 17 ansvar
411 426 41 23 för
475 426 191 23 öfverträdelser
686 427 28 22 af
730 426 128 23 föreskrif-

369 460 71 22 terna
455 461 9 20 i
480 459 78 22 denna
574 460 153 27 förordning.

515 524 15 27 $
546 525 35 25 35,

308 565 18 19 1.
357 562 55 27 Den,
428 570 44 14 som
487 563 38 21 vid
539 563 83 27 handel,
634 563 104 22 hvarom
729 558 10 37 i
745 563 16 28 $
769 565 19 23 1,
797 570 60 15 mom.

239 599 19 19 1.
274 599 15 19 2
304 597 36 22 och
356 599 13 20 3
383 600 68 25 säges,
467 597 68 27 säljer
550 598 50 21 eller
617 598 107 21 utlemnar
739 598 81 21 mindre
829 600 30 19 än

239 632 33 21 det
286 633 9 20 i
310 632 73 27 hvarje
393 631 46 28 fall
453 632 112 27 medgifna
580 633 80 20 minsta
676 632 77 27 belopp,
770 633 50 21 eller
828 632 30 27 öf-

239 667 109 20 verträder
362 666 34 21 det
415 667 4 20 i
433 673 84 14 samma
535 667 15 26 $
564 667 103 26 stadgade
680 666 82 28 förbud
772 666 40 27 för
827 667 30 20 in-

239 701 116 27 nehafvare
377 701 28 27 af
424 701 202 27 utskänkningsrätt
648 703 31 19 att
701 701 58 26 sälja
779 701 32 20 till
826 700 32 27 af-

240 735 112 27 hemtning,
375 735 56 26 eller,
448 737 42 19 mot
505 735 58 21 hvad
577 736 15 24 $
606 737 29 19 14
650 735 96 27 stadgar,
757 735 103 27 fördelar

240 769 89 22 bränvin
351 770 78 21 mellan
439 769 55 28 flere
516 769 80 27 köpare
611 769 51 21 eller
678 770 54 20 låter
747 769 34 21 det
795 769 64 27 köpta

240 805 14 19 å
268 804 70 21 stället
354 804 107 27 förtäras,
483 804 57 25 eller,
556 805 42 20 mot
612 804 148 27 stadgandena
775 804 10 20 i
799 804 30 26 $$
843 805 17 19 2

242 838 36 21 och
294 839 28 20 17
345 845 59 14 mom.
421 840 19 24 1,
456 838 64 21 idkar
540 838 78 21 handel
632 838 48 21 med
694 838 50 21 eller
758 837 101 22 utskänk-

240 873 53 26 ning
309 872 27 27 af
348 872 91 21 bränvin
455 873 13 20 å
484 875 68 18 annat
562 874 30 19 än
608 872 73 28 derför
697 868 84 36 bestämt
791 873 68 22 ställe,

240 907 50 20 eller
306 907 145 26 öfverskrider
466 907 41 21 den
522 907 9 20 i
546 907 14 27 $
576 909 28 19 10
618 907 135 27 gästgifvare
763 907 58 20 intill
827 908 31 19 ut-

239 942 83 26 gången
345 941 28 27 af
391 941 26 20 år
439 943 61 19 1887
523 941 109 27 medgifna
652 941 207 27 utskänkningsrätt,

240 975 50 21 eller
312 975 40 21 den
374 975 66 28 enligl
453 975 16 27 $
484 977 27 19 11
528 983 59 13 mom.
603 977 16 19 2
630 975 126 28 förunnade
771 977 44 18 rätt
829 976 32 19 att

240 1011 31 19 att
292 1010 14 20 &
328 1009 219 28 passagerarefartyg
568 1010 108 21 utskänka
699 1010 96 25 bränvin,
811 1009 50 21 eller

240 1043 133 28 öfverträder
383 1044 116 27 förbuden,
517 1051 44 14 som
577 1046 37 19 äro
628 1043 66 28 gifna
709 1045 9 20 i
733 1044 30 27 $$
777 1044 82 25 15,23,

238 1079 30 20 25
283 1078 37 21 och
335 1080 36 24 26,
388 1078 43 21 böte
437 1078 76 27 första
523 1079 85 26 gången
611 1078 58 27 från
678 1078 36 21 och
723 1078 48 21 med
777 1077 82 27 sjuttio-

239 1112 43 26 fem
298 1113 32 21 till
344 1113 36 20 och
395 1113 48 20 med
457 1112 188 27 etthundrafemtio
660 1112 63 21 mark
738 1112 36 21 och
790 1111 70 22 andra

239 1148 84 26 gången
333 1147 57 27 från
405 1147 37 21 och
457 1147 49 21 med
525 1147 173 27 etthundrfemtio
716 1147 32 21 till
762 1146 37 21 och
813 1146 49 21 med

240 1181 117 21 trehundra
379 1181 66 21 mark.
476 1181 57 26 Den,
556 1188 44 14 som
624 1181 67 26 tredje
710 1182 85 26 gången
810 1181 51 20 eller

240 1215 68 27 oftare
330 1216 95 21 beträdes
440 1216 46 20 med
506 1216 70 21 sådan
588 1215 137 28 förbrytelse,
741 1215 72 21 dömes
828 1215 34 20 till

235 1249 99 28 fängelse
353 1249 57 28 från
434 1257 38 14 sex
497 1250 105 21 månader
624 1250 34 21 till
671 1249 38 22 och
723 1250 48 21 med
785 1251 28 19 ett
827 1249 32 20 år.

239 1283 44 21 Det
304 1284 7 19 i
321 1283 242 28 försäljningsrummet
584 1284 108 28 befintliga
708 1283 91 21 bränvin
810 1289 51 15 vare

242 1318 104 21 dessutom
362 1318 74 26 hvarje
450 1319 60 27 gång
526 1318 154 21 underkastadt
696 1318 71 27 beslag
775 1318 38 21 och
817 1317 46 27 för

240 1352 70 21 brutet
332 1353 69 21 tillika
423 1352 47 21 med
493 1353 25 20 de
541 1353 54 25 kärl,
611 1352 63 22 hvari
691 1351 170 28 detsammaför--

235 1386 111 28 förvaras.

308 1422 20 20 2.
360 1422 80 26 Bryter
455 1421 72 27 någon
542 1424 53 19 emot
604 1422 104 27 förbudet
723 1422 8 20 i
742 1421 12 27 $
762 1422 36 25 27,
810 1421 52 21 eller

239 1462 33 14 om
293 1455 45 26 den,
361 1455 84 21 hvilken
467 1455 46 21 icke
537 1457 25 19 är
585 1456 121 26 berättigad
723 1457 31 19 att
770 1455 91 21 bränvin
