1086 1717
432 157 80 23 Ständ.
529 157 36 23 Sv.
582 170 27 3 —
625 158 70 27 Prop.
712 157 40 22 N:o
767 156 34 22 34.

636 221 14 25 8
661 217 25 35 7.

423 266 135 21 Tillverkare
580 273 92 14 ansvare
690 266 40 28 för
752 265 119 27 utöfvande
890 265 28 28 af
930 266 41 21 den

353 300 75 21 honom
451 307 74 21 genom
549 300 103 21 kontrakt
675 300 112 28 medgifna
811 300 103 27 rättighet
932 299 39 21 och

354 341 34 21 ege
412 335 19 27 ej
453 334 125 21 densamma
596 335 14 19 å
626 342 75 13 annan
718 334 107 25 öfverläta
840 334 68 20 innan
926 334 46 20 till-

353 368 65 21 stånd
441 368 81 27 dertill,
541 369 31 27 pä
587 368 69 21 skedd
671 368 104 26 ansökan,
792 368 29 26 af
832 368 139 28 länestyrelse

354 401 104 29 beviljats.

638 459 14 27 $
667 461 20 20 8.

421 498 20 20 1.
472 497 253 28 Bränvinstillverkning
742 497 35 21 mä
794 497 69 21 under
879 497 40 21 den
935 497 8 21 i
958 498 14 27 $

353 533 13 19 4
382 538 61 15 mom.
467 533 13 19 1
505 532 95 20 nämnda
624 532 96 27 tidrymd
743 531 86 27 utöfvas
845 531 57 21 huru
918 531 51 28 läng

354 566 32 21 tid
408 573 45 14 som
475 566 61 25 helst,
560 566 47 20 med
629 566 142 27 iakttagande
794 565 68 27 deraf
877 568 32 18 att
925 565 46 21 till-

353 600 212 27 verkningsbeloppet
588 601 20 27 ej
630 601 36 20 vid
684 601 66 26 nägot
766 600 103 21 bränneri
885 600 34 21 mä
935 599 35 27 öf-

352 635 94 27 verstiga
469 634 256 27 etthundrafemtiotusen
749 634 37 21 och
809 635 20 26 ej
844 634 127 27 understiga

353 669 235 26 sjutusenfemhundra
605 669 85 20 kannor
706 669 69 20 under
791 669 68 26 sagde
869 667 100 28 tidrymd,

353 702 109 27 äfvensom
485 705 32 18 att
540 703 80 20 minsta
644 702 248 27 tillverkningsbeloppet
907 703 64 26 utgör

353 737 8 20 i
375 737 102 20 medeltal
488 737 41 27 för
543 737 75 27 hvarje
627 737 210 27 tillverkningsdygn
846 736 124 21 tvåhundra

349 770 78 27 femtio
451 771 86 20 kannor
558 771 42 20 allt
622 771 28 28 af
664 770 167 28 normalstyrka,
847 770 101 21 hvarmed
963 770 8 20 i

354 804 72 21 denna
445 804 140 28 författning
600 805 88 27 förstås
710 805 81 20 sådant
815 804 97 26 bränvin,
927 810 44 15 som

353 838 122 22 innehåller
485 839 79 27 femtio
576 841 93 25 procent
692 838 87 21 alkohol
794 838 36 21 vid
847 841 24 24 +
885 839 27 20 15
920 845 51 19 gra-

353 872 39 21 der
407 873 13 20 å
438 872 66 21 Celsii
519 875 138 20 termometer.

422 908 21 20 2.
474 907 50 20 Med
539 907 208 27 tillverkningsdygn
755 907 88 26 förstås
852 906 58 21 tiden
914 905 55 28 från

354 940 89 22 klockan
460 941 47 27 tolf
515 942 31 26 på
562 941 68 28 dagen
648 942 40 20 den
706 948 38 13 ena
761 941 34 22 till
807 947 82 14 samma
901 941 69 20 timme

354 975 149 28 nästföljande
519 975 96 27 helgfria
631 975 51 28 dag.

638 1037 16 27 $
669 1038 19 19 9.

422 1075 31 28 Ej
469 1077 34 20 må
519 1075 245 28 bränvinstillverkning
775 1071 116 36 företagas,
901 1077 69 20 innan

354 1110 125 21 bränneriet
503 1110 71 27 blifvit
600 1111 29 26 af
639 1111 41 20 den
691 1111 42 26 för
749 1110 118 21 detsamma
883 1110 88 21 utsedde

354 1143 126 27 kontrollör,
505 1144 47 21 med
567 1144 85 21 biträde
668 1145 8 20 i
690 1145 51 20 stad
757 1143 28 28 af
798 1143 112 28 behörigen
927 1144 43 22 till-

348 1176 129 27 förordnad
500 1179 211 26 magistratsperson,
734 1179 53 20 eller
809 1177 30 26 af
855 1178 115 27 ordnings-

353 1217 57 20 man,
433 1214 56 18 samt
505 1213 13 19 å
534 1212 74 21 landet
623 1211 30 27 af
664 1215 72 18 ortens
751 1211 170 22 kronolänsman
938 1211 31 22 be-

353 1245 107 28 sigtigadt
476 1245 37 21 och
529 1246 73 21 dervid
618 1246 111 27 befunnits
745 1253 52 14 vara
813 1245 115 26 inrättadt,
938 1245 32 28 på

352 1281 45 19 sätt
421 1279 7 21 i
449 1280 201 28 ordningsstadgan
674 1282 27 20 är
723 1280 50 22 eller
788 1279 124 28 frumdeles
926 1279 44 21 kan

354 1312 68 29 blifva
434 1314 145 26 förordnadt.

630 1378 16 27 $
662 1378 34 20 10.

422 1418 20 20 1.
477 1416 45 22 Vill
538 1417 123 22 tillverkare
672 1417 54 27 före
741 1417 40 21 den
799 1416 113 21 allmänna
926 1416 45 22 till-

353 1450 189 29 verkningstidens
564 1452 84 27 utgång
670 1451 48 21 med
741 1451 158 27 handteringen
916 1456 54 22 upp-
