1086 1717
444 142 41 22 N:o
500 142 35 24 36.
809 144 26 20 41

111 204 89 28 varliga
215 204 109 29 begäran;
342 204 91 22 straffes
448 204 54 22 med
515 204 107 29 fängelse
637 204 21 29 ej
674 204 75 22 under
765 212 40 14 sex
819 205 47 21 mä-

111 238 71 22 nader
197 238 57 22 eller
268 238 99 22 tukthus
383 238 8 22 i
406 238 71 29 högst
491 239 53 28 fyra
558 239 32 21 är.

180 274 48 26 48.
258 273 59 27 Den,
337 280 56 20 som,
408 274 59 20 utan
482 273 72 29 afsigt
570 275 36 19 att
621 273 78 29 dräpa,
715 273 152 29 uppsåtligen

111 307 156 22 misshandlar
282 314 78 14 annan
375 308 32 26 sä,
423 309 36 19 att
474 307 76 21 denne
565 308 9 20 i
590 307 60 29 följd
666 307 68 21 deraf
741 307 48 27 dör,
799 308 66 20 straf-

111 342 41 27 fes,
168 350 36 14 om
218 341 162 22 misshandeln
395 341 89 21 skedde
499 341 53 22 med
567 342 83 21 berädt
665 341 60 28 mod,
740 341 54 22 med
804 342 63 21 tukt-

111 376 44 22 hus
178 376 52 22 frän
253 376 45 21 och
320 376 53 22 med
392 376 53 28 fyra
459 376 39 21 till
513 376 44 21 och
572 376 53 21 med
640 376 48 21 tolf
700 376 31 28 &r,
747 378 66 24 samt,
829 384 37 14 om

113 410 45 22 den
180 410 88 22 skedde
284 410 26 22 af
322 410 91 28 hastigt
428 410 61 26 mod,
504 410 54 22 med
573 410 99 22 tukthus
688 410 52 22 frän
756 410 43 22 och
813 410 54 22 med

113 445 41 21 tvä
169 445 37 21 till
222 445 43 21 och
280 445 53 21 med
349 445 50 21 ätta
413 445 32 21 är.

180 479 57 22 Blef
257 479 46 22 den
324 479 133 28 brottslige,
475 481 58 20 utan
548 487 60 21 egen
624 479 76 28 skuld,
716 487 84 21 genom
815 480 52 21 svår

112 513 134 29 kränkning
272 514 55 21 eller
349 513 122 29 synnerlig
493 513 147 22 väldsamhet
663 514 26 21 af
709 514 45 21 den
781 514 86 29 dräpne

113 548 66 21 retad
201 548 38 21 till
261 548 79 27 vrede;
364 548 57 21 eller
443 555 42 14 var
500 548 162 22 misshandeln
678 548 79 27 sädan,
772 550 35 19 att
822 548 46 21 död

113 583 57 21 eller
194 583 53 21 svår
271 582 162 29 kroppsskada
457 583 77 21 såsom
558 583 110 21 sannolik
692 583 88 21 verkan
803 583 68 22 deraf

113 617 52 21 icke
187 617 79 21 kunde
289 619 89 25 väntas,
402 617 57 21 eller
481 624 56 15 voro
554 617 232 28 omständigheterna
800 617 68 28 eljest

113 651 153 29 synnerligen
281 651 140 27 mildrande;
439 651 79 22 dömes
530 650 38 22 till
575 651 99 22 tukthus
682 652 8 21 i
698 651 70 29 högst
777 652 52 27 fyra
837 652 30 21 år.

182 687 13 20 5
211 687 19 26 &.
246 686 50 21 Har
314 686 78 27 någon
407 686 151 28 uppsåtligen
573 686 156 21 misshandlat
743 693 78 14 annan
836 687 31 24 sä,

115 722 35 19 att
175 720 75 21 denne
276 720 67 21 deraf
363 720 47 21 fått
435 721 54 20 svår
514 720 168 29 kroppsskada,
701 720 43 22 och
759 728 42 14 var
816 721 53 21 svår

118 754 161 29 kroppsskada
301 753 102 29 åsyftad;
431 754 85 28 dömes,
540 762 37 14 om
598 755 161 21 misshandeln
782 754 86 22 skedde

114 789 53 21 med
182 789 82 21 berådt
280 789 60 27 mod,
356 789 38 20 till
409 789 99 21 tukthus
524 789 52 21 från
592 789 43 22 och
650 789 54 22 med
719 790 40 21 två
774 789 38 21 till
825 789 44 21 och

116 823 54 21 med
192 824 48 20 åtta
263 823 31 27 år,
318 823 49 28 och,
392 830 36 14 om
445 823 45 22 den
509 823 87 22 skedde
612 824 24 21 af
651 823 89 29 hastigt
755 823 60 28 mod,
832 823 37 21 till

116 857 98 22 tukthus
230 857 9 22 i
254 857 70 28 högst
340 865 39 14 sex
395 858 30 21 år.

183 892 47 21 Var
252 893 54 20 svår
320 891 161 29 kroppsskada
496 892 20 29 ej
533 892 101 28 åsyftad;
652 892 85 27 dömes,
753 899 36 14 om
804 891 66 22 miss-

114 926 104 22 handeln
233 926 87 21 skedde
335 926 53 21 med
407 926 82 21 berådt
502 926 60 27 mod,
574 927 38 20 till
622 926 98 21 tukthus
731 927 8 20 i
750 926 70 29 högst
830 933 41 14 sex

115 961 32 27 år,
171 961 49 26 och,
236 968 37 14 om
296 961 44 21 den
363 961 87 21 skedde
474 961 26 21 af
513 961 90 28 hastigt
617 961 61 26 mod,
694 961 38 21 till
747 960 98 22 tukthus
861 960 9 21 i

114 995 70 28 högst
198 995 53 28 fyra
267 996 25 21 år
306 995 57 22 eller
378 995 106 28 fängelse
500 995 21 29 ej
537 995 75 22 under
627 1003 41 14 sex
683 995 117 22 månader.
817 1011 2 2 .

184 1029 58 22 Svår
257 1030 160 29 kroppsskada
429 1033 30 18 är:
471 1030 85 21 förlust
567 1030 26 21 af
601 1030 146 28 talförmåga,
759 1037 45 21 syn
814 1029 57 22 eller

115 1064 83 27 hörsel,
221 1065 65 20 svårt
302 1065 50 28 lyte
370 1065 57 20 eller
443 1066 72 20 annat
531 1065 64 21 svårt
610 1065 127 28 kroppsfel,
753 1064 117 28 stadigva-

115 1099 71 21 rande
202 1099 64 22 svårt
280 1107 54 13 men
350 1099 12 21 å
377 1099 72 27 helsa,
466 1099 58 21 eller
539 1099 112 28 lifsfarlig
670 1099 113 28 sjukdom.

184 1135 12 20 6
212 1135 20 25 $.
262 1133 49 22 Har
332 1133 85 28 någon,
436 1135 58 20 utan
509 1133 144 22 misshandel
668 1133 44 22 och
726 1135 58 19 utan
799 1133 72 28 afsigt

116 1169 35 20 att
174 1167 66 28 döda,
256 1168 74 21 utfört
346 1163 85 26 sådant
445 1168 132 28 uppsåtligt
592 1167 71 28 brott,
680 1175 48 14 som
743 1167 128 22 innefattar

115 1202 121 29 uppenbar
250 1202 51 21 fara
314 1202 36 21 för
360 1209 89 14 annans
461 1202 31 21 lif
500 1202 56 21 eller
566 1202 74 27 helsa,
650 1203 75 20 såsom
735 1201 136 22 utsättande

116 1237 26 20 af
155 1244 77 14 annan
246 1237 9 21 i
270 1237 111 28 hjelplöst
397 1237 60 28 läge,
473 1237 208 21 åstadkommande
698 1237 25 21 af
731 1237 141 21 öfversväm-

115 1271 59 29 ning
199 1271 57 22 eller
280 1271 156 29 skeppsbrott,
459 1271 143 22 mordbrand
625 1271 57 21 eller
704 1279 78 14 annan
805 1270 67 29 dylik

115 1306 167 28 missgerning;
306 1306 97 27 straffes,
423 1313 37 14 om
475 1306 79 28 någon
569 1306 8 21 i
592 1306 60 28 följd
668 1306 63 21 deraf
746 1306 72 28 ljuter
833 1304 39 22 dö-

116 1340 46 21 den
176 1340 56 21 eller
246 1340 37 22 får
298 1341 53 21 svår
365 1340 184 28 kropppsskada,
565 1340 37 21 för
617 1340 83 28 dråpet
714 1340 53 21 med
775 1338 98 23 tukthus

116 1374 53 21 från
191 1374 44 22 och
252 1374 54 22 med
323 1375 52 27 fyra
390 1374 39 22 till
445 1374 44 22 och
504 1374 53 22 med
572 1374 47 22 tolf
632 1374 26 21 år
673 1374 56 21 eller
743 1374 31 28 på
789 1373 84 26 lifstid,

117 1408 43 22 och
175 1408 36 22 för
225 1408 178 29 kroppsskadan
417 1408 54 22 med
486 1408 98 22 tukthus
601 1408 53 22 från
670 1408 44 22 och
728 1408 54 22 med
792 1409 35 20 ett
837 1407 38 21 till

117 1443 44 21 och
175 1443 54 21 med
245 1443 45 21 tolf
306 1444 32 20 år.
