1086 1717
320 132 80 22 Ständ.
418 132 38 22 Sv.
473 145 26 3 —
514 133 72 27 Prop.
602 132 40 22 N:o
656 132 34 22 41.

369 366 124 22 Finlands
503 366 119 22 Ständers
639 364 174 26 underdåniga
823 369 55 16 svar

336 406 4 20 i
357 406 110 27 anledning
490 406 20 22 af
526 406 54 22 Hans
596 406 110 26 Kejserliga
721 404 106 28 Majestäts
845 403 34 21 nå-

336 446 47 27 diga
407 447 133 26 proposition,
564 446 105 27 angående
692 444 153 23 bestämmande
860 444 21 21 af

337 486 56 21 vissa
419 486 155 27 åldersgränser
589 486 31 21 för
635 485 119 22 officerares
769 484 31 21 vid
815 484 66 21 finska

341 526 100 21 militären
458 526 75 27 afgång
550 532 22 15 ur
588 525 148 28 krigstjensten.

169 571 233 30 Stormäktigste,
419 571 223 28 Allernådigste
657 571 118 29 Kejsare
791 569 49 22 och

427 605 171 23 Storfurste!

205 647 40 21 Uti
261 653 29 15 en
306 645 37 22 till
357 645 118 22 Finlands
485 645 99 23 Ständer
592 645 41 22 vid
642 643 158 24 innevarande
807 642 79 23 landt-

137 681 45 27 dag
198 680 88 23 aflåten
303 679 74 28 nådig
400 680 146 28 proposition
562 679 43 22 har
620 678 86 23 Eders
721 677 166 31 Kejserliga

137 715 135 30 Majestät
294 714 38 22 till
348 713 145 23 Ständernas
514 713 209 29 grundlagsenliga
738 711 149 28 behandling

137 749 153 22 öfverlemnat
305 747 89 28 förslag
410 747 38 23 till
464 748 144 29 förordning,
624 747 119 28 angående
759 746 129 23 officerares

138 783 87 28 afgång
240 791 28 14 ur
283 782 140 29 krigstjenst
446 781 43 23 vid
505 783 47 22 viss
569 781 71 30 ålder,
655 781 129 30 hvarjemte
799 779 90 23 Eders

139 817 173 30 Kejserliga
335 816 140 29 Majestät
497 817 9 22 i
528 816 171 27 sammanhang
720 814 96 23 dermed
834 815 8 21 i
857 813 34 23 af-

139 851 84 23 seende
239 852 13 21 å
267 849 137 24 kännedom
420 850 116 28 delgifvet
554 844 120 39 Ständerna
688 849 81 28 förslag
783 848 38 23 till
830 848 61 22 kun-

140 885 96 30 görelse,
258 884 173 23 innehållande
455 885 121 22 särskilda
593 884 138 23 föreskrifter
746 881 147 25 beträffande

141 921 157 28 pensionsrätt
313 919 43 22 och
373 919 76 28 öfriga
464 919 124 30 förmoner,
602 926 50 15 som
667 919 55 22 böra
735 917 158 23 tillerkännas

141 955 30 28 på
187 953 74 23 sådan
277 953 77 28 grund
370 953 168 23 förafskedade
554 953 122 23 officerare.

212 987 45 23 Vid
280 987 124 22 verkstäld
427 989 153 27 granskning
602 987 25 22 af
641 987 45 22 den
704 987 133 27 föreslagna
851 984 44 23 för-

143 1022 131 28 ordningen
297 1022 72 22 hafva
389 1021 138 24 Ständerna
541 1023 52 22 icke
608 1022 78 22 funnit
701 1021 52 22 skäl
767 1020 40 23 till
823 1019 74 28 några

143 1057 185 27 anmärkningar
345 1058 62 20 emot
424 1056 140 23 densamma
580 1058 60 21 samt
655 1056 23 22 få
693 1056 64 29 förty,
766 1053 75 25 under
851 1053 45 22 för-

144 1092 122 27 utsätning
282 1092 33 20 att
337 1090 173 29 förändringen
534 1091 51 22 icke
608 1091 66 22 berör
697 1089 42 23 den
762 1091 46 21 rätt
823 1094 74 16 nuva-

145 1125 71 23 rande
232 1125 125 29 officerare,
372 1124 62 23 hvar
455 1126 68 21 inom
539 1126 38 22 sin
592 1125 66 30 grad,
673 1123 103 29 lagligen
792 1121 107 25 innehaf-

147 1168 35 22 va,
198 1159 174 28 underdånigst
388 1159 110 23 anmäla:

351 1201 34 20 att
409 1199 132 23 Ständerna
563 1199 85 28 antagit
670 1199 34 21 det
723 1198 45 22 dem
791 1196 110 29 förelagda

284 1233 141 28 lagförslaget
440 1234 154 27 oförändradt.

215 1275 70 22 Emot
308 1273 38 23 det
361 1275 183 27 propositionen
564 1273 110 29 bifogade
688 1272 83 29 förslag
787 1271 39 23 till
841 1270 62 23 kun-

149 1309 89 28 görelse
254 1308 72 23 hafva
341 1308 138 22 Ständerna
497 1311 21 28 ej
535 1309 74 22 heller
624 1309 73 27 något
712 1309 31 21 att
756 1306 119 30 påminna.

219 1348 116 23 Finlands
352 1348 104 22 Ständor
473 1348 139 23 framhärda
630 1350 40 20 ete.

217 1382 147 28 Helsingfors
381 1382 49 22 den
446 1384 28 20 22
493 1384 49 28 Maj
562 1383 58 21 1885.
