1086 1717
240 158 28 22 32

443 159 23 23 U.
482 158 23 24 B.
521 170 29 6 —
566 159 62 28 Prop.
645 159 36 23 N:o
697 159 38 23 34.

418 216 45 21 Vill
478 218 72 26 någon
566 218 71 20 såsom
655 216 68 28 gäjva
738 216 52 21 eller
805 216 133 28 undfägnad
952 216 14 20 ä

348 253 68 18 annat
438 252 63 20 ställe
517 254 28 18 än
569 251 116 28 ofvanföre
701 251 8 20 i
723 251 32 27 $$
777 252 35 25 24,
835 252 29 20 25
885 251 37 21 och
936 252 30 21 26

348 285 149 27 omförmäles,
513 286 71 20 säsom
599 285 37 21 vid
651 285 82 27 bröllop
752 285 38 21 och
806 285 72 21 andra
891 288 76 26 gästa-

349 318 47 27 bud,
419 319 110 22 utskänka
551 320 98 27 bränvin,
668 321 36 20 mä
720 320 134 28 godtgörelse
870 320 30 28 af
910 320 57 21 hvad

349 360 65 14 namn
430 355 41 19 den
485 361 53 14 vara
553 356 36 19 mä
605 354 79 28 derför
698 354 95 21 hvarken
809 354 103 28 betingas,
932 357 35 18 ut-

344 388 75 27 fästas
439 389 52 20 eller
516 392 128 25 emottagas;
666 390 9 20 i
690 391 69 19 annat
779 389 48 27 fall
849 389 58 21 skall
932 389 35 27 äf-

349 429 37 14 ven
401 422 43 22 slik
460 423 148 28 utskänkning
624 423 34 22 till
674 424 73 27 olofiig
753 423 144 28 försäljning
912 423 53 22 hän-

344 457 75 27 föras.

598 598 60 19 Art.
681 598 37 19 II.

462 642 30 21 Om
508 642 78 27 forsling
602 642 33 21 och
650 642 70 28 upplag
735 641 20 22 af
769 641 84 22 bränvin.

622 723 16 27 $
652 724 36 20 28.

418 763 10 20 1
445 769 64 15 mom.
525 762 70 22 såsom
610 763 7 21 i
633 769 19 15 n.
668 769 61 20 prop.

415 799 21 19 2.
471 797 83 20 Varder
564 797 36 21 till
608 797 73 21 landet
690 797 101 28 olofligen
801 797 90 28 infördt
901 797 65 20 brän-

348 831 35 20 vin
399 831 8 20 i
423 831 72 28 beslag
510 834 57 25 taget
590 832 38 20 och
639 831 114 28 förbrutet
773 831 80 26 dömdt,
869 832 36 20 må
920 831 46 21 det-

347 871 83 14 samma
453 865 35 21 till
505 865 153 28 förbrukning
681 867 59 20 inom
763 865 74 22 landet
850 865 116 28 försäljas

347 901 54 19 emot
423 899 35 21 det
477 901 57 26 pris,
556 907 69 14 varan
648 900 43 21 kan
715 900 85 28 betinga
815 900 85 27 utöfver
912 900 53 21 derå

347 934 33 27 sig
395 933 118 28 belöpande
529 934 220 28 tillverkningsafgift
765 935 30 27 af
805 942 26 13 en
847 934 61 21 mark
919 941 47 14 sex-

346 969 29 20 tio
388 969 70 26 penni
469 969 45 27 för
529 969 88 21 kannan
634 969 30 28 af
674 969 85 21 normal
776 969 81 28 styrka.
887 969 79 21 Denna

346 1003 70 27 afgift
431 1003 105 21 levereras
552 1004 34 20 till
609 1005 104 20 ränteriet
729 1005 8 19 i
752 1004 35 20 det
802 1004 45 24 län,
863 1003 39 21 der
912 1003 55 28 för-

346 1037 125 28 säljningen
494 1037 59 27 skett,
578 1039 37 20 och
638 1041 105 25 upptages
765 1039 10 20 i
789 1037 177 28 räkenskaperna

346 1071 67 21 bland
438 1072 26 20 de
489 1072 8 21 i
525 1072 314 27 bränvinstillverkningsskatt
871 1072 95 27 influtna

345 1105 74 22 medel.

624 1175 15 28 $
653 1177 36 20 29.

415 1215 56 21 1—3
487 1221 62 16 mom.
566 1215 71 22 säsom
652 1216 7 21 i
674 1222 20 15 n.
710 1221 61 21 prop.

413 1250 20 20 4.
464 1249 35 21 De
520 1250 9 20 i
550 1257 63 14 mom.
635 1251 16 20 2
666 1249 38 21 och
727 1251 14 20 3
763 1249 151 27 omförmälda
929 1256 37 13 ur-

346 1283 157 28 sprungsbevis,
527 1283 107 29 certifikat
656 1284 39 21 och
710 1283 181 28 förpassningar
904 1283 62 21 skola

345 1320 98 25 upptaga
459 1318 154 28 afsändarens,
628 1318 109 28 köparens
747 1318 52 21 eller
809 1320 156 25 emottagarens

344 1354 56 18 samt
415 1352 42 21 den
475 1352 129 28 forslandes
626 1360 67 14 namn
709 1352 39 21 och
767 1352 95 26 hemvist,
879 1352 87 21 bränvi-

345 1386 68 21 vinets
428 1386 82 28 mängd
525 1386 38 22 och
578 1387 76 27 styrka
668 1389 57 19 samt
735 1389 61 19 orten
804 1386 34 21 dit
848 1386 118 21 detsamma

344 1420 57 21 skall
419 1420 156 28 jramskajfas,
591 1422 111 27 äfvensom
727 1428 26 14 en
776 1421 57 27 efter
855 1420 111 28 afständet

345 1454 90 28 lämpad
451 1455 39 27 tid,
514 1455 124 22 hvarunder
659 1456 63 21 dessa
738 1455 57 21 bevis
810 1455 38 21 och
859 1455 107 27 förpass-

344 1489 81 27 ningar
440 1491 40 19 äro
494 1490 110 27 gällande.

276 1527 189 19 Ekonomiutskottets
478 1528 115 19 betänkande
606 1530 35 18 N:o
654 1530 17 16 5.
