1086 1717
238 152 28 19 88
442 148 24 23 U.
482 148 24 23 B.
521 161 27 3 —
564 149 64 29 Prop.
644 149 38 23 N:o
698 148 35 24 39.

69 218 22 17 21
104 217 92 23 Kapitlet.
208 221 52 21 mor,
276 215 70 22 säsom
360 215 105 22 baneman
479 214 91 28 ansedd;
589 215 55 22 dock
658 215 36 22 mä
708 215 8 21 i
731 215 62 22 detta
808 215 45 27 fall,
869 214 37 23 vid
920 220 48 22 syn-

207 250 99 27 nerligen
319 249 118 23 mildrande
453 250 189 27 omständigheter,
659 250 47 27 den,
722 256 44 15 som
782 250 19 28 ej
818 249 55 22 hade
889 249 79 27 uppsät

208 286 34 20 att
262 284 63 28 döda,
345 284 73 22 dömas
434 284 33 22 till
481 284 90 22 tukthus
586 284 50 22 frän
652 284 39 22 och
705 284 48 22 med
769 286 33 20 ett
817 284 33 22 till
865 284 39 22 och
919 284 49 21 med

207 325 38 15 sex
261 319 26 21 är
302 319 52 22 eller
367 318 98 28 fängelse
480 319 19 28 ej
515 319 69 22 under
598 326 37 15 sex
650 319 107 22 mänader.

278 356 12 19 2
306 360 61 16 mom.
383 354 70 21 säsom
468 354 7 21 i
490 353 51 22 näd.
555 360 61 21 prop.

277 388 55 28 Den,
355 394 44 16 som
421 388 37 22 vid
480 388 80 22 sådant
582 387 100 23 öfverfall
702 388 53 22 eller
773 387 104 29 slagsmål
893 393 75 16 annor-

208 422 66 29 ledes,
286 424 27 21 än
323 429 29 15 nu
362 425 25 20 är
396 422 71 29 sagdt,
478 422 59 23 burit
546 422 58 23 hand
614 423 14 22 ä
639 422 41 23 den
690 422 169 27 misshandlade;
873 421 91 28 straffes,

208 464 33 15 om
262 457 69 22 döden
346 457 73 28 följde,
434 457 48 22 med
497 457 90 22 tukthus
602 457 52 22 eller
668 457 97 28 fängelse
781 457 19 28 ej
817 457 61 22 öfver
893 458 34 21 tre
942 457 26 22 är

208 492 54 22 eller
280 492 62 21 böter
356 492 65 21 minst
435 493 72 26 femtio
522 492 66 27 mark,
605 492 45 28 och,
666 498 34 15 om
714 492 52 22 svär
775 491 151 28 kroppsskada
936 491 30 22 in-

209 527 97 27 träffade,
322 527 49 22 med
385 527 89 22 tukthus
490 527 52 22 eller
556 527 98 28 fängelse
669 527 7 21 i
691 528 64 26 högst
770 527 39 22 två
825 527 25 21 är
865 527 53 21 eller
928 527 36 20 bö-

208 563 34 20 ter
258 561 18 28 ej
294 561 62 23 öfver
369 561 129 22 femhundra
513 561 67 22 mark.

278 598 14 19 4
308 602 61 15 mom.
384 596 71 22 säsom
469 596 8 21 i
491 596 51 22 näd.
555 602 61 21 prop.

278 630 14 23 9
314 631 19 28 8.
362 631 47 22 Har
431 631 37 22 vid
487 631 99 22 öfverfall
601 631 53 22 eller
668 630 110 29 slagsmål,
794 631 61 21 hvari
870 631 35 21 två
920 630 46 22 eller

208 666 50 27 flere
273 666 91 27 deltagit,
381 672 71 15 annan
466 665 65 28 ljudit
545 665 76 27 döden,
633 665 53 22 eller
696 665 44 22 fått
749 665 52 22 svår
811 664 155 28 kroppsskada,

209 700 39 22 och
268 700 44 22 kan
330 700 20 27 ej
370 700 94 28 utredas,
483 700 88 23 hvilken
590 700 25 21 af
628 700 48 22 dem
691 699 124 23 förorsakat
830 699 70 22 döden
914 699 52 22 eller

208 735 173 28 kroppsskadan;
397 735 72 22 dömes
484 741 27 16 en
526 735 59 27 hvar,
600 741 44 16 som
660 735 15 21 å
685 735 42 22 den
736 734 160 22 misshandlade
908 733 58 22 burit

209 770 65 27 hand,
297 769 33 22 för
352 769 59 28 groft
431 770 110 27 slagsmål,
562 771 41 20 när
625 769 70 22 döden
716 769 73 28 följde,
804 769 35 22 till
853 769 113 22 tukthus
956 765 14 36 i

208 804 66 28 högst
288 804 50 28 fyra
352 805 26 21 år
393 804 52 23 eller
459 804 97 28 fängelse
571 805 19 27 ej
607 805 69 21 under
690 806 33 20 tre
739 803 110 28 månader,
865 804 45 27 och,
926 805 40 20 när

209 840 53 22 svår
282 839 149 28 kroppsskada
453 840 98 27 uppkom,
572 839 33 22 till
620 839 90 22 tukthus
724 839 8 21 i
747 839 65 28 högst
826 841 34 19 tre
875 839 25 21 år
914 838 52 22 eller

210 873 98 28 fängelse
329 873 50 23 från
398 875 40 21 och
452 875 49 21 med
516 881 26 15 en
557 874 79 22 månad
651 874 34 21 till
700 874 39 21 och
751 873 50 22 med
815 875 34 20 tre
864 873 31 27 år,
910 875 56 20 samt

210 909 26 22 de
252 909 76 27 öfrige,
344 909 74 22 hvilka
433 909 7 22 i
455 909 126 28 slagsmålet
596 908 99 28 deltagit,
710 908 30 27 på
754 909 45 21 sätt
813 908 8 21 i
835 907 55 22 sista
904 913 61 16 mom.

210 943 24 22 af
248 946 13 19 8
276 943 13 28 8
304 945 58 26 sägs.

278 977 24 24 10
317 978 20 29 8.
366 978 57 22 Lika
437 978 48 23 med
500 979 49 21 nåd.
565 985 59 21 prop.

279 1013 51 29 18.
361 1015 9 19 1
388 1019 60 16 mom.
464 1014 71 21 såsom
548 1013 8 22 i
570 1013 51 22 nåd.
636 1019 60 21 prop.

278 1049 14 20 2
307 1055 60 14 mom.
383 1049 69 26 utgår.

279 1081 22 23 12
323 1083 21 26 8.
373 1082 146 22 Misshandlar
540 1082 71 28 någon
633 1081 139 28 uppsåtligen
795 1086 71 16 annan
885 1079 31 28 så,
932 1081 33 20 att

209 1116 70 23 denne
295 1116 63 23 deraf
370 1117 36 22 får
420 1117 83 22 mindre
517 1117 51 28 lyte,
583 1117 111 28 kroppsfel
709 1116 52 22 eller
775 1115 105 28 sjukdom,
896 1117 28 20 än
934 1115 8 21 i
952 1117 12 19 5

209 1152 13 26 $
244 1154 62 26 sägs;
328 1152 78 27 dömes,
429 1159 34 16 om
485 1152 145 22 misshandeln
651 1151 82 23 skedde
752 1151 49 22 med
816 1149 80 23 berådt
910 1149 54 27 mod,

209 1186 34 22 till
263 1187 85 22 tukthus
363 1187 8 22 i
385 1187 61 28 högst
461 1190 30 19 tre
507 1189 26 20 år
547 1187 48 22 eller
609 1186 97 28 fängelse
722 1186 19 27 ej
757 1185 69 23 under
840 1185 39 22 två
894 1185 72 21 måna-

209 1221 45 28 der,
270 1222 45 27 och,
331 1228 34 15 om
379 1221 41 22 den
435 1221 82 23 skedde
532 1221 24 22 af
569 1221 84 28 hastigt
666 1220 56 28 mod,
732 1220 34 22 till
776 1219 99 28 fängelse
884 1218 8 22 i
902 1219 64 27 högst

208 1257 34 20 ett
256 1256 26 22 år
297 1256 53 22 eller
364 1257 61 21 böter
441 1256 18 28 ej
477 1256 68 22 under
559 1255 73 23 femtio
648 1256 68 21 mark.

277 1291 45 22 För
330 1291 101 23 vållande
441 1292 34 22 till
485 1292 69 21 sådan
563 1291 83 22 mindre
656 1289 155 29 kroppsskada,
822 1295 45 16 som
877 1288 8 22 i
896 1288 69 22 denna

208 1327 14 25 8
238 1326 141 28 omförmäles,
394 1332 53 16 vare
461 1326 85 22 straffet
560 1326 62 22 böter
637 1326 65 27 högst
716 1324 124 23 tvåhundra
854 1323 68 22 mark.

277 1360 23 23 13
315 1362 20 26 3.
365 1360 57 22 Lika
436 1361 48 21 med
499 1360 49 22 nåd.
563 1366 61 22 prop.

278 1394 24 23 14
316 1396 20 26 8.
366 1395 56 22 Lika
437 1396 48 22 med
499 1395 50 23 nåd.
564 1402 60 21 prop.
640 1394 8 22 i
663 1394 68 28 öfrigt
745 1395 58 21 utom
814 1394 34 21 att
858 1392 62 23 ordet
929 1393 36 21 må

207 1430 8 21 i
232 1432 10 19 1
259 1436 62 16 mom.
337 1430 79 22 ändras
430 1430 35 22 till
479 1431 48 22 kan.

278 1464 22 22 15
315 1466 20 26 8.
365 1464 26 28 Ej
407 1465 35 22 mä
459 1464 111 29 uppsåtlig
584 1463 137 28 misshandel,
735 1470 45 16 som
795 1463 7 21 i
814 1464 26 20 12
851 1462 53 22 eller
913 1463 29 21 13
952 1462 13 26 $
