1086 1717
255 154 26 20 12
456 152 24 22 U.
496 152 23 22 B.
535 165 27 3 —
578 153 64 28 Prop.
658 153 39 22 N:o
713 152 33 23 39.

85 219 13 17 2
109 218 91 23 Kapitlet.
224 218 38 23 vid
276 218 203 28 sammanläggning
493 218 25 22 af
538 218 64 22 straff
618 218 70 28 enligt
703 221 11 19 6
731 220 13 25 $
761 220 11 20 7
787 218 52 28 kap.
855 218 80 22 femton
950 218 33 22 är.

224 266 27 2 —
266 253 13 22 I
293 253 114 22 Utskottet
429 253 40 22 har
491 253 92 21 uttalats
607 254 34 20 att
656 253 64 21 dessa
733 252 253 28 maximibestämningar

224 288 70 22 måtte
308 287 8 21 i
331 288 72 27 någon
418 288 51 21 mån
483 288 69 27 höjas,
566 288 90 21 emedan
674 288 106 27 språnget
794 287 34 22 till
843 287 140 22 lifstidstukt-

224 322 41 22 hus
280 322 64 27 eljest
358 322 71 22 blefve
445 322 34 22 för
492 324 62 25 stort,
573 328 48 16 men
637 322 71 22 denna
723 322 59 28 åsigt
792 322 41 22 har
847 322 8 21 i
868 322 114 22 Utskottet

225 356 19 28 ej
260 356 78 23 vunnit
353 356 123 28 understöd,
499 357 91 21 emedan
605 356 86 22 erfarne
707 356 155 22 straffanstalts
877 356 106 22 förestån-

225 391 53 21 dare
293 391 39 21 och
346 390 173 29 fängelseläkare
535 392 7 21 i
557 391 99 22 utlandet
671 393 70 25 yttrat
755 391 34 28 sig
805 391 87 27 derhän,
901 393 34 19 att
950 392 32 21 ett

224 426 156 22 tukthusstraff
392 426 29 27 på
436 426 86 28 mycket
537 426 63 28 långt
615 426 109 22 utsträckt
738 426 33 22 tid
786 426 7 21 i
808 426 75 28 regeln
893 426 89 27 förslap-

225 467 40 20 par
286 460 134 29 straffången
442 462 25 21 så
485 461 35 21 till
535 461 68 27 kropp
618 467 45 16 som
678 461 42 28 själ
735 461 39 21 och
789 460 139 29 följaktligen
940 461 44 21 för-

224 495 98 22 minskar
337 496 52 21 hans
405 496 99 27 förmåga
527 497 34 20 att
576 495 56 22 efter
647 495 143 28 frigifningen
805 497 79 20 motstå
899 495 84 22 frestel-

224 536 42 15 ser.
281 530 44 21 För
340 529 67 29 öfrigt
417 530 67 22 hafva
495 530 43 22 tolf
546 531 26 21 år
582 530 66 23 äfven
660 531 69 26 enligt
744 536 29 16 nu
787 530 102 28 gällande
901 529 83 22 förord-

224 565 54 27 ning
294 564 24 22 af
332 565 41 21 den
387 567 26 19 26
429 565 121 22 November
566 567 54 20 1866
637 565 114 28 angående
767 565 54 26 dråp
836 567 52 20 utan
903 564 80 27 uppsåt

226 601 33 20 att
275 599 56 22 döda
346 606 26 15 m.
383 606 27 15 m.
426 600 84 27 utgjort
524 600 115 21 maximum
654 599 34 22 för
704 599 37 22 det
755 600 28 27 på
793 599 45 22 viss
847 599 34 22 tid
891 598 92 22 ådömda

224 634 181 27 tukthusstraffet,
429 636 54 20 utan
505 636 34 20 att
554 634 66 22 behof
634 634 24 22 af
671 636 35 20 att
720 634 51 27 höja
784 634 114 21 maximum
913 635 69 20 veter-

224 668 60 28 ligen
299 669 59 27 gjort
372 669 35 27 sig
421 669 108 27 gällande.

296 703 12 22 3
324 705 19 24 8.
372 703 11 22 I
399 703 97 28 enlighet
510 704 48 21 med
582 721 4 10 ,
588 704 116 27 allmänna
718 703 135 28 grunderna"
877 703 39 21 har
931 702 52 22 min-

226 740 35 19 sta
277 738 59 21 tiden
352 737 33 22 för
400 738 37 21 det
453 738 129 27 ovilkorliga
596 737 184 28 fängelsestraffet
795 739 80 20 utsatts
890 737 33 22 till
933 737 51 27 fjor-

226 774 38 19 ton
280 772 73 27 dagar.
376 773 12 20 I
402 773 115 21 Utskottet
531 773 40 21 har
586 773 35 22 väl
637 773 92 21 uttalats
740 773 41 21 den
793 772 64 27 äsigt,
869 773 34 20 att
912 772 72 21 denna

226 806 114 22 minimitid
355 807 72 27 borde,
443 808 70 21 säsom
529 807 39 22 ock
584 807 60 22 skett
658 807 8 21 i
684 809 53 20 1875
753 807 36 21 ärs
804 806 88 28 förslag,
915 807 68 20 utsät-

226 843 35 20 tas
276 841 67 28 lägre,
357 847 48 16 men
421 841 71 22 denna
507 841 59 28 äsigt
585 842 40 21 har
640 841 7 22 i
665 842 112 21 Utskottet
791 842 25 20 sä
831 841 85 27 mycket
931 840 52 21 min-

226 876 39 21 dre
280 876 144 27 understödts,
440 883 44 15 som
499 876 68 22 under
589 876 165 27 tillämpningen
773 875 25 22 af
820 877 54 20 1866
891 876 35 21 ärs
940 874 44 22 för-

226 910 118 27 ordningar
359 911 114 26 angående
488 911 54 26 dråp
557 912 53 20 utan
625 911 80 26 uppsåt
722 912 34 19 att
771 910 57 21 döda
842 916 27 15 m.
885 916 27 15 m.
927 911 57 20 samt

226 945 114 27 angående
355 944 57 22 falsk
427 945 121 27 angifvelse
562 945 40 22 och
617 951 72 15 annan
704 944 161 28 ärekränkning
881 945 31 21 ett
922 944 61 27 lägre

225 979 164 27 fängelsestraff
401 981 29 20 än
445 979 81 28 fjorton
541 979 69 28 dagar
625 979 71 22 sällan
710 979 62 21 torde
787 978 168 28 ifrägakommit.

295 1013 98 28 Längsta
415 1013 61 22 tiden
496 1013 35 22 för
546 1013 125 28 ovilkorligt
692 1013 163 28 fängelsestraff
867 1013 45 27 har,
929 1013 54 22 afvi-

225 1048 72 21 kande
319 1048 50 21 från
393 1065 4 9 ,
398 1048 115 27 allmänna
536 1048 144 27 grunderna",
704 1048 75 21 hvilka
800 1047 110 22 bestämde
933 1047 49 22 den-

224 1089 83 15 samma
321 1083 35 21 till
369 1083 40 22 två
425 1083 32 27 år,
473 1084 80 21 utsatts
568 1083 34 21 till
617 1083 49 27 fyra
682 1083 31 27 år,
729 1082 84 23 hvilket
823 1082 113 21 Utskottet
946 1088 37 15 an-

224 1123 36 16 ser
274 1117 134 26 välbetänkt,
418 1117 28 22 då
459 1117 219 28 rättskränkningens
687 1117 134 27 betydenhet
830 1116 98 22 stundom
938 1117 45 21 kan

224 1153 56 26 göra
302 1153 32 20 ett
348 1151 77 28 längre
447 1151 143 22 frihetsstraff
610 1154 28 19 än
652 1152 39 21 två
708 1152 25 21 är
747 1151 111 28 behöfligt,
880 1152 53 20 utan
948 1152 36 20 att

224 1186 69 23 likväl
308 1186 93 21 brottets
416 1186 125 28 subjektiva
556 1186 48 22 sida
619 1186 89 22 kräfver
718 1186 41 21 den
769 1185 108 22 intensiva
889 1185 94 22 behand-

224 1220 52 28 ling,
290 1227 44 15 som
350 1221 177 22 tukthusstraffet
541 1221 96 22 innebär.
653 1221 51 21 Med
720 1220 102 21 afseende
838 1220 13 21 å
862 1219 62 22 dessa
934 1225 50 21 syn-

224 1255 95 26 punkter
340 1255 41 21 har
395 1255 67 22 äfven
480 1255 146 28 nyssnämnda
640 1255 115 22 maximum
770 1254 26 22 af
815 1254 49 27 fyra
879 1255 25 20 år
918 1254 8 21 i
941 1253 43 22 för-

224 1289 82 29 slagets
321 1296 76 16 senare
413 1290 36 22 del
464 1291 73 27 någon
544 1291 60 27 gång
615 1289 151 23 öfverskridits
774 1290 29 26 *),
814 1289 113 22 hvarutom
937 1288 46 22 fän-

224 1324 145 27 gelsestraffet
392 1324 38 22 vid
453 1324 203 28 sammanläggning
671 1324 25 22 af
708 1323 65 23 straff
785 1324 8 21 i
815 1326 5 19 6
842 1324 7 26 &
864 1325 12 19 7
892 1324 50 26 kap.
958 1324 27 20 är

223 1358 121 28 föreslaget
358 1360 35 20 att
407 1360 74 21 kunna
496 1360 74 27 uppgä
585 1359 34 22 till
634 1365 38 16 sex
688 1360 32 20 är.

293 1410 22 22 +)
327 1410 72 23 Dylika
411 1410 34 18 fall
458 1412 42 16 äro:
519 1410 103 24 stämpling
634 1410 30 18 till
676 1409 134 23 högförräderi
829 1409 36 23 (11:
878 1410 16 21 3,
907 1409 26 23 4),
946 1407 37 19 och

224 1438 58 24 envig
300 1439 43 18 med
361 1439 68 23 dödlig
447 1438 73 24 utgång
537 1439 37 23 (23:
587 1440 19 22 1)
618 1439 30 18 för
660 1438 68 19 hvilka
739 1438 172 23 fängelsestraffets
923 1436 59 19 maxi-

223 1472 51 13 mum
286 1466 79 24 uppgär,
379 1467 30 19 för
422 1468 33 19 det
467 1468 52 18 förra
531 1468 73 18 brottet
616 1468 29 18 till
663 1469 5 16 8
681 1467 37 19 och
729 1466 31 19 för
771 1467 33 18 det
813 1472 66 13 senare
887 1466 28 18 till
926 1467 20 16 12
956 1466 26 18 är.
