1086 1717
370 443 206 32 Hedervärda
594 448 212 28 Bondestånd!

285 515 53 21 Med
353 515 97 22 ledsnad
466 517 30 21 ha
511 517 24 21 vi
550 517 9 21 i
575 517 150 29 tidningarne
740 518 46 21 läst
802 525 43 20 om,
857 517 59 22 huru
926 525 42 14 un-

212 548 41 21 der
279 549 116 22 allmänna
419 551 147 28 mötesdagar
589 554 35 19 ett
647 552 119 28 omåttligt
788 552 133 21 förtärande
944 552 24 21 af

212 583 80 22 starka
314 584 97 28 drycker
434 585 8 21 i
465 585 42 22 allt
529 586 71 28 högre
624 587 57 27 grad
697 587 66 20 ökats
779 587 30 27 på
824 588 34 19 ett
873 586 95 28 bekym-

212 625 50 13 mer
277 619 119 21 väckande
412 622 47 18 sätt
475 620 44 21 och
533 620 59 21 huru
608 621 63 20 inom
686 621 45 20 den
746 620 154 29 uppväxande
910 627 58 20 ung-

213 651 84 22 domen
312 653 40 21 det
367 654 62 21 förut
444 655 25 20 sä
484 654 133 21 vanärande
633 655 102 20 ansedda
750 655 104 27 fylleriet
864 661 31 14 nu
905 661 62 14 mera

212 686 82 22 blifvit
315 687 84 22 liksom
421 695 30 14 en
474 689 130 21 hederssak.
634 689 88 21 Härtill
742 688 125 21 medverka
882 689 85 27 många

212 721 100 28 orsaker,
335 729 53 14 men
410 723 45 21 den
477 723 128 28 vigtigaste
625 724 27 20 at
664 723 53 21 dem
732 727 31 22 är,
779 725 36 18 att
830 722 138 28 rusdrycker

211 755 76 22 finnas
310 757 7 20 i
340 758 25 20 så
387 762 49 16 stor
455 757 86 28 mängd
564 757 44 22 och
623 759 25 20 så
662 758 45 21 lätt
722 757 151 28 tillgängliga
887 756 36 21 för
938 763 29 14 en

211 790 65 28 hvar,
292 798 48 14 som
356 791 61 22 blott
432 792 43 21 har
489 799 88 21 pengar
593 792 37 21 till
646 791 116 28 vederlag.
792 791 83 21 Derför
891 794 24 17 är
929 790 40 21 det

210 825 54 20 icke
286 825 72 22 heller
380 827 99 28 sällsynt
502 827 56 20 eller
572 826 120 28 oväntadt,
709 828 41 25 att,
767 825 29 22 då
811 825 156 28 någonstädes

210 859 142 22 förefunnits
367 868 29 13 en
411 864 72 18 större
495 861 99 28 samling
605 861 106 28 allmoge,
723 861 76 20 såsom
809 859 73 22 under
893 859 74 21 mark-

210 893 78 26 nader,
313 895 125 28 torgdagar
460 895 56 21 eller
535 895 73 21 andra
623 895 87 28 dylika,
727 894 150 27 tidningarne
893 893 75 21 berät-

210 930 46 19 tat:
280 929 25 21 så
328 929 43 21 och
390 931 25 20 så
430 931 85 26 många
530 929 104 28 dryckna
650 928 158 23 bortskaffade
824 928 95 28 polisen,
935 927 32 21 el-

210 963 34 20 ler
268 963 40 21 der
330 963 43 22 och
395 963 41 22 der
451 964 42 21 har
509 965 49 20 åter
573 966 35 19 ett
622 963 67 22 mord
704 963 100 28 begåtts,
820 962 56 21 eller
891 964 36 19 att
942 962 25 21 så

209 999 85 26 många
308 998 133 28 ynglingar,
457 999 75 21 såsom
548 998 135 28 oförmögna
699 998 37 21 till
746 996 170 29 lottdragning,
927 1003 40 14 an-

208 1034 59 19 setts
289 1032 154 22 frånvarande
467 1040 20 15 o.
503 1040 17 15 s.
536 1040 21 15 v.
586 1033 13 20 I
614 1033 60 28 följd
688 1032 27 21 af
727 1032 44 21 allt
786 1031 71 28 detta,
873 1031 42 21 har
924 1031 41 28 jag

210 1070 65 23 äran,
299 1069 35 18 att
352 1068 35 20 för
402 1067 144 22 hedervärda
561 1067 100 28 ständet,
677 1065 172 23 förutsättande
865 1067 36 19 att
914 1065 55 21 mitt

210 1101 89 28 förslag
320 1101 84 22 vinner
426 1102 84 27 nödigt
523 1101 128 22 understöd
666 1101 46 21 och
726 1100 46 21 blir
786 1099 131 22 remitterat
932 1099 38 21 till

207 1135 160 28 vederbörligt
388 1136 92 21 utskott
503 1138 59 19 samt
584 1138 36 19 att
644 1135 70 22 äfven
733 1134 29 21 de
777 1134 77 28 öfriga
869 1133 99 22 ständen

207 1170 80 21 derom
301 1170 80 22 förena
397 1171 42 27 sig,
456 1171 95 21 föreslå:

415 1219 32 19 att
468 1217 133 27 försäljning
616 1216 30 27 af
657 1214 134 29 rusdrycker,
808 1218 25 20 af
849 1212 56 23 hvad
918 1213 47 28 slag

350 1258 44 14 som
416 1251 59 26 helst,
500 1251 42 21 helt
557 1251 36 20 och
609 1251 65 20 hållet
687 1249 114 27 förbjudes
816 1248 69 21 under
899 1248 73 21 mark-

348 1286 73 27 nader,
437 1286 117 28 torgdagar
569 1285 37 21 och
620 1284 164 28 värnepliktiges
800 1283 168 28 lottdragnings-

344 1321 75 27 dagar.

278 1366 153 29 Helsingtors,
449 1366 45 22 den
509 1367 14 21 2
533 1366 113 22 Februari
663 1365 64 22 1885.

564 1456 92 32 Hugo
679 1454 184 31 Landgrön,
