1086 1717
221 448 106 33 Ärade
347 454 133 27 Talman
499 454 58 27 och
575 454 200 27 hedervärda

394 495 212 28 Bondestånd!

189 572 56 21 Man
265 571 42 22 har
321 572 88 21 lemnat
425 579 36 14 oss
477 571 133 28 dokument,
627 571 49 22 deri
692 571 64 28 8,647
772 571 26 21 af
811 570 68 22 Uleå-

121 607 70 27 borgs
214 606 50 21 läns
287 605 43 22 och
355 606 64 27 5,532
452 605 27 22 af
499 605 143 22 Tavastehus
666 608 59 19 samt
740 605 73 22 andra
828 605 51 21 läns

121 641 112 21 invånare
256 639 100 22 anmoda
380 647 41 20 oss,
443 642 36 19 att
501 640 40 21 vid
563 639 77 22 denna
654 639 115 28 landtdag
784 639 95 21 verka
866 635 17 37 i

122 675 45 20 den
181 674 114 28 riktning,
312 675 36 20 att
362 674 8 20 i
386 674 52 24 vårt
453 674 56 21 land
527 674 154 28 tillverkning
696 674 26 21 af
736 673 43 22 och
795 673 85 22 handel

122 709 53 21 med
197 709 100 21 bränvin
320 708 74 21 skulle
415 709 139 20 inskränkas
568 716 54 17 mer,
639 712 30 17 än
684 708 36 22 för
735 708 145 21 närvarande

121 750 54 21 eger
197 750 57 15 rum.
279 743 42 21 Om
330 743 75 21 denna
414 743 89 21 önskan
512 742 30 22 ha
551 743 26 20 17
588 743 136 21 kommuner
733 743 8 20 i
749 742 130 28 Uleåborgs

121 777 46 28 län,
184 777 92 22 hvilkas
291 777 119 27 folkmägd
430 780 24 17 är
465 777 171 28 sammanlagdt
647 777 108 27 omkring
767 777 27 20 67
803 778 74 25 tusen,

122 812 30 27 pä
168 811 131 29 respektive
308 811 245 22 kommunalstämmor
561 811 91 21 förenat
660 811 42 28 sig.
722 811 125 21 Likaledes
856 814 25 18 är

124 845 39 22 det
185 853 29 14 en
237 846 97 21 allmänt
358 846 8 20 i
387 845 80 22 landet
481 845 109 28 gällande
606 846 103 27 mening;
725 848 36 19 att
776 845 105 21 tillverk-

123 880 65 28 ning,
211 880 97 21 införsel
330 879 43 22 och
396 880 140 28 försäljning
558 880 26 21 af
604 880 100 21 bränvin
721 880 51 21 icke
787 879 42 22 hos
845 887 36 14 oss

121 918 26 18 är
173 915 30 28 pä
230 922 28 13 en
286 914 215 21 tillfredsställande
529 915 40 27 fot,
598 914 43 21 och
668 916 35 19 att
731 914 88 21 säledes
843 914 35 21 in-

124 949 202 27 skränkningarne
350 948 44 21 och
416 949 193 21 restriktionerna
631 949 9 20 i
663 948 64 22 detta
749 948 131 21 hänseende

122 987 25 17 är
170 983 92 28 vigtiga
284 983 78 21 tidens
384 983 59 22 kraf.
468 983 80 22 Säsom
574 983 114 28 naturligt
711 987 30 23 är,
773 983 30 21 ha
826 983 51 20 icke

123 1017 65 22 dessa
211 1017 132 28 fordringar
366 1017 107 22 öfverallt
492 1017 145 29 uppenbarat
652 1017 36 28 sig
704 1017 8 21 i
727 1017 49 21 lika
791 1017 92 21 radikal

123 1052 91 27 gestalt,
241 1059 52 14 men
316 1051 67 22 deras
403 1051 218 28 hufvudsakligaste
644 1051 238 22 öfverensstämmelse

122 1086 63 21 visar
208 1086 36 27 sig
266 1086 8 21 i
297 1085 45 22 den
362 1085 92 28 klagan,
471 1088 36 19 att
522 1086 45 21 den
583 1085 9 22 i
606 1086 81 27 lagens
702 1086 77 27 skydd
794 1085 85 22 idkade

124 1121 185 27 tillverkningen
333 1120 43 21 och
399 1120 170 29 försäljningen
593 1120 27 21 af
633 1121 79 20 starka
731 1120 98 28 drycker
845 1127 38 20 eg-

125 1163 42 20 gar
190 1155 37 21 till
249 1155 116 21 missbruk
388 1155 26 20 af
427 1155 66 20 dessa
509 1158 89 23 ämnen,
615 1156 35 19 att
665 1155 141 20 missbruket
821 1154 62 21 med-

124 1189 37 22 för
175 1197 29 14 en
223 1189 101 28 ofantlig
339 1189 105 21 materiel
460 1189 44 21 och
519 1189 137 21 ekonomisk
672 1189 77 27 skada,
766 1196 50 14 som
831 1188 52 21 huf-

123 1223 163 28 vudsakligast
310 1223 63 22 visar
396 1223 36 28 sig
455 1223 8 21 i
485 1224 56 21 våra
560 1225 74 26 tunga
650 1223 231 28 fattiovärdsbesvär,

123 1257 114 29 fängelse-
260 1257 43 22 och
319 1257 247 28 därhusinrättningar
581 1260 60 19 samt
656 1257 8 21 i
680 1257 45 21 den
740 1257 73 22 bland
828 1257 55 21 vära

123 1292 105 22 arbetare
244 1292 25 21 är
284 1292 35 21 för
335 1292 25 21 är
375 1292 36 27 sig
426 1292 123 21 inrotande
566 1292 43 21 och
624 1292 105 21 växande
745 1292 139 28 slappheten

125 1326 44 22 och
184 1325 173 22 sedeslösheten
371 1327 61 19 samt
447 1327 36 20 att
499 1325 39 22 det
553 1325 26 22 af
588 1333 87 14 samma
682 1326 45 21 last
736 1326 147 28 härflytande

125 1360 106 22 slöseriet
246 1360 52 21 med
313 1360 55 21 våra
385 1360 199 28 andligaäkrafter
596 1360 69 21 äfven
676 1364 25 18 är
714 1360 170 27 oberäkneligt.

195 1394 43 21 Om
260 1394 76 21 denna
360 1394 124 21 omordade
507 1394 88 28 klagan
610 1394 113 22 erkännes
739 1394 142 28 berättigad,

123 1429 26 21 sä
164 1431 25 18 är
204 1428 40 21 det
258 1428 9 20 i
282 1428 101 28 sanning
399 1428 50 21 skäl
465 1430 35 19 att
515 1428 66 28 börja
596 1428 146 29 undanrödja
757 1428 126 22 orsakerna

122 1462 38 21 till
175 1462 139 28 densamma,
332 1462 39 21 det
387 1466 25 18 är
427 1462 36 21 tid
477 1463 31 28 pä
523 1465 36 19 att
574 1463 80 21 förena
670 1464 36 27 sig
721 1470 35 14 om
767 1465 35 19 att
811 1462 70 22 äfven

122 1504 84 20 genom
228 1496 183 28 lagstiftningen
436 1497 115 30 bekämpa
573 1497 190 29 bränvinsflödet,
780 1497 100 22 emedan
