1086 1717
439 138 42 23 N:o
496 138 35 22 36.
819 139 14 21 3

106 204 36 21 att
164 200 146 30 stadganden
332 208 37 14 om
383 201 112 21 böternas
511 200 155 29 användning
685 200 53 23 icke
753 201 58 22 höra
825 200 39 22 till

105 230 143 28 strafflagen.
296 231 11 19 Åt
320 229 117 29 Kejsaren
453 229 45 22 och
513 229 146 22 Storfursten
675 233 26 18 är
716 230 103 22 deremot
829 229 34 22 öf-

105 258 147 24 verlemnadt
267 260 35 19 att
316 258 52 22 icke
383 258 62 22 blott
460 258 112 21 förordna
587 265 37 14 om
639 258 136 30 fördelning
790 259 26 21 af
823 258 40 22 bö-

105 291 38 19 ter
158 288 44 22 och
216 287 67 22 viten
298 289 60 19 samt
372 286 84 22 värdet
472 286 27 22 af
511 286 85 22 sådant
610 286 117 22 förbrutet
737 288 65 28 gods,
814 294 49 15 som

106 316 119 23 tilldömes
247 316 96 26 kronan,
366 318 59 19 utan
447 315 46 21 ock
514 316 130 20 bestämma
664 316 46 21 den
725 316 137 28 ersättning,

107 353 50 15 som
178 345 142 22 tillkommer
342 344 28 22 de
392 344 154 28 menigheter,
570 344 160 29 inrättningar
745 346 44 21 och
803 345 60 21 tjen-

107 376 96 23 stemän,
226 372 82 22 hvilka
326 373 63 21 förut
403 373 47 21 fått
465 372 40 22 del
519 372 9 22 i
542 373 74 26 böter,
632 372 67 22 viten
714 373 44 22 och
772 374 91 21 förbru-

106 405 37 21 tet
157 402 66 30 gods.

176 430 210 29 Bestämningarne
409 430 9 21 i
440 430 84 22 hvilka
539 430 43 21 fall
598 430 118 29 adelskap,
733 430 72 22 orden
819 430 44 22 och

107 467 80 16 annan
202 459 72 22 sådan
289 459 141 22 utmärkelse
447 459 121 22 äfvensom
582 459 116 28 rättighet
712 459 39 22 till
765 460 99 28 pension

107 489 46 22 och
175 496 78 14 annan
275 488 68 28 dylik
357 488 91 21 förmån
463 488 123 21 förverkas
601 495 85 21 genom
700 488 71 27 brott,
786 488 77 25 hafva,

108 519 76 21 såsom
198 517 142 21 tillhörande
357 517 45 21 den
416 516 118 22 särskilda
548 517 183 28 lagstiftningen
746 524 37 14 om
796 517 67 22 dessa

108 551 91 22 ämnen,
214 553 28 14 ur
257 545 137 28 strafflagen
408 545 148 21 utelemnats.

177 575 12 22 I
204 574 112 29 förslaget
326 574 38 21 till
373 574 140 28 förordning
524 581 33 14 om
563 573 188 29 verkställighet
763 574 26 21 af
796 573 69 22 straff

109 604 56 29 ingå
186 603 88 28 nödiga
296 603 145 21 föreskrifter
464 603 53 21 icke
540 603 61 21 blott
624 610 37 14 om
675 603 187 26 frihetsstraffen,

109 635 58 19 utan
182 632 44 21 ock
241 639 37 14 om
293 631 149 22 dödsstraffet
458 633 61 20 samt
533 631 68 22 böter
615 631 44 22 och
674 631 117 22 förbrutet
806 631 57 29 gods

109 661 121 22 äfvensom
252 661 28 21 de
300 660 153 21 allmännaste
469 660 136 29 grunderna
619 661 37 20 för
671 667 62 22 unge
749 660 115 28 förbryta-

109 697 37 14 res
168 689 146 28 behandling
335 689 9 21 i
366 689 92 26 allmän,
475 689 37 21 för
527 689 53 21 dem
596 689 82 21 afsedd
692 689 172 28 uppfostrings-

109 718 93 22 anstalt.

179 747 81 21 Såsom
282 746 102 21 hörande
406 746 39 21 till
467 746 41 21 det
523 746 148 28 progressiva
686 746 179 28 straffsystemet

110 780 26 19 är
158 775 112 28 vilkorlig
289 775 125 28 frigifning
430 774 26 21 af
469 774 87 22 sådane
571 775 139 28 förbrytare,
725 774 83 22 hvilka
822 781 43 14 un-

111 805 41 22 der
166 804 58 28 godt
240 803 143 29 uppförande
398 803 87 22 utstått
499 803 82 28 längre
596 803 48 21 tids
659 803 153 21 frihetsstraff
820 803 44 22 och

109 834 81 21 kunna
204 834 74 20 motse
298 832 59 28 ärlig
371 831 152 29 försörjning,
539 833 61 27 ånyo
615 831 132 29 föreslagen
761 831 54 22 med
829 832 36 21 så-

110 863 47 21 dan
176 861 26 21 af
215 861 143 22 Ständernas
373 861 104 20 deremot
493 860 83 29 gjorda
592 861 183 27 anmärkningar
789 860 76 21 föran-

110 891 55 22 ledd
188 890 106 28 ändring,
318 891 34 20 att
368 889 139 28 afgörandet
523 889 25 21 af
560 889 80 28 frågor
656 896 37 14 om
708 889 67 28 dylik
790 889 75 28 frigif-

110 920 59 28 ning
184 919 61 21 skall
259 918 96 21 tillhöra
370 918 115 21 Senatens
500 918 268 28 Justitiedepartement.

179 947 124 28 Förslaget
322 947 38 21 till
377 947 141 28 förordning
536 954 37 14 om
591 947 123 21 införande
733 946 26 21 af
776 953 33 21 ny
824 945 41 22 all-

110 980 55 19 män
184 976 109 28 strafflag
312 975 37 22 för
367 975 226 22 Storfurstendömet
610 975 104 22 Finland
735 975 131 21 innehåller

110 1006 37 21 uti
166 1007 10 20 1
193 1007 13 25 $
225 1004 146 29 stadganden
389 1004 80 21 derom
490 1005 35 20 att
542 1004 54 21 med
614 1004 64 21 vissa
696 1004 35 21 uti
747 1005 13 20 2
776 1005 13 26 8
808 1011 57 21 upp-

110 1033 102 23 räknade
232 1033 128 28 undantag,
383 1033 46 21 alla
446 1033 9 20 i
471 1033 118 21 särskilda
603 1033 72 28 lagar,
698 1032 169 29 författningar

111 1063 57 22 eller
185 1061 148 23 vitesförbud
350 1062 67 28 gifna
437 1061 248 28 straffbestämningar
702 1061 37 22 för
757 1061 72 26 brott,
852 1061 14 21 &

110 1091 83 23 hvilka
211 1091 9 21 i
235 1091 139 28 strafflagen
396 1090 68 21 straff
485 1093 40 18 äro
548 1092 68 25 satta,
639 1090 59 21 efter
721 1090 144 21 densammas

110 1120 124 22 införande
260 1119 106 29 upphöra
391 1121 34 19 att
447 1119 70 28 gälla,
544 1119 120 21 äfvensom
690 1121 34 19 att
746 1118 63 22 hvad
830 1118 36 22 uti

110 1148 74 29 sagda
206 1148 138 28 förordning
365 1147 80 22 vidare
462 1147 96 28 stadgas
581 1147 115 22 utesluter
714 1147 152 28 tillämpning

111 1178 27 22 af
151 1177 63 22 äldre
230 1177 126 26 föreskrift,
375 1176 98 22 hvilken
489 1175 105 22 deremot
609 1176 92 21 strider.
730 1176 78 21 Häraf
819 1178 47 19 tor-

111 1207 29 21 de
155 1205 54 22 med
231 1205 137 28 erforderlig
390 1204 121 29 tydlighet
532 1205 92 28 framgå
645 1206 35 20 att
698 1205 120 28 åtskilliga
833 1212 33 14 nu

110 1234 111 30 gällande
237 1233 263 30 specialförfattningar,
524 1234 76 21 såsom
618 1233 142 29 exempelvis
778 1233 89 22 förord-

110 1263 91 29 ningen
224 1263 26 21 af
269 1263 46 21 den
337 1264 13 20 2
372 1262 58 21 Juni
455 1263 55 21 1826
533 1263 122 27 angående
678 1262 189 29 rättegångsord-

110 1292 90 28 ningen
225 1292 37 21 uti
285 1291 53 28 mål,
367 1298 49 14 som
439 1294 54 18 röra
518 1291 152 28 förbrytelser
694 1291 125 28 begångna
843 1290 26 22 af

110 1320 115 23 Finlands
243 1320 130 28 inbyggare
389 1320 36 21 uti
439 1320 121 28 Ryssland
578 1320 58 21 eller
654 1320 26 21 af
698 1320 70 28 ryska
783 1326 84 22 guver-

110 1350 164 21 nementernas
289 1349 142 21 innevånare
446 1348 9 21 i
469 1348 114 28 Finland;
600 1348 167 28 förordningen
783 1348 26 21 af
821 1348 46 21 den

111 1379 27 21 31
155 1377 47 29 Maj
220 1379 53 21 1867
290 1377 120 29 angående
427 1377 298 28 pressangelägenheterna
740 1377 8 21 i
763 1376 104 22 Finland

108 1406 73 30 jemte
197 1406 79 22 dertill
290 1406 103 22 hörande
409 1405 76 29 öfriga
501 1406 171 28 författningar
686 1406 9 20 i
710 1407 84 25 ämnet,
813 1405 55 23 med

111 1435 62 28 fere,
191 1435 144 21 fortfarande
351 1435 92 21 komma
459 1436 35 19 att
509 1434 71 22 lända
598 1434 39 22 till
652 1434 162 27 efterrättelse,
833 1435 35 21 så-
