1086 1717
241 153 27 20 38
443 152 24 22 U.
483 152 24 22 B.
525 164 24 3 —
566 152 64 28 Prop.
646 152 38 22 N:o
699 150 34 24 39.

85 220 16 16 8
112 220 88 22 Kapitlet.
213 218 56 27 vilja
290 218 66 22 väckt
377 218 110 27 klagomål
509 218 73 21 kunde
604 218 117 21 framkalla
744 217 47 22 åtal
813 217 40 22 och
875 216 64 23 straff
955 218 13 21 å

210 253 78 21 honom
307 252 55 27 sjelf.
392 252 115 22 Utskottet
526 252 40 22 har
582 252 72 22 derför
668 252 69 22 under
752 253 15 20 4
781 251 12 29 &
806 252 81 27 jemväl
902 252 67 22 infört

210 288 32 21 ett
257 286 122 28 stadgande
393 287 8 21 i
416 287 145 27 ofvanantydt
575 287 63 27 syfte.

280 320 12 23 6
312 324 18 23 $.
360 322 33 22 De
411 322 158 27 rättsgrunder,
590 321 75 23 hvilka
682 321 100 27 uppbära
797 321 173 28 preskriptionen

210 356 26 22 af
248 356 136 28 åtalsrätten,
399 358 80 26 utgöra
493 356 40 22 ock
548 356 49 22 stöd
612 356 34 22 för
661 356 27 22 de
702 362 68 22 nyare
785 356 184 22 kriminalrättens

209 391 54 27 lära,
278 392 35 20 att
333 390 65 23 äfven
420 392 33 20 ett
472 390 89 22 ådömdt
579 390 65 22 straff
656 391 40 21 bör
710 390 95 26 förfalla,
822 396 33 16 om
870 391 37 21 det
921 390 48 22 icke

208 425 58 22 inom
281 426 44 22 viss
340 426 56 21 efter
410 426 93 21 brottets
518 425 82 22 storlek
609 425 87 28 lämpad
705 425 34 22 tid
749 427 57 20 satts
815 424 8 23 i
833 425 137 28 verkställig-

209 460 47 27 het;
284 461 38 21 och
348 460 105 28 förslaget
478 461 40 21 har
543 460 135 22 fördenskull
706 460 69 21 under
794 459 143 23 förevarande
956 460 13 29 &

209 495 103 27 upptagit
326 495 136 27 stadganden
478 495 79 26 härom,
573 495 75 22 hvilka
666 495 34 21 för
715 495 40 22 vår
770 501 29 15 nu
814 495 100 26 gällande
925 497 45 19 rätt

210 532 38 19 äro
270 530 115 21 obekanta.
415 530 82 21 Dervid
520 530 40 21 har
581 529 105 28 förslaget
705 529 183 28 hufvudsakligen
906 529 63 22 hållit

209 564 35 28 sig
259 564 34 22 till
308 571 81 15 samma
403 564 208 27 tidsbestämningar
625 571 45 15 som
685 563 136 23 beträffande
831 563 138 28 preskriptio-

209 605 43 16 nen
268 599 25 22 af
306 599 130 22 åtalsrätten
451 599 132 22 förekomma
598 599 8 21 i
623 601 10 19 1
650 599 23 28 8;
689 605 49 16 men
754 599 29 21 då
798 599 87 22 brotten
899 599 8 21 i
921 599 48 21 sist-

209 634 93 21 nämnde
317 636 11 23 $
344 636 37 19 äro
396 634 161 21 klassificerade
572 633 56 22 efter
643 634 37 21 det
695 634 80 27 högsta
789 633 68 27 straff,
868 639 44 16 som
922 633 8 22 i
939 633 30 22 la-

210 675 43 21 gen
276 671 24 19 är
322 669 14 21 &
359 669 47 21 dem
429 670 75 25 utsatt,
525 669 8 21 i
548 671 12 18 6
576 668 12 29 $
605 669 95 21 deremot
716 668 57 22 efter
788 668 38 21 det
841 667 67 28 straff,
924 675 44 15 som

210 703 74 22 blifvit
306 703 41 22 den
365 703 100 28 skyldige
481 703 95 27 ädömdt,
592 703 83 22 komme
688 703 8 22 i
712 704 81 26 många
807 703 39 21 fall
861 697 60 28 tiden
935 703 34 22 för

209 738 174 27 preskriptionen
397 738 25 21 af
435 737 256 28 straffverkställigheten
707 739 34 20 att
756 737 70 22 blifva
841 738 86 21 kortare
940 740 29 19 än

210 773 42 21 den
263 773 39 27 tid,
318 773 57 21 inom
390 773 88 21 hvilken
493 774 72 20 rätten
580 774 34 20 att
630 773 60 21 ätala
704 779 83 16 samma
803 773 59 21 brott
877 773 91 26 preskri-

208 807 99 22 berades.
337 808 48 21 Har
399 814 27 15 en
441 814 77 21 person
533 810 15 19 t.
564 814 28 15 ex
614 807 77 28 begått
706 809 33 20 ett
755 808 65 25 brott,
836 813 45 15 som
897 809 24 20 är
934 807 34 22 be-

207 842 64 27 lagdt
286 842 48 21 med
348 843 90 20 tukthus
453 842 50 22 frän
517 843 39 21 tvä
566 843 34 20 till
612 843 47 21 ätta
670 843 25 21 är
705 843 39 21 och
755 842 36 21 för
800 842 84 22 hvilket
893 842 75 21 honom

208 877 86 21 ädömts
312 878 35 20 tre
367 877 36 21 års
418 877 97 27 tuktkus,
531 878 25 20 sä
571 877 149 27 preskriberas
735 876 86 23 straffet
836 876 69 27 enligt
919 878 13 19 2
947 883 21 20 p.

208 911 8 22 i
231 913 12 20 6
259 911 13 28 &
287 911 57 22 inom
359 911 30 22 tio
405 912 32 27 är,
453 912 66 21 ehuru
536 912 129 21 ätalsrätten
682 911 70 28 enligt
769 913 10 19 1
796 918 20 20 p.
832 911 8 21 i
854 913 11 19 1
877 910 12 29 8
899 911 69 21 skulle

207 945 68 22 hafva
290 946 159 27 preskriberats
464 946 56 21 först
534 946 56 22 inom
606 947 63 27 tjugu
684 947 32 21 är.
739 946 46 21 För
795 947 34 20 att
839 945 129 22 ätminstone

207 980 35 22 för
265 982 33 20 ett
318 980 71 22 flertal
411 981 39 21 fall
473 981 135 28 undanrödja
627 981 71 22 denna
712 980 151 28 oegentlighet
877 980 39 21 har
931 979 37 22 det

207 1017 63 25 synts
289 1015 77 28 nödigt
387 1017 33 19 att
434 1015 8 21 i
457 1016 72 26 nägon
545 1015 49 22 män
610 1015 100 27 förlänga
725 1014 242 28 preskriptionstiderna

207 1049 8 22 i
234 1051 12 19 6
266 1049 19 28 &,
306 1049 39 22 och
361 1050 39 21 har
414 1049 115 22 Utskottet
543 1049 140 28 fördenskull,
697 1050 70 27 jemte
783 1049 36 22 det
834 1049 133 26 tidskatego-

206 1083 74 22 rierna
295 1084 63 21 ökats
372 1084 49 21 med
435 1090 33 20 en,
484 1084 114 21 förändrat
612 1085 68 26 sagde
695 1084 59 21 tider
769 1084 34 21 till
817 1089 56 21 resp.
888 1085 32 25 30,
932 1085 34 24 20,

208 1120 27 19 10
256 1118 39 21 och
314 1121 20 18 5..
364 1118 42 21 Till
416 1118 63 27 följd
494 1118 25 21 af
533 1119 26 21 de
573 1119 68 21 breda
655 1118 139 27 straffsatser,
811 1124 44 15 som
870 1117 8 22 i
893 1117 74 22 försla-

206 1153 50 26 gets
271 1152 108 21 särskilda
394 1153 35 21 del
443 1153 99 21 stundom
553 1152 137 27 förekomma,
701 1153 45 21 kan
757 1153 115 20 anmärkta
882 1153 86 26 oegent-

206 1187 70 27 lighet
294 1187 127 28 visserligen
441 1187 48 22 icke
509 1187 8 22 i
536 1187 44 22 alla
594 1187 115 22 händelser
723 1187 134 27 förebyggas
872 1187 53 20 utan
940 1192 27 15 en

206 1221 35 22 för
256 1221 68 22 andra
338 1221 39 22 fall
392 1221 76 22 alltför
484 1223 45 20 stor
544 1221 140 28 förlängning
700 1221 25 22 af
737 1221 95 22 tiderna.

275 1256 33 21 På
330 1258 45 19 sätt
397 1256 67 22 redan
485 1256 95 27 tidigare
599 1256 8 21 i
626 1256 103 21 liknande
749 1255 40 22 fall
807 1254 105 27 förfarits,
927 1255 40 21 har

205 1290 115 22 Utskottet
342 1290 65 28 gifvit
431 1292 23 20 åt
478 1294 11 18 2
514 1298 60 14 mom.
595 1298 26 14 en
641 1291 88 27 lydelse,
749 1290 142 28 hvarigenom
906 1289 60 22 ordet

205 1324 103 29 vanfräjd
323 1326 118 21 undvikits.

474 1389 26 20 92
518 1388 180 27 Kapitlet.

275 1428 13 22 2
310 1430 19 24 8.
360 1428 41 21 Till
417 1428 70 22 denna
502 1428 13 28 $
530 1428 40 22 har
584 1428 8 21 i
607 1428 115 22 Utskottet
736 1427 127 27 föreslagits
879 1428 32 20 ett
925 1426 43 22 till-

214 1464 45 26 ägg
274 1462 88 28 derhän,
375 1464 34 20 att
418 1463 136 21 skadestånd
564 1462 65 23 äfven
639 1463 69 21 skulle
719 1469 43 21 ega
772 1468 47 16 rum
829 1462 34 21 för
873 1461 93 27 lidande,
