1086 1717
222 150 15 20 4
426 148 24 22 U.
466 149 24 22 B.
508 161 24 3 —
548 149 66 29 Prop.
630 149 38 23 N:o
682 148 35 23 39.

263 214 80 22 Medan
368 214 60 22 detta
453 214 134 22 omfattande
612 214 229 28 lagstiftningsarbete
862 214 91 22 sålunda

194 249 122 22 förberedts
331 248 67 23 hafva
413 249 102 27 partiella
529 248 159 29 förbättringar
703 249 32 22 uti
750 248 85 23 landets
846 248 107 22 straffrätt

194 284 50 22 med
258 283 133 23 Ständernas
406 283 62 23 bifall
483 284 119 22 verkstälts
617 284 152 28 förnämligast
782 290 77 22 genom
869 284 84 27 Kejser-

194 318 46 28 liga
263 318 179 28 förordningarne
465 318 25 22 af
511 318 41 22 den
574 321 28 19 26
624 318 122 23 November
769 320 55 20 1866
840 318 113 27 angående

194 353 137 26 barnamord,
355 353 53 27 dråp
427 355 53 19 utan
495 354 80 26 uppsåt
590 355 34 20 att
639 353 57 21 döda
711 353 39 22 och
765 359 71 15 annan
851 352 102 22 misshan-

196 388 35 22 del
246 388 15 21 å
275 394 83 21 person,
374 388 57 22 falsk
446 388 123 28 angifvelse
584 388 40 22 och
639 394 72 15 annan
726 388 163 27 ärekränkning
898 389 55 20 samt

194 422 169 28 verkställighet
385 422 24 23 af
429 422 145 23 frihetsstraff.
604 422 116 23 Dessutom
738 425 81 25 antogo
833 422 122 23 Ständerna

195 457 39 22 vid
249 459 56 20 1867
322 457 36 22 års
372 457 107 28 landtdag
493 457 49 22 med
557 459 81 20 smärre
654 457 119 28 ändringar
787 458 40 21 två
842 457 32 22 uti
888 457 67 28 nådig

196 491 133 28 prorosition
351 491 128 23 framstälda
500 492 83 28 förslag
606 492 114 28 angående
740 491 149 23 dödsstraffets
904 498 52 21 upp-

196 526 110 23 häfvande
328 527 34 22 för
376 527 58 22 vissa
448 527 61 22 brott
523 529 57 20 samt
594 527 115 28 angående
723 526 137 23 afskaffande
875 525 24 22 af
912 528 44 19 sär-

195 561 74 22 skilda
283 561 8 22 i
313 561 38 28 lag
365 563 84 20 utsatta
463 561 128 28 straffarter,
614 561 75 23 hvilka
704 561 48 22 icke
767 567 60 16 mera
849 560 107 23 öfverens-

196 596 86 22 stämde
289 596 48 22 med
345 596 208 27 tidsmedvetandet;
561 603 49 15 men
618 597 70 21 såsom
696 596 8 21 i
711 596 140 27 inledningen
859 595 34 22 till
899 594 57 23 före-

197 630 105 28 liggande
311 631 132 27 proposition
453 631 98 28 antydes,
562 631 68 22 hafva
640 631 64 22 dessa
714 630 127 28 lagförslag,
852 630 66 22 ehuru
933 629 25 22 af

197 665 62 22 Hans
274 665 124 28 Kejserliga
405 666 105 27 Majestät
524 665 144 28 stadfästade,
683 665 48 22 icke
746 665 74 22 blifvit
834 664 121 27 utfärdade,

197 699 92 23 emedan
304 700 85 22 landets
404 700 169 22 straffanstalter
587 700 79 22 hittills
676 700 48 22 icke
734 700 59 22 varit
802 699 35 22 för
847 701 32 20 ett
889 699 67 22 ökadt

196 734 64 21 antal
282 734 132 28 straffångar
435 734 180 28 iordningstälda.
645 734 151 22 Förenämnda
810 734 101 27 partiella
925 741 32 15 re-

198 768 80 22 former
300 768 108 23 innefatta
430 769 140 27 naturligtvis
588 769 78 22 endast
680 775 28 15 en
722 768 64 28 ringa
801 768 35 23 del
851 768 25 22 af
888 768 69 22 straff-

198 804 80 26 rätten,
295 803 39 22 och
350 803 40 22 den
403 803 83 28 nådiga
496 803 160 28 propositionen
666 803 70 22 måste
747 803 72 22 derför
828 803 71 22 helsas
909 803 48 22 med

199 837 56 28 liflig
269 837 196 28 tillfredsställelse,
488 839 70 21 såsom
574 838 114 27 öppnande
710 837 97 28 utsigten
825 839 34 20 att
873 838 84 22 Jandets

199 871 127 22 föråldrade
340 872 202 28 strafflagstiftning
564 872 111 28 snarligen
693 872 80 22 varder
787 873 66 27 bragt
867 872 8 21 i
890 872 68 22 öfver-

199 907 162 22 ensstämmelse
375 907 49 22 med
438 907 114 22 nationens
567 907 201 22 rättsmedvetande
783 907 39 22 och
832 906 8 22 i
847 906 111 28 jemnhöjd

199 941 50 22 med
264 941 70 22 andra
348 941 131 22 kulturfolks
493 941 69 28 lagar.

248 981 3 3 >
271 975 112 22 Utskottet
398 976 103 27 öfvergär
516 982 29 15 nu
560 975 77 22 främst
652 976 33 21 till
700 975 163 28 granskningen
879 975 24 22 af

245 1055 93 29 Förslag
353 1055 32 23 till
401 1055 107 29 strafflag
525 1055 40 24 för
580 1055 221 24 Storfurstendömet
817 1055 96 24 Finland.

270 1108 12 21 I
296 1107 69 23 likhet
380 1108 49 22 med
443 1108 78 22 nutida
535 1108 126 28 strafflagar
681 1108 145 23 öfverhufvud
839 1107 119 23 sönderfal-

200 1142 34 21 ler
247 1141 107 29 förslaget
368 1143 8 21 i
391 1143 39 22 tvä
445 1143 67 27 delar,
529 1143 25 21 af
572 1143 76 22 hvilka
664 1143 41 22 den
720 1143 59 22 förra
793 1142 51 22 frän
857 1143 39 22 och
910 1143 49 22 med

202 1178 11 19 1
230 1176 34 22 till
280 1177 39 22 och
333 1177 48 22 med
397 1179 12 20 9
425 1177 65 28 kapp.
505 1177 121 22 innehäller
639 1177 108 22 allmänna
757 1177 137 28 stadganden
903 1179 56 20 samt

200 1211 44 21 den
259 1217 77 16 senare
352 1211 62 23 delen
436 1212 50 21 frän
501 1212 40 22 och
555 1212 49 22 med
620 1214 26 20 10
661 1212 51 27 kap.
731 1211 228 28 straffbestämningar

200 1245 36 22 för
251 1246 27 21 de
292 1246 107 22 särskilda
415 1247 93 22 brotten.

272 1280 75 22 Säsom
362 1281 79 22 allmän
457 1281 144 28 anmärkning
615 1282 41 21 har
670 1281 8 22 i
692 1281 115 23 Utskottet
821 1280 138 28 framhällits,

200 1317 36 19 att
252 1316 62 21 detta
328 1316 82 28 förslag
425 1318 53 20 utan
493 1316 119 28 tillräcklig
627 1316 118 28 anledniug
759 1316 102 28 frängätt
876 1316 41 22 den
927 1316 33 22 uti

201 1350 73 27 begge
283 1350 196 28 Komiteförslagen
489 1351 175 22 förekommande
673 1350 140 28 indelningen
824 1350 25 22 af
857 1350 26 22 de
891 1350 69 22 straff-

200 1384 56 21 bara
271 1384 157 28 handlingarne
443 1385 8 21 i
466 1385 55 22 brott
535 1386 39 21 och
589 1385 162 28 öfverträdelser
765 1398 27 2 —
808 1385 152 23 motsvarande

200 1418 29 22 de
239 1418 60 22 förra
312 1418 102 28 samtliga
424 1419 147 28 förbrytelser,
582 1426 45 16 som
637 1420 118 22 behandlas
766 1420 33 21 uti
809 1419 151 28 föreliggande

201 1452 85 28 förslag
296 1455 16 20 t.
328 1460 18 15 o.
361 1459 27 15 m.
404 1455 27 20 40
447 1454 50 28 kap.
513 1454 39 22 och
567 1454 27 22 de
608 1460 76 16 senare
698 1453 144 23 förseelserna
856 1454 33 22 uti
903 1455 56 20 41—
