1086 1717
256 146 28 21 20

224 217 98 24 uppgöra
345 216 116 26 tidsenliga
485 216 39 21 och
548 216 54 21 efter
622 216 25 21 de
664 216 73 21 lokala
752 215 164 22 förhållandena
932 216 51 21 läm-

225 249 56 26 pade
304 250 108 26 modeller,
436 250 74 21 hvilka
531 256 76 20 genom
624 250 6 21 i
646 250 63 27 tryck
724 250 84 27 utgifna
824 250 104 27 ritningar
944 250 39 21 och

224 283 159 27 beskrifningar
398 284 69 21 blifvit
482 284 156 27 skeppsredare
654 285 40 21 och
710 285 85 26 hugade
806 284 177 28 fartygsbyggare

224 317 101 27 delgifna.
356 318 107 28 Derjemte
483 319 46 26 har,
550 319 33 21 för
600 321 32 19 att
647 321 132 25 uppmuntra
795 319 189 27 skeppsbyggeriet

224 352 36 20 vid
283 352 96 27 Ladoga,
395 360 26 14 en
437 353 144 27 fartygssleep
597 353 28 27 på
641 354 143 20 statsverkets
800 354 119 21 bekostnad
935 354 47 21 blif-

224 386 31 21 vit
278 387 91 26 uppförd
392 388 36 20 vid
451 388 129 20 Sortanlaks
604 388 35 20 vik
664 388 7 20 i
690 388 115 26 Pyhäjärvi
820 388 84 25 socken,
921 388 63 21 hvar-

222 420 66 27 jemte
304 423 30 20 ett
350 422 77 27 anslag
443 422 24 21 af
485 422 109 21 allmänna
610 422 70 22 medel
695 422 100 27 beviljats
811 422 32 21 för
858 422 125 27 utgifvande

222 455 24 21 af
259 455 145 28 fördelaktiga
420 457 36 21 län
473 458 22 20 ät
511 463 108 20 personer,
630 457 74 21 hvilka
714 457 100 21 förbinda
826 457 32 26 sig
869 460 33 18 att
912 457 70 27 bygga

224 490 40 21 och
280 492 85 19 utrusta
381 491 72 27 fartyg
468 492 6 20 i
491 491 94 27 enlighet
600 491 48 22 med
664 491 141 21 förenämnde
820 491 106 27 ritningar
943 492 39 21 och

222 525 108 20 modeller.
361 525 63 22 Utom
441 526 62 21 dessa
519 526 33 21 för
568 526 114 27 sjöfartens
698 526 7 20 i
720 526 91 27 Ladoga
826 526 156 27 upphjelpande

224 559 102 26 vidtagna
342 560 151 27 anordningar,
514 560 65 21 hafva
595 561 69 20 under
679 561 26 20 de
721 562 86 19 senaste
824 560 57 26 ären,
897 561 32 20 till
944 567 38 14 un-

223 593 135 22 derlättande
374 594 23 21 af
411 595 152 26 navigationen
580 595 12 20 &
609 595 70 20 denna
694 595 38 26 sjö,
749 596 80 19 tvänne
844 594 102 27 fyrbäkar
961 595 23 20 af

223 629 53 24 sten,
293 628 40 21 den
349 635 41 14 ena
406 630 12 20 &
434 629 132 22 Heinäluoto
583 629 74 27 klippa
672 629 36 21 vid
725 629 66 21 södra
807 629 61 21 sidan
879 629 23 21 af
912 629 70 21 Mant-

222 662 120 21 schinsaari
358 663 70 21 holme
444 664 59 20 inom
515 663 78 22 Salmis
604 663 79 21 socken
695 663 39 22 och
745 663 41 21 den
798 663 67 21 andra
877 665 12 19 ä
899 663 81 21 Hanhi-

223 696 61 27 paasi
300 697 71 22 holme
387 697 57 22 inom
459 698 142 26 Kronoborgs
621 698 80 21 socken
717 697 71 22 blifvit
804 697 106 27 uppförda
925 701 57 18 samt

222 732 32 19 ett
269 731 104 28 fyrfartyg
389 732 35 21 vid
440 732 166 27 Taipalenluoto
622 733 70 26 grund
707 732 59 21 invid
782 732 95 21 Sakkola
892 732 90 21 sockens

223 765 51 21 kust
294 765 64 27 jemte
382 767 80 26 nödiga
485 767 87 26 prickar
592 767 38 20 och
651 767 123 26 sjömärken
791 766 108 21 äfvensom
914 767 68 26 nägra

222 799 82 22 mindre
320 800 142 27 gasoljefyrar
479 801 12 20 å
507 801 107 26 behöfliga
630 801 77 21 ställen
723 802 90 20 utsatta.

290 834 63 21 Hvad
376 835 66 21 sedan
466 835 104 21 beträffar
592 835 181 21 kommissionens
789 835 143 28 anmärkning
947 842 34 15 om

223 867 26 22 de
272 870 61 19 stora
356 869 143 26 olägenheter,
525 876 45 15 som
593 869 33 22 för
648 869 134 22 landboarne
801 869 68 22 skulle
885 871 97 26 uppstätt

224 902 123 27 derigenom
363 905 32 19 att
411 910 26 15 en
453 904 35 21 del
503 904 96 27 hofläger
609 904 111 25 utbrutits,
732 904 66 22 innan
809 904 109 21 storskifte
929 905 52 20 eller

223 937 118 27 beredning
365 938 71 21 dertill
460 938 121 27 försiggätt,
606 939 24 20 sä
654 941 24 18 är
700 939 72 20 denna
791 938 147 27 anmärkning,
954 940 28 25 pä

225 973 44 19 sätt
285 971 23 21 af
322 972 36 21 det
373 972 95 27 följande
483 973 103 26 framgär,
602 973 114 26 obefogad.
737 972 42 21 Vid
789 972 83 21 inlösen
883 972 23 21 af
916 973 65 20 dona-

222 1005 140 27 tionsgodsen
377 1007 65 21 hafva
459 1007 25 21 de
500 1007 33 20 till
548 1007 49 21 dem
616 1007 97 21 hörande
729 1008 104 19 stommar
849 1007 51 20 eller
915 1007 66 21 hoflä-

223 1046 39 20 ger
284 1040 7 21 i
314 1041 25 21 de
355 1041 62 21 flesta
433 1041 38 21 fall
487 1041 72 26 ingätt
574 1041 7 21 i
597 1042 76 26 köpen.
704 1041 80 26 Mänga
801 1041 23 20 af
838 1041 63 21 dessa
916 1044 64 19 stom-

222 1080 48 15 mar
292 1075 66 21 hafva
376 1076 55 20 varit
447 1075 24 21 af
485 1076 63 26 ringa
563 1076 108 26 betydelse
688 1075 59 21 säväl
762 1075 34 21 till
811 1075 40 21 hus
869 1081 45 15 som
930 1082 52 20 egor

222 1108 41 21 och
278 1109 83 21 derföre
377 1109 104 22 fördelats
497 1110 92 21 emellan
605 1110 133 21 landboarne
755 1109 52 21 eller
823 1110 39 20 ock
878 1110 103 26 upplätits

222 1142 34 21 till
277 1143 139 22 bebrukande
436 1145 23 20 ät
476 1144 85 27 hugade
576 1150 110 21 personer,
702 1143 49 22 med
767 1143 104 27 rättighet
885 1144 34 21 för
934 1144 47 21 dem

222 1177 34 20 att
279 1177 53 21 efter
356 1178 101 21 slutfördt
481 1178 112 21 storskifte
613 1179 39 20 och
672 1178 163 27 skattläggning
850 1177 29 28 pä
893 1178 89 27 vanliga

221 1212 215 27 amorteringsvilkor
451 1213 48 21 med
516 1213 196 21 skattemannarätt
728 1212 73 21 tillösa
817 1213 32 26 sig
865 1213 115 20 desamma.

222 1245 76 21 Andra
320 1247 102 26 deremot,
447 1247 24 20 af
491 1249 68 19 större
580 1247 93 26 omfäng,
690 1247 75 20 hvilka
781 1247 65 20 sedan
862 1247 74 26 längre
950 1247 32 20 tid

223 1279 93 22 tillbaka
339 1281 56 21 varit
417 1281 70 22 under
509 1281 146 27 godsegarens
678 1283 48 25 eget
742 1281 55 21 bruk
814 1281 39 21 och
869 1282 13 20 &
897 1281 83 22 hvilkas

222 1315 114 27 äbyggnad
360 1316 39 20 och
424 1316 72 26 odling
520 1316 109 26 betydliga
647 1316 119 20 kostnader
781 1315 72 21 blifvit
868 1316 112 26 nedlagda,

221 1349 41 21 har
284 1350 83 20 kronan
391 1352 71 20 ansett
478 1350 32 27 sig
528 1350 53 21 böra
596 1350 120 27 öfvertaga,
732 1350 7 20 i
755 1350 116 26 synnerhet
886 1356 45 15 som
946 1350 33 26 de,

221 1384 37 21 vid
282 1384 40 21 den
344 1384 93 27 godsens
457 1385 66 26 inköp
541 1384 130 27 föregående
687 1384 162 27 uppskattning,
865 1385 69 20 åsatts
951 1386 31 20 ett

223 1419 25 20 så
270 1418 52 27 högt
341 1419 64 21 värde
425 1420 32 20 att
473 1419 133 21 landboarne
622 1419 47 21 icke
685 1418 70 22 skulle
771 1418 85 22 mäktat
871 1420 38 24 att,
925 1419 55 21 utöf-

224 1458 37 15 ver
283 1453 171 27 köpeskillingen
477 1453 33 21 för
533 1454 48 21 sina
604 1453 159 21 innehafvande
779 1453 129 27 lägenheter,
926 1453 54 21 åter-
