1086 1717
236 148 28 20 42
466 146 23 23 U.
505 147 23 22 B.
547 160 24 3 —
588 148 65 28 Prop.
669 148 38 22 N:o
723 146 36 24 39.

70 212 23 17 10
105 212 89 22 Kapitlet.
208 219 34 15 om
264 212 48 22 icke
332 212 175 23 tukthusstraffet
525 213 66 22 borde
609 213 8 22 i
632 213 97 28 enlighet
743 213 50 22 med
808 213 159 29 Gransknings-

207 247 107 23 komiténs
328 246 82 29 förslag
425 248 110 21 bortfalla.

277 282 35 21 Då
328 282 119 22 emellertid
462 282 63 22 dessa
541 282 129 22 uttalanden
684 282 49 28 lagt
742 282 9 22 i
761 282 72 28 dagen
844 284 33 20 att
888 282 80 29 ifräga-

208 316 96 23 varande
325 316 60 22 brott
407 316 57 23 inom
487 316 71 22 skilda
579 317 86 22 kretsar
688 317 25 21 af
732 317 116 22 samhället
867 317 99 23 bedömes

208 352 87 27 mycket
310 351 57 22 olika
382 352 39 21 och
436 352 38 21 det
489 354 74 25 syntes
577 352 78 27 nödigt
670 353 34 20 att
718 352 92 21 emellan
826 352 65 22 dessa
900 352 68 22 diver-

208 386 96 28 gerande
327 386 82 28 åsigter
431 386 59 22 finna
513 393 26 15 en
560 386 120 28 medelväg,
704 393 45 15 som
771 386 56 22 hade
848 387 69 27 utsigt
934 388 34 20 att

207 421 67 22 vinna
288 421 223 28 ständerpluralitetet
525 420 35 23 för
574 421 41 28 sig,
631 421 67 22 hafva
713 421 104 28 samtliga
832 422 136 22 medlemmar

207 456 9 22 i
230 457 114 21 Utskottet
359 456 85 22 förenat
459 456 35 28 sig
508 463 33 15 om
552 457 80 21 sådant
642 457 70 22 beslut
722 458 41 25 att,
771 456 69 28 jemte
851 456 37 22 det
897 456 71 23 skilda

207 491 108 22 straffbud
334 491 8 21 i
361 491 211 22 öfverenstämmelse
588 492 48 21 med
652 493 54 20 1875
723 492 37 21 års
775 491 84 28 förslag
873 493 94 21 utsättas

207 525 35 22 för
263 525 100 22 hädande
385 525 25 22 af
429 526 49 21 Gud
492 526 49 22 med
555 527 79 21 berådt
648 526 49 22 mod
712 526 40 21 och
767 526 80 21 sådant
861 526 106 28 hädande,

206 567 47 15 som
275 561 51 20 sker
348 560 24 21 af
385 561 179 22 obetänksamhet
580 561 52 22 eller
647 561 8 22 i
670 561 118 28 hastighet,
803 561 86 22 hvilket
903 561 65 22 äfven

207 601 64 22 synes
293 595 114 27 påkalladt
431 595 68 28 deraf,
522 597 34 20 att
577 595 85 22 straffet
684 595 7 22 i
714 596 50 21 nåd.
788 602 60 21 prop.
864 597 25 20 är
899 597 69 21 utsatt

207 629 8 22 i
230 631 34 20 tre
278 630 72 21 skilda
364 629 127 26 straffarter,
507 630 150 22 förstnämnda
672 630 131 28 förbrytelse
816 630 69 22 skulle
896 631 72 28 beläg-

207 671 41 20 gas
263 665 49 21 med
326 665 89 21 tukthus
431 665 52 22 eller
498 665 97 28 fängelse
606 665 8 22 i
624 666 64 27 högst
698 665 49 28 fyra
758 665 26 21 år
795 665 39 22 och
845 665 37 22 det
891 671 76 16 senare

207 699 83 22 brottet
309 699 48 22 med
376 699 61 22 böter
453 700 52 21 eller
520 699 98 28 fängelse
632 700 8 21 i
655 701 65 26 högst
733 706 39 15 sex
787 700 110 21 månader.
927 700 41 22 Ge-

207 740 49 15 nom
272 736 33 19 att
320 734 89 22 straffen
423 735 92 21 sålunda
529 735 73 22 kunde
612 735 71 27 nedgå
695 735 58 21 ända
763 734 35 22 till
807 734 160 22 straffarternas

207 768 73 27 lägsta
299 769 76 26 belopp
394 775 51 16 vore
465 769 38 21 vid
522 769 176 28 rättskipningen
716 769 115 28 möjlighet
845 769 73 27 gifven
934 770 34 21 att

207 804 85 21 utmäta
306 803 86 22 straffet
406 804 48 21 med
470 804 83 27 hänsyn
568 804 34 21 till
618 804 26 21 de
658 803 97 28 lindriga
769 803 85 28 former,
870 803 8 22 i
893 803 74 22 hvilka

207 837 62 22 detta
284 838 60 21 brott
358 838 72 21 kunde
444 838 139 22 förekomma.

276 871 13 23 2
305 875 19 23 8.
355 872 42 21 Till
416 873 26 21 de
462 873 40 21 här
516 873 140 27 uppräknade
671 873 120 22 föremålen
806 872 35 22 för
855 872 112 22 straffbart

206 906 90 28 gäckeri
312 907 40 21 har
366 907 114 22 Utskottet
495 907 73 28 tillagt
585 908 73 26 ,Guds
673 908 74 27 heliga
762 907 60 22 ord".

276 941 13 22 3
304 943 19 24 8.
352 941 43 22 Vid
417 943 162 27 granskningen
600 942 24 22 af
642 943 70 21 denna
729 942 14 29 &
763 943 41 20 har
824 941 7 22 i
852 942 113 21 Utskottet

206 975 133 28 föredragits
358 978 33 19 ett
405 976 26 21 af
443 977 50 22 herr
509 977 128 22 Constantin
652 977 62 28 Boije
729 977 8 21 i
752 976 162 27 Ridderskapet
928 976 39 21 och

206 1010 73 21 Adeln
294 1010 119 22 inlemnadt
429 1012 39 21 och
483 1011 34 22 till
531 1012 157 27 Lagutskottet
702 1011 141 22 remitteradt
857 1010 111 28 petitions-

207 1045 115 26 memorial,
346 1045 46 22 deri
411 1045 144 28 petitionären
574 1046 126 21 framhåller
719 1047 40 26 att,
781 1045 68 22 ehuru
866 1045 101 27 gällande

206 1079 109 28 kyrkolag
334 1079 35 22 för
387 1080 26 21 de
433 1080 249 28 evangelisk-lutherska
697 1080 184 27 församlingarne
895 1079 8 22 i
917 1079 51 22 Fin-

206 1113 53 22 land
274 1114 32 21 uti
322 1116 26 19 33
364 1115 13 26 $
392 1115 121 27 medgifver
529 1117 33 20 att
577 1115 85 22 enskild
676 1114 181 27 andaktsöfning,
868 1113 37 22 vid
914 1113 53 22 hvil-

206 1148 43 21 ken
264 1148 54 22 flera
332 1155 101 21 personer
449 1150 180 21 sammankomma
644 1152 28 19 än
687 1151 34 20 att
737 1149 43 21 den
795 1149 34 21 till
844 1148 122 22 husandakt

206 1182 45 21 kan
273 1183 109 28 hänföras,
405 1184 35 21 må
463 1184 70 21 hållas
555 1186 53 19 utan
630 1183 165 23 vederbörande
818 1183 149 27 presterskaps

206 1217 138 22 omedelbara
359 1217 94 28 ledning,
470 1218 100 27 gällande
585 1219 38 27 lag
638 1218 48 22 icke
695 1218 123 22 innehåller
828 1218 68 27 något
905 1217 64 22 straff

206 1250 35 22 för
263 1252 102 22 störande
388 1252 24 22 af
430 1253 60 26 dylik
510 1253 175 27 andaktsöfning,
706 1252 104 22 hvarföre
824 1252 144 27 petitionären

206 1286 100 22 anhåller
321 1293 32 15 om
363 1287 69 21 sådan
442 1287 140 28 lagstifnings
594 1287 84 28 åtgärd,
690 1286 143 28 hvarigenom
845 1286 36 22 det
891 1287 75 27 skydd,

205 1326 47 16 som
272 1321 129 27 strafflagen
420 1322 7 21 i
448 1322 62 21 detta
525 1322 121 22 hänseende
661 1322 83 22 lemnar
760 1322 25 20 åt
801 1321 41 21 den
857 1320 111 28 offentliga

206 1355 159 28 gudstjensten,
381 1356 65 22 äfven
460 1356 71 22 blefve
546 1357 108 21 utsträckt
666 1356 35 22 till
711 1355 86 23 enskild
809 1354 159 28 andaksöfning

207 1391 53 20 utan
276 1390 103 22 afseende
394 1391 14 21 &
421 1390 130 22 konfession.
567 1404 29 2 —
610 1391 115 22 Utskottet
741 1391 42 21 har
798 1390 77 21 derhos
887 1389 81 27 jemväl

207 1424 59 26 tagit
284 1424 121 22 kännedom
420 1431 31 15 om
469 1425 37 21 det
520 1425 102 27 yttrande
637 1426 26 20 hr
677 1425 62 27 Boije
755 1424 92 28 afgifvit
861 1423 38 23 vid
914 1423 54 28 peti-

206 1458 201 23 tionsmemorialets
422 1459 156 28 föredragning
592 1460 9 21 i
616 1460 162 26 Ridderskapet
793 1459 40 21 och
847 1458 77 22 Adeln.
