1025 1714
443 141 44 24 N:o
508 143 20 22 4.
807 141 26 20 78

455 210 25 20 13
497 208 17 27 &.

177 254 107 21 Invänder
300 254 47 26 den,
364 260 45 16 som
424 254 86 27 utgifvit
524 254 93 27 löpande
632 254 129 26 skuldebref,
773 253 88 22 hvarom

107 288 7 21 i
131 288 25 21 12
173 288 10 26 $
201 289 24 20 är
239 288 69 26 sagdt,
325 289 33 19 att
373 288 42 21 han
433 288 70 21 dertill
517 288 69 21 blifvit
602 290 94 24 tvungen
710 288 50 21 eller
770 287 89 26 förledd,

106 328 51 15 vare
173 322 40 21 den
228 322 132 26 invändning
374 323 45 20 mot
434 322 143 26 innehafvare,
590 328 45 15 som
647 324 24 18 är
681 322 7 20 i
699 322 42 26 god
751 322 41 26 tro,
803 323 53 19 utan

106 356 88 26 verkan,
211 356 37 21 der
263 355 121 27 utgifvaren
399 356 127 22 försummat
540 356 98 26 iakttaga
653 355 56 22 hvad
724 356 7 20 i
747 356 12 20 2
770 355 49 27 kap.
834 356 25 20 15

107 390 11 28 8
134 390 191 27 utsökningslagen
341 391 95 27 stadgas.

453 455 25 20 14
495 454 18 27 8.

176 499 46 21 Har
244 499 71 27 någon
338 499 42 22 fått
401 500 108 26 invisning
529 499 12 21 &
557 500 41 21 viss
614 505 49 15 man
679 498 39 22 och
734 498 90 21 erhåller
840 497 17 27 ej

105 532 111 28 betalning
239 532 23 22 af
279 534 89 26 honom;
391 534 61 26 njute
468 534 26 21 dä
509 534 110 26 betalning
635 532 23 22 af
671 533 46 24 den,
734 538 46 16 som
794 532 64 21 invis-

105 566 78 28 ningen
205 566 42 28 gaf,
263 568 49 21 med
327 570 65 20 ränta
407 568 53 22 efter
475 575 36 15 sex
525 568 33 21 för
572 568 113 21 hundrade
701 573 34 15 om
751 568 53 25 äret,
821 566 37 21 der

106 601 36 21 det
157 602 16 26 ej
191 602 92 27 styrkes,
303 603 32 20 att
352 603 47 26 den,
416 608 45 16 som
476 603 134 26 invisningen
625 601 48 27 fätt,
689 601 56 21 varit
760 600 98 22 vällande

106 636 33 20 att
153 635 111 28 betalning
279 636 6 21 i
301 637 46 20 rätt
362 637 31 21 tid
409 637 17 27 ej
443 637 53 27 följt.

451 701 25 21 15
492 700 18 27 &.

172 744 146 29 Missräkning
333 748 25 20 är
372 746 64 27 ingen
451 746 116 27 betalning.
590 746 70 21 Ehvar
676 746 41 21 den
732 744 74 28 finnes,
818 744 39 22 bör

105 778 41 22 den
161 779 55 22 först
230 782 77 25 rättas,
324 781 39 21 och
378 780 110 28 betalning
504 781 66 22 sedan
586 780 92 22 derefter
694 780 43 22 ske.

451 846 25 20 16
492 844 18 28 8.

172 888 34 22 Nu
230 891 24 19 är
276 889 43 22 viss
343 891 33 19 ort
395 890 86 32 nämnd,
499 890 36 21 der
550 890 109 26 betalning
674 889 40 21 bör
730 890 46 25 ske;
792 888 64 22 lände

104 922 36 22 det
163 922 32 22 till
217 923 151 22 efterrättelse.
398 919 30 26 Är
446 924 17 27 ej
480 924 42 22 viss
538 925 34 20 ort
587 924 89 26 nämnd;
692 923 76 28 pröfve
784 923 26 21 dä
826 922 29 22 öf-

102 957 142 22 verexekutor
259 957 52 22 eller
326 959 78 25 rätten,
420 958 53 22 hvar
488 958 109 28 betalning
613 959 12 21 &
640 958 141 27 gäldenärens
796 959 59 20 kost-

103 992 43 20 nad
162 992 37 21 ske
214 992 45 21 bör.

450 1040 24 20 17
491 1039 19 27 8.

170 1083 67 28 Ingen
253 1084 52 22 söke
320 1090 72 16 annan
407 1091 61 15 mans
484 1085 158 27 skuldfordran,
658 1086 53 21 utan
728 1086 32 20 att
776 1090 78 22 egaren

102 1117 79 22 honom
203 1118 33 21 sin
259 1120 45 20 rätt
327 1118 118 28 skriftligen
468 1119 79 22 lemnat
570 1120 51 21 eller
640 1119 128 22 annorledes
784 1118 71 22 dertill

102 1151 31 22 lof
146 1152 66 26 gifvit.

449 1196 25 19 18
490 1195 18 27 &.

168 1238 71 21 Hafva
261 1239 36 21 två
313 1239 51 22 eller
378 1239 50 22 flere
444 1240 151 22 underskrifvit
611 1240 124 22 skuldebref
748 1241 48 21 med
811 1240 42 21 för-

101 1271 96 23 bindelse
220 1274 33 20 att
274 1273 79 27 betala,
377 1281 25 14 en
425 1273 34 23 för
482 1275 41 21 alla
542 1275 39 21 och
597 1274 41 21 alla
652 1275 34 21 för
701 1281 36 20 en;
762 1275 27 21 dä
804 1280 50 21 eger

101 1305 106 28 borgenär
229 1306 33 22 för
284 1307 52 22 fulla
359 1308 76 27 gälden
450 1309 22 21 få
486 1309 110 27 betalning
610 1309 39 22 hos
664 1309 62 21 hvem
740 1309 43 21 han
798 1308 56 22 helst

100 1339 46 26 vill;
170 1341 39 20 och
230 1341 62 21 hafve
309 1342 40 21 den
365 1343 65 20 sedan
446 1343 44 20 lika
505 1344 44 19 rätt
565 1344 57 19 emot
637 1343 26 20 de
679 1343 74 26 andra,
768 1343 34 20 för
818 1343 35 20 det

100 1373 43 21 han
159 1374 58 21 öfver
232 1375 33 21 sin
281 1375 33 21 del
329 1375 74 22 betalt.
434 1375 70 22 Hafva
519 1376 26 22 de
560 1377 32 26 sig
607 1377 17 26 ej
642 1377 23 21 sä
680 1376 118 27 förbundit,
814 1376 39 22 och

101 1409 37 20 äro
162 1408 25 21 de
210 1409 17 26 ej
244 1409 7 21 i
266 1409 63 27 bolag
353 1416 103 21 samman;
480 1410 61 27 gälde
564 1411 27 21 dä
607 1411 80 21 enhvar
701 1411 33 21 sin
751 1410 33 22 del
800 1409 54 23 efter

99 1443 141 22 hufvudtalet.
