1045 1717
231 155 26 21 78
398 155 81 23 Ständ.
496 154 36 24 Sv.
550 168 24 2 —
590 155 73 27 Prop.
679 156 42 21 N:o
737 156 21 21 4.

547 219 26 21 19
588 218 19 28 6.

269 270 30 26 Är
314 276 6 20 i
336 276 123 22 skuldebref
475 277 43 21 viss
536 277 39 21 och
594 276 58 28 loflig
667 278 62 20 ränta
744 277 74 26 utfäst;
834 276 62 22 hafve
911 276 41 22 den

201 310 44 21 lika
259 311 43 21 rätt
316 310 48 22 med
378 310 159 28 hufvudstolen,
556 311 38 21 der
609 311 18 27 ej
644 311 32 21 för
691 312 55 21 vissa
760 312 39 21 fall
813 312 6 21 i
834 312 35 27 lag
883 313 23 19 är
916 318 37 15 an-

202 345 96 21 norledes
313 346 105 26 stadgadt.

546 445 28 22 20
589 444 16 27 8.

270 501 44 21 Har
328 501 92 26 löpande
435 501 124 22 skuldebref
572 502 41 21 viss
629 501 135 27 förfallodag,
780 508 50 15 vare
845 502 19 27 ej
879 501 72 28 gälde-

201 537 65 20 nären
289 535 83 27 skyldig
394 537 32 20 att
444 535 55 22 efter
514 536 91 21 nämnda
621 537 40 26 dag
676 536 64 27 gälda
754 538 62 19 ränta
831 536 33 22 för
879 537 73 26 längre

201 570 31 21 tid
247 572 26 19 än
288 569 46 22 frän
350 570 41 21 den
406 570 47 27 dag,
469 570 27 21 dä
511 570 130 27 borgenären
657 570 82 21 fordrat
752 571 115 27 betalning,
879 571 37 21 der
930 571 21 27 ej

201 604 127 27 gäldenären
343 605 124 20 annorledes
483 606 31 25 sig
529 605 117 21 förbundit.

546 709 26 21 21
588 708 18 27 8.

270 765 78 28 Klagar
366 766 107 27 gäldenär,
489 768 32 20 att
535 767 52 27 gods
605 769 48 19 utan
671 767 45 21 skäl
732 769 24 19 är
770 769 43 20 satt
828 768 7 21 i
851 768 99 26 gvarstad

201 800 51 21 eller
270 800 68 21 under
354 800 78 21 förbud
447 803 31 19 att
494 801 62 27 säljas
572 801 51 22 eller
639 802 104 26 skingras,
760 803 39 20 och
813 802 87 27 pröfvar
915 803 37 20 do-

201 841 78 20 maren,
296 836 32 20 att
342 835 104 27 borgenär
461 836 6 21 i
483 836 99 27 oträngdt
597 835 42 22 mäl
655 836 36 21 det
706 836 83 27 begärt;
805 836 50 27 fylle
871 837 42 21 han
924 837 28 21 all

201 869 66 22 skada

546 969 27 20 22
588 968 17 27 8.

269 1025 41 22 Vill
332 1025 75 27 nägon,
430 1032 45 15 som
494 1028 24 19 är
536 1026 83 27 skyldig
633 1026 33 21 för
681 1026 55 27 kost,
751 1027 100 26 hushyra,
867 1027 84 27 skepps-

201 1060 47 27 lega
271 1060 51 21 eller
344 1061 65 20 annat
432 1060 73 27 dylikt,
528 1067 47 15 resa
597 1060 46 22 frän
659 1062 67 23 orten,
742 1061 62 21 hafve
819 1061 132 27 borgenären

200 1095 48 21 våld
263 1095 32 21 att
309 1094 108 27 gvarhälla
432 1094 52 21 hans
500 1095 52 26 gods
568 1095 32 21 till
615 1095 32 21 sin
663 1095 107 21 säkerhet.

545 1203 27 21 23
588 1203 17 27 &.

269 1255 67 26 Äskar
359 1261 104 25 borgenär
485 1261 111 26 värdering
614 1261 13 20 &
643 1261 43 21 fast
701 1262 109 24 egendom,
825 1267 45 15 som
886 1259 65 34 enligt

200 1294 13 20 9
228 1294 48 26 kap.
295 1295 8 19 1
320 1293 52 21 eller
388 1294 11 20 7
415 1293 11 27 &
440 1294 140 26 jordabalken
597 1296 24 19 är
634 1294 33 21 till
679 1294 77 21 honom
764 1294 186 27 pantförskrifven,

199 1328 52 21 eller
265 1328 59 21 hvari
338 1327 42 22 han
396 1334 76 20 genom
488 1328 125 27 utmätning,
629 1335 45 15 som
690 1329 57 21 skett
762 1329 45 21 förr
822 1332 26 18 än
865 1336 40 20 nya
920 1330 30 21 la-

199 1370 40 20 gen
261 1362 45 22 blef
322 1362 103 27 gällande,
441 1363 74 21 vunnit
529 1362 96 27 införsel;
643 1363 26 21 dä
685 1364 54 21 skall
754 1364 139 27 värderingen
908 1364 43 22 för-

199 1399 66 20 rättas
281 1396 12 22 &
308 1397 73 22 landet
398 1397 23 21 af
439 1397 164 28 häradshöfding
622 1398 49 21 med
687 1400 76 19 tvenne
778 1398 54 28 gode
847 1401 47 19 män
910 1399 40 22 och

199 1433 6 21 i
228 1432 47 22 stad
298 1432 22 22 af
336 1434 73 19 trenne
424 1432 192 22 rädstufvurättens
632 1433 122 27 ledamöter,
771 1434 66 26 enligt
851 1434 99 26 grunder,

199 1467 71 21 hvilka
285 1467 106 21 meddelas
406 1473 76 21 genom
497 1467 89 22 särskild
602 1467 64 27 nädig
681 1468 130 27 förordning.
