1034 1714
228 156 24 20 78

543 224 25 20 19
584 223 19 27 8.

265 288 29 24 Är
307 293 7 19 i
329 292 114 20 skuldebref
457 292 41 20 viss
514 292 37 20 och
565 292 55 26 loflig
634 294 57 18 ränta
706 292 71 24 utfäst;
791 291 57 20 hafve
857 291 41 19 den
909 290 40 20 lika

198 328 39 18 rätt
254 327 45 19 med
315 325 151 26 hufvudstolen,
481 327 35 19 der
531 327 17 25 ej
565 327 29 19 för
609 327 54 19 vissa
677 326 33 19 fall
725 326 7 19 i
746 326 33 25 lag
794 328 22 17 är
830 325 119 20 annorledes

198 357 98 34 stadgadt.
460 365 4 3 :
910 361 2 2 |

543 448 26 19 20
585 446 18 27 8.

267 516 40 19 Har
321 516 83 25 löpande
420 515 114 20 skuldebref
549 516 42 19 viss
606 515 120 25 förfallodag,
741 521 46 14 vare
803 515 16 25 ej
830 514 119 26 gäldenären

200 550 79 25 skyldig
293 551 29 18 att
336 550 50 19 efter
401 550 86 19 nämnda
501 550 39 25 dag
554 550 58 25 gälda
627 551 56 18 ränta
697 549 30 20 för
742 549 67 25 längre
824 549 29 19 tid
868 550 26 17 än
905 547 44 20 från

199 585 38 19 den
259 584 44 25 dag,
325 584 25 19 dä
372 585 122 24 borgenären
515 585 74 19 fordrat
611 583 106 26 betalning,
740 583 35 20 der
796 583 17 25 ej
830 583 119 25 gäldenären

199 619 117 19 annorledes
332 619 31 25 sig
377 618 107 20 förbundit.

545 722 24 19 21
587 721 18 26 &.

266 785 73 24 Klagar
353 785 98 24 gäldenär,
466 787 30 18 att
512 785 49 25 gods
577 786 48 18 utan
642 784 41 19 skäl
699 786 21 17 är
730 785 40 18 satt
780 784 6 19 i
797 783 93 26 qvarstad
900 783 48 20 eller

198 819 64 19 under
282 819 72 19 förbud
368 821 29 17 att
412 819 60 26 säljas
488 819 47 20 eller
550 819 97 24 skingras,
661 815 37 23 och
713 818 79 25 pröfvar
807 818 99 22 domaren,
920 819 30 18 att

198 853 96 26 borgenär
308 853 7 19 i
330 853 92 25 oträngdt
437 853 39 20 mål
492 853 33 20 det
540 853 78 26 begärt;
634 853 49 24 fylle
697 853 40 24 han
751 853 27 18 all
793 852 65 20 skada.

543 958 26 19 22
585 957 18 27 $.

264 1021 41 19 Vill
327 1021 70 25 någon,
420 1027 43 13 som
477 1023 21 17 är
514 1021 81 25 skyldig
609 1021 30 19 för
653 1021 50 24 kost,
718 1020 95 25 hushyra,
829 1020 120 26 skeppslega

198 1056 49 19 eller
268 1058 60 17 annat
350 1056 69 24 dylikt,
442 1062 44 13 resa
508 1055 44 20 från
572 1057 62 23 orten,
648 1055 57 19 hafve
720 1055 121 25 borgenären
857 1054 46 20 våld
917 1056 30 18 att

198 1089 102 26 qvarhålla
314 1090 50 19 hans
379 1090 49 24 gods
445 1090 29 19 till
490 1090 31 19 sin
537 1089 96 20 säkerhet.

543 1193 26 19 23
586 1192 18 26 8.

266 1251 64 23 Äskar
344 1256 97 22 borgenär
456 1255 105 24 värdering
571 1255 12 18 å
592 1255 40 18 fast
641 1255 102 24 egendom,
754 1260 43 12 som
807 1254 63 24 enligt
881 1254 12 19 9
903 1254 45 24 kap.

200 1289 10 18 1
226 1288 48 19 eller
290 1289 11 18 7
318 1288 12 25 8
344 1288 126 24 jordabalken
484 1290 22 17 är
521 1288 29 19 till
565 1288 72 19 honom
647 1288 174 24 pantförskrifven,
830 1287 49 19 eller
890 1287 56 19 hvari

198 1322 39 19 han
252 1328 71 19 genom
337 1322 121 25 utmätning,
473 1328 43 14 som
531 1322 53 20 skett
598 1322 41 19 förr
648 1323 25 18 än
683 1327 40 19 nya
733 1321 56 25 lagen
800 1321 40 20 blef
849 1321 99 25 gällande,

198 1356 72 20 vunnit
284 1356 89 26 införsel;
389 1356 26 19 då
430 1356 50 20 skall
496 1356 130 25 värderingen
636 1356 91 19 förrättas
739 1355 12 20 å
761 1356 66 19 landet
837 1356 19 19 af
866 1355 83 20 härads-

198 1391 80 25 höfding
300 1391 45 19 med
367 1393 73 17 tvenne
455 1391 51 25 gode
521 1393 46 17 män
582 1391 36 19 och
632 1391 7 18 i
655 1391 43 18 stad
713 1391 20 18 af
747 1392 70 18 trenne
832 1389 116 21 rådstufvu-

198 1427 76 18 rättens
288 1425 112 25 ledamöter,
414 1425 62 26 enligt
491 1425 91 26 grunder,
593 1425 67 19 hvilka
670 1425 101 20 meddelas
781 1431 71 19 genom
863 1425 84 20 särskild

198 1460 65 25 Nådig
278 1460 120 25 förordning.
