1023 1717
421 127 43 23 N:o
485 128 22 22 4.
783 126 26 21 63

439 194 47 28 88.

153 233 54 27 Har,
229 234 28 20 dä
279 233 33 22 för
334 234 161 28 verkställighet
513 234 121 22 kostnaden
649 234 46 22 icke
710 234 128 27 förskjutits,

86 267 70 21 denna
179 267 17 27 ej
213 267 38 22 hos
267 268 41 21 den
324 268 110 27 tappande
448 270 78 25 parten
541 268 85 27 utfätts,
643 268 50 22 eller
707 268 40 22 bör
763 268 41 22 den
820 269 17 27 ej

86 300 22 22 af
128 301 79 21 honom
229 301 81 27 gäldas,
333 302 65 22 varde
417 302 40 22 den
473 302 23 22 af
509 303 111 21 sökanden
635 302 85 28 gulden.
750 302 89 22 Betalar

85 335 110 22 sökanden
211 336 17 27 ej
245 336 121 22 kostnaden
381 336 116 28 godvilligt,
511 344 38 20 ege
560 336 226 28 utmätningsmannen
797 336 41 22 den

84 370 39 21 hos
145 370 79 22 honom
246 372 85 20 utmäta
354 370 50 22 eller
427 377 33 15 om
476 371 48 22 dess
539 371 119 27 uttagande
674 371 67 21 anlita
759 372 79 20 utmät-

84 404 113 27 ningsman
213 404 7 21 i
235 404 55 22 hans
305 405 90 21 hemort.

407 544 12 20 9
442 543 74 22 KAP.

184 611 37 21 Om
236 611 78 28 klagan
330 612 59 21 öfver
402 613 194 26 utmätningsmans
611 613 128 20 förfarande.

439 677 8 19 1
465 676 18 27 8.

152 714 42 21 Vill
209 721 49 15 man
273 715 65 28 klaga
353 715 58 22 öfver
426 717 196 27 utmätningsmans
637 715 123 22 förfarande
770 716 7 21 i
788 715 48 27 mäl,

83 748 88 22 hvarom
195 749 70 22 denna
286 749 35 28 lag
344 750 97 27 handlar,
461 753 51 25 göre
529 751 36 21 det
580 750 119 28 skriftligen
714 751 39 22 hos
769 750 67 22 öfver-

84 784 109 21 exekutor.

437 832 46 27 28.

151 871 42 22 För
215 871 78 28 klagan
317 872 58 21 öfver
397 872 122 28 utmätning
543 879 37 21 ege
602 872 103 27 gäldenär
728 872 31 22 tid
780 871 55 22 intill

82 905 91 22 klockan
196 906 41 21 tolf
250 907 13 21 å
277 906 108 22 femtonde
407 907 68 28 dagen
498 907 67 21 sedan
583 907 150 27 utmätningen
748 906 88 22 fullbor-

83 940 49 21 dats
148 940 51 22 eller
213 940 68 23 blifvit
296 941 7 21 i
317 941 44 28 fall,
376 941 88 22 hvarom
479 942 7 21 i
500 943 14 20 4
529 942 50 27 kap.
597 942 25 21 18
639 942 10 27 8
665 943 66 26 sagts,
743 941 38 22 hos
792 941 44 28 gäl-

83 975 94 21 denären
192 975 116 22 verkstälä.
333 971 30 26 Är
378 976 106 27 borgenär
499 976 103 27 missnöjä
612 977 48 21 med
670 975 165 28 förrättningen,

82 1009 77 27 ingifve
181 1010 33 21 sin
237 1009 127 28 klagoskrift
386 1011 57 21 inom
466 1017 81 15 samma
569 1011 32 20 tid
621 1010 54 22 efter
691 1010 36 22 det
742 1010 43 21 han
801 1016 34 15 om

83 1043 149 28 utmätningen
249 1044 66 22 erhöll
331 1045 127 21 kännedom.

436 1109 12 20 3
464 1108 18 27 8.

151 1148 41 21 Vill
214 1149 71 26 nägon
308 1149 64 27 klaga
398 1149 59 22 öfver
482 1149 195 27 utmätningsmans
701 1149 77 27 ätgärd
800 1148 35 21 vid

82 1183 89 21 auktion
188 1183 13 21 ä
215 1183 44 21 fast
274 1183 109 27 egendom,
399 1183 71 28 fartyg
485 1183 51 22 eller
551 1183 52 28 gods
614 1183 7 22 i
631 1183 77 27 fartyg,
720 1183 68 22 ehvad
799 1183 35 21 det

82 1219 36 19 rör
134 1217 129 22 auktionens
278 1217 146 28 kungörande,
440 1217 292 28 borgenärsförteckningens
744 1219 90 26 upprät-

82 1251 66 22 tande
170 1251 51 22 eller
243 1253 68 20 annat
333 1251 54 22 hans
409 1252 134 27 tillgörande,
566 1252 61 21 hafve
648 1252 70 21 dertill
733 1252 32 21 tid
778 1251 57 22 intill

82 1285 90 21 klockan
188 1284 41 22 tolf
243 1286 12 20 &
270 1286 105 26 tjugunde
391 1286 68 26 dagen
475 1286 54 22 efter
545 1286 123 21 auktionen.

434 1360 13 20 4
462 1360 18 26 8.

150 1393 30 26 Är
195 1398 7 21 i
217 1397 43 28 fall,
277 1404 45 16 som
337 1398 7 22 i
360 1400 12 20 6
387 1399 50 27 kap.
453 1400 12 20 3
480 1399 39 21 och
529 1400 13 20 4
553 1399 24 27 $$
588 1400 93 25 nämnts,
692 1399 70 27 någon
774 1399 60 21 miss-

81 1432 51 28 nöjd
147 1432 47 22 med
209 1432 121 28 fördelning
346 1433 22 22 af
381 1433 142 28 köpeskilling
538 1433 33 22 för
586 1433 32 22 lös
634 1434 109 27 egendom,
757 1433 77 28 ingifve
