1025 1711
226 145 26 19 36
533 144 45 24 N:o
597 146 22 21 4.

197 218 55 14 men.
279 211 117 27 Uppgifver
411 212 131 26 gäldenären
558 213 68 20 annat
636 211 63 21 ställe
708 212 7 20 i
727 212 68 26 orten,
805 212 36 20 må
851 212 40 20 ock
901 211 53 21 auk-

197 246 75 21 tionen
288 246 37 21 der
339 246 76 24 hållas,
432 252 34 15 om
481 245 164 22 öfverexekutor
660 244 89 28 pröfvar
763 244 74 22 stället
849 244 104 27 lämpligt.

266 280 46 21 Har
328 280 17 26 ej
362 280 103 27 gäldenär
479 280 36 21 vid
530 280 150 26 utmätningen
696 279 57 26 eller,
770 279 37 21 der
823 279 131 26 egendomen

198 314 66 26 enligt
280 315 13 20 2
308 315 49 25 kap.
377 315 23 20 17
418 314 11 27 &
445 313 117 22 förklarats
578 314 87 25 utmätt,
680 313 40 21 hos
736 312 163 22 öfverexekutor
908 312 46 21 före

197 348 77 22 mälets
290 347 117 28 afgörande
421 347 107 28 uppgifvit
548 347 170 27 auktionsställe,
729 347 52 22 eller
791 349 38 20 äro
840 346 57 27 flere,
909 353 46 15 som

198 389 39 20 ega
253 382 166 22 auktionsställe
433 384 86 25 nämna,
536 382 38 22 och
589 382 75 21 kunna
674 382 27 21 de
711 382 18 27 ej
742 381 73 22 derom
825 381 32 28 sig
867 381 86 26 förena;

196 417 119 21 bestämme
330 416 163 22 öfverexekutor
508 417 54 20 hvar
578 416 117 22 auktionen
711 415 55 22 skall
781 416 74 21 hällas.

546 481 26 19 14
588 480 18 27 $.

266 521 9 20 I
292 520 49 21 stad
363 519 54 22 skall
441 520 89 21 auktion
546 521 13 20 ä
574 520 42 21 fast
640 519 104 28 egendom
761 519 105 22 förrättas
882 519 13 20 ä
910 525 44 15 ma-

197 555 117 26 gistratens
330 553 131 22 embetsrum
476 554 51 21 eller
543 555 68 20 annat
626 554 69 26 ställe,
711 553 38 21 der
765 553 114 22 auktioner
891 553 8 21 i
909 555 45 19 sta-

198 588 41 22 den
254 588 132 28 gemenligen
402 588 75 26 hållas,
497 588 51 22 eller
564 588 45 26 ock,
626 594 34 15 om
676 587 142 27 magistraten
833 587 70 22 finner
918 587 37 22 det

197 623 132 27 lämpligare,
347 623 12 21 å
374 622 74 28 sjelfva
463 623 138 27 egendomen.

547 688 25 20 15
588 686 17 28 &.

266 726 65 22 Skola
353 726 128 27 fastigheter
503 727 57 20 inom
576 726 105 21 särskilde
697 726 198 21 öfverexekutorers
911 732 42 15 om-

197 761 67 22 räden
280 761 50 21 eller
346 760 101 27 fastighet
463 761 28 26 pä
505 760 75 22 landet
595 760 39 21 och
649 760 68 22 sädan
728 761 7 20 i
746 760 50 21 stad
805 761 58 21 inom
874 766 80 16 samme

198 795 175 22 öfverexekutors
397 796 87 21 område
499 795 27 27 gå
540 796 7 21 i
563 802 26 15 en
604 795 133 27 försäljning,
753 795 66 22 varde
835 795 118 22 auktionen

196 830 109 21 förrättad
327 829 38 21 der
387 829 162 28 hufvudgärden
574 829 57 27 eller,
654 835 35 16 om
704 829 68 22 sädan
788 830 17 27 ej
821 829 76 28 finnes,
913 829 40 21 den

196 864 64 27 högst
282 864 118 21 värderade
422 863 129 27 fastigheten
575 866 24 18 är
620 863 100 27 belägen;
745 866 24 18 är
789 864 40 21 den
846 864 13 20 å
873 863 81 26 landet,

196 898 66 21 varde
278 898 117 22 auktionen
412 898 70 21 hällen
499 898 12 20 &
526 898 162 21 landskansliet.

547 962 25 20 16
588 961 18 27 8.

266 1001 58 21 Skall
347 1000 89 22 auktion
453 1002 13 19 ä
481 1002 81 20 utmätt
584 1000 44 22 fast
650 1001 103 26 egendom
769 1001 104 21 förrättas
889 1000 22 22 af
925 1000 30 22 öf-

196 1036 150 26 verexekutor,
367 1034 50 22 eller
433 1036 24 20 är
473 1034 268 27 utmätningsförrättaren
755 1034 48 22 icke
817 1034 90 27 behörig
922 1036 33 20 att

196 1069 49 21 med
267 1069 155 27 försäljningen
438 1071 52 25 taga
504 1068 131 28 befattning;
658 1069 91 22 insände
764 1069 43 21 han
823 1068 132 28 protokollet

197 1103 59 21 öfver
278 1103 151 27 utmätningen
451 1102 49 22 med
522 1103 133 26 beskrifning
677 1103 39 21 och
734 1103 115 27 värdering
865 1104 12 20 ä
893 1109 62 21 egen-

197 1138 77 21 domen
298 1139 56 19 samt
370 1137 25 21 de
411 1137 67 26 enligt
493 1138 13 19 4
521 1138 50 25 kap.
588 1138 27 20 23
631 1137 11 27 &
658 1137 39 21 hos
713 1137 129 26 gäldenären
859 1137 96 21 erhällna

196 1171 159 27 handlingarna
371 1171 32 21 till
419 1171 48 26 den,
484 1177 45 16 som
545 1171 55 22 skall
616 1171 117 22 auktionen
749 1171 63 21 hälla.

548 1235 24 20 17
589 1235 18 26 $.

265 1275 54 25 Den,
335 1280 45 15 som
396 1274 55 21 skall
466 1273 94 22 förrätta
575 1273 124 27 auktionen,
714 1273 96 22 anskaffe
819 1273 136 28 gravations-

196 1308 58 21 bevis
272 1307 93 22 rörande
381 1308 131 27 egendomen
529 1309 56 20 samt
601 1307 25 21 de
641 1306 34 23 för
689 1307 146 28 bestyrkande
851 1307 23 22 af
882 1308 71 27 gälde-

197 1344 79 20 närens
300 1341 127 28 eganderätt
451 1341 32 22 till
506 1342 125 21 densamma
653 1341 51 23 eller
725 1341 34 22 för
774 1342 131 28 upplysning
921 1349 33 15 om

198 1377 45 22 deri
258 1377 117 21 intecknad
389 1377 116 27 rättighets
520 1376 146 23 beskaffenhet
682 1376 139 28 erforderliga
837 1377 39 21 och
893 1377 17 27 ej
922 1383 33 15 re-

198 1412 41 21 dan
256 1412 125 26 emottagna
397 1411 135 27 handlingar,
549 1411 72 21 hvilka
635 1411 76 21 kunna
721 1411 39 22 hos
771 1413 73 20 rätten
855 1411 98 27 erhällas,

197 1447 24 21 sä
238 1447 44 26 ock,
300 1447 27 21 dä
341 1446 166 27 landsfastighet
522 1445 54 22 skall
591 1445 71 28 säljas,
679 1445 76 28 nödigt
770 1446 80 27 utdrag
861 1453 26 14 ur
895 1446 60 27 jord-
