1028 1725
423 138 44 23 N:o
487 138 20 23 3.
809 138 13 20 5

451 206 46 28 28.

167 246 115 22 Tcke-finsk
305 252 49 16 man
374 246 72 22 dömes
463 246 65 27 enligt
543 246 68 22 denna
626 247 34 27 lag
675 246 33 22 för
723 247 65 26 brott,
803 253 47 15 som

98 281 44 21 han
165 280 74 27 begätt
262 280 57 22 inom
343 280 204 22 Storfurstendömet
569 280 53 22 eller
643 282 28 26 pä
694 280 64 22 finskt
773 280 77 28 fartyg,

97 315 77 21 medan
198 315 36 21 det
255 314 96 22 befinner
366 315 32 27 sig
413 316 12 20 å
441 317 69 25 öppna
525 314 78 28 hafvet,
619 314 73 22 derest
707 315 47 21 icke
768 315 82 22 beträf-

97 350 63 22 fande
171 349 66 22 sådan
247 356 88 22 persons
346 349 104 22 dömande
461 352 24 19 är
493 350 102 22 särskildt
603 350 132 22 annorlunda
744 350 105 28 stadgadt,

165 385 113 22 Likaledes
301 385 110 27 tillämpas
435 385 68 22 denna
525 385 35 27 lag
575 385 12 22 &
602 384 112 23 icke-finsk
730 392 57 20 man,
803 392 44 15 som

95 422 62 20 utom
171 420 72 27 Ryska
258 420 75 22 Rikets
349 420 86 22 omräde
451 420 73 28 begätt
539 420 64 28 brott,
618 420 80 22 riktadt
709 422 58 20 emot
777 420 72 28 Ryska

97 455 64 22 Riket
176 455 51 22 eller
243 455 33 22 del
294 455 60 22 deraf
368 455 52 22 eller
435 458 58 19 emot
507 455 56 22 finsk
574 462 48 15 man
633 456 53 21 eller
696 462 68 15 annan
775 455 73 27 Ryska

96 490 75 22 Rikets
187 490 121 27 undersäte,
325 490 6 22 i
346 490 101 22 händelse
462 490 41 22 han
519 490 121 22 sedermera
654 490 67 22 finnes
728 490 10 22 i
748 490 100 27 Finland,

95 525 53 22 eller
163 524 70 22 blifvit
248 526 32 21 hit
296 525 144 22 öfverlemnad
456 525 33 21 för
505 528 31 20 att
552 525 80 22 dömas.

448 613 46 27 38.

163 654 47 21 Har
225 653 47 28 den,
288 659 46 16 som
350 655 23 20 är
389 653 4 21 i
406 653 83 22 landets
500 654 66 27 tjenst
576 653 90 27 anstäld,
678 653 73 28 begått
761 654 85 27 tjenste-

95 689 138 26 förbrytelse;
257 688 71 27 varde,
352 688 69 21 ehvad
437 689 35 21 det
487 689 57 22 skett
559 688 57 22 inom
632 688 74 23 landet
721 689 52 21 eller
788 691 58 20 utom

95 723 71 28 Ryska
189 723 66 22 rikets
279 723 93 28 omräde,
388 723 32 21 för
437 724 40 21 slik
492 723 124 28 förbrytelse
632 723 62 22 dömd
710 724 67 27 enligt
791 723 56 22 finsk

94 759 36 26 lag
147 757 40 22 och
203 757 22 22 af
238 757 55 22 finsk
308 757 98 22 domstol.

163 792 137 22 Beträffande
326 792 184 28 handläggningen
533 793 22 21 af
577 792 41 22 mäl
641 793 92 22 rörande
757 793 88 26 tjenste-

94 827 134 27 förbrytelse,
251 827 112 27 begängen
386 827 56 21 inom
459 827 161 27 Kejsaredömet
636 827 23 21 af
674 827 47 27 den,
737 833 45 16 som
799 829 24 20 är
838 828 7 20 i

94 863 85 21 landets
202 862 64 28 tjenst
290 862 90 27 anstäld,
403 862 68 27 gäller
496 862 54 22 hvad
573 862 72 22 derom
662 863 23 20 är
702 862 52 22 eller
769 863 76 21 varder

92 897 108 28 stadgadt.

445 946 13 20 4
473 946 18 28 8.

162 986 46 22 Har
230 986 68 22 sädan
321 986 132 28 förbrytelse,
477 992 44 16 som
545 986 135 22 omförmäles
695 985 7 21 i
718 987 34 26 41,
768 986 33 26 42,
818 986 26 21 43

92 1021 53 21 eller
169 1022 27 20 44
214 1021 56 27 kap.,
287 1021 52 22 eller
355 1024 66 18 annat
437 1021 85 22 dermed
535 1021 117 27 jemförligt
667 1021 60 21 brott
741 1020 103 22 föröfvats

94 1058 59 20 utom
168 1056 72 27 Ryska
255 1056 75 22 Rikets
345 1056 96 26 omräde;
458 1056 72 22 dömes
545 1056 32 22 till
593 1056 63 22 straff
670 1056 74 22 endast
760 1062 33 16 om
809 1055 35 22 sä-

92 1090 52 22 dant
164 1093 24 19 är
204 1090 103 22 särskildt
322 1091 100 27 stadgadt
437 1091 7 21 i
459 1092 35 27 lag
510 1091 51 22 eller
577 1097 75 22 genom
669 1091 93 27 fördrag,
778 1090 64 22 afslu-

92 1126 48 21 tadt
156 1126 91 22 emellan
264 1126 106 27 Ryssland
386 1126 38 22 och
440 1126 133 22 främmande
588 1126 66 22 makt.

445 1209 13 20 5
473 1209 18 27 8.

161 1248 45 21 Har
228 1248 47 28 den,
298 1253 46 16 som
368 1247 90 22 tilltalas
473 1248 34 21 för
522 1249 65 26 brott,
602 1248 33 22 till
651 1254 26 15 en
693 1248 34 21 del
743 1247 52 22 eller
810 1247 32 22 till

92 1283 52 22 fullo
161 1282 71 23 derför
248 1282 76 23 utstätt
339 1282 63 23 straff
415 1283 67 27 enligt
498 1283 54 27 dom,
563 1283 44 22 fäld
623 1283 23 21 af
660 1283 91 21 domstol
762 1283 6 21 i
780 1282 62 22 främ-

92 1318 78 21 mande
192 1320 51 24 stat;
267 1317 55 22 skall
346 1317 34 22 det
396 1318 152 27 undergängna
563 1318 89 26 straffet,
668 1317 54 22 efter
737 1317 105 28 pröfning,

91 1352 102 21 afräknas
216 1352 47 20 frän
286 1353 36 20 det
344 1353 67 24 straff,
435 1353 86 20 hvartill
545 1353 42 20 han
609 1352 33 21 för
658 1352 82 21 brottet
754 1352 88 20 borde
829 1348 17 33 i

91 1385 91 22 Finland
205 1385 80 27 dömas,
309 1386 51 21 eller
384 1386 40 21 ock
446 1386 56 27 gälla
525 1386 70 21 såsom
619 1386 63 21 straff
702 1385 34 22 för
755 1385 86 22 brottet.

90 1419 61 23 Dock
173 1420 39 22 bör
229 1420 123 27 afsättning,
368 1420 125 27 ovärdighet
509 1422 31 20 att
555 1420 79 28 nyttjas
649 1420 6 21 i
671 1420 85 21 landets
771 1419 69 28 tjenst,

91 1455 105 28 skiljande
219 1454 45 23 från
289 1455 98 28 utöfning
410 1455 23 22 af
454 1456 70 27 tjenst,
548 1455 52 22 eller
616 1455 76 22 förlust
708 1455 22 22 af
745 1455 97 21 medbor-
