1025 1714
218 156 25 20 78
413 154 29 22 U.
457 155 29 21 B.
500 167 27 2 —
544 154 73 28 Prop.
632 154 45 22 N:o
693 154 23 21 4.

188 224 79 26 ningen
283 222 111 28 angäende
409 222 227 28 rättegängsväsendet
650 222 90 20 tillsatta
755 222 94 20 komiten
864 222 32 20 uti
911 221 32 21 af-

188 257 69 27 gifvet
281 256 134 22 betänkande
439 256 111 28 föreslagit
565 259 31 18 att
611 263 34 14 om
667 256 78 21 besvär
759 256 7 20 i
781 256 82 21 hofrätt
881 255 63 22 öfver

190 290 121 22 underrätts
333 291 71 27 utslag
427 290 68 22 skulle
511 291 7 19 i
533 290 123 21 hufvudsak
676 290 57 27 gälla
751 297 80 14 samma
851 290 92 21 bestäm-

188 326 76 26 ningar
286 332 45 14 som
354 324 132 21 beträffande
509 324 91 28 vädjade
616 324 48 26 mäl,
679 324 24 21 sä
718 327 31 18 att
764 327 53 25 part,
833 332 46 14 som
893 324 50 21 ville

189 359 125 28 öfverklaga
336 358 121 22 underrätts
479 358 77 28 utslag,
577 358 116 21 hvaröfver
715 358 78 21 besvär
810 358 72 22 kunde
905 366 40 20 ega

188 401 52 17 rum,
256 401 52 13 vore
323 392 86 28 skyldig
424 396 31 18 att
469 393 58 20 inom
543 394 43 20 viss
601 392 32 21 tid
648 392 73 21 derom
737 392 83 22 anmäla
835 392 34 21 för
884 392 61 21 dom-

190 428 68 20 stolen
274 428 51 20 eller
341 427 49 20 dess
406 426 129 21 ordförande
552 429 54 18 samt
620 429 32 17 att
666 426 147 28 vederparten,
829 434 45 13 som
890 426 56 21 efter

190 460 107 29 utgängen
313 460 23 21 af
351 460 70 21 denna
435 460 32 21 tid
483 460 72 21 kunde
570 460 39 21 hos
626 459 119 22 domstolen
761 460 93 21 inhemta
865 460 80 21 känne-

190 495 49 21 dom
254 494 107 22 huruvida
375 495 100 28 missnöje
491 495 95 26 anmälts,
602 494 60 28 egde,
677 498 52 17 utan
745 494 91 21 särskild
851 494 95 27 kallelse,

190 537 33 13 om
246 530 41 21 han
312 529 78 28 ansåge
414 530 32 20 sin
462 531 42 18 rätt
522 529 76 21 sådant
612 529 79 27 fordra,
707 529 13 21 å
736 529 186 28 inställelsedagen
937 530 8 19 i

189 563 108 22 hofrätten
318 563 191 21 tillstädeskomma
532 563 46 25 och,
602 563 66 21 sedan
691 563 41 21 han
755 564 54 27 tagit
825 563 120 22 kännedom

191 606 34 13 om
247 599 116 21 besvärens
387 597 98 27 innehäll,
508 598 32 21 till
564 600 69 19 rätten
649 598 93 21 inlemna
757 599 33 20 sin
806 598 140 28 förklaring
934 593 17 38 i

191 632 71 27 saken,
278 633 38 20 har
330 632 38 21 det
382 633 57 20 inom
456 632 111 21 Utskottet
582 632 76 21 främst
672 632 123 27 ifrägasatts
811 640 34 13 om
855 632 48 22 icke
916 635 32 18 ett

191 667 111 21 enahanda
325 666 138 21 anordnande
485 666 22 21 af
529 666 227 27 hbesvärsförfarandet,
776 674 45 13 som
837 666 109 21 medförde

192 708 25 14 en
233 701 106 28 väsentlig
353 701 124 27 förenkling
491 701 6 20 i
513 700 142 21 hofrätternes
670 701 115 21 arbetssätt
800 701 40 21 och
855 701 91 28 mycken

191 735 159 28 tidsbesparing
368 736 6 20 i
395 735 26 21 de
437 735 37 21 fall
491 735 37 20 der
543 735 105 21 besvären
663 743 29 12 nu
707 735 97 21 utställas
819 735 32 20 till
866 735 81 21 förkla-

190 771 59 26 rings
272 769 131 28 afgifvande,
425 769 72 22 kunde
520 777 38 20 ega
580 777 46 13 rum
642 769 65 21 äfven
722 769 34 21 för
771 769 176 28 utsökningsmäl.

190 804 114 22 Utskottet
324 804 39 21 har
383 804 56 21 dock
461 807 69 18 ansett
551 803 76 22 sädant
647 804 48 21 icke
716 804 114 28 lämpligen
850 803 44 22 läta
913 805 35 26 sig

191 840 57 27 göra,
268 838 65 21 bland
355 841 65 18 annat
435 838 48 21 med
499 838 102 21 afseende
617 838 13 21 ä
645 838 36 21 det
696 839 61 28 ringa
773 838 80 21 antalet
868 838 79 21 exeku-

191 873 119 21 tionssäten
328 873 35 21 för
378 873 146 28 landsbygden
540 873 41 21 och
596 873 183 22 vidsträcktheten
795 873 22 21 af
833 873 114 21 områdena

191 907 35 21 för
240 907 62 22 deras
317 907 141 27 verksamhet,
473 909 7 19 i
495 907 53 29 följd
569 907 77 22 hvaraf
662 907 41 21 den
719 907 152 29 obligatoriska
887 908 61 20 miss-

191 942 159 28 nöjesanmälan
365 942 38 20 hos
419 942 166 22 öfverexekutor
600 942 40 20 och
655 941 152 29 vederpartens
826 942 122 28 skyldighet

191 978 32 18 att
238 976 107 20 efterhöra
360 983 34 13 om
410 976 66 21 sädan
491 977 67 27 gjorts
574 976 51 21 eller
641 984 33 13 om
690 976 77 22 besvär
782 976 82 21 anförts
875 976 73 21 blefve

192 1010 93 21 särdeles
301 1010 142 28 betungande.

261 1044 104 21 Deremot
385 1044 38 21 har
438 1044 124 22 Utskottets
577 1044 68 21 flertal
661 1044 100 21 omfattat
777 1047 30 18 ett
821 1044 24 21 af
861 1052 25 13 en
901 1044 49 21 utaf

192 1078 82 22 landets
296 1078 105 21 hofrätter
415 1079 7 20 i
438 1078 49 21 dess
505 1078 111 22 utlätande
632 1078 61 22 öfver
707 1078 192 28 lagberedningens
913 1078 36 21 be-

191 1112 107 21 tänkande
321 1113 7 19 i
351 1112 66 21 saken
438 1112 122 21 framstäldt
579 1112 81 28 förslag
679 1116 31 18 att
728 1112 87 27 hofrätt,
830 1113 27 20 dä
874 1113 75 21 besvä-

192 1146 66 21 rande
280 1147 6 20 i
308 1146 171 28 utsökningsmäl
500 1146 48 22 icke
564 1146 70 22 anfört
650 1147 65 27 nägra
731 1154 41 21 nya
787 1147 46 21 skäl
849 1146 40 22 och
905 1154 45 14 om-

192 1181 146 27 ständigheter
352 1180 32 21 till
399 1180 47 22 stöd
462 1180 34 21 för
511 1182 37 20 sitt
564 1181 116 28 pästäende
697 1189 34 13 om
748 1181 91 28 ändring
854 1182 6 20 i
877 1181 72 21 öfver-

192 1215 114 21 exekutors
329 1214 81 28 ätgärd,
432 1218 51 18 utan
505 1215 75 21 endast
602 1218 105 26 upprepat
731 1215 58 21 hvad
815 1216 42 20 han
882 1215 67 21 redan

192 1249 39 21 hos
254 1249 172 25 öfverexekutor,
449 1256 50 14 vare
523 1251 33 25 sig
579 1250 69 20 såsom
671 1250 96 20 sökande
795 1250 50 20 eller
869 1250 81 20 förkla-

192 1282 72 27 rande,
280 1281 117 21 framhällit
411 1283 7 19 i
435 1282 71 26 saken,
522 1283 54 27 finge
592 1282 36 21 vid
645 1282 118 28 afgörande
775 1283 22 21 af
807 1283 64 20 mälet
883 1283 66 21 ändra

194 1315 41 22 den
250 1315 154 29 öfverklagade
420 1315 108 28 ätgärden,
539 1319 51 17 utan
605 1318 31 19 att
651 1316 152 28 vederpartens
819 1316 131 28 föregäende

192 1350 95 22 hörande
302 1357 52 14 vore
371 1350 153 28 obligatoriskt.
554 1350 38 21 Ett
608 1350 68 29 dylikt
692 1350 137 22 anordnande
845 1351 22 21 af
882 1351 67 30 förfa-

192 1385 76 21 randet
283 1385 68 21 skulle
367 1385 44 20 helt
425 1385 55 21 visst
495 1385 23 20 få
532 1385 134 28 tillämpning
681 1386 31 20 uti
728 1385 90 22 flertalet
833 1386 22 21 af
871 1385 26 22 de
910 1386 39 21 fall

194 1419 28 22 då
243 1419 177 22 öfverexekutors
443 1419 75 29 åtgärd
541 1419 111 27 ändrades,
675 1423 23 25 ty
717 1420 34 21 för
774 1421 175 28 exekutionspro-

194 1462 76 14 cessen
292 1454 39 22 bör
345 1455 22 28 ju
382 1454 43 21 lika
440 1455 35 20 väl
495 1462 46 14 som
556 1454 35 21 för
605 1455 113 28 rättegång
733 1455 36 22 vid
785 1455 93 22 domstol
892 1456 56 29 gälla

262 1494 131 23 Lagutskottets
405 1494 110 19 betänkande
528 1495 36 17 N:o
577 1495 17 18 5.
