1039 1714
208 156 13 20 8
401 155 29 23 U.
446 156 28 22 B.
491 169 27 2 —
533 156 76 28 Prop.
624 156 45 22 N:o
685 156 20 22 7.

179 223 193 28 pröfningsfrågor,
394 223 38 21 har
453 224 114 21 Utskottet
589 226 70 18 ansett
679 224 32 27 sig
726 223 48 21 icke
790 223 52 21 böra
856 222 80 22 föreslå

179 256 95 29 antydda
290 257 162 29 öfverflyttning
467 258 22 20 af
504 258 91 21 berörda
609 258 136 28 befogenhet,
759 257 56 21 helst
825 257 37 21 det
872 264 63 22 synes

177 291 86 21 tillhöra
286 291 62 21 Hans
371 292 121 28 Kejserliga
511 292 102 29 Majestät
635 295 32 18 att
687 292 117 22 bestämma
819 291 42 22 den
876 300 60 20 myn-

179 326 79 28 dighet,
274 326 23 21 af
311 326 88 21 hvilken
415 326 122 22 densamma
553 327 39 21 bör
606 327 92 21 utöfvas.

247 362 10 19 I
279 363 89 19 motsats
391 360 33 22 till
446 360 42 22 den
507 362 53 21 1891
577 361 34 21 års
626 360 91 22 Ständer
731 361 112 28 förelagda
857 360 79 28 nådiga

178 395 168 28 propositionen,
364 395 88 21 hvilken
468 395 22 21 åt
504 395 300 29 registreringsmyndigheten
820 395 114 22 öfverlem-

177 428 56 22 nade
246 432 32 18 att
291 430 99 27 granska,
404 429 105 21 huruvida
524 430 86 27 bolaget
624 430 73 21 blifvit
713 430 83 20 bildadt
806 430 7 20 i
824 429 111 21 öfverens-

178 463 121 21 stämmelse
322 463 48 21 med
393 463 126 28 aktielagen,
541 464 38 21 har
599 464 146 28 föreliggande
761 464 117 28 lagförslag
892 464 43 20 till-

177 496 45 28 lagt
236 497 78 28 jemväl
330 497 69 21 denne
414 498 186 28 granskningsrätt
615 497 104 22 Senatens
734 497 198 29 Ekonomiedepar-

177 534 86 18 tement.
293 532 77 21 Denna
393 532 125 28 förändring
540 532 61 21 torde
624 532 65 21 hafva
711 532 118 21 föranledts
850 532 46 21 dels
911 532 24 21 af

178 565 130 22 Ständernas
328 567 140 28 anmärkning
483 575 34 13 om
532 567 37 21 det
584 567 113 28 olämpliga
712 568 37 26 uti,
764 569 31 19 att
810 567 124 28 pröfnings-

177 600 73 29 frågor
265 601 90 21 rörande
370 601 133 28 aktiebolags
519 601 102 22 stiftande
639 601 117 22 handlades
776 601 22 21 af
815 601 38 22 två
863 601 70 22 skilda

177 635 154 28 myndigheter,
346 635 44 22 dels
406 635 66 21 äfven
487 636 22 20 af
524 636 41 21 den
576 635 65 22 ofvan
651 635 127 22 framhållna
791 635 142 29 synpunkten,

178 671 32 18 att
224 669 300 28 registreringsmyndigheten
540 670 47 21 icke
604 669 65 22 borde
685 670 82 21 befatta
782 671 33 26 sig
829 669 50 22 med
889 669 44 21 frå-

177 711 40 20 gor
238 703 23 21 af
282 711 58 14 mera
361 704 84 27 rättslig
468 708 37 17 art.
535 704 94 21 Berörda
647 704 184 28 granskningsrätt
846 705 38 20 har
899 705 33 20 sin

177 737 120 28 väsentliga
316 737 110 28 betydelse
442 738 35 21 vid
494 738 73 28 bolags
582 738 176 28 grundläggande
773 746 76 20 genom
865 739 68 20 aktie-

177 771 103 28 teckning
296 771 51 21 eller
362 779 16 13 s.
394 772 19 20 k.
428 773 109 20 successiv
552 772 171 28 grundläggning
738 772 40 21 och
789 772 58 21 afser
857 772 76 21 dervid

178 805 182 28 hufvudsakligen
375 809 31 18 att
420 806 112 27 fastställa,
547 806 106 21 huruvida
667 806 161 28 stadgandenai
839 808 19 25 8,
869 807 12 21 9
892 807 41 21 och

178 841 27 20 10
214 841 26 26 $$
249 840 110 28 angående
368 841 159 28 aktieteckning
534 841 40 21 och
581 841 94 21 derefter
680 841 71 20 hållen
756 841 176 21 konstituerande

178 874 165 29 bolagsstämma
362 875 116 28 iakttagits.
508 875 35 21 Då
562 875 116 22 emellertid
694 875 67 28 enligt
776 877 12 20 5
805 876 11 27 8
832 876 7 21 i
854 883 80 21 propo-

177 909 91 21 sitionen
292 909 136 21 stadfästelse
452 909 12 21 å
487 909 166 29 bolagsordning
670 909 55 22 skall
740 910 108 27 utverkas,
867 911 66 20 innan

179 943 188 28 aktieteckningen
390 943 104 28 vidtager,
516 946 24 19 är
554 944 37 21 det
606 944 167 28 uppenbarligen
789 945 96 28 omöjligt
899 944 35 22 för

178 977 94 21 Senaten
296 980 31 18 att
345 977 37 21 vid
404 977 160 29 handläggning
578 978 23 21 af
616 978 225 22 stadfästelseärendet
855 979 76 21 utöfva

177 1011 72 28 någon
272 1011 132 29 granskning
429 1012 22 21 af
470 1013 92 21 nämnda
577 1012 28 22 då
619 1013 49 21 icke
683 1015 56 19 ännu
754 1013 80 21 timade
849 1013 83 21 tilldra-

177 1046 76 27 gelser.
284 1045 165 29 Granskningen
466 1046 68 22 skulle
546 1046 76 22 endast
636 1047 73 21 kunna
723 1047 115 21 inskränka
853 1048 34 28 sig
900 1048 33 20 till

177 1082 32 18 ett
229 1080 139 27 iakttagande
390 1080 24 21 af
436 1083 32 18 att
482 1082 64 20 minst
561 1084 32 18 tre
607 1088 102 21 personer
724 1081 77 21 ansökt
819 1089 34 13 om
875 1081 58 21 stad-

176 1114 94 26 fästelse,
293 1121 49 13 men
364 1114 36 21 det
422 1110 61 25 torde
498 1115 23 21 af
539 1116 33 27 sig
587 1115 59 28 sjelft
661 1123 50 13 vara
727 1115 55 21 klart
797 1118 38 24 att,
850 1123 34 14 om
900 1118 31 19 ett

176 1148 82 21 mindre
282 1148 57 21 antal
361 1156 101 20 personer
484 1151 39 26 gör
538 1149 59 29 dylik
613 1150 100 26 ansökan,
729 1150 123 21 densamma
867 1150 66 28 enligt

177 1182 96 28 lydelsen
290 1182 23 21 af
329 1183 11 20 1
357 1182 40 22 och
413 1184 12 20 5
442 1184 26 26 $$
483 1184 47 20 icke
546 1184 41 21 kan
598 1184 32 20 till
641 1184 101 28 pröfning
754 1187 111 25 upptagas.
889 1184 44 21 För

177 1216 65 28 öfrigt
262 1224 63 20 synes
341 1216 37 22 det
392 1216 113 22 Utskottet
520 1218 113 28 högeligen
649 1218 115 29 olämpligt,
779 1221 32 19 att
825 1218 107 29 ifrägava-

176 1250 66 21 rande
264 1251 131 27 granskning
417 1251 123 21 handhades
563 1252 24 20 af
608 1252 83 21 landets
706 1252 76 28 högsta
797 1252 136 28 myndighet;

175 1286 25 25 ty
215 1283 28 21 då
257 1283 36 26 fel,
309 1291 45 13 som
369 1284 36 21 vid
422 1284 96 28 bolagets
534 1285 101 21 bildande
650 1286 108 28 förelupit,
774 1286 72 21 kunna
860 1286 72 21 föran-

176 1316 49 22 leda
246 1317 113 28 rättegång
374 1318 40 21 och
430 1318 128 22 utdömande
574 1319 23 21 af
612 1319 190 29 skadeersättning,
817 1320 69 21 skulle
895 1314 38 27 ett

177 1351 103 22 domstols
304 1352 70 28 utslag
396 1352 23 21 af
442 1352 59 21 detta
519 1353 94 21 innehåll
627 1354 39 20 lätt
681 1354 71 21 kunna
767 1352 92 24 faktiskt
872 1355 60 21 inne-

176 1385 52 22 bära
248 1389 31 18 ett
294 1386 116 26 uttalande,
425 1389 31 19 att
472 1386 104 23 Senatens
593 1388 139 22 omförmälda
747 1389 185 29 granskningsrätt

175 1420 49 22 icke
240 1420 73 22 blifvit
328 1420 115 29 behörigen
458 1421 115 22 handhafd.

243 1495 48 23 Lag-
305 1495 32 18 och
345 1495 182 19 Ekonomiutskottets
540 1497 109 18 betänkande
662 1497 37 18 N:o
708 1498 17 18 2.
