1025 1714
228 130 27 20 22
533 130 45 24 N:o
597 131 22 22 4.

198 198 71 25 ränta,
292 197 256 27 utsökningskostnaden,
571 197 98 27 grunden
692 196 33 22 för
747 197 149 27 utmätningen
915 196 39 22 och

199 230 77 28 dagen,
293 231 28 21 då
335 231 42 21 den
392 230 69 22 blifvit
475 231 116 22 verkstäld.

544 295 28 21 33
588 294 18 28 g.

267 334 49 21 Kan
331 334 36 21 vid
382 334 160 26 verkställighet
557 333 23 22 af
588 334 56 26 dom,
655 333 138 27 hvarigenom
804 334 70 26 någon
885 332 68 28 ålagts

199 369 34 21 att
255 368 82 27 utgifva
354 368 43 21 viss
412 368 32 20 lös
460 368 109 27 egendom,
585 374 81 15 samma
681 368 105 27 egendom
802 368 17 27 ej
836 367 118 22 öfverkom-

199 409 56 20 mas;
277 402 51 22 eller
343 402 95 22 befinnes
453 403 35 21 vid
504 402 122 27 utmätning
641 402 38 22 full
695 402 90 27 tillgång
800 402 32 21 till
848 402 106 26 gäldande

198 436 24 22 af
235 437 90 22 skulden
342 437 86 27 saknas,
444 437 52 21 eller
511 436 114 28 uppgifven
641 436 90 28 tillgång
746 443 52 15 vara
813 436 74 28 tvistig
903 436 50 22 eller

197 472 34 22 för
246 478 72 15 annan
335 472 64 20 orsak
414 472 18 27 ej
449 473 59 20 strax
523 472 74 21 kunna
613 471 32 21 till
660 471 112 27 betalning
786 471 7 21 i
803 471 49 27 laga
863 471 91 27 ordning

199 506 120 22 användas:
343 506 28 21 då
392 512 58 21 vare,
473 506 39 21 der
530 506 41 22 den
586 512 46 16 som
648 506 189 27 verkställigheten
853 506 49 21 sökt
918 506 36 21 det

199 541 70 27 äskar,
285 541 144 27 vederparten
444 541 75 27 pligtig
535 542 34 20 att
583 541 58 21 inom
653 541 38 26 tid,
702 547 46 16 som
760 540 24 22 af
792 540 162 22 öfverexekutor

197 575 136 27 bestämmes,
357 575 39 22 hos
415 575 162 22 öfverexekutor
592 575 51 22 eller
659 575 93 22 domstol
768 575 48 21 med
832 576 26 21 ed
873 575 81 27 styrka,

197 610 8 21 i
220 609 59 22 förra
294 609 66 28 fallet,
377 611 33 20 att
426 610 130 27 egendomen
572 609 17 28 ej
607 609 22 22 af
642 610 78 21 honom
735 609 124 22 innehafves
871 609 39 22 och
921 611 33 20 att

196 645 44 22 han
264 645 18 27 ej
305 646 36 20 vet
363 645 53 21 hvar
436 645 40 21 den
492 644 74 28 finnes,
582 646 56 21 samt
653 645 7 21 i
675 645 37 21 det
728 650 82 21 senare,
828 646 32 20 att
875 644 43 22 han
935 645 18 27 ej

196 686 51 21 eger
263 685 72 16 annan
352 679 90 28 tillgång
457 681 27 20 än
500 679 47 28 den,
563 685 46 16 som
624 679 116 28 uppgifven
756 681 31 20 är.
816 679 85 28 Vägrar
910 679 43 22 han

199 715 34 20 att
255 714 54 21 eden
325 713 90 28 aflägga,
431 714 44 21 låte
490 714 162 22 öfverexekutor
667 715 83 20 insätta
764 713 79 23 honom
858 714 7 21 i
880 714 73 26 häkte,

197 748 33 21 till
253 749 48 21 dess
323 749 43 21 han
389 749 32 22 sin
444 749 121 27 skyldighet
586 749 85 27 fullgör.
701 748 87 23 Fortfar
805 749 43 21 han
862 749 8 21 i
885 749 68 21 sådan

197 783 96 26 tredska,
317 783 67 22 sedan
403 783 42 22 han
462 783 71 22 derför
548 784 37 21 två
599 783 105 22 månader
718 783 73 22 hållits
806 783 88 27 häktad,
910 783 44 21 låte

197 817 165 22 öfverexekutor
377 818 79 21 honom
470 818 36 21 vid
521 818 92 22 domstol
629 818 99 26 tilltalas;
753 818 39 21 och
807 818 66 21 varde
888 818 42 21 han
946 818 7 21 i

197 854 24 25 ty
243 851 37 22 fall
303 852 64 22 dömd
389 852 32 21 till
444 859 84 21 ansvar,
551 853 71 22 såsom
645 853 55 21 hade
715 852 42 22 han
773 853 69 21 under
857 853 97 21 konkurs

196 887 119 27 ådagalagt
330 887 58 27 dylik
402 887 95 21 tredska.

266 921 47 22 Har
335 922 71 27 någon
429 922 48 26 gått
500 922 25 21 ed
545 928 46 16 som
607 928 29 15 nu
651 923 25 20 är
692 922 69 28 sagdt,
777 928 51 15 vare
844 922 17 27 ej
877 921 77 29 pligtig

198 957 34 20 att
246 956 33 22 för
295 962 81 16 samma
391 956 40 22 sak
446 956 55 28 ånyo
517 956 83 28 aflägga
615 956 67 22 sådan
699 957 32 25 ed,
747 957 49 21 med
810 956 83 22 mindre
904 956 49 22 skä-

197 991 30 27 lig
249 991 116 27 anledning
387 991 64 27 visas,
470 993 33 19 att
518 992 40 21 den
574 991 33 21 till
622 991 125 27 utgifvande
762 991 113 22 bestämda
891 997 63 21 egen-

198 1026 76 21 domen
291 1025 93 23 derefter
399 1026 89 21 kommit
503 1026 7 21 i
524 1026 55 21 hans
594 1026 59 26 värjo
669 1026 40 21 och
725 1027 33 20 att
773 1026 43 21 han
830 1025 68 22 håller
913 1026 40 21 den

198 1060 80 26 undan,
302 1060 51 21 eller
372 1061 32 20 att
422 1060 42 22 han
480 1060 143 28 undandöljer
638 1060 96 28 tillgång,
750 1066 46 16 som
812 1060 78 22 honom
907 1060 47 22 der-

195 1094 57 22 efter
267 1094 88 22 tillfallit
370 1094 38 22 och
424 1095 32 21 till
471 1095 60 27 gälds
546 1094 116 22 betalande
676 1096 27 26 gå
718 1095 46 21 bör.

544 1159 27 19 34
587 1158 19 27 &.

267 1197 117 27 Angående
405 1197 162 27 verkställighet
582 1197 7 21 i
604 1197 92 22 Finland
719 1197 23 21 af
763 1197 103 22 domstols
882 1198 6 20 i
904 1198 49 26 Kej-

196 1232 124 21 saredömet
335 1231 49 22 dom
399 1232 7 21 i
422 1232 113 26 tvistemål,
551 1233 56 20 samt
623 1232 56 21 hvad
692 1232 35 21 vid
738 1232 97 21 ansökan
846 1232 39 21 och
895 1231 58 22 med-

198 1265 90 21 delande
310 1264 23 21 af
353 1264 146 22 förordnande
518 1272 34 14 om
567 1265 67 21 sådan
650 1265 163 27 verkställighet
828 1265 55 21 skall
897 1265 57 21 iakt-

197 1301 70 25 tagas,
284 1301 24 19 är
323 1299 103 22 särskildt
442 1299 107 27 stadgadt.
