1039 1717
212 134 13 21 8
513 134 45 24 N:o
577 134 23 22 2.

531 202 25 20 18
572 200 19 28 8.

252 236 59 22 Utan
326 235 66 22 skildt
406 234 143 22 förordnande
564 234 35 22 må
613 234 150 26 landtmätare,
778 234 38 21 der
831 233 24 22 så
865 234 72 26 äskas,

184 271 8 21 i
209 270 153 26 sammanhang
384 270 48 21 med
448 269 111 22 storskifte
574 269 53 21 eller
642 268 182 28 skiftesreglering
838 268 101 27 lägenhet

185 304 77 28 klyfva,
279 304 25 22 så
319 304 47 27 ock,
389 304 27 21 då
431 304 42 21 han
496 304 123 22 förordnats
639 305 32 20 att
685 303 44 21 viss
746 302 145 22 hemmansdel
906 304 34 19 ut-

184 339 71 28 bryta,
271 339 103 27 derjemte
388 338 117 22 verkställa
519 338 125 28 utbrytning
654 337 23 22 af
686 344 71 15 annan
768 337 61 22 andel
840 337 7 21 i
858 342 82 16 samma

185 374 107 27 lägenhet,
307 373 90 22 såframt
412 372 76 23 sådant
503 373 48 22 med
567 372 100 22 afseende
683 373 13 21 å
707 372 98 22 delarnes
816 371 80 22 storlek
906 370 34 22 får

185 409 37 21 ske
245 408 39 22 och
299 409 49 27 den,
370 414 45 16 som
434 408 58 27 dylik
507 408 128 26 förrättning
650 407 71 27 begär,
737 407 33 21 till
785 406 117 28 styrkande
918 405 24 22 af

186 444 34 21 sin
236 443 90 28 egande-
342 443 51 22 eller
409 442 87 22 åborätt
511 443 79 21 företer
605 442 108 28 protokoll
724 442 58 21 öfver
792 442 78 21 honom
880 441 60 21 med-

186 478 72 22 deladt
274 478 86 28 uppbud
376 478 51 22 eller
442 478 33 21 till
490 478 77 22 honom
583 477 110 22 utfärdadt
708 476 72 27 faste-,
796 476 80 22 skatte-
887 476 54 21 eller

189 512 183 22 immissionsbref.

255 548 119 26 Styckning
388 547 39 22 och
443 547 122 27 afsöndring
583 553 38 21 ege
636 547 142 21 landtmätare
794 546 40 22 ock
849 546 28 27 på
890 545 50 22 sak-

187 588 74 21 egares
276 582 108 21 anmodan
399 584 52 19 utan
469 582 145 21 förordnande
629 581 128 27 verkställa;
773 581 55 21 dock
844 580 39 22 bör
897 580 44 22 han

185 617 7 21 i
208 616 77 22 sådant
300 616 38 22 fall
353 618 77 25 genast
445 616 54 22 efter
517 616 130 28 uppdragets
658 616 149 27 emotiagande
818 616 73 21 derom
901 615 40 21 hos

186 651 208 22 länelandtmätaren
409 651 90 21 anmäla.

533 721 25 21 19
574 720 18 27 8.

255 760 103 27 Klyfning
379 760 134 27 verkställes,
535 760 29 28 på
579 762 44 20 sätt
639 760 72 21 derom
727 762 24 18 är
766 759 101 22 särskildt
882 759 59 21 stad-

187 795 59 27 gadt,
262 795 54 21 dock
331 797 33 19 att
379 794 142 28 skiljoråerna
533 795 53 21 böra
600 794 35 22 vid
649 794 151 27 utstakningen
816 794 52 22 eller
884 800 57 15 ome-

189 829 85 21 delbart
297 829 93 21 derefter
411 829 119 27 rörläggas.
560 829 33 21 Då
615 828 172 28 klyfningsskifte
802 828 75 22 vunnit
891 828 50 27 laga

187 863 65 27 kraft,
275 864 56 21 skall
353 864 206 22 länelandtmätaren
574 864 7 21 i
594 864 152 27 jordregistret
768 863 69 22 införa
852 863 88 21 delarne

186 899 71 21 såsom
281 898 72 21 skilda
372 898 122 27 lägenheter
509 900 56 20 samt
580 898 73 22 derom
668 898 77 22 teckna
760 898 58 21 bevis
834 898 13 21 ä
862 898 77 21 kartan

187 933 40 21 och
250 932 259 28 delningsinstrumentet;
533 933 40 22 och
595 933 96 22 kommer
714 933 133 21 häradsrätts
862 932 78 22 befatt-

186 968 51 26 ning
258 968 50 20 med
330 967 197 27 klyfningsskiftens
550 968 147 21 fastställande
719 969 33 20 att
774 967 33 21 för
825 966 115 22 framtiden

188 1002 103 27 upphöra.

254 1036 46 22 Har
322 1036 96 28 klyfning
440 1037 58 21 skett
512 1038 29 26 på
555 1037 68 27 grund
639 1037 24 21 af
675 1037 109 26 vilkorligt
798 1036 142 22 förordnande

187 1071 52 21 eller
261 1073 52 19 utan
337 1071 143 21 förordnande
503 1072 52 21 eller
569 1071 40 22 har
624 1071 61 28 fråga
700 1072 73 21 väckts
789 1077 34 15 om
839 1070 102 22 frihetsår

187 1105 53 21 eller
262 1106 67 20 sådan
352 1105 113 27 stridighet
479 1106 98 27 uppstått
591 1112 46 15 som
652 1106 7 21 i
675 1107 27 20 20
717 1106 11 28 $
743 1108 93 24 nämnes,
852 1105 88 21 insände

186 1140 210 21 länelandtmätaren
418 1140 156 27 handlingarna
593 1141 69 27 jemte
677 1142 49 26 eget
741 1140 98 27 yttrande
854 1140 34 22 till
902 1146 38 20 gu-

186 1176 104 20 vernören
306 1174 39 21 och
360 1174 86 22 afvakte
461 1175 79 21 dennes
555 1174 70 22 beslut
640 1174 7 22 i
663 1174 71 28 saken,
745 1174 64 22 innan
819 1174 122 22 införandet

189 1208 7 21 i
211 1208 99 28 registret
326 1209 55 21 sker.

533 1267 28 20 20
576 1266 19 27 8.

255 1305 88 27 Klyfves
365 1305 106 27 lägenhet,
494 1306 33 20 till
549 1306 86 20 hvilken
658 1306 71 27 afgäld
745 1306 39 21 bör
798 1306 48 21 från
861 1306 80 27 parcell

187 1339 57 28 utgå,
268 1339 55 21 skall
347 1339 99 28 afgälden
467 1340 100 28 tilläggas
591 1340 78 22 endera
689 1341 62 21 delen
767 1340 66 22 under
848 1343 94 19 motsva-

187 1374 67 22 rande
270 1374 119 28 förhöjning
405 1374 24 22 af
442 1375 69 22 denna
527 1375 45 22 dels
589 1376 38 21 och
643 1376 121 27 minskning
779 1376 23 21 af
816 1375 40 23 den
872 1376 69 22 andra

187 1409 71 23 delens
275 1409 82 21 mantal
373 1409 39 22 och
428 1409 64 23 skatt.
