1042 1717
418 136 44 26 N:o
482 130 26 32 8.
799 138 13 20 3

88 204 28 23 då
131 204 87 29 afgifter
232 204 67 28 enligt
314 206 124 22 densamma
452 206 61 22 skola
529 208 94 26 utgöras,
639 208 24 20 är
678 212 26 15 en
720 206 23 22 af
757 206 26 21 de
797 206 44 22 för-

87 240 124 27 fattningar,
234 245 46 16 som
302 240 68 22 oftast
391 240 86 22 komma
498 240 33 22 till
554 240 139 26 användning,
713 242 24 19 är
759 240 37 21 det
818 240 27 21 af

87 274 108 27 synnerlig
215 274 44 27 vigt
278 276 32 19 att
325 274 151 27 författningen
492 276 24 19 är
531 274 24 22 så
569 274 116 28 uppställd,
701 276 33 20 att
748 274 93 22 bestäm-

87 308 105 27 ningarna
214 307 6 21 i
244 308 123 22 densamma
389 308 50 27 ingå
457 308 6 22 i
482 315 26 15 en
523 310 24 20 så
561 308 48 31 vidt
626 308 83 28 möjligt
723 308 118 27 följdriktig

88 342 91 28 ordning
194 342 40 22 och
250 343 40 21 lätt
306 343 143 27 öfverskådlig
463 344 62 21 form.

155 376 43 22 Vid
220 383 27 15 en
267 378 99 21 närmare
388 378 129 27 granskning
531 377 24 23 af
567 378 101 27 gällande
684 377 158 29 bestämningar

88 416 34 16 om
144 412 188 27 stämpelskattens
354 412 118 28 utgörande
494 412 101 28 framgår,
611 414 34 20 att
668 413 70 22 denna
761 412 80 23 skatt
829 408 15 38 i

87 446 58 22 vissa
155 446 45 26 fall,
208 446 69 22 såsom
287 447 7 20 i
302 446 62 28 fråga
374 453 34 16 om
419 447 127 22 domstolars
557 447 38 22 och
607 447 66 22 andra
684 447 157 28 myndigheters

88 481 154 27 expeditioner,
264 483 65 26 utgör
351 481 119 28 ersättning
494 482 33 22 till
549 483 71 21 staten
643 481 34 22 för
698 482 23 21 af
734 483 70 20 denna
819 483 23 21 åt

88 515 41 22 den
152 515 97 22 enskilde
271 516 99 21 lemnade
393 517 97 27 tjenster,
506 517 6 21 i
527 517 68 21 andra
609 516 38 22 fall
663 517 53 25 åter,
732 517 36 21 vid
783 517 58 22 skatt

87 549 28 28 på
136 550 83 27 inlagor
242 550 40 22 och
304 550 90 28 bilagor,
418 553 24 19 är
464 553 33 20 att
515 551 111 22 betraktas
641 552 70 21 såsom
727 551 7 21 i
749 551 93 22 förskott

87 584 86 22 lemnad
195 585 135 27 godtgörelse
352 585 33 22 för
406 585 100 28 påkallad
527 585 77 28 åtgärd
628 585 48 22 från
696 588 83 20 statens
795 586 46 21 sida

88 621 56 20 samt
163 619 7 21 i
188 619 68 28 öfriga
270 619 46 26 fall,
332 621 70 20 såsom
417 620 133 22 beträffande
565 619 182 28 stämpelafgiften
763 620 34 21 för
811 619 31 22 af-

87 653 134 28 handlingar,
236 654 130 27 upprättade
381 653 23 22 af
418 654 54 21 eller
486 655 89 21 emellan
591 654 102 27 enskilda,
709 654 40 21 har
764 654 78 22 karak-

87 689 62 20 tären
164 687 24 22 af
201 694 26 15 en
242 689 82 26 verklig
338 688 64 27 skatt,
419 695 25 15 en
460 689 59 22 skatt
533 690 28 26 på
576 689 165 26 transaktioner,
752 689 90 21 hvarvid

88 722 181 28 stämpelafgiften
285 723 99 27 vanligen
399 723 46 22 står
460 723 7 22 i
482 723 135 22 förhållande
632 723 33 22 till
679 723 76 22 värdet
769 723 24 22 af
802 723 40 22 den

88 757 109 27 egendom,
208 763 46 16 som
268 759 24 20 är
302 757 89 22 föremål
402 757 34 22 för
446 757 155 28 afhandlingen
612 758 52 21 eller
675 758 167 22 transaktionen.

87 791 34 22 Då
144 792 120 22 emellertid
288 793 63 21 dessa
374 792 58 22 olika
455 793 46 27 slag
522 792 24 22 af
559 792 137 28 beskattning
711 793 47 22 icke
773 792 70 23 blifvit

88 827 30 21 uti
140 827 98 26 gällande
262 826 124 29 förordning
408 829 105 26 noggrant
535 827 98 27 åtskilda,
643 821 52 27 har
711 827 36 22 det
762 829 81 20 ansetts

88 861 74 28 nödigt
184 863 33 20 att
238 861 34 22 för
295 862 103 21 vinnande
421 861 24 22 af
465 864 68 19 större
555 861 135 28 åskådlighet
708 861 31 23 uti
759 862 36 22 det
813 868 30 15 nu

89 896 119 27 uppgjorda
222 895 242 29 författningsförslaget
478 897 25 21 så
513 897 46 22 vidt
568 896 86 27 möjligt
664 896 99 27 iakttaga
773 897 70 21 denna

88 931 116 27 indelning.
234 931 49 22 Med
306 931 99 22 afseende
428 931 54 22 härå
504 930 64 23 hafva
591 931 100 27 samtliga
707 931 136 27 handlingar,

88 965 33 22 för
136 965 72 22 hvilka
223 965 153 28 stämpelafgift
390 966 42 21 kan
447 965 161 28 ifrågakomma,
624 965 7 21 i
645 965 94 28 enlighet
753 965 90 22 härmed

88 999 70 22 blifvit
173 1000 8 21 i
195 999 243 28 författningsförslaget
453 999 110 23 fördelade
577 1000 28 27 på
615 1001 33 20 tre
658 999 107 25 särskilda
775 1000 68 21 under

88 1034 25 28 $$
134 1034 20 27 3,
170 1035 13 20 4
202 1034 38 21 och
260 1035 12 21 6
289 1035 7 20 i
312 1034 113 22 alfabetisk
448 1034 155 28 ordningsföljd
625 1037 110 24 upptagna
757 1035 86 24 tariffer,

88 1068 50 22 med
152 1068 127 27 angifvande
294 1069 72 21 tillika
380 1068 24 22 af
418 1068 26 22 de
459 1069 108 27 undantag
581 1069 47 22 från
640 1069 144 27 beskattning,
795 1075 46 16 som

89 1103 57 22 inom
161 1103 73 27 hvarje
250 1103 60 22 tariff
324 1103 129 28 medgifvits.

157 1133 69 26 Äfven
247 1138 40 22 har
310 1138 38 21 det
369 1138 108 22 befunnits
496 1139 75 27 nödigt
585 1139 33 21 att
632 1137 47 22 från
694 1137 149 28 författnings-

89 1173 103 27 förslaget
210 1173 94 22 utesluta
319 1173 106 22 särskilda
440 1173 32 22 uti
487 1179 29 16 nu
530 1173 99 27 gällande
645 1172 124 28 förordning
784 1172 60 27 ingå-

89 1207 55 22 ende
160 1207 134 27 stadganden
313 1207 111 28 angående
442 1207 137 27 tillverkning
597 1207 40 22 och
651 1206 156 27 utkreditering
822 1206 24 22 af

90 1244 56 19 samt
164 1241 136 28 redovisning
317 1241 34 22 för
365 1242 173 27 stämpelpapper
553 1242 40 21 och
607 1241 182 28 stämpelmärken
805 1241 39 21 och

90 1276 145 22 sammanföra
258 1276 62 22 dessa
338 1276 159 28 bestämningar
515 1276 31 22 uti
562 1282 26 16 en
603 1275 92 23 särskild
710 1275 134 28 kungörelse,

90 1317 44 16 som
154 1313 25 19 är
197 1311 74 22 afsedd
290 1312 33 21 att
338 1311 97 22 utfärdas
450 1311 8 21 i
473 1310 157 23 administrativ
644 1312 47 26 väg.
721 1310 81 22 Genom
818 1316 26 16 en

90 1346 60 26 dylik
169 1346 120 26 anordning
307 1346 72 20 kunna
398 1345 62 21 dessa
475 1346 165 26 bestämningar,
655 1345 8 19 i
677 1344 104 21 händelse
796 1344 26 20 de
838 1344 8 20 i

90 1381 31 20 ett
136 1379 52 22 eller
203 1381 65 19 annat
284 1379 99 22 afseende
399 1379 97 21 befinnas
511 1378 120 28 olämpliga,
641 1378 78 28 jemväl
730 1380 52 20 utan
793 1377 52 22 tids-

90 1414 90 28 utdrägt
193 1414 143 23 underkastas
352 1413 140 29 erforderliga
507 1414 122 27 ändringar.
