1056 1714
304 131 82 24 Ständ.
402 132 39 23 Sv.
457 146 24 3 —
498 133 73 28 Prop.
586 133 41 23 N:o
642 133 21 22 4.
813 134 14 22 5

100 204 37 21 ger
155 198 53 21 eller
225 198 61 27 eljest
304 200 7 21 i
329 199 92 28 tjensten
435 200 78 21 varder
532 200 92 21 betrodt.
654 199 77 22 Finner
747 200 107 22 öfverexe-

100 232 64 22 kutor
179 234 32 20 att
226 234 181 26 utmätningsman
421 234 115 22 underlåtit
546 234 82 26 åtgärd,
637 240 44 15 som
692 234 33 21 till
735 234 119 22 bevarande

100 266 23 22 af
136 268 59 25 parts
211 268 43 20 rätt
269 268 39 20 och
323 268 100 21 säkerhet
432 270 25 18 är
466 267 148 27 föreskrifven,
626 268 52 21 eller
688 268 61 27 eljest
759 269 32 20 sin
802 268 53 27 pligt

100 300 105 27 eftersatt,
228 308 37 20 ege
289 302 168 26 öfverexekutor,
476 303 56 21 ändå
549 304 33 20 att
599 304 49 24 part
663 302 18 27 ej
696 302 58 22 förer
768 302 85 27 klagan,

100 336 98 22 meddela
221 336 40 23 den
284 336 84 22 felande
387 338 88 26 varning
495 337 50 21 eller
563 337 63 21 döma
643 336 79 22 honom
738 336 32 22 till
785 336 69 25 böter,

99 370 63 28 högst
177 371 126 22 femhundra
317 372 67 27 mark,
399 372 51 21 eller
465 373 32 20 att
511 372 66 21 varda
592 371 48 21 från
654 371 98 27 utöfning
766 371 24 21 af
799 370 54 28 tjen-

99 407 47 20 sten
168 406 56 22 skild
246 406 28 28 på
295 406 64 27 högst
380 408 33 20 tre
435 406 112 22 månaders
564 406 39 22 tid.
632 406 68 22 Anses
715 406 51 21 felet
781 405 72 21 kunna

99 440 96 22 medföra
209 440 86 22 svårare
309 440 67 27 straff,
392 441 51 22 eller
457 440 107 22 erfordras
579 440 114 28 utredning
705 441 36 21 vid
754 440 98 26 domstol,

98 475 66 21 varde
179 476 65 20 målet
258 476 31 21 dit
301 475 112 27 förvisadt;
425 476 41 22 och
481 482 37 21 ege
529 474 168 27 öfverexekutor,
706 477 38 19 när
752 474 46 22 skäl
806 474 47 21 der-

98 509 33 21 till
146 510 45 26 äro,
207 510 117 22 tillsvidare
340 510 81 22 afhålla
433 510 41 22 den
485 510 85 21 felande
580 508 46 23 från
636 510 102 26 tjenstens
749 508 102 27 utöfning.

168 544 62 22 Hvad
240 544 39 22 här
289 547 24 19 är
324 545 99 26 stadgadt
434 551 33 15 om
478 546 43 20 rätt
532 544 32 21 för
576 544 162 22 öfverexekutor
748 545 31 19 att
790 543 62 22 döma

99 579 179 27 utmätningsman
301 579 33 21 till
356 580 103 26 skiljande
478 579 47 22 från
543 578 97 28 utöfning
659 578 23 22 af
695 578 92 27 tjensten
802 578 51 21 eller

98 614 32 20 att
146 613 62 26 eljest
222 613 80 21 afhålla
317 613 77 22 honom
411 614 93 21 derifrån
518 614 35 20 må
567 613 18 27 ej
596 614 105 26 tillämpas
712 612 12 21 å
734 612 118 26 magistrat,

98 653 45 15 som
158 650 25 19 är
198 648 187 26 utmätningsman,
401 649 40 21 och
456 648 19 27 ej
491 648 67 21 heller
573 648 13 21 å
601 647 70 22 dertill
681 646 117 22 förordnad
808 653 44 15 ma-

98 682 181 26 gistratsledamot
294 682 7 21 i
316 682 73 22 vidare
405 683 56 26 mån,
477 684 27 20 än
519 684 33 20 att
560 682 43 22 han
613 682 33 21 får
656 682 46 21 från
712 681 140 27 utmätnings-

98 716 207 28 mansbefattningen
320 717 79 27 skiljas.
743 714 2 3 I

447 792 26 20 13
489 791 17 27 &.

167 848 126 22 Missfirmar
307 848 70 27 nägon
392 848 56 22 inför
464 848 163 22 öfverexekutor
638 847 52 22 eller
704 848 7 20 i
726 847 68 27 skrift,
806 853 44 16 som

98 882 32 22 till
145 882 78 22 honom
238 883 95 27 ingifves,
350 882 168 26 öfverexekutor,
534 883 32 21 sin
581 883 118 26 vederpart,
711 882 140 26 utmätnings-

98 922 48 16 man
158 917 52 21 eller
221 923 75 21 annan,
308 917 53 21 eller
370 916 102 22 förhäller
482 917 42 22 han
536 918 31 26 sig
578 916 108 22 derstädes
697 916 61 28 eljest
768 916 83 22 oskick-

97 952 45 27 ligt,
158 958 39 20 ege
213 952 162 22 öfverexekutor
390 951 51 22 fälla
451 952 78 22 honom
540 952 33 21 till
583 952 68 25 böter,
662 951 64 27 högst
737 950 114 22 etthundra

98 986 67 22 mark.
188 981 31 26 Är
233 986 82 22 brottet
329 986 92 26 svårare,
437 987 64 21 varde
517 987 65 21 målet
592 986 103 21 förvisadt
710 986 32 21 till
753 985 97 26 domstol,

98 1026 45 16 som
158 1020 7 22 i
181 1021 27 21 10
223 1020 48 28 kap.
287 1021 27 21 25
331 1020 11 28 $
356 1020 198 28 rättegångsbalken
570 1023 54 24 sägs.

428 1155 15 19 2
459 1156 61 24 Kap.

285 1220 52 23 Om
354 1219 163 28 lagsökning
534 1220 44 23 för
596 1220 71 27 gäld.

451 1286 46 27 18.

166 1343 45 20 Hos
227 1343 163 21 öfverexekutor
405 1343 35 20 må
454 1349 48 14 man
521 1343 33 20 för
568 1343 86 21 fordran
669 1343 13 20 å
695 1343 51 20 visst
756 1343 94 26 belopp
837 1339 16 36 i

97 1377 118 26 penningar
227 1377 52 20 eller
289 1382 69 21 varor,
367 1383 46 15 som
424 1377 31 20 till
466 1376 108 27 betalning
580 1376 96 26 förfallit,
684 1376 88 26 lagsöka
779 1375 71 27 gälde-

97 1413 45 25 när,
152 1417 34 16 om
193 1410 83 22 krafvet
283 1411 94 27 grundas
385 1411 13 21 å
405 1410 127 22 skuldebref
538 1410 51 21 eller
597 1410 67 21 andra
671 1409 105 27 skriftliga
784 1409 66 22 hand-

97 1446 75 27 lingar,
189 1452 44 15 som
249 1445 69 22 allena
334 1445 34 22 för
383 1446 31 26 sig
429 1447 75 26 utgöra
519 1445 49 22 fullt
583 1445 58 22 bevis
656 1444 33 22 för
704 1444 41 22 den
756 1444 93 22 fordran.
