<?xml version="1.0" encoding="UTF-8"?>
<alto xmlns="http://www.loc.gov/standards/alto/ns-v3#" xmlns:xlink="http://www.w3.org/1999/xlink" xmlns:xsi="http://www.w3.org/2001/XMLSchema-instance" xsi:schemaLocation="http://www.loc.gov/standards/alto/ns-v3# http://www.loc.gov/alto/v3/alto-3-0.xsd">
	<Description>
		<MeasurementUnit>pixel</MeasurementUnit>
		<sourceImageInformation>
			<fileName>/tmp/tess_mibpizn8_input.PNG</fileName>
		</sourceImageInformation>
		<OCRProcessing ID="OCR_0">
			<ocrProcessingStep>
				<processingSoftware>
					<softwareName>tesseract 5.3.4</softwareName>
				</processingSoftware>
			</ocrProcessingStep>
		</OCRProcessing>
	</Description>
	<Layout>
		<Page WIDTH="1039" HEIGHT="1725" PHYSICAL_IMG_NR="0" ID="page_0">
			<PrintSpace HPOS="0" VPOS="0" WIDTH="1039" HEIGHT="1725">
				<ComposedBlock ID="cblock_0" HPOS="210" VPOS="167" WIDTH="26" HEIGHT="19">
					<TextBlock ID="block_0" HPOS="210" VPOS="167" WIDTH="26" HEIGHT="19">
						<TextLine ID="line_0" HPOS="210" VPOS="167" WIDTH="26" HEIGHT="19">
							<String ID="string_0" HPOS="210" VPOS="167" WIDTH="26" HEIGHT="19" WC="0.96" CONTENT="24"/>
						</TextLine>
					</TextBlock>
				</ComposedBlock>
				<ComposedBlock ID="cblock_1" HPOS="400" VPOS="163" WIDTH="303" HEIGHT="29">
					<TextBlock ID="block_1" HPOS="400" VPOS="163" WIDTH="303" HEIGHT="29">
						<TextLine ID="line_1" HPOS="400" VPOS="163" WIDTH="303" HEIGHT="29">
							<String ID="string_1" HPOS="400" VPOS="165" WIDTH="30" HEIGHT="21" WC="0.93" CONTENT="U."/><SP WIDTH="16" VPOS="165" HPOS="430"/>
							<String ID="string_2" HPOS="446" VPOS="164" WIDTH="27" HEIGHT="22" WC="0.90" CONTENT="B."/><SP WIDTH="17" VPOS="164" HPOS="473"/>
							<String ID="string_3" HPOS="490" VPOS="170" WIDTH="32" HEIGHT="10" WC="0.92" CONTENT="—"/><SP WIDTH="10" VPOS="170" HPOS="522"/>
							<String ID="string_4" HPOS="532" VPOS="164" WIDTH="74" HEIGHT="28" WC="0.96" CONTENT="Prop."/><SP WIDTH="16" VPOS="164" HPOS="606"/>
							<String ID="string_5" HPOS="622" VPOS="163" WIDTH="45" HEIGHT="23" WC="0.90" CONTENT="Nio"/><SP WIDTH="15" VPOS="163" HPOS="667"/>
							<String ID="string_6" HPOS="682" VPOS="163" WIDTH="21" HEIGHT="22" WC="0.94" CONTENT="7."/>
						</TextLine>
					</TextBlock>
				</ComposedBlock>
				<ComposedBlock ID="cblock_2" HPOS="385" VPOS="230" WIDTH="550" HEIGHT="236">
					<TextBlock ID="block_2" HPOS="385" VPOS="230" WIDTH="550" HEIGHT="236">
						<TextLine ID="line_2" HPOS="385" VPOS="230" WIDTH="548" HEIGHT="30">
							<String ID="string_7" HPOS="385" VPOS="233" WIDTH="87" HEIGHT="27" WC="0.91" CONTENT="öfvas,"/><SP WIDTH="16" VPOS="233" HPOS="472"/>
							<String ID="string_8" HPOS="488" VPOS="233" WIDTH="68" HEIGHT="20" WC="0.93" CONTENT="skall"/><SP WIDTH="12" VPOS="233" HPOS="556"/>
							<String ID="string_9" HPOS="568" VPOS="231" WIDTH="203" HEIGHT="29" WC="0.40" CONTENT="stadfästelseä"/><SP WIDTH="11" VPOS="231" HPOS="771"/>
							<String ID="string_10" HPOS="782" VPOS="230" WIDTH="151" HEIGHT="28" WC="0.90" CONTENT="bolagsord-"/>
						</TextLine>
						<TextLine ID="line_3" HPOS="386" VPOS="262" WIDTH="548" HEIGHT="32">
							<String ID="string_11" HPOS="386" VPOS="267" WIDTH="103" HEIGHT="27" WC="0.94" CONTENT="ningen"/><SP WIDTH="33" VPOS="267" HPOS="489"/>
							<String ID="string_12" HPOS="522" VPOS="267" WIDTH="140" HEIGHT="21" WC="0.85" CONTENT="meddelas."/><SP WIDTH="38" VPOS="267" HPOS="662"/>
							<String ID="string_13" HPOS="700" VPOS="262" WIDTH="81" HEIGHT="32" WC="0.90" CONTENT="Afser"/><SP WIDTH="28" VPOS="262" HPOS="781"/>
							<String ID="string_14" HPOS="809" VPOS="266" WIDTH="125" HEIGHT="26" WC="0.96" CONTENT="bolagets"/>
						</TextLine>
						<TextLine ID="line_4" HPOS="386" VPOS="300" WIDTH="547" HEIGHT="28">
							<String ID="string_15" HPOS="386" VPOS="302" WIDTH="164" HEIGHT="20" WC="0.92" CONTENT="verksamhet"/><SP WIDTH="9" VPOS="302" HPOS="550"/>
							<String ID="string_16" HPOS="559" VPOS="300" WIDTH="183" HEIGHT="28" WC="0.90" CONTENT="drifvandeaf"/><SP WIDTH="10" VPOS="300" HPOS="742"/>
							<String ID="string_17" HPOS="752" VPOS="300" WIDTH="181" HEIGHT="28" WC="0.92" CONTENT="försäkrings-"/>
						</TextLine>
						<TextLine ID="line_5" HPOS="385" VPOS="334" WIDTH="550" HEIGHT="30">
							<String ID="string_18" HPOS="385" VPOS="336" WIDTH="107" HEIGHT="28" WC="0.96" CONTENT="rörelse,"/><SP WIDTH="10" VPOS="336" HPOS="492"/>
							<String ID="string_19" HPOS="502" VPOS="336" WIDTH="39" HEIGHT="20" WC="0.93" CONTENT="mä"/><SP WIDTH="15" VPOS="336" HPOS="541"/>
							<String ID="string_20" HPOS="556" VPOS="336" WIDTH="45" HEIGHT="21" WC="0.93" CONTENT="ock"/><SP WIDTH="17" VPOS="336" HPOS="601"/>
							<String ID="string_21" HPOS="618" VPOS="335" WIDTH="95" HEIGHT="21" WC="0.91" CONTENT="dervid"/><SP WIDTH="14" VPOS="335" HPOS="713"/>
							<String ID="string_22" HPOS="727" VPOS="334" WIDTH="208" HEIGHT="21" WC="0.78" CONTENT="pröfvas,huru-"/>
						</TextLine>
						<TextLine ID="line_6" HPOS="386" VPOS="368" WIDTH="547" HEIGHT="30">
							<String ID="string_23" HPOS="386" VPOS="371" WIDTH="64" HEIGHT="21" WC="0.95" CONTENT="vida"/><SP WIDTH="19" VPOS="371" HPOS="450"/>
							<String ID="string_24" HPOS="469" VPOS="371" WIDTH="57" HEIGHT="21" WC="0.95" CONTENT="med"/><SP WIDTH="14" VPOS="371" HPOS="526"/>
							<String ID="string_25" HPOS="540" VPOS="370" WIDTH="132" HEIGHT="28" WC="0.91" CONTENT="afseende"/><SP WIDTH="15" VPOS="370" HPOS="672"/>
							<String ID="string_26" HPOS="687" VPOS="370" WIDTH="14" HEIGHT="20" WC="0.91" CONTENT="å"/><SP WIDTH="15" VPOS="370" HPOS="701"/>
							<String ID="string_27" HPOS="716" VPOS="370" WIDTH="100" HEIGHT="20" WC="0.96" CONTENT="vidden"/><SP WIDTH="15" VPOS="370" HPOS="816"/>
							<String ID="string_28" HPOS="831" VPOS="369" WIDTH="48" HEIGHT="21" WC="0.93" CONTENT="och"/><SP WIDTH="16" VPOS="369" HPOS="879"/>
							<String ID="string_29" HPOS="895" VPOS="368" WIDTH="38" HEIGHT="21" WC="0.89" CONTENT="be-"/>
						</TextLine>
						<TextLine ID="line_7" HPOS="385" VPOS="403" WIDTH="549" HEIGHT="30">
							<String ID="string_30" HPOS="385" VPOS="405" WIDTH="204" HEIGHT="28" WC="0.91" CONTENT="skaffenheten"/><SP WIDTH="29" VPOS="405" HPOS="589"/>
							<String ID="string_31" HPOS="618" VPOS="404" WIDTH="30" HEIGHT="28" WC="0.96" CONTENT="af"/><SP WIDTH="27" VPOS="404" HPOS="648"/>
							<String ID="string_32" HPOS="675" VPOS="404" WIDTH="128" HEIGHT="27" WC="0.96" CONTENT="bolagets"/><SP WIDTH="24" VPOS="404" HPOS="803"/>
							<String ID="string_33" HPOS="827" VPOS="403" WIDTH="107" HEIGHT="21" WC="0.95" CONTENT="rörelse"/>
						</TextLine>
						<TextLine ID="line_8" HPOS="386" VPOS="438" WIDTH="549" HEIGHT="28">
							<String ID="string_34" HPOS="386" VPOS="440" WIDTH="149" HEIGHT="20" WC="0.95" CONTENT="särskilda"/><SP WIDTH="27" VPOS="440" HPOS="535"/>
							<String ID="string_35" HPOS="562" VPOS="439" WIDTH="209" HEIGHT="27" WC="0.95" CONTENT="bestämningar"/><SP WIDTH="29" VPOS="439" HPOS="771"/>
							<String ID="string_36" HPOS="800" VPOS="438" WIDTH="135" HEIGHT="28" WC="0.95" CONTENT="erfordras"/>
						</TextLine>
					</TextBlock>
				</ComposedBlock>
				<ComposedBlock ID="cblock_3" HPOS="637" VPOS="538" WIDTH="46" HEIGHT="27">
					<TextBlock ID="block_3" HPOS="637" VPOS="538" WIDTH="46" HEIGHT="27">
						<TextLine ID="line_9" HPOS="637" VPOS="538" WIDTH="46" HEIGHT="27">
							<String ID="string_37" HPOS="637" VPOS="538" WIDTH="46" HEIGHT="27" WC="0.77" CONTENT="7$."/>
						</TextLine>
					</TextBlock>
				</ComposedBlock>
				<ComposedBlock ID="cblock_4" HPOS="386" VPOS="600" WIDTH="553" HEIGHT="339">
					<TextBlock ID="block_4" HPOS="386" VPOS="600" WIDTH="553" HEIGHT="339">
						<TextLine ID="line_10" HPOS="457" VPOS="600" WIDTH="477" HEIGHT="29">
							<String ID="string_38" HPOS="457" VPOS="601" WIDTH="71" HEIGHT="21" WC="0.92" CONTENT="Sedan"/><SP WIDTH="8" VPOS="601" HPOS="528"/>
							<String ID="string_39" HPOS="536" VPOS="601" WIDTH="135" HEIGHT="28" WC="0.91" CONTENT="stadfästelse"/><SP WIDTH="8" VPOS="601" HPOS="671"/>
							<String ID="string_40" HPOS="679" VPOS="601" WIDTH="13" HEIGHT="21" WC="0.91" CONTENT="å"/><SP WIDTH="9" VPOS="601" HPOS="692"/>
							<String ID="string_41" HPOS="701" VPOS="601" WIDTH="168" HEIGHT="27" WC="0.92" CONTENT="bolagsordning"/><SP WIDTH="8" VPOS="601" HPOS="869"/>
							<String ID="string_42" HPOS="877" VPOS="600" WIDTH="57" HEIGHT="21" WC="0.90" CONTENT="med-"/>
						</TextLine>
						<TextLine ID="line_11" HPOS="386" VPOS="635" WIDTH="549" HEIGHT="28">
							<String ID="string_43" HPOS="386" VPOS="636" WIDTH="74" HEIGHT="26" WC="0.92" CONTENT="delats,"/><SP WIDTH="22" VPOS="636" HPOS="460"/>
							<String ID="string_44" HPOS="482" VPOS="635" WIDTH="90" HEIGHT="22" WC="0.92" CONTENT="tillsätte"/><SP WIDTH="23" VPOS="635" HPOS="572"/>
							<String ID="string_45" HPOS="595" VPOS="635" WIDTH="171" HEIGHT="28" WC="0.96" CONTENT="bolagsmännen"/><SP WIDTH="22" VPOS="635" HPOS="766"/>
							<String ID="string_46" HPOS="788" VPOS="635" WIDTH="89" HEIGHT="28" WC="0.94" CONTENT="styrelse"/><SP WIDTH="22" VPOS="635" HPOS="877"/>
							<String ID="string_47" HPOS="899" VPOS="635" WIDTH="36" HEIGHT="27" WC="0.94" CONTENT="för"/>
						</TextLine>
						<TextLine ID="line_12" HPOS="388" VPOS="669" WIDTH="548" HEIGHT="29">
							<String ID="string_48" HPOS="388" VPOS="670" WIDTH="80" HEIGHT="28" WC="0.96" CONTENT="bolaget"/><SP WIDTH="29" VPOS="670" HPOS="468"/>
							<String ID="string_49" HPOS="497" VPOS="671" WIDTH="38" HEIGHT="20" WC="0.92" CONTENT="och"/><SP WIDTH="24" VPOS="671" HPOS="535"/>
							<String ID="string_50" HPOS="559" VPOS="670" WIDTH="94" HEIGHT="21" WC="0.78" CONTENT="inbetale"/><SP WIDTH="22" VPOS="670" HPOS="653"/>
							<String ID="string_51" HPOS="675" VPOS="670" WIDTH="108" HEIGHT="27" WC="0.93" CONTENT="antingen"/><SP WIDTH="22" VPOS="670" HPOS="783"/>
							<String ID="string_52" HPOS="805" VPOS="669" WIDTH="131" HEIGHT="21" WC="0.96" CONTENT="omedelbart"/>
						</TextLine>
						<TextLine ID="line_13" HPOS="387" VPOS="704" WIDTH="548" HEIGHT="27">
							<String ID="string_53" HPOS="387" VPOS="705" WIDTH="51" HEIGHT="20" WC="0.96" CONTENT="eller"/><SP WIDTH="21" VPOS="705" HPOS="438"/>
							<String ID="string_54" HPOS="459" VPOS="705" WIDTH="61" HEIGHT="20" WC="0.96" CONTENT="inom"/><SP WIDTH="22" VPOS="705" HPOS="520"/>
							<String ID="string_55" HPOS="542" VPOS="705" WIDTH="42" HEIGHT="20" WC="0.96" CONTENT="den"/><SP WIDTH="15" VPOS="705" HPOS="584"/>
							<String ID="string_56" HPOS="599" VPOS="705" WIDTH="38" HEIGHT="26" WC="0.96" CONTENT="tid,"/><SP WIDTH="16" VPOS="705" HPOS="637"/>
							<String ID="string_57" HPOS="653" VPOS="711" WIDTH="46" HEIGHT="14" WC="0.96" CONTENT="som"/><SP WIDTH="15" VPOS="711" HPOS="699"/>
							<String ID="string_58" HPOS="714" VPOS="705" WIDTH="9" HEIGHT="20" WC="0.96" CONTENT="i"/><SP WIDTH="16" VPOS="705" HPOS="723"/>
							<String ID="string_59" HPOS="739" VPOS="704" WIDTH="196" HEIGHT="27" WC="0.96" CONTENT="bolagsordningen"/>
						</TextLine>
						<TextLine ID="line_14" HPOS="386" VPOS="738" WIDTH="553" HEIGHT="28">
							<String ID="string_60" HPOS="386" VPOS="739" WIDTH="73" HEIGHT="27" WC="0.93" CONTENT="finnes"/><SP WIDTH="19" VPOS="739" HPOS="459"/>
							<String ID="string_61" HPOS="478" VPOS="741" WIDTH="74" HEIGHT="25" WC="0.93" CONTENT="utsatt,"/><SP WIDTH="18" VPOS="741" HPOS="552"/>
							<String ID="string_62" HPOS="570" VPOS="739" WIDTH="83" HEIGHT="21" WC="0.92" CONTENT="enhvar"/><SP WIDTH="17" VPOS="739" HPOS="653"/>
							<String ID="string_63" HPOS="670" VPOS="739" WIDTH="70" HEIGHT="20" WC="0.96" CONTENT="minst"/><SP WIDTH="15" VPOS="739" HPOS="740"/>
							<String ID="string_64" HPOS="755" VPOS="745" WIDTH="26" HEIGHT="14" WC="0.96" CONTENT="en"/><SP WIDTH="15" VPOS="745" HPOS="781"/>
							<String ID="string_65" HPOS="796" VPOS="739" WIDTH="100" HEIGHT="27" WC="0.96" CONTENT="femtedel"/><SP WIDTH="14" VPOS="739" HPOS="896"/>
							<String ID="string_66" HPOS="910" VPOS="738" WIDTH="29" HEIGHT="28" WC="0.96" CONTENT="af"/>
						</TextLine>
						<TextLine ID="line_15" HPOS="387" VPOS="773" WIDTH="548" HEIGHT="28">
							<String ID="string_67" HPOS="387" VPOS="773" WIDTH="96" HEIGHT="28" WC="0.96" CONTENT="beloppet"/><SP WIDTH="13" VPOS="773" HPOS="483"/>
							<String ID="string_68" HPOS="496" VPOS="773" WIDTH="29" HEIGHT="28" WC="0.96" CONTENT="af"/><SP WIDTH="11" VPOS="773" HPOS="525"/>
							<String ID="string_69" HPOS="536" VPOS="773" WIDTH="75" HEIGHT="28" WC="0.92" CONTENT="hvarje"/><SP WIDTH="17" VPOS="773" HPOS="611"/>
							<String ID="string_70" HPOS="628" VPOS="773" WIDTH="114" HEIGHT="28" WC="0.92" CONTENT="bolagslott"/><SP WIDTH="9" VPOS="773" HPOS="742"/>
							<String ID="string_71" HPOS="751" VPOS="773" WIDTH="52" HEIGHT="21" WC="0.96" CONTENT="eller"/><SP WIDTH="9" VPOS="773" HPOS="803"/>
							<String ID="string_72" HPOS="812" VPOS="773" WIDTH="63" HEIGHT="26" WC="0.96" CONTENT="aktie,"/><SP WIDTH="13" VPOS="773" HPOS="875"/>
							<String ID="string_73" HPOS="888" VPOS="779" WIDTH="47" HEIGHT="15" WC="0.96" CONTENT="som"/>
						</TextLine>
						<TextLine ID="line_16" HPOS="386" VPOS="808" WIDTH="549" HEIGHT="27">
							<String ID="string_74" HPOS="386" VPOS="808" WIDTH="29" HEIGHT="27" WC="0.94" CONTENT="af"/><SP WIDTH="11" VPOS="808" HPOS="415"/>
							<String ID="string_75" HPOS="426" VPOS="809" WIDTH="80" HEIGHT="20" WC="0.90" CONTENT="honom"/><SP WIDTH="16" VPOS="809" HPOS="506"/>
							<String ID="string_76" HPOS="522" VPOS="808" WIDTH="133" HEIGHT="27" WC="0.90" CONTENT="öfvertagits,"/><SP WIDTH="16" VPOS="808" HPOS="655"/>
							<String ID="string_77" HPOS="671" VPOS="808" WIDTH="38" HEIGHT="21" WC="0.95" CONTENT="och"/><SP WIDTH="12" VPOS="808" HPOS="709"/>
							<String ID="string_78" HPOS="721" VPOS="808" WIDTH="60" HEIGHT="21" WC="0.93" CONTENT="skola"/><SP WIDTH="18" VPOS="808" HPOS="781"/>
							<String ID="string_79" HPOS="799" VPOS="808" WIDTH="136" HEIGHT="27" WC="0.91" CONTENT="bolagsmän-"/>
						</TextLine>
						<TextLine ID="line_17" HPOS="386" VPOS="842" WIDTH="549" HEIGHT="29">
							<String ID="string_80" HPOS="386" VPOS="849" WIDTH="44" HEIGHT="14" WC="0.72" CONTENT="nen"/><SP WIDTH="14" VPOS="849" HPOS="430"/>
							<String ID="string_81" HPOS="444" VPOS="849" WIDTH="77" HEIGHT="21" WC="0.95" CONTENT="genom"/><SP WIDTH="11" VPOS="849" HPOS="521"/>
							<String ID="string_82" HPOS="532" VPOS="843" WIDTH="131" HEIGHT="28" WC="0.92" CONTENT="anteckning"/><SP WIDTH="12" VPOS="843" HPOS="663"/>
							<String ID="string_83" HPOS="675" VPOS="843" WIDTH="14" HEIGHT="20" WC="0.87" CONTENT="å"/><SP WIDTH="10" VPOS="843" HPOS="689"/>
							<String ID="string_84" HPOS="699" VPOS="842" WIDTH="236" HEIGHT="28" WC="0.91" CONTENT="bolagsafhandlingen"/>
						</TextLine>
						<TextLine ID="line_18" HPOS="388" VPOS="876" WIDTH="547" HEIGHT="28">
							<String ID="string_85" HPOS="388" VPOS="877" WIDTH="97" HEIGHT="27" WC="0.93" CONTENT="bekräfta"/><SP WIDTH="27" VPOS="877" HPOS="485"/>
							<String ID="string_86" HPOS="512" VPOS="879" WIDTH="32" HEIGHT="19" WC="0.94" CONTENT="att"/><SP WIDTH="27" VPOS="879" HPOS="544"/>
							<String ID="string_87" HPOS="571" VPOS="878" WIDTH="34" HEIGHT="20" WC="0.92" CONTENT="det"/><SP WIDTH="28" VPOS="878" HPOS="605"/>
							<String ID="string_88" HPOS="633" VPOS="877" WIDTH="135" HEIGHT="27" WC="0.91" CONTENT="föreskrifna"/><SP WIDTH="29" VPOS="877" HPOS="768"/>
							<String ID="string_89" HPOS="797" VPOS="877" WIDTH="96" HEIGHT="27" WC="0.93" CONTENT="beloppet"/><SP WIDTH="27" VPOS="877" HPOS="893"/>
							<String ID="string_90" HPOS="920" VPOS="876" WIDTH="15" HEIGHT="21" WC="0.92" CONTENT="å"/>
						</TextLine>
						<TextLine ID="line_19" HPOS="387" VPOS="912" WIDTH="361" HEIGHT="27">
							<String ID="string_91" HPOS="387" VPOS="912" WIDTH="74" HEIGHT="27" WC="0.94" CONTENT="hvarje"/><SP WIDTH="15" VPOS="912" HPOS="461"/>
							<String ID="string_92" HPOS="476" VPOS="912" WIDTH="57" HEIGHT="21" WC="0.96" CONTENT="aktie"/><SP WIDTH="15" VPOS="912" HPOS="533"/>
							<String ID="string_93" HPOS="548" VPOS="912" WIDTH="75" HEIGHT="27" WC="0.93" CONTENT="blifvit"/><SP WIDTH="14" VPOS="912" HPOS="623"/>
							<String ID="string_94" HPOS="637" VPOS="912" WIDTH="111" HEIGHT="20" WC="0.87" CONTENT="inbetaldt."/>
						</TextLine>
					</TextBlock>
				</ComposedBlock>
				<ComposedBlock ID="cblock_5" HPOS="639" VPOS="1011" WIDTH="48" HEIGHT="24">
					<TextBlock ID="block_5" HPOS="639" VPOS="1011" WIDTH="48" HEIGHT="24">
						<TextLine ID="line_20" HPOS="639" VPOS="1011" WIDTH="48" HEIGHT="24">
							<String ID="string_95" HPOS="639" VPOS="1011" WIDTH="11" HEIGHT="20" WC="0.50" CONTENT="O"/><SP WIDTH="18" VPOS="1011" HPOS="650"/>
							<String ID="string_96" HPOS="668" VPOS="1012" WIDTH="19" HEIGHT="23" WC="0.49" CONTENT="8."/>
						</TextLine>
					</TextBlock>
				</ComposedBlock>
				<ComposedBlock ID="cblock_6" HPOS="386" VPOS="1066" WIDTH="551" HEIGHT="439">
					<TextBlock ID="block_6" HPOS="386" VPOS="1066" WIDTH="551" HEIGHT="439">
						<TextLine ID="line_21" HPOS="461" VPOS="1066" WIDTH="474" HEIGHT="29">
							<String ID="string_97" HPOS="461" VPOS="1067" WIDTH="57" HEIGHT="28" WC="0.96" CONTENT="Vilja"/><SP WIDTH="15" VPOS="1067" HPOS="518"/>
							<String ID="string_98" HPOS="533" VPOS="1069" WIDTH="31" HEIGHT="19" WC="0.96" CONTENT="tre"/><SP WIDTH="15" VPOS="1069" HPOS="564"/>
							<String ID="string_99" HPOS="579" VPOS="1068" WIDTH="52" HEIGHT="20" WC="0.93" CONTENT="eller"/><SP WIDTH="13" VPOS="1068" HPOS="631"/>
							<String ID="string_100" HPOS="644" VPOS="1067" WIDTH="55" HEIGHT="27" WC="0.92" CONTENT="flere"/><SP WIDTH="14" VPOS="1067" HPOS="699"/>
							<String ID="string_101" HPOS="713" VPOS="1066" WIDTH="82" HEIGHT="28" WC="0.93" CONTENT="stifta"/><SP WIDTH="14" VPOS="1066" HPOS="795"/>
							<String ID="string_102" HPOS="809" VPOS="1066" WIDTH="126" HEIGHT="28" WC="0.90" CONTENT="aktiebolag,"/>
						</TextLine>
						<TextLine ID="line_22" HPOS="387" VPOS="1100" WIDTH="546" HEIGHT="29">
							<String ID="string_103" HPOS="387" VPOS="1108" WIDTH="49" HEIGHT="14" WC="0.92" CONTENT="men"/><SP WIDTH="16" VPOS="1108" HPOS="436"/>
							<String ID="string_104" HPOS="452" VPOS="1102" WIDTH="74" HEIGHT="27" WC="0.64" CONTENT="sjelfve"/><SP WIDTH="17" VPOS="1102" HPOS="526"/>
							<String ID="string_105" HPOS="543" VPOS="1102" WIDTH="111" HEIGHT="27" WC="0.92" CONTENT="öfvertaga"/><SP WIDTH="15" VPOS="1102" HPOS="654"/>
							<String ID="string_106" HPOS="669" VPOS="1101" WIDTH="77" HEIGHT="21" WC="0.96" CONTENT="endast"/><SP WIDTH="14" VPOS="1101" HPOS="746"/>
							<String ID="string_107" HPOS="760" VPOS="1108" WIDTH="27" HEIGHT="14" WC="0.96" CONTENT="en"/><SP WIDTH="10" VPOS="1108" HPOS="787"/>
							<String ID="string_108" HPOS="797" VPOS="1101" WIDTH="34" HEIGHT="21" WC="0.96" CONTENT="del"/><SP WIDTH="10" VPOS="1101" HPOS="831"/>
							<String ID="string_109" HPOS="841" VPOS="1101" WIDTH="28" HEIGHT="27" WC="0.93" CONTENT="af"/><SP WIDTH="7" VPOS="1101" HPOS="869"/>
							<String ID="string_110" HPOS="876" VPOS="1100" WIDTH="57" HEIGHT="21" WC="0.92" CONTENT="akti-"/>
						</TextLine>
						<TextLine ID="line_23" HPOS="388" VPOS="1135" WIDTH="548" HEIGHT="28">
							<String ID="string_111" HPOS="388" VPOS="1143" WIDTH="52" HEIGHT="14" WC="0.92" CONTENT="erna"/><SP WIDTH="20" VPOS="1143" HPOS="440"/>
							<String ID="string_112" HPOS="460" VPOS="1136" WIDTH="38" HEIGHT="21" WC="0.93" CONTENT="och"/><SP WIDTH="20" VPOS="1136" HPOS="498"/>
							<String ID="string_113" HPOS="518" VPOS="1136" WIDTH="46" HEIGHT="21" WC="0.91" CONTENT="läta"/><SP WIDTH="14" VPOS="1136" HPOS="564"/>
							<String ID="string_114" HPOS="578" VPOS="1136" WIDTH="24" HEIGHT="21" WC="0.93" CONTENT="de"/><SP WIDTH="15" VPOS="1136" HPOS="602"/>
							<String ID="string_115" HPOS="617" VPOS="1136" WIDTH="73" HEIGHT="27" WC="0.92" CONTENT="öfriga"/><SP WIDTH="15" VPOS="1136" HPOS="690"/>
							<String ID="string_116" HPOS="705" VPOS="1135" WIDTH="54" HEIGHT="28" WC="0.96" CONTENT="efter"/><SP WIDTH="15" VPOS="1135" HPOS="759"/>
							<String ID="string_117" HPOS="774" VPOS="1135" WIDTH="60" HEIGHT="21" WC="0.92" CONTENT="hand"/><SP WIDTH="15" VPOS="1135" HPOS="834"/>
							<String ID="string_118" HPOS="849" VPOS="1135" WIDTH="87" HEIGHT="21" WC="0.90" CONTENT="tecknas"/>
						</TextLine>
						<TextLine ID="line_24" HPOS="387" VPOS="1169" WIDTH="548" HEIGHT="28">
							<String ID="string_119" HPOS="387" VPOS="1170" WIDTH="29" HEIGHT="27" WC="0.95" CONTENT="af"/><SP WIDTH="25" VPOS="1170" HPOS="416"/>
							<String ID="string_120" HPOS="441" VPOS="1171" WIDTH="77" HEIGHT="26" WC="0.93" CONTENT="andra,"/><SP WIDTH="24" VPOS="1171" HPOS="518"/>
							<String ID="string_121" HPOS="542" VPOS="1171" WIDTH="184" HEIGHT="26" WC="0.87" CONTENT="öfverenskomme"/><SP WIDTH="23" VPOS="1171" HPOS="726"/>
							<String ID="string_122" HPOS="749" VPOS="1169" WIDTH="126" HEIGHT="28" WC="0.96" CONTENT="skriftligen"/><SP WIDTH="26" VPOS="1169" HPOS="875"/>
							<String ID="string_123" HPOS="901" VPOS="1169" WIDTH="34" HEIGHT="28" WC="0.96" CONTENT="sig"/>
						</TextLine>
						<TextLine ID="line_25" HPOS="388" VPOS="1204" WIDTH="546" HEIGHT="28">
							<String ID="string_124" HPOS="388" VPOS="1205" WIDTH="98" HEIGHT="26" WC="0.96" CONTENT="emellan,"/><SP WIDTH="21" VPOS="1205" HPOS="486"/>
							<String ID="string_125" HPOS="507" VPOS="1205" WIDTH="73" HEIGHT="20" WC="0.96" CONTENT="såsom"/><SP WIDTH="17" VPOS="1205" HPOS="580"/>
							<String ID="string_126" HPOS="597" VPOS="1205" WIDTH="10" HEIGHT="20" WC="0.69" CONTENT="i"/><SP WIDTH="14" VPOS="1205" HPOS="607"/>
							<String ID="string_127" HPOS="621" VPOS="1205" WIDTH="12" HEIGHT="20" WC="0.69" CONTENT="1"/><SP WIDTH="14" VPOS="1205" HPOS="633"/>
							<String ID="string_128" HPOS="647" VPOS="1205" WIDTH="16" HEIGHT="26" WC="0.88" CONTENT="$"/><SP WIDTH="14" VPOS="1205" HPOS="663"/>
							<String ID="string_129" HPOS="677" VPOS="1206" WIDTH="64" HEIGHT="26" WC="0.96" CONTENT="sagts,"/><SP WIDTH="16" VPOS="1206" HPOS="741"/>
							<String ID="string_130" HPOS="757" VPOS="1211" WIDTH="36" HEIGHT="14" WC="0.93" CONTENT="om"/><SP WIDTH="17" VPOS="1211" HPOS="793"/>
							<String ID="string_131" HPOS="810" VPOS="1204" WIDTH="124" HEIGHT="27" WC="0.92" CONTENT="bolagsord-"/>
						</TextLine>
						<TextLine ID="line_26" HPOS="387" VPOS="1238" WIDTH="547" HEIGHT="28">
							<String ID="string_132" HPOS="387" VPOS="1239" WIDTH="55" HEIGHT="27" WC="0.96" CONTENT="ning"/><SP WIDTH="18" VPOS="1239" HPOS="442"/>
							<String ID="string_133" HPOS="460" VPOS="1239" WIDTH="38" HEIGHT="21" WC="0.96" CONTENT="och"/><SP WIDTH="15" VPOS="1239" HPOS="498"/>
							<String ID="string_134" HPOS="513" VPOS="1239" WIDTH="58" HEIGHT="20" WC="0.93" CONTENT="huru"/><SP WIDTH="15" VPOS="1239" HPOS="571"/>
							<String ID="string_135" HPOS="586" VPOS="1239" WIDTH="82" HEIGHT="27" WC="0.96" CONTENT="många"/><SP WIDTH="15" VPOS="1239" HPOS="668"/>
							<String ID="string_136" HPOS="683" VPOS="1239" WIDTH="69" HEIGHT="20" WC="0.93" CONTENT="aktier"/><SP WIDTH="12" VPOS="1239" HPOS="752"/>
							<String ID="string_137" HPOS="764" VPOS="1238" WIDTH="83" HEIGHT="21" WC="0.92" CONTENT="enhvar"/><SP WIDTH="15" VPOS="1238" HPOS="847"/>
							<String ID="string_138" HPOS="862" VPOS="1239" WIDTH="72" HEIGHT="26" WC="0.86" CONTENT="öfver-"/>
						</TextLine>
						<TextLine ID="line_27" HPOS="388" VPOS="1272" WIDTH="547" HEIGHT="27">
							<String ID="string_139" HPOS="388" VPOS="1275" WIDTH="65" HEIGHT="24" WC="0.90" CONTENT="tager,"/><SP WIDTH="26" VPOS="1275" HPOS="453"/>
							<String ID="string_140" HPOS="479" VPOS="1275" WIDTH="59" HEIGHT="18" WC="0.92" CONTENT="samt"/><SP WIDTH="22" VPOS="1275" HPOS="538"/>
							<String ID="string_141" HPOS="560" VPOS="1273" WIDTH="87" HEIGHT="20" WC="0.90" CONTENT="utverke"/><SP WIDTH="24" VPOS="1273" HPOS="647"/>
							<String ID="string_142" HPOS="671" VPOS="1273" WIDTH="106" HEIGHT="20" WC="0.90" CONTENT="Senatens"/><SP WIDTH="22" VPOS="1273" HPOS="777"/>
							<String ID="string_143" HPOS="799" VPOS="1272" WIDTH="136" HEIGHT="27" WC="0.92" CONTENT="stadfästelse"/>
						</TextLine>
						<TextLine ID="line_28" HPOS="387" VPOS="1305" WIDTH="547" HEIGHT="28">
							<String ID="string_144" HPOS="387" VPOS="1305" WIDTH="14" HEIGHT="21" WC="0.91" CONTENT="å"/><SP WIDTH="20" VPOS="1305" HPOS="401"/>
							<String ID="string_145" HPOS="421" VPOS="1306" WIDTH="206" HEIGHT="27" WC="0.96" CONTENT="bolagsordningen;"/><SP WIDTH="19" VPOS="1306" HPOS="627"/>
							<String ID="string_146" HPOS="646" VPOS="1306" WIDTH="38" HEIGHT="20" WC="0.93" CONTENT="och"/><SP WIDTH="15" VPOS="1306" HPOS="684"/>
							<String ID="string_147" HPOS="699" VPOS="1306" WIDTH="72" HEIGHT="20" WC="0.92" CONTENT="teckne"/><SP WIDTH="14" VPOS="1306" HPOS="771"/>
							<String ID="string_148" HPOS="785" VPOS="1306" WIDTH="68" HEIGHT="20" WC="0.93" CONTENT="sedan"/><SP WIDTH="14" VPOS="1306" HPOS="853"/>
							<String ID="string_149" HPOS="867" VPOS="1305" WIDTH="14" HEIGHT="20" WC="0.91" CONTENT="ä"/><SP WIDTH="16" VPOS="1305" HPOS="881"/>
							<String ID="string_150" HPOS="897" VPOS="1305" WIDTH="37" HEIGHT="21" WC="0.90" CONTENT="bo-"/>
						</TextLine>
						<TextLine ID="line_29" HPOS="388" VPOS="1339" WIDTH="546" HEIGHT="28">
							<String ID="string_151" HPOS="388" VPOS="1339" WIDTH="208" HEIGHT="28" WC="0.89" CONTENT="lagsafhandlingen"/><SP WIDTH="14" VPOS="1339" HPOS="596"/>
							<String ID="string_152" HPOS="610" VPOS="1339" WIDTH="135" HEIGHT="28" WC="0.88" CONTENT="inbjudning"/><SP WIDTH="17" VPOS="1339" HPOS="745"/>
							<String ID="string_153" HPOS="762" VPOS="1339" WIDTH="35" HEIGHT="21" WC="0.95" CONTENT="till"/><SP WIDTH="10" VPOS="1339" HPOS="797"/>
							<String ID="string_154" HPOS="807" VPOS="1339" WIDTH="24" HEIGHT="21" WC="0.93" CONTENT="de"/><SP WIDTH="10" VPOS="1339" HPOS="831"/>
							<String ID="string_155" HPOS="841" VPOS="1339" WIDTH="93" HEIGHT="21" WC="0.90" CONTENT="äterstä-"/>
						</TextLine>
						<TextLine ID="line_30" HPOS="388" VPOS="1374" WIDTH="549" HEIGHT="28">
							<String ID="string_156" HPOS="388" VPOS="1375" WIDTH="52" HEIGHT="20" WC="0.95" CONTENT="ende"/><SP WIDTH="22" VPOS="1375" HPOS="440"/>
							<String ID="string_157" HPOS="462" VPOS="1374" WIDTH="111" HEIGHT="21" WC="0.91" CONTENT="aktiernas"/><SP WIDTH="22" VPOS="1374" HPOS="573"/>
							<String ID="string_158" HPOS="595" VPOS="1374" WIDTH="160" HEIGHT="28" WC="0.86" CONTENT="öfvertagande,"/><SP WIDTH="23" VPOS="1374" HPOS="755"/>
							<String ID="string_159" HPOS="778" VPOS="1374" WIDTH="49" HEIGHT="21" WC="0.93" CONTENT="med"/><SP WIDTH="20" VPOS="1374" HPOS="827"/>
							<String ID="string_160" HPOS="847" VPOS="1374" WIDTH="90" HEIGHT="28" WC="0.96" CONTENT="uppgift"/>
						</TextLine>
						<TextLine ID="line_31" HPOS="388" VPOS="1409" WIDTH="547" HEIGHT="28">
							<String ID="string_161" HPOS="388" VPOS="1409" WIDTH="72" HEIGHT="20" WC="0.96" CONTENT="tillika"/><SP WIDTH="16" VPOS="1409" HPOS="460"/>
							<String ID="string_162" HPOS="476" VPOS="1415" WIDTH="35" HEIGHT="14" WC="0.96" CONTENT="om"/><SP WIDTH="14" VPOS="1415" HPOS="511"/>
							<String ID="string_163" HPOS="525" VPOS="1409" WIDTH="41" HEIGHT="20" WC="0.96" CONTENT="den"/><SP WIDTH="14" VPOS="1409" HPOS="566"/>
							<String ID="string_164" HPOS="580" VPOS="1409" WIDTH="80" HEIGHT="28" WC="0.96" CONTENT="grund,"/><SP WIDTH="15" VPOS="1409" HPOS="660"/>
							<String ID="string_165" HPOS="675" VPOS="1409" WIDTH="55" HEIGHT="28" WC="0.96" CONTENT="efter"/><SP WIDTH="15" VPOS="1409" HPOS="730"/>
							<String ID="string_166" HPOS="745" VPOS="1409" WIDTH="92" HEIGHT="27" WC="0.96" CONTENT="hvilken,"/><SP WIDTH="16" VPOS="1409" HPOS="837"/>
							<String ID="string_167" HPOS="853" VPOS="1409" WIDTH="9" HEIGHT="20" WC="0.93" CONTENT="i"/><SP WIDTH="15" VPOS="1409" HPOS="862"/>
							<String ID="string_168" HPOS="877" VPOS="1409" WIDTH="58" HEIGHT="20" WC="0.92" CONTENT="hän-"/>
						</TextLine>
						<TextLine ID="line_32" HPOS="388" VPOS="1443" WIDTH="548" HEIGHT="28">
							<String ID="string_169" HPOS="388" VPOS="1443" WIDTH="55" HEIGHT="21" WC="0.96" CONTENT="delse"/><SP WIDTH="12" VPOS="1443" HPOS="443"/>
							<String ID="string_170" HPOS="455" VPOS="1443" WIDTH="31" HEIGHT="28" WC="0.85" CONTENT="&#39;af"/><SP WIDTH="12" VPOS="1443" HPOS="486"/>
							<String ID="string_171" HPOS="498" VPOS="1443" WIDTH="167" HEIGHT="28" WC="0.91" CONTENT="öfverteckning,"/><SP WIDTH="9" VPOS="1443" HPOS="665"/>
							<String ID="string_172" HPOS="674" VPOS="1444" WIDTH="31" HEIGHT="21" WC="0.93" CONTENT="de"/><SP WIDTH="10" VPOS="1444" HPOS="705"/>
							<String ID="string_173" HPOS="715" VPOS="1443" WIDTH="110" HEIGHT="28" WC="0.92" CONTENT="utbjudna"/><SP WIDTH="11" VPOS="1443" HPOS="825"/>
							<String ID="string_174" HPOS="836" VPOS="1443" WIDTH="100" HEIGHT="21" WC="0.95" CONTENT="aktierna"/>
						</TextLine>
						<TextLine ID="line_33" HPOS="386" VPOS="1478" WIDTH="176" HEIGHT="27">
							<String ID="string_175" HPOS="386" VPOS="1478" WIDTH="61" HEIGHT="21" WC="0.96" CONTENT="skola"/><SP WIDTH="14" VPOS="1478" HPOS="447"/>
							<String ID="string_176" HPOS="461" VPOS="1478" WIDTH="101" HEIGHT="27" WC="0.96" CONTENT="fördelas."/>
						</TextLine>
					</TextBlock>
				</ComposedBlock>
				<ComposedBlock ID="cblock_7" HPOS="252" VPOS="1517" WIDTH="489" HEIGHT="24">
					<TextBlock ID="block_7" HPOS="252" VPOS="1517" WIDTH="489" HEIGHT="24">
						<TextLine ID="line_34" HPOS="252" VPOS="1517" WIDTH="489" HEIGHT="24">
							<String ID="string_177" HPOS="252" VPOS="1519" WIDTH="47" HEIGHT="22" WC="0.88" CONTENT="Lag-"/><SP WIDTH="13" VPOS="1519" HPOS="299"/>
							<String ID="string_178" HPOS="312" VPOS="1517" WIDTH="32" HEIGHT="18" WC="0.93" CONTENT="och"/><SP WIDTH="12" VPOS="1517" HPOS="344"/>
							<String ID="string_179" HPOS="356" VPOS="1517" WIDTH="182" HEIGHT="18" WC="0.91" CONTENT="Ekonomiutskottets"/><SP WIDTH="12" VPOS="1517" HPOS="538"/>
							<String ID="string_180" HPOS="550" VPOS="1517" WIDTH="111" HEIGHT="18" WC="0.55" CONTENT="betänkandö"/><SP WIDTH="12" VPOS="1517" HPOS="661"/>
							<String ID="string_181" HPOS="673" VPOS="1519" WIDTH="38" HEIGHT="16" WC="0.96" CONTENT="N:o"/><SP WIDTH="12" VPOS="1519" HPOS="711"/>
							<String ID="string_182" HPOS="723" VPOS="1518" WIDTH="18" HEIGHT="17" WC="0.96" CONTENT="2."/>
						</TextLine>
					</TextBlock>
				</ComposedBlock>
			</PrintSpace>
		</Page>
	</Layout>
</alto>
