1025 1717
773 148 25 20 15

423 218 25 19 13
465 218 18 23 8.

141 262 40 20 Har
203 262 72 26 någon,
291 268 42 14 som
349 263 17 24 ej
383 262 66 25 vädjat
464 264 41 18 mot
521 263 114 19 underrätts
650 263 52 23 dom,
718 264 61 18 stämt
794 268 32 14 om

73 296 128 25 återvinning
222 296 64 26 enligt
308 297 25 19 12
356 296 45 26 kap.
423 296 194 26 rättegångsbalken,
639 296 48 20 eller
704 297 36 19 har
754 296 73 26 någon,

73 330 72 20 endast
163 330 26 26 på
204 331 65 24 grund
284 331 20 19 af
319 331 93 20 domvilla
428 331 48 20 eller
490 336 66 14 annan
571 330 117 26 felaktighet
703 331 6 19 i
724 330 101 26 rättegån-

71 371 44 19 gen,
137 364 37 20 hos
195 365 60 25 högre
270 367 41 17 rätt
326 365 60 25 yrkat
400 365 100 25 ogillande
514 366 20 19 af
548 366 51 24 dom,
614 365 80 20 hvilken
709 366 35 19 bör
759 364 67 21 såsom

71 399 44 25 laga
129 400 54 19 kraft
198 406 81 13 vunnen
294 405 65 19 anses,
374 400 66 25 gånge
455 402 47 18 utan
518 400 70 19 hinder
602 400 55 19 deraf
669 400 73 19 domen
752 400 6 19 i
769 399 58 20 verk-

72 434 107 25 ställighet,
195 434 22 19 så
232 434 42 19 vidt
289 433 17 26 ej
322 436 72 23 rätten,
409 435 35 18 der
459 434 62 20 sådan
537 434 53 20 talan
605 436 22 17 är
637 434 107 25 anhängig,
754 439 71 14 annor-

71 468 55 20 ledes
142 469 107 19 förordnar.

139 502 21 25 Ej
177 503 33 19 må
224 503 89 19 ansökan
328 509 32 13 om
376 503 82 25 resning
472 503 71 19 hindra
557 503 57 19 doms
629 502 118 20 fullbordan.

423 584 25 19 14
465 585 17 23 8.

142 625 79 24 Ändras
243 629 48 19 eller
313 629 111 25 upphäfves
447 629 53 25 dom,
521 629 61 20 hvarä
597 629 118 26 utmätning,
731 629 95 26 gvarstad

71 663 47 20 eller
133 669 66 14 annan
215 663 149 25 verkställighet
379 663 47 26 följt,
441 663 69 26 gänge,
526 663 52 20 ändä
592 665 31 18 att
638 663 71 26 klagan
724 663 55 20 öfver
794 668 30 15 se-

72 703 47 14 nare
127 697 89 20 beslutet
226 698 57 24 föres,
294 697 176 26 verkställigheten
478 697 48 25 äter,
537 698 36 20 der
585 697 22 20 sä
623 698 34 20 ske
669 697 49 27 kan;
730 698 37 19 och
778 697 49 26 fylle

72 732 44 24 den,
137 738 43 13 som
195 732 175 25 verkställigheten
386 732 49 22 sökt,
450 733 27 18 all
492 733 71 25 skada;
579 739 45 13 vare
639 732 42 25 ock,
691 738 32 14 om
733 733 39 18 han
788 732 39 20 fätt

71 766 61 25 nägot
147 766 51 25 lyfta
213 766 48 20 eller
275 766 92 25 tillträda,
382 766 72 26 pligtig
469 769 29 17 att
513 767 34 20 det
561 769 72 23 genast
648 767 45 19 med
708 767 46 20 dess
770 768 56 19 ränta

71 801 47 19 eller
133 801 88 19 afxomst
235 800 31 20 till
282 801 130 24 vederparten
428 801 106 20 återställa.
563 797 39 24 Äro
618 801 110 26 penningar
742 801 84 25 lyftade,

72 835 57 25 gälde
151 837 57 18 ränta
229 835 47 20 derä
291 835 50 20 efter
356 841 36 14 sex
407 835 29 20 för
451 835 104 20 hundrade
570 842 32 13 om
617 835 42 20 äret
673 835 45 20 frän
733 835 38 20 den
787 835 39 25 dag

72 869 137 26 penningarne
224 869 31 20 till
270 869 210 25 utmätningsmannen
495 869 80 20 influtit.

143 903 42 20 Har
209 903 52 25 dom,
276 903 129 25 hvarigenom
428 904 83 19 brukare
533 904 20 20 af
567 910 76 13 annans
657 904 45 25 jord
717 904 64 25 ålagts
796 905 29 18 att

72 938 40 20 den
133 938 76 19 afträda
231 938 42 20 eller
293 938 125 25 innehafvare
440 939 25 25 af
476 939 85 25 lägenhet
575 939 8 19 i
597 945 78 13 annans
690 939 37 19 hus
742 938 82 26 skyldig-

72 973 57 19 känts
146 975 27 17 att
188 973 87 25 derifrän
290 973 82 25 afflytta,
387 973 66 20 blifvit
469 973 106 21 verkstälä,
589 972 34 20 mä
637 973 50 20 dock
702 973 48 25 icke,
761 973 7 18 i
778 973 48 25 följd

72 1007 20 19 af
114 1013 69 14 senare
203 1007 119 20 tillkommet
336 1007 73 25 beslut,
424 1007 175 26 verkställigheten
613 1007 26 25 gä
654 1007 48 25 äter,
716 1007 62 20 innan
792 1007 34 20 be-

73 1041 61 20 slutet
149 1041 72 20 vunnit
235 1041 44 26 laga
294 1041 52 20 kraft
361 1041 47 20 eller
424 1041 69 26 slutlig
508 1042 46 19 dom
569 1042 6 19 i
592 1042 60 20 saken
667 1042 56 19 fallit.

418 1122 25 19 15
460 1123 18 23 8.

130 1167 119 24 Förlikning,
265 1173 44 13 som
324 1167 64 20 blifvit
403 1168 20 19 af
432 1167 86 20 domstol
529 1168 99 25 faststäld,
639 1169 120 19 verkställes
771 1169 6 18 i
788 1169 37 19 den

73 1201 91 25 ordning.
180 1207 43 13 som
237 1201 29 19 för
280 1201 45 25 laga
339 1201 52 20 kraft
406 1203 76 24 egande
497 1202 45 19 dom
558 1204 21 18 är
595 1201 88 26 stadgad.

424 1277 25 19 16
466 1278 17 23 8.

145 1322 41 19 Har
200 1328 46 13 man
262 1322 45 20 med
321 1328 67 13 annan
404 1322 111 26 skriftligen
530 1323 182 24 öfverenskommit,
726 1325 30 17 att
770 1322 57 25 fråga

72 1356 21 19 af
114 1356 113 19 tvistemäls
249 1356 140 24 beskaffenhet,
411 1356 82 18 hvarom
515 1356 107 24 förlikning
643 1356 32 19 mä
691 1356 73 23 träffas,
779 1356 49 20 eller

74 1388 54 25 fråga
143 1395 33 13 om
191 1388 120 20 skadestånd
325 1388 8 20 i
348 1388 94 20 brottmål
458 1389 50 19 skall
523 1390 20 18 af
557 1389 106 24 skiljemän
677 1390 85 24 afgöras,
779 1389 48 19 eller

74 1424 29 18 att
116 1422 95 20 framtida
232 1422 76 25 tvister,
328 1428 44 14 som
386 1422 20 19 af
416 1422 56 22 visst,
485 1423 104 25 uppgifvet
599 1422 174 20 rättsförhällande
782 1424 45 18 här-

74 1457 54 25 flyta,
152 1456 55 21 skola
228 1456 25 26 pä
275 1457 66 25 dylikt
357 1459 41 17 sätt
413 1457 62 25 slitas,
491 1458 37 19 och
543 1457 36 19 har
593 1457 17 25 ej
626 1457 96 20 förbehäll
738 1458 6 19 i
759 1458 68 20 aftalet
