1048 1720
232 142 25 18 30
404 139 75 22 Ständ.
495 139 34 22 Sv.
546 152 24 3 —
588 140 65 27 Prop.
668 140 37 21 N:o
722 139 18 22 7.

203 206 111 19 stämman
339 207 24 17 är
386 203 97 28 behörig
503 205 35 20 att
553 203 127 22 detsamma
696 203 100 29 vidtaga,
813 211 41 20 ege
870 204 86 28 sysslo-

202 242 99 17 männen
317 241 47 18 rätt
379 240 34 20 att
428 239 13 20 ä
457 241 114 18 stämman
586 238 80 29 afsäga
682 239 36 28 sig
735 239 41 21 sitt
791 238 112 29 uppdrag.

271 273 135 27 Syssloman
427 273 42 27 mä,
489 273 59 22 ändä
571 275 34 19 att
623 273 44 21 den
687 273 41 28 tid,
747 273 36 22 för
799 273 95 22 hvilken
910 273 46 21 han

202 307 80 22 blifvit
299 307 101 28 uttsedd,
420 307 19 28 ej
460 308 51 28 gått
526 307 37 22 till
578 307 64 26 ända,
659 308 79 21 kunna
753 315 84 21 genom
852 307 77 22 beslut
944 307 14 22 ä

202 342 180 28 bolagsstämma
404 341 52 22 frän
471 342 129 29 uppdraget
620 342 92 29 skiljas;
728 342 65 29 njute
809 341 59 23 dock
883 341 75 22 utfäst

202 370 84 28 arvode
303 376 87 29 jemväl
405 376 37 22 för
458 376 45 22 den
519 377 143 22 återstående
678 377 70 28 tiden,
764 377 77 22 derest
856 377 20 28 ej
893 376 64 22 dom-

203 411 45 21 stol
263 411 146 21 annorlunda
423 411 128 21 förordnar.

270 445 75 28 Afgär
362 446 129 27 syssloman
507 446 57 21 eller
579 445 81 22 varder
674 446 52 21 frän
742 446 130 29 uppdraget
888 446 68 28 skild,

202 480 94 29 vidtage
312 480 28 21 de
356 480 39 22 vid
411 480 195 28 bolagsstämman
621 480 143 22 närvarande
776 480 181 29 bolagsmännen

203 515 81 28 åtgärd
299 522 37 14 om
347 514 190 23 handhafvandet
551 515 26 21 af
589 514 105 29 bolagets
710 515 200 28 angelägenheter,
919 515 38 21 till

203 550 50 21 dess
268 557 33 21 ny
312 549 180 29 bolagsstämma
500 545 51 37 kan,
562 545 59 37 efter
629 549 97 29 behörig
734 550 101 28 kallelse,
845 557 111 15 samman-

203 584 65 22 träda
283 584 37 22 för
336 586 34 19 att
386 584 129 29 syssloman
530 584 8 21 i
554 584 44 22 den
614 584 128 28 afgängnes
758 584 67 22 ställe
840 587 58 19 utse.

548 657 26 19 39
590 655 19 26 &.

271 711 94 28 Nödgas
389 711 132 28 aktiebolag
543 711 94 22 inställa
659 711 50 22 sina
732 711 152 28 betalningar,
900 711 57 22 eller

203 745 100 29 framgär
322 745 26 22 af
363 746 117 29 uppgjord
493 746 132 29 jemförelse
641 746 85 21 mellan
741 746 105 28 bolagets
861 746 96 28 tillgän-

202 787 41 22 gar
262 780 42 21 och
323 779 54 30 gäld
396 780 56 21 eller
471 780 144 28 annorledes,
632 783 34 19 att
680 781 157 28 tillgångarna
852 781 20 28 ej
890 788 67 14 svara

202 816 49 20 mot
272 814 92 29 gälden,
383 815 77 28 äligge
479 815 175 28 sysslomännen
672 817 36 19 att
722 815 105 28 bolagets
843 814 113 29 egendom

203 851 83 26 genast
300 849 38 21 till
353 849 104 21 konkurs
473 849 96 21 afträda.

548 920 26 19 40
590 919 19 25 8.

271 974 94 28 Nedgär
381 974 193 28 bolagsmännens
590 975 62 21 antal
668 974 36 22 till
719 974 89 22 mindre
824 978 29 18 än
860 966 42 30 tre
913 975 43 21 och

202 1009 82 21 varder
302 1008 21 29 ej
342 1009 63 21 inom
425 1016 40 14 sex
480 1009 108 21 mänader
604 1008 99 22 derefter
718 1010 88 20 antalet
820 1008 136 30 bolagsmän

203 1044 59 28 ånyo
285 1043 160 29 uppbringadt
467 1044 37 21 till
528 1046 34 19 tre
581 1044 56 20 eller
654 1043 60 26 flere,
731 1044 93 28 vidtage
840 1044 129 28 styrelsen

203 1077 166 29 ofördröjligen
386 1078 82 28 ätgärd
483 1085 37 15 om
535 1078 105 28 bolagets
656 1077 119 29 brytande,
791 1078 41 22 vid
847 1077 109 29 äfventyr

202 1115 36 18 att
260 1112 33 28 de,
318 1120 49 14 som
389 1112 53 22 med
460 1113 97 28 vetskap
576 1119 36 15 om
628 1111 155 23 förhällandet
797 1112 56 28 ingä
868 1112 88 22 förbin-

203 1146 62 22 delse
280 1146 9 22 i
304 1146 104 28 bolagets
427 1154 77 18 namn,
523 1154 67 14 svara
606 1146 37 21 för
658 1146 44 22 den
716 1146 142 22 förbindelse
874 1154 29 14 en
918 1147 37 21 för

203 1181 45 21 alla
263 1181 43 21 och
322 1180 45 22 alla
382 1180 36 22 för
433 1188 34 14 en.

545 1251 26 20 41
588 1250 18 26 8.

272 1305 134 28 Syssloman
431 1312 64 15 svare
518 1305 36 21 för
572 1305 59 21 fulla
648 1305 110 29 beloppet
773 1305 26 22 af
812 1305 76 28 skada,
905 1313 50 14 som

202 1339 36 23 för
260 1339 94 30 bolaget
378 1340 84 22 vållats
485 1339 25 23 af
530 1340 58 22 hans
606 1339 159 24 försummelse
781 1341 56 22 eller
853 1343 48 20 mot
916 1341 39 29 lag

202 1376 56 21 eller
281 1375 185 29 bolagsordning
486 1375 118 22 stridande
622 1375 80 29 åtgärd
718 1376 8 21 i
741 1376 105 29 bolagets
862 1376 93 29 angelä-

203 1410 118 29 genheter.
350 1405 48 27 Äro
417 1410 28 22 de
463 1410 61 28 flere,
541 1418 48 14 som
605 1410 85 22 skadan
706 1411 79 27 vållat,
801 1418 66 15 svare
882 1411 28 22 de
926 1418 29 14 en

202 1445 37 22 för
253 1445 45 22 alla
313 1446 44 21 och
372 1445 45 21 alla
431 1444 37 22 för
483 1452 28 15 en
527 1444 37 23 för
579 1445 52 22 dess
647 1445 121 29 gäldande.
