1045 1714
336 134 23 22 U.
376 134 24 22 B.
416 148 27 2 -—
458 135 64 28 Prop.
537 135 38 22 N:o
591 134 20 23 8.

302 466 140 29 Förordning
467 466 115 30 angående
604 467 215 29 stämpelbevillning
841 467 8 21 i

235 501 212 23 Storfarstendömet
462 502 99 22 Finland.

418 600 18 21 I
450 601 82 27 Kap.

99 669 117 29 Angäende
231 669 152 29 skyldigheten
400 669 35 23 att
451 670 80 28 utgöra
546 669 157 29 stämpelskatt
719 669 40 24 och
771 675 34 18 om
814 669 37 23 det

209 705 180 28 stämpelhelopp,
405 709 46 18 som
469 704 4 22 i
486 704 76 29 hvarje
578 704 108 23 särskildt
701 704 39 23 fall

381 739 57 22 skall
455 739 116 28 begagnas.

454 804 48 26 81.

169 843 85 27 Domar,
276 843 77 28 utslag,
373 843 142 22 resolutioner
531 843 40 22 och
586 843 204 28 protokollsutdrag,
806 849 47 16 som

101 878 96 22 utfärdas
213 877 22 22 af
248 878 85 21 landets
351 877 118 28 domstolar,
485 877 123 22 embetsverk
624 877 39 22 och
674 877 72 28 öfriga
756 878 97 28 myndig-

100 912 63 28 heter,
180 913 61 22 skola
257 912 86 22 affattas
363 913 28 27 pä
406 913 179 27 stämpelpapper.
616 912 40 22 Till
672 912 68 28 öfriga
753 912 46 22 frän
815 913 39 22 be-

100 948 71 21 mälda
181 948 148 27 myndigheter
339 948 107 27 utgäende
457 948 145 27 expeditioner
613 947 108 22 äfvensom
732 948 33 22 till
772 948 82 27 inlagor

101 982 40 22 och
164 982 67 22 andra
250 982 133 27 handlingar,
403 988 45 16 som
471 982 33 21 till
523 982 46 22 dem
585 982 95 27 ingifvas,
695 982 35 22 mä
745 982 110 22 användas

101 1017 100 26 antingen
216 1016 173 28 stämpelpapper
404 1017 52 22 eller
472 1017 40 21 ock
528 1016 174 28 stämpelmärke,
718 1016 38 22 allt
771 1017 32 21 till
819 1017 36 21 det

102 1051 78 27 belopp
196 1051 40 21 och
252 1051 49 21 med
317 1051 26 22 de
359 1052 110 26 undantag
482 1051 39 21 här
537 1050 103 23 nedanför
656 1051 96 27 stadgas.

455 1115 13 25 8
484 1115 19 20 2.

172 1154 95 22 Landets
284 1153 121 27 domstolar,
424 1153 123 23 embetsverk
562 1154 39 22 och
616 1154 72 28 öfriga
702 1153 153 29 myndigheter,

104 1188 34 22 vid
153 1188 73 22 hvilka
240 1188 92 27 stämpel
347 1188 54 22 skall
416 1188 115 28 begagnas,
547 1188 99 22 hänföras
662 1189 7 20 i
685 1189 60 21 detta
755 1188 102 22 afseende

104 1222 32 22 till
152 1222 46 28 fyra
214 1222 137 28 afdelningar,
368 1223 115 27 nemligen:

342 1321 94 22 Första
450 1321 171 25 afdelningen.

104 1377 59 22 Hans
180 1377 102 27 Majestät
296 1377 116 27 Kejsarens
428 1377 69 21 kansli
512 1377 32 22 för
559 1377 95 21 Finland.

104 1411 314 22 Ministerstatssekreteraren.

105 1446 94 23 Senaten
216 1446 39 22 och
271 1447 48 21 dess
336 1446 151 28 expeditioner.
