1045 1711
322 125 24 22 U.
363 125 24 22 B.
403 138 27 3 —
446 126 64 28 Prop.
526 125 37 22 N:o
578 124 20 23 8.
782 126 26 20 19

153 190 67 22 Inom
239 190 116 22 utskottet
377 190 70 23 hafva
461 190 125 22 verkstälts
601 190 155 28 beräkningar
771 190 66 22 öfver

85 225 40 21 det
139 224 90 29 belopp,
246 224 96 22 hvartill
363 224 133 22 inkomsten
511 224 52 22 frän
578 224 75 22 denna
668 224 169 29 stämpelafgift

85 258 78 22 kunde
181 260 96 26 antagas
295 258 91 22 komma
402 260 34 20 att
451 258 67 28 stiga,
536 258 36 22 för
587 258 80 22 hvilka
682 258 155 28 beräkningar

84 291 77 23 nedan
189 295 105 18 närmare
317 291 129 29 redogöres.
484 292 82 29 Enligt
592 292 65 21 dessa
682 291 155 29 beräkningar

85 327 90 21 komme
188 325 197 29 stämpelafgiften
401 326 13 21 å
432 326 348 29 bouppteckningsinstrument,
797 325 40 22 vid

84 360 156 29 tillämpning,
259 360 59 21 efter
332 359 98 23 anförda
444 360 108 28 grunder,
567 360 27 22 af
609 360 28 21 de
654 359 182 29 stämpelbelopp

84 395 117 22 utskottet
222 394 126 29 föreslagit,
368 395 56 21 eller
444 395 37 22 för
503 395 81 28 hvarje
603 394 59 21 fulla
679 397 39 19 100
734 394 64 21 mark
814 394 26 21 af

84 429 165 28 behällningen
279 429 63 21 inom
364 428 150 23 förenämnda
537 432 11 19 7
571 428 131 29 kategorier
723 436 58 21 resp.
803 431 34 24 20,

85 467 34 24 30,
135 466 34 25 40,
186 466 26 20 60
227 463 44 22 och
286 466 27 20 80
328 464 78 28 penni,
423 459 14 26 I
450 463 64 22 mark
532 466 24 19 10
572 463 70 29 penni
657 462 43 23 och
713 466 8 19 1
735 463 65 22 mark
810 467 27 18 50

85 498 77 29 penni,
179 500 34 20 att
227 498 110 29 inbringa
360 499 107 28 omkring
483 501 91 25 250,000
591 498 64 21 mark
669 505 41 22 per
725 499 30 21 är.
785 497 53 23 Med

85 532 89 22 visshet
189 532 45 22 kan
251 532 118 29 sjelffallet
384 532 75 22 denna
478 532 63 22 siffra
556 532 51 21 icke
621 539 96 22 uppges,
732 539 53 14 men
800 532 38 21 be-

84 567 157 28 räkningarna
263 574 69 21 synas
355 566 59 22 dock
436 567 66 28 gifva
522 566 41 22 vid
592 566 97 26 handen,
713 568 33 20 att
770 569 68 18 stäm-

84 601 172 29 pelinkomsten
278 600 73 22 under
373 600 75 22 denna
469 600 81 23 rubrik
569 600 96 22 sälunda
686 600 92 22 komme
800 603 35 19 att

84 636 89 21 inemot
187 635 140 22 tredubblas.

154 670 54 22 Men
223 670 44 21 lätt
282 670 72 21 mäste
369 670 75 22 denna
459 670 152 28 beskattning
626 669 80 27 kallas,
717 669 69 22 äfven
801 676 37 14 om

85 705 45 21 den
145 704 132 29 föreslagna
291 704 164 29 förhöjningen
472 704 90 22 komme
579 704 37 22 till
636 704 74 28 stånd,
729 704 110 22 särskildt

84 739 41 21 vid
145 738 133 29 jämförelse
300 738 52 21 med
374 738 44 21 den
442 738 117 28 arfsskatt,
575 745 48 14 som
639 738 8 21 i
663 732 70 27 ändra
751 738 87 27 länder,

85 773 74 22 delvis
183 773 70 22 sedan
275 773 55 28 läng
350 773 34 21 tid
407 773 97 22 tillbaka
519 773 61 21 varit
594 772 83 22 införd.
707 772 53 22 Med
776 775 62 19 anta-

85 807 75 30 gande
183 807 26 22 af
228 815 56 21 nyss
307 807 96 22 anförda
426 807 207 30 stämpelinkomst,
649 807 91 22 komme
762 807 77 22 denna

86 843 63 21 skatt
164 844 35 20 att
213 843 8 20 i
236 843 52 20 vårt
310 842 54 21 land
386 843 57 27 utgå
462 842 52 22 med
530 850 16 13 c.
566 845 24 19 10
605 842 71 28 penni
689 849 41 21 per
744 842 94 21 innevä-

85 884 61 14 nare.
176 876 12 22 I
204 876 96 28 Sverige
315 876 41 22 har
370 876 126 29 riksdagen
512 884 55 20 nyss
590 876 90 28 antagit
695 883 28 14 en
739 876 99 27 konglig

85 910 145 30 proposition
253 918 38 14 om
309 910 93 29 förhöjd
417 910 111 22 arfsskatt
543 913 35 19 att
592 911 56 27 utgä
663 910 52 22 med
730 910 107 21 väsendt-

85 946 64 28 ligen
171 945 72 28 högre
259 944 193 29 stämpelafgifter
467 946 14 20 &
495 944 344 29 bouppteckningsinstrument

85 984 30 17 än
131 979 28 22 de
174 978 68 23 ofvan
259 978 137 29 föreslagna.
418 979 12 21 I
444 979 72 28 nägra
531 978 70 22 andra
617 978 135 29 europeiska
768 980 72 20 stater

85 1016 70 26 utgör
171 1013 141 22 arfsskatten
327 1014 8 20 i
350 1012 73 22 runda
438 1013 68 27 tal:!)

436 1082 117 22 Totaibelopp
565 1082 7 17 i
620 1082 35 17 Per
667 1081 109 19 innevänare
788 1081 52 18 Fmk.

434 1110 90 18 millioner
534 1111 51 17 Fmk.

154 1139 12 21 I
181 1138 110 29 England
320 1155 5 5 .
356 1155 4 5 .
391 1156 5 4 .
427 1155 4 5 .
462 1141 75 20 212:5
695 1142 18 19 5:
731 1141 26 19 62

154 1173 12 21 I
181 1173 142 22 Frankrike.
354 1189 4 5 .
390 1189 4 5 .
425 1190 4 5 .
462 1176 46 19 162:
525 1177 11 18 5
695 1176 19 18 4:
731 1175 25 19 06

153 1207 12 21 I
180 1207 99 28 Belgien
319 1223 5 4 .
356 1225 4 4 .
391 1223 4 6 .
425 1223 5 5 .
475 1209 35 20 25:
527 1219 24 3 —
695 1210 19 18 4:
732 1209 24 19 16

154 1241 12 21 I
180 1241 103 21 Holland
320 1257 5 5 .
355 1257 5 5 .
391 1257 4 5 .
426 1258 5 5 .
478 1244 60 19 18:7
694 1244 19 18 4:
731 1243 25 19 69

154 1275 12 21 I
181 1275 118 21 Danmark
320 1291 4 5 .
356 1292 4 4 .
391 1291 5 6 .
426 1291 5 5 .
490 1277 46 20 2:5
697 1277 59 19 12:25

154 1327 79 26 Äfven
248 1332 73 21 under
336 1332 55 21 fullt
413 1332 129 21 beaktande
557 1332 26 21 af
596 1331 242 29 kapitalfattigdomen

86 1366 9 20 i
110 1366 51 20 vårt
174 1365 61 28 land,
251 1366 65 21 torde
339 1366 55 21 böra
416 1366 75 21 såsom
514 1368 33 18 ett
562 1365 90 21 faktum
667 1365 120 27 erkännas,
803 1368 37 18 att

155 1435 14 21 1)
181 1434 23 18 Se
216 1433 167 18 Handwörterbuch
395 1434 31 18 der
435 1433 216 24 Staatswissenschaften,
659 1433 48 18 band
715 1433 35 22 III,
760 1433 33 18 sid.
801 1434 41 17 303.

155 1469 217 22 Bevillningsutskottets
385 1468 115 19 betänkande
514 1469 35 18 N:o
562 1470 16 17 4.
