<?xml version="1.0" encoding="UTF-8"?>
<alto xmlns="http://www.loc.gov/standards/alto/ns-v3#" xmlns:xlink="http://www.w3.org/1999/xlink" xmlns:xsi="http://www.w3.org/2001/XMLSchema-instance" xsi:schemaLocation="http://www.loc.gov/standards/alto/ns-v3# http://www.loc.gov/alto/v3/alto-3-0.xsd">
	<Description>
		<MeasurementUnit>pixel</MeasurementUnit>
		<sourceImageInformation>
			<fileName>/tmp/tess_durfz2wb_input.PNG</fileName>
		</sourceImageInformation>
		<OCRProcessing ID="OCR_0">
			<ocrProcessingStep>
				<processingSoftware>
					<softwareName>tesseract 5.3.4</softwareName>
				</processingSoftware>
			</ocrProcessingStep>
		</OCRProcessing>
	</Description>
	<Layout>
		<Page WIDTH="1028" HEIGHT="1728" PHYSICAL_IMG_NR="0" ID="page_0">
			<PrintSpace HPOS="0" VPOS="0" WIDTH="1028" HEIGHT="1728">
				<ComposedBlock ID="cblock_0" HPOS="265" VPOS="153" WIDTH="528" HEIGHT="96">
					<TextBlock ID="block_0" HPOS="265" VPOS="153" WIDTH="528" HEIGHT="96">
						<TextLine ID="line_0" HPOS="265" VPOS="153" WIDTH="528" HEIGHT="31">
							<String ID="string_0" HPOS="265" VPOS="153" WIDTH="80" HEIGHT="24" WC="0.90" CONTENT="Ständ."/><SP WIDTH="17" VPOS="153" HPOS="345"/>
							<String ID="string_1" HPOS="362" VPOS="154" WIDTH="37" HEIGHT="24" WC="0.93" CONTENT="Sv."/><SP WIDTH="16" VPOS="154" HPOS="399"/>
							<String ID="string_2" HPOS="415" VPOS="169" WIDTH="28" HEIGHT="2" WC="0.92" CONTENT="—"/><SP WIDTH="15" VPOS="169" HPOS="443"/>
							<String ID="string_3" HPOS="458" VPOS="156" WIDTH="71" HEIGHT="28" WC="0.95" CONTENT="Prop."/><SP WIDTH="16" VPOS="156" HPOS="529"/>
							<String ID="string_4" HPOS="545" VPOS="156" WIDTH="42" HEIGHT="23" WC="0.96" CONTENT="N:o"/><SP WIDTH="15" VPOS="156" HPOS="587"/>
							<String ID="string_5" HPOS="602" VPOS="156" WIDTH="20" HEIGHT="22" WC="0.79" CONTENT="2."/><SP WIDTH="53" VPOS="156" HPOS="622"/>
							<String ID="string_6" HPOS="675" VPOS="169" WIDTH="4" HEIGHT="2" WC="0.37" CONTENT="-"/><SP WIDTH="88" VPOS="169" HPOS="679"/>
							<String ID="string_7" HPOS="767" VPOS="157" WIDTH="26" HEIGHT="22" WC="0.96" CONTENT="19"/>
						</TextLine>
						<TextLine ID="line_1" HPOS="512" VPOS="223" WIDTH="63" HEIGHT="26">
							<String ID="string_8" HPOS="512" VPOS="223" WIDTH="27" HEIGHT="21" WC="0.92" CONTENT="31"/><SP WIDTH="14" VPOS="223" HPOS="539"/>
							<String ID="string_9" HPOS="553" VPOS="225" WIDTH="22" HEIGHT="24" WC="0.92" CONTENT="$."/>
						</TextLine>
					</TextBlock>
				</ComposedBlock>
				<ComposedBlock ID="cblock_1" HPOS="274" VPOS="280" WIDTH="547" HEIGHT="98">
					<TextBlock ID="block_1" HPOS="274" VPOS="280" WIDTH="547" HEIGHT="98">
						<TextLine ID="line_2" HPOS="342" VPOS="280" WIDTH="479" HEIGHT="29">
							<String ID="string_10" HPOS="342" VPOS="280" WIDTH="38" HEIGHT="22" WC="0.93" CONTENT="Dä"/><SP WIDTH="15" VPOS="280" HPOS="380"/>
							<String ID="string_11" HPOS="395" VPOS="280" WIDTH="150" HEIGHT="29" WC="0.90" CONTENT="jordlägenhet"/><SP WIDTH="20" VPOS="280" HPOS="545"/>
							<String ID="string_12" HPOS="565" VPOS="281" WIDTH="62" HEIGHT="27" WC="0.93" CONTENT="delas,"/><SP WIDTH="20" VPOS="281" HPOS="627"/>
							<String ID="string_13" HPOS="647" VPOS="281" WIDTH="55" HEIGHT="21" WC="0.93" CONTENT="skall"/><SP WIDTH="18" VPOS="281" HPOS="702"/>
							<String ID="string_14" HPOS="720" VPOS="282" WIDTH="13" HEIGHT="21" WC="0.93" CONTENT="&amp;"/><SP WIDTH="14" VPOS="282" HPOS="733"/>
							<String ID="string_15" HPOS="747" VPOS="281" WIDTH="74" HEIGHT="28" WC="0.92" CONTENT="hvarje"/>
						</TextLine>
						<TextLine ID="line_3" HPOS="276" VPOS="314" WIDTH="545" HEIGHT="30">
							<String ID="string_16" HPOS="276" VPOS="314" WIDTH="72" HEIGHT="22" WC="0.89" CONTENT="dervid"/><SP WIDTH="19" VPOS="314" HPOS="348"/>
							<String ID="string_17" HPOS="367" VPOS="315" WIDTH="169" HEIGHT="29" WC="0.95" CONTENT="uppkommande"/><SP WIDTH="20" VPOS="315" HPOS="536"/>
							<String ID="string_18" HPOS="556" VPOS="316" WIDTH="96" HEIGHT="28" WC="0.96" CONTENT="lägenhet"/><SP WIDTH="19" VPOS="316" HPOS="652"/>
							<String ID="string_19" HPOS="671" VPOS="317" WIDTH="67" HEIGHT="21" WC="0.93" CONTENT="sättas"/><SP WIDTH="18" VPOS="317" HPOS="738"/>
							<String ID="string_20" HPOS="756" VPOS="316" WIDTH="65" HEIGHT="22" WC="0.80" CONTENT="skildt"/>
						</TextLine>
						<TextLine ID="line_4" HPOS="274" VPOS="350" WIDTH="326" HEIGHT="28">
							<String ID="string_21" HPOS="274" VPOS="355" WIDTH="69" HEIGHT="16" WC="0.95" CONTENT="namn"/><SP WIDTH="15" VPOS="355" HPOS="343"/>
							<String ID="string_22" HPOS="358" VPOS="350" WIDTH="36" HEIGHT="22" WC="0.93" CONTENT="och"/><SP WIDTH="14" VPOS="350" HPOS="394"/>
							<String ID="string_23" HPOS="408" VPOS="350" WIDTH="192" HEIGHT="28" WC="0.90" CONTENT="registernummer."/>
						</TextLine>
					</TextBlock>
				</ComposedBlock>
				<ComposedBlock ID="cblock_2" HPOS="512" VPOS="451" WIDTH="69" HEIGHT="25">
					<TextBlock ID="block_2" HPOS="512" VPOS="451" WIDTH="69" HEIGHT="25">
						<TextLine ID="line_5" HPOS="512" VPOS="451" WIDTH="69" HEIGHT="25">
							<String ID="string_24" HPOS="512" VPOS="451" WIDTH="32" HEIGHT="20" WC="0.90" CONTENT="32"/><SP WIDTH="15" VPOS="451" HPOS="544"/>
							<String ID="string_25" HPOS="559" VPOS="452" WIDTH="22" HEIGHT="24" WC="0.87" CONTENT="$."/>
						</TextLine>
					</TextBlock>
				</ComposedBlock>
				<ComposedBlock ID="cblock_3" HPOS="275" VPOS="507" WIDTH="551" HEIGHT="240">
					<TextBlock ID="block_3" HPOS="275" VPOS="507" WIDTH="551" HEIGHT="240">
						<TextLine ID="line_6" HPOS="344" VPOS="507" WIDTH="478" HEIGHT="29">
							<String ID="string_26" HPOS="344" VPOS="507" WIDTH="50" HEIGHT="22" WC="0.93" CONTENT="Har"/><SP WIDTH="14" VPOS="507" HPOS="394"/>
							<String ID="string_27" HPOS="408" VPOS="507" WIDTH="88" HEIGHT="28" WC="0.92" CONTENT="uppbud"/><SP WIDTH="11" VPOS="507" HPOS="496"/>
							<String ID="string_28" HPOS="507" VPOS="508" WIDTH="48" HEIGHT="22" WC="0.87" CONTENT="eller"/><SP WIDTH="10" VPOS="508" HPOS="555"/>
							<String ID="string_29" HPOS="565" VPOS="508" WIDTH="58" HEIGHT="28" WC="0.96" CONTENT="fasta"/><SP WIDTH="10" VPOS="508" HPOS="623"/>
							<String ID="string_30" HPOS="633" VPOS="507" WIDTH="115" HEIGHT="22" WC="0.93" CONTENT="meddelats"/><SP WIDTH="10" VPOS="507" HPOS="748"/>
							<String ID="string_31" HPOS="758" VPOS="508" WIDTH="13" HEIGHT="22" WC="0.93" CONTENT="å"/><SP WIDTH="10" VPOS="508" HPOS="771"/>
							<String ID="string_32" HPOS="781" VPOS="508" WIDTH="41" HEIGHT="22" WC="0.96" CONTENT="viss"/>
						</TextLine>
						<TextLine ID="line_7" HPOS="276" VPOS="541" WIDTH="546" HEIGHT="30">
							<String ID="string_33" HPOS="276" VPOS="541" WIDTH="64" HEIGHT="23" WC="0.96" CONTENT="andel"/><SP WIDTH="9" VPOS="541" HPOS="340"/>
							<String ID="string_34" HPOS="349" VPOS="542" WIDTH="28" HEIGHT="28" WC="0.93" CONTENT="af"/><SP WIDTH="7" VPOS="542" HPOS="377"/>
							<String ID="string_35" HPOS="384" VPOS="543" WIDTH="93" HEIGHT="27" WC="0.91" CONTENT="oskiftad"/><SP WIDTH="10" VPOS="543" HPOS="477"/>
							<String ID="string_36" HPOS="487" VPOS="543" WIDTH="104" HEIGHT="28" WC="0.96" CONTENT="lägenhet,"/><SP WIDTH="11" VPOS="543" HPOS="591"/>
							<String ID="string_37" HPOS="602" VPOS="542" WIDTH="49" HEIGHT="23" WC="0.92" CONTENT="eller"/><SP WIDTH="9" VPOS="542" HPOS="651"/>
							<String ID="string_38" HPOS="660" VPOS="545" WIDTH="26" HEIGHT="19" WC="0.93" CONTENT="är"/><SP WIDTH="10" VPOS="545" HPOS="686"/>
							<String ID="string_39" HPOS="696" VPOS="543" WIDTH="126" HEIGHT="28" WC="0.93" CONTENT="inteckning"/>
						</TextLine>
						<TextLine ID="line_8" HPOS="275" VPOS="577" WIDTH="547" HEIGHT="28">
							<String ID="string_40" HPOS="275" VPOS="578" WIDTH="8" HEIGHT="21" WC="0.93" CONTENT="i"/><SP WIDTH="11" VPOS="578" HPOS="283"/>
							<String ID="string_41" HPOS="294" VPOS="577" WIDTH="70" HEIGHT="22" WC="0.95" CONTENT="sådan"/><SP WIDTH="12" VPOS="577" HPOS="364"/>
							<String ID="string_42" HPOS="376" VPOS="577" WIDTH="63" HEIGHT="22" WC="0.87" CONTENT="andel"/><SP WIDTH="10" VPOS="577" HPOS="439"/>
							<String ID="string_43" HPOS="449" VPOS="577" WIDTH="106" HEIGHT="28" WC="0.35" CONTENT="faststäld,"/><SP WIDTH="12" VPOS="577" HPOS="555"/>
							<String ID="string_44" HPOS="567" VPOS="577" WIDTH="36" HEIGHT="23" WC="0.93" CONTENT="och"/><SP WIDTH="10" VPOS="577" HPOS="603"/>
							<String ID="string_45" HPOS="613" VPOS="578" WIDTH="77" HEIGHT="21" WC="0.92" CONTENT="varder"/><SP WIDTH="8" VPOS="578" HPOS="690"/>
							<String ID="string_46" HPOS="698" VPOS="578" WIDTH="124" HEIGHT="27" WC="0.96" CONTENT="lägenheten"/>
						</TextLine>
						<TextLine ID="line_9" HPOS="275" VPOS="612" WIDTH="547" HEIGHT="29">
							<String ID="string_47" HPOS="275" VPOS="612" WIDTH="67" HEIGHT="23" WC="0.92" CONTENT="sedan"/><SP WIDTH="20" VPOS="612" HPOS="342"/>
							<String ID="string_48" HPOS="362" VPOS="612" WIDTH="92" HEIGHT="29" WC="0.91" CONTENT="klufven,"/><SP WIDTH="19" VPOS="612" HPOS="454"/>
							<String ID="string_49" HPOS="473" VPOS="620" WIDTH="49" HEIGHT="15" WC="0.93" CONTENT="vare"/><SP WIDTH="21" VPOS="620" HPOS="522"/>
							<String ID="string_50" HPOS="543" VPOS="613" WIDTH="34" HEIGHT="22" WC="0.95" CONTENT="det"/><SP WIDTH="17" VPOS="613" HPOS="577"/>
							<String ID="string_51" HPOS="594" VPOS="613" WIDTH="25" HEIGHT="22" WC="0.93" CONTENT="sä"/><SP WIDTH="15" VPOS="613" HPOS="619"/>
							<String ID="string_52" HPOS="634" VPOS="613" WIDTH="81" HEIGHT="26" WC="0.92" CONTENT="ansedt,"/><SP WIDTH="16" VPOS="613" HPOS="715"/>
							<String ID="string_53" HPOS="731" VPOS="619" WIDTH="43" HEIGHT="16" WC="0.96" CONTENT="som"/><SP WIDTH="16" VPOS="619" HPOS="774"/>
							<String ID="string_54" HPOS="790" VPOS="621" WIDTH="32" HEIGHT="14" WC="0.96" CONTENT="om"/>
						</TextLine>
						<TextLine ID="line_10" HPOS="276" VPOS="647" WIDTH="550" HEIGHT="30">
							<String ID="string_55" HPOS="276" VPOS="647" WIDTH="108" HEIGHT="28" WC="0.91" CONTENT="lagfarten"/><SP WIDTH="20" VPOS="647" HPOS="384"/>
							<String ID="string_56" HPOS="404" VPOS="648" WIDTH="49" HEIGHT="22" WC="0.90" CONTENT="eller"/><SP WIDTH="20" VPOS="648" HPOS="453"/>
							<String ID="string_57" HPOS="473" VPOS="647" WIDTH="153" HEIGHT="30" WC="0.81" CONTENT="inteckningen"/><SP WIDTH="20" VPOS="647" HPOS="626"/>
							<String ID="string_58" HPOS="646" VPOS="648" WIDTH="78" HEIGHT="29" WC="0.92" CONTENT="angätt"/><SP WIDTH="18" VPOS="648" HPOS="724"/>
							<String ID="string_59" HPOS="742" VPOS="648" WIDTH="42" HEIGHT="22" WC="0.96" CONTENT="den"/><SP WIDTH="15" VPOS="648" HPOS="784"/>
							<String ID="string_60" HPOS="799" VPOS="648" WIDTH="27" HEIGHT="28" WC="0.97" CONTENT="af"/>
						</TextLine>
						<TextLine ID="line_11" HPOS="276" VPOS="682" WIDTH="547" HEIGHT="29">
							<String ID="string_61" HPOS="276" VPOS="682" WIDTH="24" HEIGHT="21" WC="0.92" CONTENT="de"/><SP WIDTH="19" VPOS="682" HPOS="300"/>
							<String ID="string_62" HPOS="319" VPOS="682" WIDTH="115" HEIGHT="28" WC="0.95" CONTENT="nybildade"/><SP WIDTH="20" VPOS="682" HPOS="434"/>
							<String ID="string_63" HPOS="454" VPOS="683" WIDTH="157" HEIGHT="28" WC="0.96" CONTENT="lägenheterna,"/><SP WIDTH="15" VPOS="683" HPOS="611"/>
							<String ID="string_64" HPOS="626" VPOS="690" WIDTH="44" HEIGHT="15" WC="0.93" CONTENT="som"/><SP WIDTH="14" VPOS="690" HPOS="670"/>
							<String ID="string_65" HPOS="684" VPOS="683" WIDTH="101" HEIGHT="21" WC="0.49" CONTENT="utdrutits"/><SP WIDTH="15" VPOS="683" HPOS="785"/>
							<String ID="string_66" HPOS="800" VPOS="684" WIDTH="23" HEIGHT="21" WC="0.95" CONTENT="ät"/>
						</TextLine>
						<TextLine ID="line_12" HPOS="276" VPOS="718" WIDTH="470" HEIGHT="29">
							<String ID="string_67" HPOS="276" VPOS="724" WIDTH="78" HEIGHT="21" WC="0.92" CONTENT="egaren"/><SP WIDTH="15" VPOS="724" HPOS="354"/>
							<String ID="string_68" HPOS="369" VPOS="718" WIDTH="27" HEIGHT="28" WC="0.96" CONTENT="af"/><SP WIDTH="12" VPOS="718" HPOS="396"/>
							<String ID="string_69" HPOS="408" VPOS="718" WIDTH="41" HEIGHT="22" WC="0.93" CONTENT="den"/><SP WIDTH="15" VPOS="718" HPOS="449"/>
							<String ID="string_70" HPOS="464" VPOS="718" WIDTH="170" HEIGHT="29" WC="0.92" CONTENT="ifrägavarande"/><SP WIDTH="14" VPOS="718" HPOS="634"/>
							<String ID="string_71" HPOS="648" VPOS="718" WIDTH="98" HEIGHT="22" WC="0.92" CONTENT="andelen."/>
						</TextLine>
					</TextBlock>
				</ComposedBlock>
				<ComposedBlock ID="cblock_4" HPOS="517" VPOS="800" WIDTH="66" HEIGHT="25">
					<TextBlock ID="block_4" HPOS="517" VPOS="800" WIDTH="66" HEIGHT="25">
						<TextLine ID="line_13" HPOS="517" VPOS="800" WIDTH="66" HEIGHT="25">
							<String ID="string_72" HPOS="517" VPOS="800" WIDTH="31" HEIGHT="21" WC="0.89" CONTENT="33"/><SP WIDTH="13" VPOS="800" HPOS="548"/>
							<String ID="string_73" HPOS="561" VPOS="801" WIDTH="22" HEIGHT="24" WC="0.89" CONTENT="$."/>
						</TextLine>
					</TextBlock>
				</ComposedBlock>
				<ComposedBlock ID="cblock_5" HPOS="276" VPOS="857" WIDTH="548" HEIGHT="136">
					<TextBlock ID="block_5" HPOS="276" VPOS="857" WIDTH="548" HEIGHT="136">
						<TextLine ID="line_14" HPOS="344" VPOS="857" WIDTH="479" HEIGHT="30">
							<String ID="string_74" HPOS="344" VPOS="857" WIDTH="181" HEIGHT="30" WC="0.91" CONTENT="Parcellägenhet,"/><SP WIDTH="16" VPOS="857" HPOS="525"/>
							<String ID="string_75" HPOS="541" VPOS="865" WIDTH="44" HEIGHT="16" WC="0.93" CONTENT="som"/><SP WIDTH="10" VPOS="865" HPOS="585"/>
							<String ID="string_76" HPOS="595" VPOS="857" WIDTH="180" HEIGHT="30" WC="0.90" CONTENT="hufvudsakligen"/><SP WIDTH="10" VPOS="857" HPOS="775"/>
							<String ID="string_77" HPOS="785" VPOS="865" WIDTH="38" HEIGHT="15" WC="0.93" CONTENT="an-"/>
						</TextLine>
						<TextLine ID="line_15" HPOS="276" VPOS="893" WIDTH="547" HEIGHT="28">
							<String ID="string_78" HPOS="276" VPOS="893" WIDTH="80" HEIGHT="22" WC="0.95" CONTENT="vändes"/><SP WIDTH="15" VPOS="893" HPOS="356"/>
							<String ID="string_79" HPOS="371" VPOS="893" WIDTH="33" HEIGHT="22" WC="0.93" CONTENT="till"/><SP WIDTH="16" VPOS="893" HPOS="404"/>
							<String ID="string_80" HPOS="420" VPOS="893" WIDTH="105" HEIGHT="28" WC="0.84" CONTENT="tomiplats"/><SP WIDTH="14" VPOS="893" HPOS="525"/>
							<String ID="string_81" HPOS="539" VPOS="893" WIDTH="49" HEIGHT="22" WC="0.96" CONTENT="eller"/><SP WIDTH="9" VPOS="893" HPOS="588"/>
							<String ID="string_82" HPOS="597" VPOS="893" WIDTH="35" HEIGHT="28" WC="0.93" CONTENT="för"/><SP WIDTH="10" VPOS="893" HPOS="632"/>
							<String ID="string_83" HPOS="642" VPOS="893" WIDTH="123" HEIGHT="22" WC="0.91" CONTENT="industrielt"/><SP WIDTH="10" VPOS="893" HPOS="765"/>
							<String ID="string_84" HPOS="775" VPOS="893" WIDTH="48" HEIGHT="22" WC="0.95" CONTENT="eller"/>
						</TextLine>
						<TextLine ID="line_16" HPOS="277" VPOS="929" WIDTH="547" HEIGHT="28">
							<String ID="string_85" HPOS="277" VPOS="930" WIDTH="71" HEIGHT="21" WC="0.93" CONTENT="annat"/><SP WIDTH="15" VPOS="930" HPOS="348"/>
							<String ID="string_86" HPOS="363" VPOS="929" WIDTH="67" HEIGHT="28" WC="0.96" CONTENT="dylikt"/><SP WIDTH="15" VPOS="929" HPOS="430"/>
							<String ID="string_87" HPOS="445" VPOS="929" WIDTH="109" HEIGHT="28" WC="0.95" CONTENT="ändamål,"/><SP WIDTH="16" VPOS="929" HPOS="554"/>
							<String ID="string_88" HPOS="570" VPOS="929" WIDTH="35" HEIGHT="22" WC="0.93" CONTENT="mä"/><SP WIDTH="10" VPOS="929" HPOS="605"/>
							<String ID="string_89" HPOS="615" VPOS="929" WIDTH="44" HEIGHT="22" WC="0.95" CONTENT="icke"/><SP WIDTH="10" VPOS="929" HPOS="659"/>
							<String ID="string_90" HPOS="669" VPOS="930" WIDTH="55" HEIGHT="21" WC="0.93" CONTENT="utan"/><SP WIDTH="12" VPOS="930" HPOS="724"/>
							<String ID="string_91" HPOS="736" VPOS="935" WIDTH="88" HEIGHT="22" WC="0.92" CONTENT="egarens"/>
						</TextLine>
						<TextLine ID="line_17" HPOS="276" VPOS="964" WIDTH="450" HEIGHT="29">
							<String ID="string_92" HPOS="276" VPOS="964" WIDTH="104" HEIGHT="28" WC="0.89" CONTENT="samtycke"/><SP WIDTH="16" VPOS="964" HPOS="380"/>
							<String ID="string_93" HPOS="396" VPOS="964" WIDTH="8" HEIGHT="21" WC="0.92" CONTENT="i"/><SP WIDTH="13" VPOS="964" HPOS="404"/>
							<String ID="string_94" HPOS="417" VPOS="964" WIDTH="184" HEIGHT="29" WC="0.92" CONTENT="skiftesreglering"/><SP WIDTH="14" VPOS="964" HPOS="601"/>
							<String ID="string_95" HPOS="615" VPOS="964" WIDTH="111" HEIGHT="28" WC="0.91" CONTENT="indragas."/>
						</TextLine>
					</TextBlock>
				</ComposedBlock>
				<ComposedBlock ID="cblock_6" HPOS="515" VPOS="1046" WIDTH="68" HEIGHT="26">
					<TextBlock ID="block_6" HPOS="515" VPOS="1046" WIDTH="68" HEIGHT="26">
						<TextLine ID="line_18" HPOS="515" VPOS="1046" WIDTH="68" HEIGHT="26">
							<String ID="string_96" HPOS="515" VPOS="1046" WIDTH="30" HEIGHT="21" WC="0.94" CONTENT="34"/><SP WIDTH="15" VPOS="1046" HPOS="545"/>
							<String ID="string_97" HPOS="560" VPOS="1048" WIDTH="23" HEIGHT="24" WC="0.65" CONTENT="8."/>
						</TextLine>
					</TextBlock>
				</ComposedBlock>
				<ComposedBlock ID="cblock_7" HPOS="276" VPOS="1098" WIDTH="549" HEIGHT="408">
					<TextBlock ID="block_7" HPOS="276" VPOS="1098" WIDTH="549" HEIGHT="309">
						<TextLine ID="line_19" HPOS="344" VPOS="1098" WIDTH="480" HEIGHT="35">
							<String ID="string_98" HPOS="344" VPOS="1098" WIDTH="45" HEIGHT="27" WC="0.92" CONTENT="Äro"/><SP WIDTH="15" VPOS="1098" HPOS="389"/>
							<String ID="string_99" HPOS="404" VPOS="1104" WIDTH="57" HEIGHT="21" WC="0.96" CONTENT="inom"/><SP WIDTH="16" VPOS="1104" HPOS="461"/>
							<String ID="string_100" HPOS="477" VPOS="1110" WIDTH="27" HEIGHT="16" WC="0.93" CONTENT="en"/><SP WIDTH="10" VPOS="1110" HPOS="504"/>
							<String ID="string_101" HPOS="514" VPOS="1103" WIDTH="164" HEIGHT="23" WC="0.90" CONTENT="landskommun"/><SP WIDTH="10" VPOS="1103" HPOS="678"/>
							<String ID="string_102" HPOS="688" VPOS="1104" WIDTH="54" HEIGHT="28" WC="0.93" CONTENT="flera"/><SP WIDTH="10" VPOS="1104" HPOS="742"/>
							<String ID="string_103" HPOS="752" VPOS="1104" WIDTH="72" HEIGHT="29" WC="0.90" CONTENT="lägen-"/>
						</TextLine>
						<TextLine ID="line_20" HPOS="276" VPOS="1138" WIDTH="547" HEIGHT="28">
							<String ID="string_104" HPOS="276" VPOS="1139" WIDTH="58" HEIGHT="21" WC="0.92" CONTENT="heter"/><SP WIDTH="14" VPOS="1139" HPOS="334"/>
							<String ID="string_105" HPOS="348" VPOS="1138" WIDTH="103" HEIGHT="28" WC="0.96" CONTENT="förenade"/><SP WIDTH="14" VPOS="1138" HPOS="451"/>
							<String ID="string_106" HPOS="465" VPOS="1139" WIDTH="9" HEIGHT="21" WC="0.95" CONTENT="i"/><SP WIDTH="15" VPOS="1139" HPOS="474"/>
							<String ID="string_107" HPOS="489" VPOS="1145" WIDTH="27" HEIGHT="16" WC="0.95" CONTENT="en"/><SP WIDTH="14" VPOS="1145" HPOS="516"/>
							<String ID="string_108" HPOS="530" VPOS="1138" WIDTH="61" HEIGHT="23" WC="0.96" CONTENT="hand"/><SP WIDTH="15" VPOS="1138" HPOS="591"/>
							<String ID="string_109" HPOS="606" VPOS="1138" WIDTH="38" HEIGHT="22" WC="0.93" CONTENT="och"/><SP WIDTH="14" VPOS="1138" HPOS="644"/>
							<String ID="string_110" HPOS="658" VPOS="1138" WIDTH="78" HEIGHT="23" WC="0.96" CONTENT="brukas"/><SP WIDTH="12" VPOS="1138" HPOS="736"/>
							<String ID="string_111" HPOS="748" VPOS="1140" WIDTH="24" HEIGHT="21" WC="0.92" CONTENT="de"/><SP WIDTH="11" VPOS="1140" HPOS="772"/>
							<String ID="string_112" HPOS="783" VPOS="1139" WIDTH="40" HEIGHT="22" WC="0.86" CONTENT="till-"/>
						</TextLine>
						<TextLine ID="line_21" HPOS="276" VPOS="1174" WIDTH="548" HEIGHT="28">
							<String ID="string_113" HPOS="276" VPOS="1180" WIDTH="116" HEIGHT="21" WC="0.90" CONTENT="sammans,"/><SP WIDTH="25" VPOS="1180" HPOS="392"/>
							<String ID="string_114" HPOS="417" VPOS="1174" WIDTH="59" HEIGHT="22" WC="0.93" CONTENT="skola"/><SP WIDTH="22" VPOS="1174" HPOS="476"/>
							<String ID="string_115" HPOS="498" VPOS="1174" WIDTH="96" HEIGHT="28" WC="0.93" CONTENT="afgifter,"/><SP WIDTH="22" VPOS="1174" HPOS="594"/>
							<String ID="string_116" HPOS="616" VPOS="1181" WIDTH="44" HEIGHT="15" WC="0.96" CONTENT="som"/><SP WIDTH="22" VPOS="1181" HPOS="660"/>
							<String ID="string_117" HPOS="682" VPOS="1174" WIDTH="54" HEIGHT="28" WC="0.93" CONTENT="efter"/><SP WIDTH="20" VPOS="1174" HPOS="736"/>
							<String ID="string_118" HPOS="756" VPOS="1174" WIDTH="68" HEIGHT="22" WC="0.91" CONTENT="röktal"/>
						</TextLine>
						<TextLine ID="line_22" HPOS="277" VPOS="1208" WIDTH="548" HEIGHT="29">
							<String ID="string_119" HPOS="277" VPOS="1208" WIDTH="57" HEIGHT="28" WC="0.96" CONTENT="utgå,"/><SP WIDTH="22" VPOS="1208" HPOS="334"/>
							<String ID="string_120" HPOS="356" VPOS="1208" WIDTH="103" HEIGHT="22" WC="0.96" CONTENT="debiteras"/><SP WIDTH="16" VPOS="1208" HPOS="459"/>
							<String ID="string_121" HPOS="475" VPOS="1208" WIDTH="53" HEIGHT="28" WC="0.93" CONTENT="efter"/><SP WIDTH="15" VPOS="1208" HPOS="528"/>
							<String ID="string_122" HPOS="543" VPOS="1208" WIDTH="161" HEIGHT="29" WC="0.93" CONTENT="lägenheternas"/><SP WIDTH="15" VPOS="1208" HPOS="704"/>
							<String ID="string_123" HPOS="719" VPOS="1215" WIDTH="106" HEIGHT="16" WC="0.92" CONTENT="samman-"/>
						</TextLine>
						<TextLine ID="line_23" HPOS="277" VPOS="1242" WIDTH="547" HEIGHT="30">
							<String ID="string_124" HPOS="277" VPOS="1243" WIDTH="65" HEIGHT="29" WC="0.93" CONTENT="lagda"/><SP WIDTH="14" VPOS="1243" HPOS="342"/>
							<String ID="string_125" HPOS="356" VPOS="1243" WIDTH="105" HEIGHT="28" WC="0.92" CONTENT="skattetal,"/><SP WIDTH="15" VPOS="1243" HPOS="461"/>
							<String ID="string_126" HPOS="476" VPOS="1243" WIDTH="95" HEIGHT="22" WC="0.96" CONTENT="sålunda"/><SP WIDTH="12" VPOS="1243" HPOS="571"/>
							<String ID="string_127" HPOS="583" VPOS="1245" WIDTH="33" HEIGHT="20" WC="0.96" CONTENT="att"/><SP WIDTH="12" VPOS="1245" HPOS="616"/>
							<String ID="string_128" HPOS="628" VPOS="1243" WIDTH="73" HEIGHT="28" WC="0.93" CONTENT="hvarje"/><SP WIDTH="20" VPOS="1243" HPOS="701"/>
							<String ID="string_129" HPOS="721" VPOS="1242" WIDTH="103" HEIGHT="30" WC="0.91" CONTENT="tjugufem"/>
						</TextLine>
						<TextLine ID="line_24" HPOS="277" VPOS="1278" WIDTH="546" HEIGHT="28">
							<String ID="string_130" HPOS="277" VPOS="1278" WIDTH="187" HEIGHT="22" WC="0.90" CONTENT="etthundradedels"/><SP WIDTH="19" VPOS="1278" HPOS="464"/>
							<String ID="string_131" HPOS="483" VPOS="1278" WIDTH="90" HEIGHT="28" WC="0.95" CONTENT="mantal,"/><SP WIDTH="20" VPOS="1278" HPOS="573"/>
							<String ID="string_132" HPOS="593" VPOS="1279" WIDTH="24" HEIGHT="21" WC="0.96" CONTENT="så"/><SP WIDTH="20" VPOS="1279" HPOS="617"/>
							<String ID="string_133" HPOS="637" VPOS="1278" WIDTH="36" HEIGHT="22" WC="0.93" CONTENT="ock"/><SP WIDTH="18" VPOS="1278" HPOS="673"/>
							<String ID="string_134" HPOS="691" VPOS="1278" WIDTH="132" HEIGHT="27" WC="0.91" CONTENT="mantalsdel,"/>
						</TextLine>
						<TextLine ID="line_25" HPOS="277" VPOS="1312" WIDTH="548" HEIGHT="29">
							<String ID="string_135" HPOS="277" VPOS="1320" WIDTH="44" HEIGHT="14" WC="0.96" CONTENT="som"/><SP WIDTH="19" VPOS="1320" HPOS="321"/>
							<String ID="string_136" HPOS="340" VPOS="1313" WIDTH="45" HEIGHT="21" WC="0.94" CONTENT="icke"/><SP WIDTH="17" VPOS="1313" HPOS="385"/>
							<String ID="string_137" HPOS="402" VPOS="1314" WIDTH="85" HEIGHT="27" WC="0.96" CONTENT="uppgår"/><SP WIDTH="15" VPOS="1314" HPOS="487"/>
							<String ID="string_138" HPOS="502" VPOS="1312" WIDTH="33" HEIGHT="23" WC="0.95" CONTENT="till"/><SP WIDTH="15" VPOS="1312" HPOS="535"/>
							<String ID="string_139" HPOS="550" VPOS="1313" WIDTH="57" HEIGHT="22" WC="0.96" CONTENT="detta"/><SP WIDTH="15" VPOS="1313" HPOS="607"/>
							<String ID="string_140" HPOS="622" VPOS="1312" WIDTH="78" HEIGHT="29" WC="0.96" CONTENT="belopp,"/><SP WIDTH="16" VPOS="1312" HPOS="700"/>
							<String ID="string_141" HPOS="716" VPOS="1320" WIDTH="62" HEIGHT="15" WC="0.93" CONTENT="anses"/><SP WIDTH="15" VPOS="1320" HPOS="778"/>
							<String ID="string_142" HPOS="793" VPOS="1314" WIDTH="32" HEIGHT="21" WC="0.90" CONTENT="så-"/>
						</TextLine>
						<TextLine ID="line_26" HPOS="276" VPOS="1347" WIDTH="549" HEIGHT="27">
							<String ID="string_143" HPOS="276" VPOS="1354" WIDTH="44" HEIGHT="15" WC="0.96" CONTENT="som"/><SP WIDTH="20" VPOS="1354" HPOS="320"/>
							<String ID="string_144" HPOS="340" VPOS="1354" WIDTH="27" HEIGHT="14" WC="0.93" CONTENT="en"/><SP WIDTH="14" VPOS="1354" HPOS="367"/>
							<String ID="string_145" HPOS="381" VPOS="1347" WIDTH="153" HEIGHT="27" WC="0.91" CONTENT="hemmansrök,"/><SP WIDTH="17" VPOS="1347" HPOS="534"/>
							<String ID="string_146" HPOS="551" VPOS="1347" WIDTH="51" HEIGHT="21" WC="0.97" CONTENT="dock"/><SP WIDTH="14" VPOS="1347" HPOS="602"/>
							<String ID="string_147" HPOS="616" VPOS="1348" WIDTH="32" HEIGHT="20" WC="0.96" CONTENT="att"/><SP WIDTH="14" VPOS="1348" HPOS="648"/>
							<String ID="string_148" HPOS="662" VPOS="1348" WIDTH="50" HEIGHT="25" WC="0.93" CONTENT="flere"/><SP WIDTH="14" VPOS="1348" HPOS="712"/>
							<String ID="string_149" HPOS="726" VPOS="1347" WIDTH="65" HEIGHT="21" WC="0.91" CONTENT="rökar"/><SP WIDTH="14" VPOS="1347" HPOS="791"/>
							<String ID="string_150" HPOS="805" VPOS="1347" WIDTH="20" HEIGHT="27" WC="0.83" CONTENT="ej"/>
						</TextLine>
						<TextLine ID="line_27" HPOS="277" VPOS="1380" WIDTH="441" HEIGHT="27">
							<String ID="string_151" HPOS="277" VPOS="1382" WIDTH="36" HEIGHT="20" WC="0.94" CONTENT="må"/><SP WIDTH="15" VPOS="1382" HPOS="313"/>
							<String ID="string_152" HPOS="328" VPOS="1380" WIDTH="104" HEIGHT="22" WC="0.95" CONTENT="beräknas"/><SP WIDTH="15" VPOS="1380" HPOS="432"/>
							<String ID="string_153" HPOS="447" VPOS="1383" WIDTH="31" HEIGHT="19" WC="0.96" CONTENT="än"/><SP WIDTH="15" VPOS="1383" HPOS="478"/>
							<String ID="string_154" HPOS="493" VPOS="1380" WIDTH="82" HEIGHT="22" WC="0.95" CONTENT="antalet"/><SP WIDTH="15" VPOS="1380" HPOS="575"/>
							<String ID="string_155" HPOS="590" VPOS="1380" WIDTH="128" HEIGHT="27" WC="0.96" CONTENT="lägenheter."/>
						</TextLine>
					</TextBlock>
					<TextBlock ID="block_8" HPOS="278" VPOS="1413" WIDTH="547" HEIGHT="93">
						<TextLine ID="line_28" HPOS="346" VPOS="1413" WIDTH="479" HEIGHT="29">
							<String ID="string_156" HPOS="346" VPOS="1414" WIDTH="94" HEIGHT="22" WC="0.90" CONTENT="Besitter"/><SP WIDTH="15" VPOS="1414" HPOS="440"/>
							<String ID="string_157" HPOS="455" VPOS="1414" WIDTH="37" HEIGHT="22" WC="0.96" CONTENT="och"/><SP WIDTH="15" VPOS="1414" HPOS="492"/>
							<String ID="string_158" HPOS="507" VPOS="1413" WIDTH="80" HEIGHT="23" WC="0.96" CONTENT="brukar"/><SP WIDTH="14" VPOS="1413" HPOS="587"/>
							<String ID="string_159" HPOS="601" VPOS="1414" WIDTH="73" HEIGHT="28" WC="0.96" CONTENT="någon"/><SP WIDTH="14" VPOS="1414" HPOS="674"/>
							<String ID="string_160" HPOS="688" VPOS="1414" WIDTH="54" HEIGHT="27" WC="0.93" CONTENT="flera"/><SP WIDTH="10" VPOS="1414" HPOS="742"/>
							<String ID="string_161" HPOS="752" VPOS="1414" WIDTH="73" HEIGHT="28" WC="0.92" CONTENT="lägen-"/>
						</TextLine>
						<TextLine ID="line_29" HPOS="278" VPOS="1448" WIDTH="546" HEIGHT="29">
							<String ID="string_162" HPOS="278" VPOS="1449" WIDTH="63" HEIGHT="28" WC="0.96" CONTENT="heter,"/><SP WIDTH="16" VPOS="1449" HPOS="341"/>
							<String ID="string_163" HPOS="357" VPOS="1456" WIDTH="43" HEIGHT="15" WC="0.96" CONTENT="som"/><SP WIDTH="15" VPOS="1456" HPOS="400"/>
							<String ID="string_164" HPOS="415" VPOS="1449" WIDTH="54" HEIGHT="23" WC="0.96" CONTENT="höra"/><SP WIDTH="10" VPOS="1449" HPOS="469"/>
							<String ID="string_165" HPOS="479" VPOS="1448" WIDTH="33" HEIGHT="23" WC="0.96" CONTENT="till"/><SP WIDTH="9" VPOS="1448" HPOS="512"/>
							<String ID="string_166" HPOS="521" VPOS="1455" WIDTH="82" HEIGHT="16" WC="0.92" CONTENT="samma"/><SP WIDTH="10" VPOS="1455" HPOS="603"/>
							<String ID="string_167" HPOS="613" VPOS="1448" WIDTH="211" HEIGHT="29" WC="0.91" CONTENT="hemmansnummer,"/>
						</TextLine>
						<TextLine ID="line_30" HPOS="279" VPOS="1483" WIDTH="286" HEIGHT="23">
							<String ID="string_168" HPOS="279" VPOS="1491" WIDTH="63" HEIGHT="15" WC="0.95" CONTENT="anses"/><SP WIDTH="15" VPOS="1491" HPOS="342"/>
							<String ID="string_169" HPOS="357" VPOS="1484" WIDTH="25" HEIGHT="22" WC="0.95" CONTENT="de"/><SP WIDTH="14" VPOS="1484" HPOS="382"/>
							<String ID="string_170" HPOS="396" VPOS="1484" WIDTH="67" HEIGHT="22" WC="0.96" CONTENT="såsom"/><SP WIDTH="16" VPOS="1484" HPOS="463"/>
							<String ID="string_171" HPOS="479" VPOS="1491" WIDTH="28" HEIGHT="15" WC="0.95" CONTENT="en"/><SP WIDTH="14" VPOS="1491" HPOS="507"/>
							<String ID="string_172" HPOS="521" VPOS="1483" WIDTH="44" HEIGHT="23" WC="0.96" CONTENT="rök."/>
						</TextLine>
					</TextBlock>
				</ComposedBlock>
			</PrintSpace>
		</Page>
	</Layout>
</alto>
