1042 1720
217 149 54 20 XIV
409 149 28 22 U.
453 149 27 22 B.
497 162 25 3 —
538 149 74 28 Prop.
627 149 45 22 N:o
688 149 23 22 4.

191 216 128 27 densamma,
334 216 129 28 gäldenären
479 217 52 27 egde
547 217 121 28 undantaga
683 217 79 28 nödiga
777 217 162 28 arbetsredskap

189 251 51 21 eller
255 251 65 21 andra
335 251 84 21 lösören
434 252 32 21 till
481 254 30 18 ett
526 252 65 26 värde
606 251 23 22 af
643 251 63 28 högst
721 252 79 26 trettio,
818 259 55 20 resp.
888 252 53 28 sjut-

188 286 74 21 tiofem
286 286 64 26 mark,
371 285 82 22 således
469 287 6 20 i
491 287 53 20 intet
558 286 38 21 fall
612 286 41 21 slik
669 285 104 29 egendom
787 286 35 21 för
836 293 105 14 samman-

190 320 60 27 lagdt
272 328 45 13 mer
338 322 25 19 än
385 321 92 21 nämnda
498 321 150 28 värdebelopp,
662 321 82 28 jemlikt
758 320 123 22 Utskottets
897 320 44 21 för-

189 354 46 27 slag
257 355 130 27 oumbärliga
410 355 163 28 arbetsredskap
594 355 55 28 finge
671 355 133 28 undantagas
827 354 63 21 äfven
907 361 34 14 om

191 388 60 22 deras
267 389 66 20 värde
348 389 121 27 öfverstege
485 389 139 22 omförmälda
639 397 98 13 summor.
766 389 74 21 Ehuru
850 388 91 22 Utskot-

189 425 42 18 tets
254 423 133 28 ståndpunkt
409 423 90 21 sålunda
519 425 23 19 är
557 424 109 20 liberalare
682 425 26 19 än
724 424 42 20 den
781 423 49 21 nåd.
844 424 98 27 proposi-

192 457 90 26 tionens,
305 464 62 14 anser
388 458 35 28 jag
445 459 42 20 rätt
509 458 40 21 och
569 458 97 28 billighet
681 457 75 22 liksom
772 457 65 21 äfven
852 457 37 21 det
903 457 39 21 all-

191 492 87 20 männas
294 492 89 20 intresse
400 492 75 21 kräfva
491 495 31 19 att
536 495 70 25 steget
620 494 84 25 uttages
720 494 56 18 ännu
788 491 66 29 något
864 492 78 27 längre,

193 525 50 21 eller
259 525 79 22 derhän
353 528 32 18 att
399 526 128 28 gäldenären
544 527 113 27 berättigas
673 526 35 21 vid
725 527 119 27 utmätning
859 525 84 22 behålla

191 559 48 21 icke
261 560 91 21 allenast
367 560 130 28 oumbärliga
513 560 168 28 arbetsredskap,
696 564 50 18 utan
763 560 40 22 ock
818 560 125 22 derutöfver

191 602 70 13 annan
277 594 103 28 egendom
400 594 35 22 för
449 600 31 16 ett
495 595 65 21 värde
575 595 22 21 af
612 595 55 21 ända
682 595 32 21 till
728 596 79 25 trettio,
821 602 54 21 resp.
891 595 52 28 sjut-

191 628 75 22 tiofem
281 629 65 21 mark.
376 629 73 28 Enligt
465 630 121 21 Utskottets
602 630 80 28 förslag
697 630 68 21 skulle
781 630 105 28 nämligen
899 630 45 27 gäl-

191 663 100 26 denären,
312 664 46 21 ifall
381 664 74 21 värdet
478 664 23 21 af
521 664 53 21 hans
597 664 163 29 oumbärligaste
779 664 164 28 arbetsredskap

191 698 108 28 uppginge
314 698 32 21 till
363 698 50 21 eller
427 699 101 21 närmade
543 700 33 26 sig
590 698 139 22 förenämnda
740 698 170 29 maximibelopp,
920 706 23 13 se

193 733 32 27 sig
247 732 55 21 stäld
318 733 7 21 i
344 733 57 21 valet
417 734 87 20 emellan
521 736 31 18 att
567 735 100 26 antingen
683 733 121 29 undantaga
820 733 61 22 dessa
896 733 48 21 red-

193 766 53 29 skap
269 767 41 21 och
333 768 86 21 försaka
441 768 25 21 de
489 768 168 28 nödvändigaste
673 768 186 28 husgerädssaker,
873 768 71 21 säsom

192 802 96 26 kokkärl,
311 804 52 26 säng
386 810 18 14 o.
427 810 16 13 s.
465 811 25 18 v.
513 803 50 21 eller
582 803 41 21 ock
638 802 118 22 förbehälla
771 804 33 27 sig
819 802 62 22 dessa
895 802 49 22 med

193 836 146 29 uppgifvande
355 837 23 21 af
393 837 201 28 arbetsredskapen;
610 837 40 21 och
665 838 7 20 i
686 838 105 21 hvardera
801 838 61 21 fallet
872 837 72 21 blefve

195 872 94 27 utvägen
312 871 31 21 till
363 871 96 28 hederlig
474 871 93 21 utkomst
582 871 34 22 för
630 871 78 22 honom
724 871 82 28 ganska
821 871 54 22 svär.
904 871 42 28 Jag

195 905 49 21 ville
267 905 58 29 förty
348 906 22 21 åt
392 906 67 21 första
475 909 70 19 satsen
560 907 31 20 uti
607 906 141 21 förevarande
763 914 62 13 mom.
840 903 106 32 tillstyrka

194 939 95 28 följande
305 940 87 28 lydelse,
406 941 64 28 jemte
485 941 36 20 det
537 941 65 20 andra
617 943 70 18 satsen
704 941 84 21 komme
804 943 30 18 att
848 941 61 27 utgå:

470 1010 85 21 Saknas
578 1011 65 26 utväg
667 1009 35 21 till
722 1009 130 28 nödtorftigt
875 1016 69 21 uppe-

400 1044 70 25 hälle;
486 1044 29 21 då
530 1044 35 21 må
580 1043 125 28 ytterligare
720 1044 141 27 undantagas
875 1043 28 28 af
912 1044 35 21 det

399 1079 82 27 förråd,
496 1086 45 13 som
554 1079 10 20 i
579 1079 62 21 huset
655 1078 79 27 finnes,
749 1079 58 20 hvad
819 1078 35 21 till
863 1079 82 20 under-

399 1113 48 20 håll
461 1113 36 26 för
511 1120 26 13 en
553 1113 82 20 månad
650 1113 91 26 tarfvas,
756 1113 26 20 så
797 1113 37 20 ock
847 1113 100 20 oumbär-

401 1147 45 27 liga
455 1147 159 27 arbetsredskap
626 1148 75 19 samt
714 1147 174 26 derutöfver
903 1153 42 14 an-

400 1181 41 21 dra
463 1182 84 21 lösören
565 1181 52 20 till
632 1182 29 20 ett
676 1181 64 20 värde
756 1181 28 27 af
794 1181 85 28 högst
894 1183 51 19 tret-

403 1216 29 20 tio
455 1215 63 21 mark
540 1215 56 26 eller,
616 1222 35 14 om
668 1215 134 27 gäldenären
817 1215 41 21 har
872 1215 77 27 familj

401 1252 33 17 att
447 1249 101 27 försörja,
564 1250 84 25 högst
662 1249 122 26 sjuttiofem
800 1249 68 20 mark.

264 1316 38 21 Uti
326 1316 200 27 konkursstadgans
547 1315 30 28 $$
596 1316 30 20 24
640 1315 39 21 och
698 1316 30 26 71,
743 1315 204 28 förmänsrättsför-

197 1351 133 27 ordningens
345 1351 16 27 $
377 1351 31 20 20
422 1352 59 19 samt
495 1350 308 28 inteekningsförordningens
818 1351 15 26 $
849 1351 31 20 22
894 1358 55 21 upp-

196 1388 61 25 tagas
280 1385 64 21 bland
367 1384 207 29 fordringsanspräk,
590 1392 44 13 som
651 1384 65 22 hafva
732 1384 137 22 förmänsrätt
883 1386 8 20 i
905 1385 44 21 fast

198 1420 103 28 egendom
317 1420 40 21 och
373 1419 132 22 fördenskull
520 1419 72 21 kunna
607 1421 61 27 göras
683 1419 99 28 gällande
799 1419 120 23 oberoende
927 1420 23 21 af

198 1455 100 26 konkurs,
313 1455 60 21 hvari
389 1454 26 22 de
431 1455 18 28 ej
466 1454 65 22 heller
546 1454 93 22 behöfva
654 1454 35 21 för
704 1454 149 22 bibehällande
869 1454 22 22 af
905 1454 44 22 for-

265 1495 130 22 Lagutskottets
407 1494 109 18 betänkande
528 1494 37 17 N:o
578 1494 17 18 5.
