1095 1714
381 153 29 24 U.
429 154 24 31 B.
469 168 27 3 —
511 154 74 29 Prop.
601 155 41 23 N:o
657 155 21 22 1.
865 155 12 21 7

156 223 33 21 sin
210 223 125 28 kompetens
358 223 40 22 och
420 224 97 21 betrakta
541 224 48 21 dess
605 224 48 21 dom
669 223 69 22 såsom
754 231 34 14 res
800 224 106 27 judicata.

155 257 45 20 Det
213 257 123 21 förtroende
351 257 33 21 till
399 257 37 21 det
451 257 66 22 andra
532 258 82 21 landets
629 258 115 21 rättsskick
759 258 40 21 och
813 258 93 27 lagstift-

155 291 58 27 ning,
233 298 45 14 som
293 292 7 20 i
315 291 115 22 allmänhet
444 292 97 28 betingar
560 292 162 28 ifrågavarande
737 292 169 28 handräckning,

155 324 100 22 omfattar
269 325 77 28 jemväl
362 325 92 22 berörda
468 326 162 28 omständighet.

223 359 35 21 Nu
281 359 42 21 kan
346 359 37 22 det
404 360 35 21 väl
454 360 81 29 knappt
551 363 86 26 antagas
653 363 32 18 att
699 368 48 13 man
764 361 35 21 vid
816 360 41 21 den
872 368 34 13 ur-

155 393 124 28 sprungliga
301 393 139 30 affattningen
456 395 22 21 af
493 396 12 26 $
521 396 12 20 5
549 395 67 21 skulle
631 395 80 28 äsyftat
727 397 31 19 att
772 396 6 20 i
794 395 62 28 fråga
870 402 35 14 om

156 427 161 29 verkställighet
338 429 6 20 i
367 429 90 21 Finland
481 429 23 21 af
524 429 51 29 rysk
597 429 102 22 domstols
722 429 49 21 dom
786 429 120 21 fränkänna

156 462 166 21 Ofverexekutor
336 463 38 20 här
391 464 6 20 i
413 463 73 22 landet
501 471 26 14 en
542 464 28 28 pä
585 463 161 29 ofvanantydda
761 466 43 19 sätt
818 464 89 27 begrän-

157 496 38 21 sad
217 496 155 29 pröfningsrätt
394 497 110 28 angäende
526 497 137 22 omförmälda
686 498 70 21 vilkor
770 498 34 21 för
819 497 88 22 domens

156 530 183 22 verkställbarhet.
362 531 66 22 Detta
442 531 34 22 fär
491 532 23 21 sä
529 532 85 28 mycket
629 531 81 22 mindre
720 532 131 27 förutsättas,
862 539 44 14 som

157 566 37 20 det
208 565 7 20 i
229 565 65 28 ryska
312 565 242 29 rättegängsordningen
569 567 23 20 af
608 567 54 20 1864
677 569 37 18 art.
731 567 53 20 1267
800 566 108 21 förekom-

156 599 77 21 mande
248 599 43 21 lika
309 599 92 28 lydande
416 600 129 28 stadgandet
559 608 34 13 om
610 600 161 28 verkställighet
784 601 7 19 i
806 601 102 27 Kejsare-

157 633 72 21 dömet
251 633 23 21 af
295 634 54 21 finsk
372 634 101 22 domstols
495 634 48 22 dom
559 634 112 28 rimligtvis
686 634 48 22 icke
749 634 42 22 kan
806 634 102 22 innebära

158 670 31 18 att
203 668 111 21 enahanda
329 668 107 28 pröfning,
451 668 104 22 huruvida
564 669 54 21 finsk
629 669 51 21 eller
689 668 50 29 rysk
752 668 91 22 domstol
853 669 56 21 varit

157 701 93 29 behörig,
265 702 38 21 der
318 710 50 14 vore
384 703 111 21 utesluten.

225 736 35 22 Då
270 737 117 21 emellertid
398 737 38 21 det
444 737 122 29 föreslagna
575 738 214 28 tilläggsstadgandet
799 739 23 19 är
829 737 79 28 egnadt

158 774 31 19 att
203 772 69 21 väcka
286 772 131 21 tvifvelsmäl
432 772 89 22 rörande
537 772 138 22 omförmälda
685 773 82 27 viktiga
777 772 131 28 omständig-

157 807 43 29 het,
220 806 39 24 har
277 806 153 30 Lagutskottet
444 806 101 30 enhälligt
560 810 69 18 ansett
644 807 114 29 uttrycklig
774 807 134 27 bestämning

157 842 73 21 derom
245 841 48 21 icke
309 841 71 21 kunna
394 841 113 27 undvaras;
522 849 48 14 men
585 841 110 29 angående
710 843 65 19 sättet
788 841 35 21 för
838 840 70 22 affatt-

157 878 79 27 ningen
261 877 23 20 af
305 884 27 13 en
354 876 65 21 sådan
441 876 65 21 hafva
529 876 166 22 diskussionsvis
716 877 56 20 inom
795 876 114 22 Utskottet

158 912 57 20 olika
230 912 109 27 meningar
354 911 40 21 och
409 911 81 27 förslag
505 911 121 21 framstälts.
649 911 35 21 En
699 910 34 22 del
749 911 23 20 af
786 910 63 21 dessa
864 910 45 20 för-

157 946 46 28 slag
224 945 66 22 hafva
310 945 47 28 gått
379 948 23 18 ut
422 945 28 28 på
472 948 32 18 att
525 945 48 21 med
596 945 65 27 nödig
682 944 83 29 hänsyn
780 944 58 22 såväl
854 944 54 20 till
898 940 13 38 i

159 980 163 28 Kejsaredömet
337 987 45 14 som
398 980 5 20 i
422 980 93 21 Finland
535 979 98 29 gällande
649 979 92 28 grunder
756 979 34 21 för
805 978 103 22 domstols

160 1014 125 28 behörighet
300 1016 95 19 närmare
410 1014 88 28 angifva
513 1014 27 21 de
555 1014 182 28 förutsättningar,
753 1013 68 21 under
835 1013 73 21 hvilka

159 1057 25 13 en
200 1056 83 21 person,
299 1056 45 14 som
359 1048 28 29 på
402 1048 67 29 grund
486 1049 23 21 af
523 1049 123 27 bosättning
661 1048 51 21 eller
727 1048 80 28 stadigt
817 1048 93 21 hemvist

160 1083 92 29 åtnjuter
267 1083 69 21 forum
351 1084 6 20 i
373 1082 98 27 Finland,
487 1083 64 21 likväl
567 1082 160 28 undantagsvis,
741 1083 8 20 i
764 1082 115 28 anledning
887 1082 23 21 af

160 1118 71 28 någon
253 1120 44 19 mot
311 1118 78 21 honom
410 1118 36 21 vid
462 1117 91 22 domstol
568 1120 6 18 i
589 1117 164 29 Kejsaredömet
768 1116 64 22 väckt
846 1116 64 27 talan;

160 1160 52 13 vore
235 1152 84 28 skyldig
340 1154 33 19 att
394 1160 62 14 svara
479 1152 36 21 vid
538 1152 69 21 denna
629 1152 92 21 domstol
743 1151 40 21 och
806 1152 6 19 i
827 1150 82 22 saknad

160 1186 23 21 af
204 1186 73 22 hvilka
300 1186 76 22 domen
398 1187 48 21 icke
468 1194 50 14 vore
533 1186 109 21 härstädes
658 1186 146 21 verkställbar.
834 1185 76 21 Såsom

161 1220 73 29 dylika
249 1221 177 28 förutsättningar
440 1221 39 21 har
493 1220 126 22 framhållits
635 1222 31 19 att
680 1219 120 23 svaranden
810 1221 57 19 ännu
874 1219 37 21 vid

161 1254 151 29 rättegångens
328 1255 73 28 början
418 1256 54 20 varit
487 1255 70 21 bosatt
572 1255 3 20 i
585 1254 169 29 Kejsaredömet,
762 1261 48 13 men
819 1253 93 21 derefter

161 1289 135 28 öfverflyttat
317 1290 33 20 till
371 1289 99 26 Finland;
492 1292 31 18 att
540 1289 41 21 han
603 1288 68 22 under
692 1288 93 28 tillfällig
802 1288 110 21 vistelse
900 1284 16 37 i

161 1324 164 27 Kejsaredömet
346 1324 7 20 i
376 1324 115 27 anledning
511 1324 22 20 af
548 1324 38 20 der
601 1322 102 28 ingånget
717 1322 52 22 aftal
785 1322 51 21 eller
851 1322 61 27 eljest

162 1356 92 28 ådragen
277 1356 131 21 förbindelse
430 1356 88 21 undfått
540 1357 106 26 stämning
666 1356 51 20 eller
731 1356 81 20 inställt
827 1356 33 26 sig
875 1355 37 21 vid

162 1391 130 25 domstolen;
322 1393 31 18 att
382 1390 41 21 han
453 1390 38 21 der
519 1397 50 21 eger
596 1389 107 28 fastighet,
731 1389 85 21 hvilken
848 1388 64 21 målet

162 1427 64 26 rörer,
241 1425 51 22 eller
308 1427 23 19 är
345 1427 47 27 part
407 1425 6 21 i
430 1432 26 13 en
471 1424 38 21 der
524 1424 105 28 anhängig
644 1423 98 22 arfstvist
757 1423 51 22 eller
823 1424 5 20 i
841 1422 71 29 någon

231 1507 129 23 Lagutskottets
371 1507 109 18 betänkande
493 1509 36 15 N:o
545 1507 15 17 7.
