1023 1714
321 146 29 22 U.
366 147 27 22 B.
410 159 27 2 —
453 147 72 27 Prop.
541 147 44 22 N:o
600 147 23 22 4.
791 147 26 20 79

93 216 31 18 att
146 216 97 26 parterne
259 214 6 20 i
280 214 74 28 regeln
373 217 75 25 genast
462 216 8 19 i
484 214 75 28 början
575 215 40 21 och
630 214 83 22 således
728 214 64 22 redan
809 215 37 21 vid

92 247 67 21 första
180 248 109 20 instansen
312 248 75 21 anföra
410 248 39 22 och
472 249 72 27 styrka
567 250 41 20 alla
623 250 46 20 sina
685 249 51 25 skäl,
753 248 50 21 »der
818 249 27 21 de

92 280 81 22 sådana
189 283 35 19 äro
240 284 31 18 att
285 282 36 20 det
332 282 41 20 kan
384 282 58 21 ske».
464 282 36 20 Då
510 282 214 21 öfverexekutorerne
735 282 34 21 väl
780 282 65 21 fram-

93 314 64 27 deles,
173 314 69 22 säsom
258 315 35 21 för
307 316 132 21 närvarande
454 316 86 20 allmänt
558 316 36 21 vid
616 316 230 28 guvernörsembetena

92 348 61 21 torde
168 348 97 27 förfaras,
281 350 30 20 uti
326 350 45 21 sina
387 350 70 28 utslag
472 350 83 21 komme
571 353 30 18 att
616 350 106 28 ätergifva
734 350 48 20 icke
794 350 51 21 alle-

92 385 48 18 nast
163 382 120 22 sökandens
304 383 116 28 påstående
441 388 51 17 utan
515 384 41 21 ock
577 384 152 28 vederpartens
751 384 95 21 deremot

91 416 75 28 gjorda
187 417 162 29 invändningar,
370 418 56 28 finge
441 418 101 26 sökande,
557 426 45 14 som
617 418 48 22 icke
680 419 39 21 hos
735 418 111 21 öfverexe-

93 450 68 27 kutor,
182 452 64 20 innan
262 452 65 20 målet
345 452 38 21 der
397 452 95 28 afgjorts,
508 452 82 21 erhållit
606 452 35 21 del
655 452 23 22 af
693 452 151 28 vederpartens

92 492 55 18 svar,
161 485 49 21 från
226 486 93 27 utslaget
333 486 121 22 kännedom
466 487 73 21 derom
550 487 40 21 och
601 486 77 27 kunde,
694 494 34 13 om
743 486 41 21 han
798 486 46 21 ifall

92 518 23 21 af
129 519 78 21 besvär
222 520 78 28 ansåge
316 521 33 20 sin
363 522 43 19 rätt
421 521 77 21 sådant
508 520 79 27 fordra,
600 522 56 20 inom
669 520 134 29 fataljetiden
813 522 32 19 in-

92 553 69 21 lemna
183 554 37 20 sitt
243 554 125 22 bemötande
391 555 32 21 till
445 555 114 26 hofrätten,
581 562 46 14 som
649 555 35 21 väl
706 555 48 21 icke
777 554 67 22 skulle

91 589 66 26 vägra
180 591 31 17 att
233 588 42 22 låta
291 589 116 21 detsamma
423 591 32 26 sig
469 590 124 27 föredragas
608 590 6 20 i
631 589 151 28 sammanhang
796 589 50 21 med

93 622 246 29 besvärshandlingarna.

159 657 81 21 Medan
264 665 26 13 en
312 658 109 21 minoritet
435 659 6 20 i
457 658 118 26 Utskottet,
593 666 51 18 som,
667 658 27 21 då
711 658 133 28 rättegångs-

91 692 105 20 komiténs
218 692 157 21 ofvannämnda
393 692 80 28 förslag
494 693 91 21 rörande
600 693 77 20 besvär
692 694 60 19 öfver
767 692 77 21 under-

91 728 52 18 rätts
159 726 70 27 utslag
244 726 48 21 icke
307 727 81 20 funnits
404 727 96 28 lämpligt
515 728 32 20 för
563 727 174 27 utsökningsmål,
748 726 96 22 förordat

92 760 37 20 det
139 760 7 20 i
156 759 42 21 den
209 760 78 28 nådiga
297 761 161 28 propositionen
468 762 119 27 föreslagna
598 760 135 27 förfarandet,
744 760 101 22 särskildt

92 794 71 21 derför
183 796 32 18 att
233 794 37 21 vid
286 795 66 21 sådan
368 795 118 28 anordning
502 795 41 21 den
557 796 50 20 med
622 795 174 21 öfverexekutors
813 798 32 18 ut-

92 828 46 28 slag
159 828 64 28 nöjde
245 832 75 24 parten
343 830 54 27 egde
418 830 82 20 visshet
517 832 30 18 att
563 830 90 26 ändring
669 830 6 20 i
690 830 93 27 utslaget
797 830 47 20 icke

92 862 80 22 skedde
193 862 49 22 med
261 863 82 21 mindre
363 864 41 21 han
424 864 78 20 erhölle
524 864 34 20 del
577 864 21 20 af
615 864 104 20 besvären
742 864 40 20 och
802 864 42 20 han

92 896 137 22 derförinnan
244 897 47 21 icke
308 898 92 20 behöfde
416 898 87 28 vidtaga
518 898 71 28 någon
605 897 80 29 åtgärd,
700 898 39 20 har
755 898 89 21 Utskot-

92 934 42 18 tets
154 932 75 25 flertal,
249 939 47 13 som
317 935 70 18 ansett
407 932 139 21 nästberörda
561 932 180 28 omständigheter
756 939 51 14 vara
822 932 22 20 af

92 966 149 21 underordnad
258 966 109 28 betydelse
383 967 32 21 för
431 966 41 22 den
493 966 146 29 föreliggande
654 966 86 28 frägans
756 966 90 28 lösning,

92 1001 56 27 förty
164 1001 87 21 beslutit
266 1001 78 21 föreslä
359 1001 77 21 sädant
455 1001 136 21 anordnande
602 1002 21 20 af
636 1000 131 29 proceduren
777 1001 7 20 i
795 1000 46 21 hof-

92 1037 42 18 rätt
149 1036 31 20 uti
196 1035 130 21 besvärsmäl
342 1036 46 20 frän
403 1035 164 21 öfverexekutor
583 1043 46 13 som
644 1035 65 21 redan
725 1035 64 21 ofvan
809 1042 37 13 an-

92 1068 65 28 tydts,
173 1069 50 21 eller
237 1072 37 23 att,
289 1069 38 21 der
342 1077 41 20 nya
398 1070 46 20 skäl
459 1069 41 21 och
515 1069 182 27 omständigheter
707 1069 6 20 i
724 1068 64 21 mälet
798 1069 47 20 icke

93 1102 72 22 blifvit
180 1104 21 20 af
215 1103 120 28 klaganden
351 1104 129 26 framstälda,
495 1103 107 21 hofrätten
617 1103 56 28 finge
687 1103 58 28 gifva
764 1104 36 20 sitt
810 1105 34 18 ut-

93 1139 46 26 slag
154 1140 51 18 utan
220 1137 129 29 föregäende
365 1138 183 21 kommunikation
566 1138 64 20 äfven
645 1138 38 20 der
705 1137 139 21 öfverexeku-

92 1174 44 18 tors
158 1172 75 27 åtgärd
253 1172 112 26 ändrades,
385 1172 107 21 hofrätten
515 1172 55 20 dock
585 1172 100 27 obetaget
701 1174 30 18 att
745 1172 77 27 jemväl
838 1172 7 20 i

93 1205 70 28 dylikt
177 1207 43 25 fall,
235 1206 38 21 der
288 1206 36 21 det
339 1207 113 27 pröfvades
468 1207 80 27 nödigt,
557 1207 54 20 först
624 1206 95 21 infordra
733 1205 115 28 vederpar-

93 1243 48 18 tens
162 1241 121 28 förklaring.
313 1240 12 21 I
345 1241 220 21 öfverensstämmelse
580 1240 87 21 härmed
682 1240 39 21 har
737 1240 73 27 början
825 1240 22 21 af

95 1275 11 20 9
123 1275 12 27 8
150 1275 71 21 blifvit
237 1275 168 26 omformulerad,
420 1275 117 28 hvarjemte
551 1275 34 20 till
599 1275 100 20 säkerhet
713 1275 33 20 för
757 1274 47 26 den,
813 1274 33 21 till

94 1309 63 20 hvars
177 1309 91 21 nackdel
287 1309 90 28 ändring
391 1309 58 21 skett
463 1312 52 18 utan
530 1311 31 19 att
575 1309 42 20 han
634 1309 70 20 blifvit
718 1309 59 26 hörd,
792 1309 55 20 före-

94 1343 95 20 skrifvits
210 1346 31 17 att
261 1343 52 20 hans
333 1343 108 27 exemplar
461 1344 22 19 af
499 1343 118 20 hofrättens
636 1343 70 26 utslag
729 1343 64 19 borde
808 1342 38 19 ho-

94 1384 49 13 nom
158 1377 7 19 i
181 1376 125 27 embetsväg
321 1376 111 25 tillställas,
447 1383 25 13 en
488 1376 108 21 föreskrift
610 1375 93 26 hvilken,
714 1375 70 21 såsom
796 1375 52 21 hän-

94 1409 89 22 förande
200 1411 32 27 sig
246 1410 33 21 till
295 1409 205 29 expeditionssättet,
516 1410 34 21 väl
565 1409 113 28 rätteligen
693 1409 48 21 bort
756 1409 50 28 ingå
816 1410 31 20 uti

96 1453 29 13 en.
137 1444 91 22 särskild
244 1445 11 27 $
272 1445 53 21 efter
347 1445 26 21 14
389 1445 18 26 &,
422 1452 48 13 men
486 1444 56 21 dock
557 1446 81 19 ansetts
654 1444 71 21 kunna
740 1444 39 21 här
793 1445 54 20 inta-

165 1484 128 23 Lagutskottets
306 1485 109 18 betänkande
427 1484 37 18 N:o
476 1485 18 17 5.
