1036 1720
223 161 13 20 6
417 161 29 21 U.
461 160 28 22 B.
505 172 25 3 —
547 160 73 28 Prop.
636 159 45 23 N:o
696 160 24 23 2.

262 228 115 21 Utskottet
390 227 39 21 har
445 228 17 28 ej
479 227 65 21 heller
560 227 80 22 kunnat
650 227 71 21 lemna
731 226 106 22 obeaktad
845 226 41 22 den
894 226 52 28 jem-

194 262 35 22 väl
252 262 24 22 af
298 262 148 22 erfarenheten
468 263 7 20 i
498 262 59 22 detta
571 262 50 22 land
637 261 124 22 bekräftade
777 262 123 28 sanningen,
915 262 31 20 att

194 296 66 22 äfven
284 304 26 14 en
325 298 82 26 strängt
422 296 86 22 bunden
522 296 134 29 jorddelning
671 296 48 22 icke
733 295 82 22 förmär
828 295 119 29 förebygga

195 331 27 21 de
238 331 143 28 olägenheter,
395 330 74 22 hvilka
483 331 173 29 jorddelningens
672 330 133 28 fullkomliga
815 328 131 30 frigifvande

194 365 72 22 kunde
289 365 85 22 befaras
397 365 102 22 medföra.
527 365 159 29 Fördelningen
707 365 23 21 af
749 364 75 29 jorden
845 364 103 29 gestaltar

194 400 34 28 sig
241 400 33 21 till
288 400 54 28 följd
357 400 23 21 af
395 400 105 21 allmänna
515 400 137 22 ekonomiska
668 400 59 28 lagar
741 399 28 29 på
781 398 37 22 det
832 398 34 22 för
873 398 74 28 hvarje

194 433 32 22 tid
249 434 41 21 och
313 437 33 18 ort
367 434 134 28 lämpligaste
523 435 47 20 sätt.
600 434 33 21 En
654 433 53 22 hvar
727 434 70 21 förser
814 434 33 27 sig
862 432 24 23 så
901 432 47 22 vidt

195 469 83 28 möjligt
300 468 49 21 med
371 468 42 21 den
431 468 105 28 jordvidd,
553 476 44 14 som
616 469 35 20 för
666 468 53 21 hans
739 468 102 27 ställning
856 467 40 22 och
911 469 37 19 än-

196 502 70 22 damäl
289 503 93 21 befinnes
404 502 168 29 fördelaktigast.
606 502 12 22 I
639 503 103 21 närheten
757 502 23 21 af
795 503 66 20 större
877 501 71 22 städer

196 537 52 22 eller
269 537 66 22 andra
350 537 141 26 trafikcentra,
507 537 37 22 der
558 537 84 22 tillfälle
656 537 33 21 till
703 537 75 22 lättare
793 537 118 28 afsättning
926 535 24 22 af

196 572 231 29 jordbruksprodukter
446 573 51 21 eller
519 572 32 22 till
574 572 121 21 erhållande
713 572 24 21 af
751 571 65 23 äfven
831 579 69 14 annan
916 578 33 14 ar-

196 606 150 29 betsförtjenst
360 609 27 19 än
403 607 151 28 afkastningen
564 607 47 21 från
622 607 130 28 jordbruket,
761 605 121 27 förefinnes,
894 605 55 22 skall

197 641 103 22 behofvet
318 642 23 21 af
355 641 85 28 jordens
457 641 85 28 delning
557 643 7 20 i
579 641 45 22 små
639 641 63 22 lotter
716 643 53 26 göra
783 642 34 27 sig
831 648 57 14 mera
903 640 45 29 gäl-

196 675 63 22 lande
275 678 25 19 än
317 676 28 29 på
359 677 117 27 aflägsnare
492 679 60 19 orter.
582 676 40 21 Ett
636 679 105 26 noggrant
753 674 195 30 reglementerande

196 709 43 22 kan
261 710 48 21 icke
330 710 113 29 tillgodose
466 710 27 22 de
513 710 68 22 lokala
597 711 112 21 behofven.
738 710 50 21 Ifall
804 709 107 22 missbruk
926 709 24 22 af

198 744 42 22 den
256 745 67 21 frihet
336 745 61 28 lagen
413 745 119 28 medgifver
547 745 68 22 skulle
630 745 137 27 förekomma,
777 745 69 28 ligger
855 745 22 28 ju
889 744 59 21 dess-

196 782 58 18 utom
278 779 37 21 det
332 781 55 19 rätta
402 779 132 22 korrektivet
548 781 58 26 nära,
620 780 8 20 i
642 779 37 22 det
693 782 32 19 att
739 779 42 21 den
796 778 153 29 jordlägenhet,

197 813 88 22 hvilken
306 814 18 28 ej
345 813 42 22 kan
409 814 22 21 af
453 814 32 21 sin
507 821 61 21 egare
589 813 49 22 med
660 814 69 21 fördel
745 813 82 27 häfdas,
843 812 107 29 sjelffallet

196 848 95 20 kommer
311 851 32 18 att
357 848 89 28 öfvergå
461 849 5 19 i
483 856 26 13 en
524 856 80 14 annans
619 848 58 21 hand
693 848 50 21 eller
758 848 85 20 förenas
859 847 47 21 med
923 855 26 13 en

197 889 69 14 annan
282 882 104 28 lägenhet.

264 916 33 22 På
320 916 63 22 dessa
402 917 47 21 skäl
463 917 38 21 har
517 916 121 23 Utskottets
653 917 67 21 flertal
736 916 89 22 beslutit
839 919 31 19 att
885 916 65 22 äfven

196 959 29 13 nu
244 952 88 20 förorda
354 959 25 13 en
401 951 125 22 oinskränkt
540 952 65 21 frihet
620 955 32 18 att
665 952 48 21 dela
727 951 80 29 jorden.
837 951 113 22 Utskottet

196 986 39 21 har
250 986 75 21 dervid
341 987 18 27 ej
375 986 66 21 heller
456 986 80 22 kunnat
552 993 50 15 anse
618 986 41 21 den
675 987 56 20 inom
746 986 122 28 Kejserliga
883 985 68 22 Sena-

196 1023 37 19 ten
251 1020 94 22 uttalade
361 1020 88 28 farhåga
465 1028 50 15 vara
525 1020 103 29 grundad,
638 1024 32 18 att
679 1028 76 21 genom
768 1028 25 14 en
806 1020 67 22 sådan
885 1020 65 21 frihet

196 1056 79 20 valrätt
297 1055 40 21 och
360 1055 111 22 valbarhet
485 1055 37 27 [till
537 1055 162 22 Bondeståndet
714 1055 68 21 skulle
798 1055 89 21 beredas
902 1062 48 22 per-

200 1097 68 19 soner,
293 1090 72 21 hwilka
388 1090 67 28 enligt
479 1090 255 28 Landtdagsordningens
759 1089 143 28 andemening
932 1090 18 27 ej

199 1123 67 22 borde
289 1124 84 20 komma
396 1125 6 19 i
423 1124 99 28 utöfning
536 1124 24 21 af
574 1124 55 22 slika
643 1124 100 28 politiska
757 1124 131 28 rättigheter.
917 1123 34 28 Ty

200 1158 28 21 då
243 1158 164 21 föreskrifterna
417 1158 109 28 angäende
538 1158 135 28 jorddelning
682 1158 46 21 afse
739 1166 26 13 en
776 1158 83 28 verklig
869 1157 83 29 utbryt-

196 1193 52 27 ning
270 1192 23 21 af
315 1192 57 21 reela
395 1192 58 21 delar
475 1192 23 21 af
517 1193 174 28 jordiägenheter,
707 1200 49 13 men
771 1192 92 21 nämnda
878 1193 73 26 rättig-

199 1226 61 22 heter
275 1227 70 21 under
358 1227 57 21 vissa
431 1227 70 21 vilkor
515 1227 117 22 tillkomma
642 1235 62 20 egare
715 1227 23 21 af
747 1226 64 21 äfven
823 1226 41 21 den
875 1227 77 20 minsta

198 1261 115 20 outbrutna
337 1261 63 19 andel
423 1261 23 19 af
467 1261 123 20 mantalsatt
611 1261 76 20 frälse-
704 1261 41 20 och
767 1260 119 28 skattejord
900 1263 52 17 utan

198 1296 31 18 att
250 1300 38 14 ens
311 1293 88 28 uppbud
422 1293 41 21 och
480 1293 56 21 fasta
551 1294 13 20 å
579 1293 67 21 sådan
661 1294 34 20 del
711 1293 112 25 erfordras,
838 1293 24 21 så
876 1292 76 22 utöfva

199 1326 92 22 berörda
312 1326 136 22 föreskrifter
469 1327 48 21 icke
540 1327 70 28 någon
631 1327 117 21 nämnvärd
764 1326 103 23 inverkan
883 1327 28 29 på
926 1326 26 22 de

198 1362 156 26 förhållanden,
376 1369 45 14 som
445 1362 66 28 enligt
533 1361 245 29 Landtdagsordningen
793 1364 75 26 utgöra
882 1361 71 22 vilkor

200 1396 34 22 för
247 1396 78 22 valrätt
340 1396 40 21 och
396 1396 112 22 valbarhet
521 1396 33 21 till
569 1395 168 23 Bondeståndet.
917 1409 5 4 -

266 1431 12 21 1
292 1431 68 21 likhet
375 1430 48 22 med
439 1431 42 22 den
495 1430 91 30 tidigare
601 1431 78 29 nädiga
693 1432 161 28 propositionen
864 1432 7 20 i
882 1433 71 19 ämnet

198 1466 118 22 innehäller
329 1466 77 28 jemväl
422 1466 141 22 förevarande
579 1466 81 28 förslag
674 1466 133 22 beträffande
822 1466 80 29 parcell
911 1465 42 23 den

266 1506 49 22 Lag-
328 1506 32 17 och
372 1506 182 18 Ekonomiutskottets
566 1506 110 18 betänkande
688 1506 37 18 N:o
738 1506 15 17 1.
