1031 1717
789 150 26 20 63

438 219 25 18 17
480 219 17 23 8.

160 279 115 25 Ansökning
296 285 32 13 om
348 279 100 26 gvarstad,
468 280 70 19 förbud
552 280 48 19 eller
614 286 66 13 annan
695 280 148 25 handräckning

90 312 51 19 skall
162 314 57 23 göras
240 313 117 25 skriftligen.
387 313 23 26 Ej
431 313 32 20 må
477 314 137 25 ansökningen
629 314 83 24 bifallas,
727 314 61 20 innan
803 314 40 19 till-

90 347 46 19 fälle
150 348 30 18 att
195 347 46 19 derå
257 353 58 14 svara
329 347 65 20 blifvit
410 348 129 25 vederparten
554 348 97 25 lemnadt;
665 349 64 19 finner
741 349 100 19 öfverexe-

89 381 59 19 kutor
167 381 60 20 saken
243 381 68 25 sådan,
325 383 29 18 att
369 382 38 19 den
423 383 17 25 ej
457 383 38 19 kan
510 382 40 20 tåla
566 383 64 25 dylikt
644 383 93 25 uppskof,
752 389 36 19 ege
802 383 40 20 han

89 417 29 18 att
141 415 37 20 den
205 415 73 20 äskade
300 415 95 26 åtgärden
416 417 72 25 bevilja
509 417 41 20 tills
573 417 67 20 vidare
662 417 37 20 och
720 417 53 20 intill
795 417 46 20 dess

88 450 118 19 annorledes
222 450 71 20 varder
307 451 120 25 förordnadt,
443 451 50 20 dock
508 452 44 19 icke
566 452 6 19 i
585 452 34 19 det
630 452 39 22 fall,
681 452 97 19 hvarom
768 446 13 34 i
793 452 24 19 15
830 453 10 23 $

88 486 22 18 är
125 485 64 25 sagdt.

436 573 24 20 18
478 575 17 22 8.

153 634 72 20 Finner
247 635 156 22 öfverexekutor,
424 637 30 17 att
476 635 44 23 den,
543 641 41 13 som
607 635 54 19 talan
683 635 157 25 anhängiggjort,

87 668 72 20 saknar
175 668 42 20 skäl
233 668 70 22 dertill,
318 668 53 26 gifve
385 672 70 22 genast
471 670 34 19 sitt
520 669 68 20 beslut
602 670 73 19 derom.
705 669 54 20 Skall
773 669 67 25 någon

86 702 6 20 i
108 702 61 20 målet
184 703 63 25 höras,
263 703 92 20 förordne
369 704 157 25 öfverexekutor,
541 704 52 20 huru
608 704 33 20 det
656 704 33 20 må
699 704 44 25 ske;
755 704 36 20 och
801 710 37 19 ege

86 737 152 20 öfverexekutor
257 738 70 19 dervid
347 738 99 25 förelägga
465 738 41 20 vite
526 738 47 20 eller
587 738 94 26 äfventyr
695 740 35 23 att,
746 745 31 13 om
793 740 44 24 part

86 772 119 19 försummar
217 772 84 26 fullgöra
313 772 53 20 hvad
375 772 74 20 honom
460 773 70 19 varder
540 772 72 26 ålagdt,
622 773 61 20 målet
693 773 52 20 ändå
755 773 82 25 afgöres.

432 881 26 19 19
475 882 17 23 8.

152 943 58 19 Hvad
230 944 6 18 i
260 944 25 19 18
305 944 10 24 &
335 945 22 18 är
375 944 92 25 stadgadt
483 950 47 13 vare
545 944 37 20 ock
597 944 91 25 gällande
702 944 7 19 i
723 945 61 19 andra
799 944 36 20 hos

86 977 151 20 öfverexekutor
262 977 160 20 förekommande
445 977 164 27 utsökningsmäl,
632 978 29 20 för
683 978 67 20 hvilka
771 984 66 14 annan

86 1012 84 24 ordning
185 1012 16 25 ej
218 1012 64 19 finnes
297 1012 6 19 i
319 1012 64 20 denna
398 1012 33 25 lag
445 1012 135 20 föreskrifven.

422 1145 12 19 8
449 1145 50 19 Kar.

257 1239 42 22 Om
314 1239 106 23 kostnad
434 1240 9 21 i
458 1240 203 28 utsökningsmäl.

438 1321 46 24 18.

152 1382 9 19 I
184 1381 45 26 mål,
251 1382 81 19 hvarom
354 1382 6 19 i
382 1383 12 18 2
410 1382 44 25 kap.
476 1383 89 24 handlag,
588 1383 80 25 tillägge
683 1383 152 21 öfverexekutor

82 1416 107 25 sökanden,
203 1416 35 20 der
252 1416 40 19 han
307 1416 61 20 saken
383 1416 76 25 vinner,
474 1417 114 25 ersättning
598 1417 32 19 för
639 1417 27 19 all
675 1418 59 25 nödig
743 1418 91 25 kostnad,

82 1457 44 14 som
149 1451 144 25 lagsökningen
313 1451 91 20 medfört.
434 1451 75 20 Varder
523 1451 61 20 mälet
598 1451 67 20 säsom
681 1453 78 25 tvistigt
774 1453 59 20 förvi-
