1025 1717
220 158 13 20 4
416 156 28 22 U.
460 156 26 22 B.
502 169 26 2 —
543 156 74 27 Prop.
633 155 45 23 N:o
693 156 23 21 3.

516 268 26 22 11
557 268 60 28 Kap.

259 343 15 27 $
288 345 15 19 2
317 349 61 14 mom.
395 344 19 19 3.
450 341 69 22 Ordet
541 341 195 29 ,,styrelsesättet'
758 340 90 21 hvilket
863 340 8 21 i
894 339 43 22 den

191 377 38 21 till
250 378 89 20 senaste
354 376 111 28 landtdag
480 375 84 22 aflåtna
579 375 171 29 propositionen
765 374 41 22 här
821 374 116 22 användes

193 411 36 21 för
250 413 35 18 att
304 410 112 21 beteckna
431 410 110 21 Finlands
557 409 129 24 statsskick,
702 416 53 14 men
770 408 25 22 af
809 408 128 21 Ständerna

192 445 103 28 utbyttes
317 446 61 19 emot
400 443 64 22 ordet
482 444 215 28 ,regeringssättet'
713 443 41 21 har
770 443 48 20 åter
832 442 83 21 införts
929 442 9 21 i

192 486 33 14 nu
239 478 159 28 föreliggande
413 477 242 29 författningsförslag.

260 513 97 21 Termen
379 512 215 28 ,regeringssättet'
615 512 42 21 har
674 511 135 28 visserligen
832 510 56 22 häfd
903 510 36 21 för

193 547 36 28 sig
250 547 43 20 och
315 547 79 25 måste,
415 546 108 21 särskildt
543 546 52 21 med
617 545 108 21 afseende
740 545 13 20 å
768 545 170 28 benämningen

192 581 31 28 på
243 580 113 21 Finlands
378 580 126 21 förnämsta
527 579 120 29 grundlag,
671 579 219 28 Regeringsformen
915 578 26 21 af

191 615 46 21 den
253 616 24 19 21
294 614 100 29 Augusti
412 615 58 26 1772,
490 614 115 21 betraktas
621 614 75 21 såsom
711 620 62 14 mera
788 613 105 28 sakenlig
908 616 29 17 än

192 649 204 28 »Styrelsesättet'';
410 656 52 13 men
477 648 29 21 då
521 647 140 22 sistnämnda
677 647 95 28 uttryck
786 647 8 21 i
806 647 62 21 detta
878 654 59 14 sam-

193 683 116 28 manhang
331 683 180 28 uppenbarligen
533 683 50 20 icke
603 682 45 21 kan
666 684 66 26 tagas
747 682 8 20 i
770 682 76 28 någon
861 689 76 14 annan

193 717 140 22 bemärkelse
349 721 28 17 än
393 717 64 21 ordet
472 717 222 28 ,,regeringssättet',
707 716 69 28 hyser
785 715 120 22 Utskottet
917 715 19 29 ej

192 752 78 29 någon
292 751 160 28 betänklighet
471 753 34 19 att
519 751 83 21 föreslå
617 750 168 29 godkännande
801 749 25 22 af
839 749 44 22 den
898 750 40 21 nå-

192 786 55 29 diga
261 785 173 29 propositionen
446 785 86 29 jemväl
547 785 8 21 i
570 785 74 21 denna
660 785 43 21 del.

514 905 27 22 12
557 905 59 28 Kap.

261 980 11 21 I
286 982 15 19 &
315 981 15 27 $
345 979 41 22 har
404 979 39 22 det
458 979 26 22 af
498 980 50 21 1891
567 980 35 20 års
618 979 98 21 Ständer
732 981 100 26 antagna
847 978 91 22 författ-

193 1014 179 29 ningsförslaget
398 1013 78 22 blifvit
504 1013 95 22 sålunda
629 1013 103 26 ändradt,
758 1015 34 20 att
820 1013 118 28 uttrycket

173 1044 2 2 *—
199 1065 7 12 =
208 1049 184 28 Kejsaredömets
413 1048 55 21 eller
483 1047 230 22 Storfurstendömets
728 1049 48 20 rätt
791 1047 55 22 eller
861 1047 77 22 säker-

193 1083 52 22 het'*
260 1083 90 28 utbytts
366 1085 61 18 emot
442 1082 81 29 ,ryska
538 1083 71 20 rikets
625 1085 46 18 rätt
686 1082 56 21 eller
757 1081 127 22 säkerhet'.

261 1117 34 21 Af
314 1116 169 28 motiveringen
498 1116 8 21 i
521 1116 44 21 den
583 1116 85 28 nädiga
683 1116 172 28 propositionen
870 1123 68 21 synes

193 1151 96 28 framgå,
313 1153 34 18 att
369 1150 75 21 denna
467 1149 97 29 ändring
586 1149 116 28 betingats
726 1149 70 27 deraf,
812 1152 34 19 att
861 1149 27 22 de
904 1150 35 21 uti

193 1184 177 29 ifrågavarande
384 1185 12 26 $
407 1184 140 21 afhandlade
558 1184 207 27 statsförbrytelser
776 1186 92 25 ansetts,
881 1184 58 21 lika-

194 1226 48 15 som
265 1218 74 28 öfriga
355 1218 9 21 i
378 1218 64 21 detta
463 1218 86 28 kapitel
572 1217 113 22 omtalade
707 1218 69 27 brott,
792 1217 96 22 hänföra
903 1218 36 28 sig

194 1253 59 20 blott
268 1253 36 19 till
319 1252 70 27 ryska
406 1253 71 19 rikets
489 1251 143 21 förhällande
644 1252 35 19 till
690 1251 142 21 främmande
843 1252 94 21 makter.

261 1285 82 27 Enligt
364 1284 130 21 Utskottets
517 1284 68 20 tanke
607 1284 72 20 mäste
701 1284 38 21 väl
762 1284 42 21 ock
824 1292 28 13 en
867 1284 72 29 riktig

193 1318 151 30 uppfattning
366 1318 25 21 af
410 1317 175 29 ifrägavarande
611 1317 159 29 förbrytelsers
795 1320 68 20 natur
887 1318 52 22 leda

194 1352 93 27 derhän,
310 1354 34 20 att
367 1352 79 28 dylika
468 1352 66 27 brott,
557 1352 68 21 äfven
648 1352 28 21 dä
699 1352 28 21 de
745 1356 39 17 äro
800 1352 139 22 omedelbart

193 1387 90 23 riktade
306 1386 80 22 endast
404 1388 60 20 emot
480 1386 225 28 Storfurstendömet,
720 1387 73 21 likväl
807 1387 9 21 i
831 1387 28 21 de
873 1387 66 22 flesta

194 1422 42 22 fall
259 1422 80 21 beröra
361 1420 52 22 hela
434 1420 70 22 rikets
522 1423 45 19 rätt
590 1420 42 22 och
648 1421 106 21 säkerhet
769 1424 59 19 samt
842 1422 97 22 sälunda

195 1456 153 28 ovilkorligen
362 1454 56 22 falla
432 1454 72 22 under
519 1454 243 30 straffbestämningen
776 1456 8 20 i
800 1456 75 22 denna
890 1456 19 29 $.

261 1495 129 22 Lagutskottets
402 1494 109 18 betänkande
522 1494 37 17 N:o
571 1495 15 17 1.
