1039 1725
435 139 45 25 N:o
500 140 21 24 2.
806 140 25 21 13

452 209 26 21 35
494 208 18 28 8.

172 242 75 33 Årliga
269 248 100 28 afgälden
391 248 49 22 från
462 249 79 27 parcell
556 249 106 27 uppbäres
678 249 23 21 af
714 249 147 27 kronofogden

103 282 36 21 vid
155 282 124 27 uppbörden
294 283 24 21 af
330 283 139 21 kronomedel
480 284 40 21 och
531 283 169 27 tillgodoräknas
710 283 150 21 innehafvaren

104 316 24 22 af
141 318 105 20 stommen
260 317 28 27 pä
304 317 47 21 dess
366 317 186 28 kronoutskylder.
581 317 70 27 Utgär
666 317 99 28 afgälden
779 317 45 22 icke
835 324 26 15 ur

103 350 115 28 parcellen,
233 357 51 15 vare
299 354 104 19 stommen
419 351 71 23 derför
504 352 127 27 underpant.

173 380 131 33 Öfverstiger
328 386 99 27 afgälden
450 389 114 19 stommens
587 382 188 32 kronoutskylder,
795 386 66 22 varde

103 419 143 23 öfverskottet
261 420 210 23 stominnehafvaren
486 420 180 23 tillhandahället.

452 492 27 20 36
494 491 19 28 &.

173 536 60 22 Skall
248 536 47 22 från
313 544 26 15 en
354 538 98 27 lägenhet
467 538 34 22 till
516 544 72 15 annan
603 537 95 23 afträdas
714 538 35 21 del
759 538 7 21 i
776 537 85 22 tilland-

103 570 57 29 ning,
185 578 46 15 som
254 578 75 21 genom
353 572 105 28 sänkning
480 572 22 22 af
523 573 31 27 sjö
570 572 53 22 eller
638 574 66 20 ström
721 572 139 27 uppkommit,

103 606 72 28 varde,
191 606 49 22 med
255 607 135 28 tillämpning
406 607 24 22 af
443 607 56 22 hvad
514 608 110 27 angäende
639 607 115 27 styckning
765 607 64 22 ofvan
837 609 24 20 är

103 641 109 28 stadgadt,
236 642 104 21 mantalet
360 643 38 22 och
413 643 93 26 skatten,
523 649 34 15 om
574 642 47 22 skäl
637 643 71 21 dertill
723 644 44 24 äro,
783 642 8 21 i
806 644 54 20 mot-

103 677 107 22 svarande
232 678 50 21 män
305 677 34 22 för
363 678 40 21 den
425 678 59 21 förra
503 677 126 28 lägenheten
644 677 113 22 minskade
773 677 38 22 och
827 677 33 22 för

103 711 41 22 den
168 717 73 16 senare
264 711 107 29 förhöjda,
394 713 24 21 sä
435 713 39 21 ock
489 718 35 16 om
539 712 137 22 afträdandet
691 712 7 21 i
710 712 151 28 jordregistret

104 747 139 22 antecknadt.

172 782 118 27 Angående
305 782 131 23 förfarandet
454 783 35 22 vid
502 783 60 28 jords
577 783 128 22 afträdande
721 782 33 22 för
769 783 92 22 allmänt

103 816 67 23 behof
184 819 24 20 är
223 817 102 23 särskildt
340 818 107 27 stadgadt.

452 888 26 21 37
494 888 20 28 8.

172 933 38 22 Uti
232 936 144 25 guvernörens
398 934 88 27 slutliga
501 934 75 28 ätgärd
592 934 7 21 i
615 933 101 28 ärenden,
731 940 46 15 som
793 934 66 27 enligt

104 969 69 21 denna
188 968 124 28 förordning
328 968 24 22 af
364 969 77 21 honom
461 969 139 28 handläggas,
615 970 36 20 mä
667 968 91 28 ändring
773 969 64 21 sökas
852 969 7 21 i

104 1004 105 22 Senatens
220 1003 265 28 Ekonomiedepartement
493 1004 79 22 medels
580 1003 107 28 skriftliga
695 1004 82 27 besvär,
786 1004 74 21 hvilka

103 1040 73 20 senast
199 1038 45 22 före
266 1039 92 21 klockan
380 1038 42 22 tolf
436 1038 12 22 &
464 1040 40 21 den
525 1038 114 22 trettionde
661 1038 68 28 dagen
746 1038 54 22 efter
815 1038 44 22 del-

103 1073 88 22 fäendet
206 1073 60 22 skola
282 1074 33 21 till
330 1075 132 26 guvernören
478 1073 94 27 ingifvas.

450 1144 26 21 38
492 1144 19 28 8.

171 1190 44 22 För
239 1191 70 21 beslut
333 1191 52 20 eller
407 1191 77 26 utslag,
508 1197 45 14 som
570 1190 6 21 i
593 1190 78 21 ärende
695 1189 110 28 angäende
828 1189 31 22 af-

103 1225 100 27 söndring
219 1225 53 22 eller
287 1225 90 27 egobyte
392 1225 23 21 af
428 1225 122 27 myndighet
565 1223 117 27 meddelas,
699 1225 99 26 erlägges
813 1224 46 21 icke

103 1259 70 28 nägon
187 1260 67 21 lösen.

449 1313 27 20 39
492 1312 18 27 8.

172 1347 29 25 Åt
216 1351 94 21 Senaten
326 1351 141 21 öfverlemnas
482 1353 32 18 att
530 1357 74 20 genom
615 1351 131 20 instruktion
759 1353 100 18 närmare

103 1385 120 22 bestämma
238 1387 66 19 sättet
319 1384 33 22 för
368 1385 108 26 delnings-
492 1385 39 21 och
547 1384 268 27 egobytesförrättningars
826 1387 33 18 ut-

103 1420 88 21 förande
215 1421 56 20 samt
294 1420 31 20 att
340 1419 108 22 fastställa
464 1419 26 21 de
505 1418 34 22 för
554 1419 82 21 sådana
651 1418 156 27 förrättningar
821 1420 38 19 nö-

103 1455 50 27 diga
168 1454 109 22 formulär.
