1031 1717
327 142 29 23 U.
372 142 26 23 B.
414 156 26 2 —
455 144 72 28 Prop.
543 144 45 22 N:o
603 144 22 22 2.
781 144 26 22 25

531 212 31 21 29
576 214 20 24 $.

363 273 95 28 Egobyte
475 275 81 20 mellan
576 274 120 27 lägenheter
714 274 123 21 verkställes

297 307 68 21 under
387 307 139 28 iakttagande
546 308 11 20 i
577 307 131 28 tillämpliga
729 308 61 20 delar
811 308 30 27 af

295 340 58 22 hvad
373 348 35 15 om
428 342 114 28 styckning
565 342 38 21 och
624 341 131 28 afsöndring
769 342 68 28 ofvan

295 377 26 19 är
335 376 105 28 stadgadt.

364 410 53 21 Sker
431 411 84 28 egobyte
524 411 82 21 mellan
617 411 121 28 lägenheter
746 411 11 20 i
765 411 71 21 skilda

296 444 43 27 län,
355 445 37 21 må
406 445 99 28 sakegare
515 446 53 27 efter
580 447 45 26 eget
635 446 37 21 val
681 445 72 22 anlita
761 446 74 21 veder-

295 478 92 22 börande
409 480 148 27 myndigheter
578 479 10 21 i
602 479 80 22 ettdera
697 481 68 24 länet;
785 480 53 21 dock

293 513 56 27 gälle
367 513 57 28 bytet
437 513 45 22 icke
496 515 72 20 såsom
581 514 109 27 slutfördt,
705 515 73 20 innan
792 521 42 14 an-

294 547 128 28 teckningen
438 548 72 21 derom
528 549 65 27 äfven
609 548 11 21 i
633 549 35 20 det
682 549 71 20 andra
768 548 70 21 länets

289 582 142 27 Jjordregister
450 583 59 26 skett,
531 583 10 20 i
562 583 80 21 hvilket
660 583 99 27 afseende
774 583 60 20 läne-

296 616 160 21 landtmätaren
478 616 81 29 åligger
580 618 32 20 att
631 619 77 25 genast
732 617 105 21 tillsända

296 650 211 22 länelandtmätaren
526 651 9 21 i
552 651 138 22 sistnämnda
705 652 38 20 län
757 651 80 27 utdrag

296 691 27 14 ur
337 684 39 22 sitt
384 685 146 28 jordregister.

510 816 32 21 II
557 816 63 21 KAP.

415 877 123 23 Särskilda
553 877 162 23 föreskrifter.

532 941 30 21 30
576 941 20 27 $.

363 1009 15 20 I
393 1009 74 28 hvarje
487 1010 38 20 län
543 1009 57 28 föres
614 1009 14 21 ä
644 1009 192 22 landtmäterikon-

295 1045 53 20 toret
374 1046 30 19 ett
419 1044 147 27 jordregister,
591 1044 85 27 hvilket,
698 1044 140 27 upptagande

294 1077 116 22 kommun-
427 1078 38 21 och
481 1079 75 26 byavis
574 1080 58 19 samt
646 1078 53 27 efter
708 1078 127 27 jordeboks-

294 1119 103 14 nummer
422 1113 103 27 samtliga
539 1113 175 27 jordlägenheter
738 1112 10 21 i
771 1113 64 26 länet,

293 1146 56 21 skall
363 1146 113 21 innehålla
491 1146 89 29 uppgift
594 1153 34 14 om
643 1147 74 28 hvarje
729 1146 108 27 lägenhets

293 1187 76 20 namn,
388 1181 196 27 registernummer,
599 1181 120 26 jordnatur
733 1181 39 20 och
787 1187 47 21 ego-

293 1214 56 27 vidd,
376 1215 47 21 dess
444 1215 146 21 storheismätt
610 1215 11 20 i
642 1215 137 27 förhållande
802 1215 36 20 till

294 1248 48 21 hela
362 1249 123 21 hemmanet
506 1250 38 20 och
565 1250 33 21 det
620 1249 91 27 mantal,
732 1256 46 13 som
793 1249 44 20 kan

293 1282 76 28 finnas
384 1283 124 29 lägenheten
520 1284 63 27 äsatt,
595 1283 64 27 tiden,
671 1283 28 22 dä
709 1284 47 21 dess
766 1285 70 26 grän-

293 1327 34 15 ser
350 1319 73 27 blifvit
442 1327 78 21 genom
542 1318 109 28 storskifte
675 1319 50 21 eller
745 1318 93 27 delning

294 1354 115 26 bestämda,
420 1355 58 19 samt
486 1353 228 26 servitutsrättigheter
721 1352 38 21 och
767 1352 69 26 -skyl-

294 1388 100 26 digheter,
417 1394 46 13 som
476 1386 74 21 dervid
563 1386 121 27 lagenligen
705 1386 131 26 tillkommit,

293 1421 26 21 sä
327 1421 36 21 ock
371 1420 134 28 hänvisning
511 1420 34 21 till
550 1419 129 22 karteverket
684 1420 38 21 och
727 1420 110 27 delnings-

293 1456 175 27 handlingarna;
486 1456 38 21 och
539 1456 126 20 ankommer
679 1455 35 27 för
728 1455 67 27 öfrigt
806 1454 32 28 pä

156 1496 49 23 Lag-
219 1496 31 18 och
262 1496 182 18 Ekonomiutskottets
458 1496 108 17 betänkande
578 1495 36 18 N:o
627 1496 15 17 1.
