1042 1717
292 144 29 22 U.
337 144 27 22 B.
380 157 28 3 —
423 144 75 28 Prop.
514 144 41 22 N:o
571 144 22 21 4.
747 143 42 21 XV

67 212 141 27 dringsrätten
229 213 7 20 i
250 212 130 28 fastigheten
396 212 99 26 bevakas,
510 213 77 26 jemväl
603 213 52 20 sista
670 212 41 21 och
726 211 93 28 löpande

66 245 56 22 årets
144 245 60 22 löner
226 245 22 21 åt
270 245 54 27 dem,
347 253 45 14 som
416 245 34 22 för
471 246 141 27 fastighetens
635 245 132 28 förvaltning
782 247 36 19 äro

66 279 96 22 anstälde
185 281 7 19 i
215 279 70 28 stadig
306 281 67 27 tjenst
387 279 39 22 hos
442 287 83 20 egaren.
553 279 126 22 Tvärtemot
694 279 124 22 Utskottets

66 314 86 28 mening
174 316 32 19 att
230 313 70 22 denna
322 313 162 22 företrädesrätt
509 314 34 20 för
568 314 41 21 den
635 313 184 28 tjenstepersonal,

66 347 64 22 hvars
153 347 128 29 åligganden
303 348 77 21 hänför
402 349 32 27 sig
456 348 32 21 till
512 348 75 28 sjelfva
609 347 135 28 fastigheten,
768 354 51 14 vore

66 381 134 22 förestafvad
223 382 23 21 af
268 382 103 28 billighet,
392 382 67 21 finner
480 383 35 28 jag
537 383 41 20 den
601 382 107 21 ätskilnad
730 381 89 22 emellan

67 416 57 21 olika
146 417 120 28 kategorier
281 417 22 20 af
318 417 86 28 tjenare,
420 424 45 13 som
481 417 122 28 härigenom
619 416 72 21 blefve
707 415 78 27 införd,
801 417 17 27 ej

68 451 54 20 blott
143 451 51 28 föga
216 452 80 25 rättvis,
319 454 51 18 utan
392 451 64 21 äfven
478 454 77 25 ytterst
573 451 50 22 svår
639 453 30 18 att
684 452 5 19 i
706 451 113 28 praktiken

66 485 101 29 tillämpa.
197 485 35 21 Då
254 493 26 14 en
304 485 40 22 och
359 493 79 14 samma
454 485 178 29 egendomsegare
648 485 38 22 har
701 485 57 21 olika
774 485 46 28 slag

68 519 22 22 af
112 520 87 28 tjenare,
222 520 43 21 kan
285 519 49 22 med
350 520 45 21 skäl
411 520 71 28 frågas
497 520 98 22 hvarföre
612 520 88 26 kusken,
715 520 105 21 kammar-

66 554 101 28 jungfrun
184 554 40 21 och
239 555 180 21 barnsköterskan
436 555 59 20 skola
510 554 132 22 beträffande
658 554 161 21 utbekomman-

68 588 36 22 det
126 589 23 21 af
170 589 139 21 innestående
332 589 60 21 löner
406 589 72 28 intaga
494 597 24 13 en
535 589 81 21 mindre
631 588 114 27 förmånlig
761 588 59 21 ställ-

67 624 52 27 ning
142 625 26 19 än
190 623 144 28 inspektoren,
357 623 62 28 dejan
441 623 41 21 och
497 623 128 25 stallkarlen,
641 631 43 13 som
701 623 72 20 sköter
788 629 32 13 ar-

68 656 152 23 betshästarne.
250 657 63 21 Huru
335 657 61 22 skola
411 657 27 21 de
453 657 146 22 förstnämnde
615 658 45 20 inse
675 656 145 28 rättmätighe-

67 695 37 18 ten
126 692 62 20 deraf
210 695 30 18 att
261 692 27 21 de
310 692 7 20 i
339 692 61 28 fråga
424 699 33 13 om
476 692 148 28 bevakningen
640 691 22 21 af
677 692 47 20 sina
739 690 81 21 löner
808 686 15 38 i

68 726 137 22 husbondens
220 726 95 21 konkurs
330 726 66 22 hafva
411 726 65 22 andra
491 726 144 28 förpligtelser
651 728 26 18 än
696 725 26 21 de
733 725 88 21 senare?

69 761 49 21 Och
140 760 54 22 huru
216 761 54 21 skall
285 762 7 19 i
308 761 58 21 vissa
380 760 39 21 fall
434 760 137 22 förskottsvis
586 760 85 28 afgöras
686 760 32 20 till
733 759 88 21 hvilken

68 795 97 28 kategori
184 803 25 13 en
225 796 80 27 tjenare
320 794 45 27 hör,
380 794 70 22 såsom
465 795 33 21 till
513 795 96 27 exempel
625 802 26 14 en
666 794 85 28 gvinna,
765 793 56 21 hvil-

69 830 41 21 ken
126 830 150 20 sommartiden
293 829 94 21 biträder
402 829 36 21 vid
453 829 124 29 jordbruket
588 830 51 20 eller
649 828 172 28 trädgårdssköt-

69 864 51 26 seln,
143 872 48 13 men
209 864 68 20 under
292 865 84 19 vintern
392 864 135 28 sysselsättes
543 864 48 20 med
608 862 79 22 väfnad
703 863 41 21 och
759 862 62 21 söm?

69 899 44 21 Det
135 898 53 22 lider
210 899 54 20 intet
286 898 78 22 tvifvel
382 901 31 18 att
429 899 99 27 missnöje
544 898 40 21 och
599 898 140 21 konfusioner
754 896 67 21 måste

68 933 123 21 framkallas
214 933 24 21 af
260 940 26 13 en
309 932 66 22 sådan
390 932 158 28 klassificering.
564 946 26 3 —
607 932 34 21 Då
655 932 71 21 härtill
741 930 81 30 ytterli-

68 975 50 21 gare
134 968 95 21 kommer
244 970 31 18 att
290 967 159 21 bibehållandet
464 967 23 21 af
502 966 137 22 förmånsrätt
653 967 6 20 i
675 966 103 28 fastighet
787 965 34 21 för

69 1002 140 28 tjenstehjons
231 1002 59 20 löner
312 1002 89 20 innebär
424 1005 30 17 ett
476 1002 71 27 afsteg
569 1001 47 21 från
636 1000 40 21 den
692 1008 29 14 nu
736 1000 85 27 förelig-

68 1036 71 28 gande
162 1036 173 28 lagstiftningens
354 1036 97 28 syftemål
468 1038 30 19 att
512 1036 83 20 förläna
610 1034 212 28 fastighetskrediten

70 1072 78 19 största
170 1070 86 28 möjliga
279 1070 128 21 effektivitet
430 1070 40 21 och
492 1070 75 27 skydd,
589 1072 56 18 samt
659 1070 6 19 i
681 1067 140 22 betraktande

70 1103 102 28 derjemte
194 1107 60 24 tages
276 1107 32 18 att
322 1103 313 28 förmänsrättsförordningens
651 1104 12 25 $
678 1104 14 19 4
707 1101 115 22 tillförsäk-

70 1145 34 14 rar
118 1138 129 28 tjenstehjon
266 1139 41 20 och
323 1137 65 22 andre
404 1138 92 28 betjente
512 1145 26 14 en
554 1136 64 22 bland
635 1136 26 21 de
676 1137 88 20 främsta
780 1135 43 22 för-

69 1171 128 22 mänsrätter
219 1173 6 20 i
246 1172 132 26 konkursbo,
400 1180 63 21 synes
486 1173 43 26 mig
551 1170 116 23 omordade
692 1171 131 27 undantags-

70 1206 100 28 ställning
185 1206 34 21 för
234 1207 87 28 tjenare,
336 1206 96 21 anstälde
448 1206 34 21 för
496 1205 94 22 skötseln
602 1205 22 20 af
635 1205 108 27 fastighet,
751 1204 71 21 kunna

70 1243 51 18 utan
144 1240 104 21 afsaknad
264 1240 113 21 undvaras.
406 1240 43 27 Jag
464 1239 79 22 tillåter
557 1240 44 27 mig
617 1238 61 22 alltså
693 1238 35 21 för
742 1237 81 22 nedan-

71 1275 87 21 stäende
175 1274 133 29 stadganden
323 1273 79 22 föreslä
418 1273 148 29 efterföljande
581 1272 90 29 lydelse:

140 1327 39 19 1:0.
211 1327 209 26 Konkursstadgans
434 1326 15 26 $
465 1326 29 20 24
508 1332 65 14 mom.
588 1325 14 20 4
617 1325 55 20 sista
687 1325 84 20 satsen:

344 1376 48 27 Lag
413 1383 88 13 samma
521 1382 51 14 vare
593 1381 36 14 om
647 1375 48 26 den,
718 1374 102 27 (utesl.)

276 1417 47 14 som
346 1410 36 28 för
404 1408 210 29 fordringsanspräk
636 1409 41 20 har
696 1409 70 26 pant-
786 1407 39 22 och

276 1445 146 28 förmänsrätt
435 1445 10 20 i
460 1445 73 27 fartyg
549 1443 52 22 eller
613 1443 52 28 gods
679 1443 10 20 i
703 1442 83 29 fartyg.

143 1486 129 22 Lagutskottets
285 1485 109 18 betänkande
406 1486 36 16 N:o
454 1485 18 17 5.
