1700 1884
786 250 76 2 —
1136 240 24 19 3

435 306 143 26 förrättningar
593 306 94 26 förordna
701 308 84 19 särskild
793 308 175 25 utmätningsman,
980 314 31 14 om
1021 308 75 20 hvilken
1105 308 9 20 i
1125 310 19 24 ty
1153 308 38 26 fall

435 341 60 25 gäller
509 341 50 19 hvad
573 342 114 25 beträffande
701 342 108 25 stadsfogde
822 342 128 26 föreskrifves.

504 376 138 19 Förordnande
657 382 43 14 som
713 375 37 21 här
765 378 22 18 är
801 377 88 24 nämndt,
904 377 33 19 mä
949 377 20 19 af
986 377 139 25 öfverexekutor
1136 377 52 20 äter-

434 409 68 26 kallas,
518 412 35 18 när
566 410 43 20 skäl
622 410 65 20 dertill
701 410 111 20 förefinnes.

788 497 46 24 68.

502 549 29 24 Är
550 554 6 19 i
576 555 45 19 stad
635 555 129 24 magistraten
778 555 178 25 utmätningsman,
972 561 46 14 vare
1033 554 111 25 berättigad
1159 556 30 18 att

434 589 64 19 under
512 589 105 19 enahanda
631 589 128 25 ansvarighet
773 589 37 20 och
824 589 46 20 med
885 589 33 19 det
933 589 101 25 förbehäll,
1050 595 43 14 som
1103 589 30 20 för
1143 589 45 20 kro-

434 623 86 25 nofogde
540 623 6 19 i
564 623 13 19 4
601 625 10 22 $
628 623 95 25 stadgats,
739 624 30 19 för
783 623 52 20 visst
849 623 34 20 fall
897 623 31 19 till
944 624 171 24 utmätningsman
1120 619 14 33 i
1153 624 35 19 sitt

434 657 58 20 ställe
508 659 52 18 sätta
575 664 66 13 annan
655 664 52 18 man,
723 664 43 13 som
781 658 19 19 af
814 657 95 26 Kejsaren
927 658 37 19 och
976 657 134 21 Storfurstens
1120 658 68 19 befall-

434 692 158 25 ningshafvande
607 694 22 17 är
643 692 99 25 godkänd.

503 726 39 19 Der
564 727 96 24 Kejsaren
682 726 37 20 och
739 726 134 20 Storfurstens
894 727 216 24 befallningshafvande
1124 727 65 19 finner

433 761 35 19 det
489 761 97 24 lämpligt,
605 767 36 18 ege
659 761 39 18 han
716 761 46 18 med
779 767 27 12 nu
826 761 88 19 nämnda
929 760 94 20 förbehäll
1037 761 94 19 förordna
1146 761 42 19 viss

433 794 88 20 ledamot
540 795 20 18 af
580 795 130 24 magistraten
725 796 30 17 att
769 794 26 26 pä
810 796 44 24 eget
869 801 72 13 ansvar
956 801 47 13 vara
1017 795 172 25 utmätningsman

432 829 8 19 i
461 828 140 25 magistratens
624 828 62 20 ställe.
717 828 74 19 Sädant
808 829 132 19 förordnande
959 829 37 23 mä,
1011 831 36 17 när
1063 829 43 19 skäl
1121 829 66 20 dertill

432 865 28 22 är,
475 862 110 21 återkallas.

787 933 11 19 7
809 932 24 24 8.

502 984 37 20 Om
559 984 106 26 magistrat
686 984 67 20 säsom
774 985 170 24 utmätningsman
963 984 36 20 och
1015 990 32 14 om
1063 985 124 25 magistrats-

432 1019 94 25 ledamot,
542 1025 43 13 som
599 1019 27 25 pä
641 1021 46 23 eget
701 1025 73 13 ansvar
788 1019 89 19 handhar
887 1019 301 26 utmätningsmansbefattning,

431 1054 53 26 gälle
505 1053 52 20 hvad
579 1054 6 18 i
607 1053 66 19 denna
691 1053 34 25 lag
745 1059 32 13 om
799 1053 115 25 stadsfogde
932 1054 53 24 sägs,
1005 1053 35 19 der
1059 1054 18 25 ej
1093 1054 95 20 särskildt

432 1088 126 20 annorlunda
574 1088 86 24 stadgas.

795 1158 10 18 8
815 1158 26 23 8.

500 1214 61 20 Emot
581 1214 152 20 öfverexekutor
748 1214 51 26 gälle
815 1214 102 20 enahanda
931 1215 34 25 jäf,
981 1221 42 13 som
1038 1215 7 19 i
1061 1215 126 26 rättegängs-

432 1249 72 20 balken
520 1255 32 13 om
567 1249 80 19 domare
663 1251 65 23 sägas.

789 1325 46 23 98.

501 1380 177 26 Utmätningsman
693 1380 32 20 mä
740 1381 17 25 ej
773 1382 46 24 taga
833 1381 112 25 befattning
959 1382 45 18 med
1019 1381 45 25 mål,
1080 1382 56 20 hvari
1147 1382 41 20 han

432 1416 23 18 är
469 1415 68 25 jäfvig.
566 1415 65 19 Dessa
646 1416 33 18 äro
695 1417 41 17 mot
751 1415 73 19 honom
838 1415 44 24 laga
896 1415 35 25 jäf:
948 1422 32 12 om
995 1415 39 20 han
1049 1417 22 18 är
1086 1416 46 19 med
1142 1419 46 22 part

432 1449 6 18 i
461 1449 38 18 den
522 1448 109 25 skyldskap
653 1448 48 19 eller
721 1449 34 18 det
777 1449 110 24 svågerlag,
905 1454 44 13 som
966 1449 61 24 enligt
1044 1449 25 18 13
1085 1449 44 25 kap.
1147 1450 10 19 1
1175 1451 11 22 &

432 1481 190 26 rättegängsbalken
643 1483 23 17 är
683 1481 27 25 jäf
727 1483 42 18 mot
784 1481 88 26 domare;
888 1482 47 19 eller
950 1488 32 13 om
997 1482 39 19 han
1051 1482 48 19 eller
1114 1483 74 25 nägon,

433 1522 42 14 som
495 1515 47 20 med
560 1516 73 19 honom
649 1515 84 20 sålunda
748 1517 22 18 är
784 1515 7 20 i
806 1516 109 25 skyldskap
931 1515 48 20 eller
995 1516 109 26 svågerlag,
1120 1523 46 19 eger
1180 1519 8 18 i

432 1549 62 21 mälet
509 1550 32 20 del
556 1550 49 20 eller
619 1550 59 26 eljest
693 1550 38 19 kan
746 1550 20 19 af
779 1550 144 25 förrättningen
938 1552 59 18 vänta
1011 1551 104 26 synnerlig
1129 1553 59 24 nytta
