1045 1717
279 138 82 23 Ständ.
377 138 37 23 Sv.
429 151 26 3 —
471 139 70 27 Prop.
558 108 41 56 Nb
615 138 21 22 4.
774 140 26 20 77

426 203 27 21 14
467 202 17 28 &.

147 264 46 22 Har
209 264 69 28 någon
294 264 40 22 fått
350 265 105 27 invisning
469 266 13 20 å
496 266 42 21 viss
554 272 48 15 man
613 265 39 21 och
663 265 91 21 erhåller
764 265 19 27 ej
794 266 36 20 be-

79 300 81 26 talning
175 299 24 21 af
213 300 87 26 honom;
316 299 60 27 njute
392 300 26 20 dä
433 300 109 26 betalning
557 300 23 21 af
590 300 46 26 den,
644 306 45 15 som
699 299 130 25 invisningen

79 333 42 28 gaf,
145 334 48 21 med
216 335 60 20 ränta
298 334 54 21 efter
367 340 37 15 sex
418 333 33 22 för
467 334 109 22 hundrade
592 340 33 15 om
641 328 52 32 året,
708 333 37 22 der
761 334 36 21 det
811 334 19 26 ej

79 368 90 28 styrkes,
185 370 33 20 att
234 369 47 26 den,
297 375 44 15 som
357 368 132 28 invisningen
505 369 46 27 fätt,
567 369 55 21 varit
637 369 95 21 vällande
747 370 33 20 att
795 369 36 21 be-

79 403 81 27 talning
176 403 6 22 i
197 404 45 20 rätt
257 403 30 21 tid
302 404 19 26 ej
336 402 53 27 följt.

428 495 27 22 15
470 495 18 28 &.

148 558 143 28 Missräkning
306 561 24 19 är
344 559 61 27 ingen
421 559 115 28 betalning.
566 559 71 21 Ehvar
652 559 40 22 den
708 558 73 27 finnes,
793 559 38 20 bör

81 593 39 22 den
135 593 54 22 först
204 595 75 24 rättas,
296 594 39 21 och
350 593 108 28 betalning
474 594 64 21 sedan
554 593 92 22 derefter
661 593 44 22 ske.

426 714 25 21 16
467 713 18 28 &.

148 776 35 21 Nu
205 778 24 19 är
251 777 42 21 viss
316 778 34 19 ort
372 777 84 27 nämnd,
476 778 38 22 der
530 777 109 27 betalning
653 776 40 22 bör
708 777 46 26 ske;
770 777 61 21 lände

80 811 35 22 det
130 811 33 22 till
179 811 148 22 efterrättelse.
350 806 30 26 Är
396 811 18 26 ej
430 812 42 21 viss
488 813 32 20 ort
535 811 88 26 nämnd;
639 811 73 28 pröfve
727 811 28 22 dä
765 811 67 22 öfver-

81 847 101 20 exekutor
205 846 52 21 eller
275 847 76 25 rätten,
371 846 51 21 hvar
437 846 108 27 betalning
560 847 12 20 &
587 846 140 26 gäldenärens
741 845 90 22 kostnad

80 881 37 20 ske
133 881 44 21 bör.

428 967 25 21 17
470 967 17 27 &.

149 1025 67 26 Ingen
239 1025 51 22 söke
311 1031 69 16 annan
396 1031 59 15 mans
471 1025 156 26 skuldfordran,
643 1027 51 20 utan
709 1027 32 20 att
756 1031 75 20 egaren

81 1060 77 21 honom
174 1060 32 21 sin
222 1061 43 20 rätt
281 1059 119 28 skriftligen
414 1060 80 21 lemnat
511 1059 52 22 eller
578 1059 124 22 annorledes
718 1060 70 21 dertill
803 1059 31 22 lof

81 1094 66 27 gifvit.

429 1185 24 22 18
469 1186 18 27 &.

152 1243 69 22 Hafva
239 1244 36 21 tvä
291 1243 52 22 eller
358 1243 51 22 flere
424 1243 152 22 underskrifvit
592 1243 124 22 skuldebref
729 1245 47 20 med
792 1243 41 21 för-

81 1277 95 22 bindelse
191 1279 32 20 att
238 1278 77 26 betala,
331 1284 25 15 en
372 1278 32 22 för
419 1279 42 21 alla
477 1279 39 20 och
531 1279 42 21 alla
588 1279 33 20 för
636 1284 37 20 en;
689 1278 28 21 dä
727 1284 49 21 eger
787 1279 46 21 bor-

81 1314 65 24 genär
164 1311 33 22 för
216 1312 53 22 fulla
283 1312 77 28 gälden
374 1312 22 22 få
410 1312 110 28 betalning
534 1313 39 21 hos
589 1312 61 22 hvem
666 1312 41 21 han
722 1312 57 22 helst
789 1312 44 26 vill;

82 1347 39 19 och
139 1346 62 21 hafve
224 1347 41 20 den
289 1348 64 20 sedan
376 1347 43 20 lika
433 1349 43 19 rätt
492 1349 57 18 emot
565 1347 25 20 de
606 1347 72 25 andra,
694 1346 33 21 för
743 1347 35 20 det
792 1347 41 20 han

82 1379 59 22 öfver
159 1380 33 21 sin
211 1380 34 21 del
265 1381 73 21 betalt.
368 1380 68 22 Hafva
451 1381 26 21 de
492 1381 32 26 sig
539 1381 19 27 ej
574 1380 24 22 sä
613 1380 114 25 förbundit,
743 1380 39 20 och
797 1383 37 19 äro

82 1414 26 21 de
128 1414 19 27 ej
171 1415 7 21 i
200 1414 63 28 bolag
287 1422 103 19 samman;
409 1414 62 28 gälde
488 1415 27 21 då
530 1414 79 22 enhvar
624 1415 32 21 sin
672 1414 33 21 del
721 1414 52 22 efter
789 1414 45 22 huf-

82 1449 102 22 vudtalet.
