1025 1717
430 134 43 24 N:o
494 136 23 22 4.
793 135 27 20 45

162 200 71 28 Stiger
256 201 96 22 anbudet
375 202 46 21 icke
436 203 24 20 så
475 202 58 27 högt,
549 208 46 16 som
611 210 29 14 nu
656 205 25 19 är
695 203 70 27 sagdt,
780 204 36 20 må
830 203 18 28 ej

95 235 131 26 egendomen
241 235 71 27 säljas,
329 235 39 21 der
383 236 17 27 ej
416 235 167 23 innehafvarene
598 236 23 21 af
635 237 26 21 de
675 237 7 21 i
698 237 70 26 lägsta
782 237 68 21 budet

93 268 148 22 inberäknade
255 269 129 28 fordringar,
400 270 72 21 hvilka
484 271 46 21 icke
540 271 84 21 komme
635 273 33 19 att
679 277 27 15 ur
716 271 41 21 den
767 271 82 27 bjudna

92 303 170 27 köpeskillingen
284 303 49 22 fullt
356 305 59 26 utgå,
438 305 33 21 till
486 304 153 28 försäljningen
653 305 75 21 bifalla
743 305 39 21 och
798 305 51 22 den-

92 343 82 16 samma
189 338 18 27 ej
223 337 67 22 heller
305 340 107 26 motsäges
429 339 23 21 af
465 339 47 27 den,
529 346 46 15 som
591 339 32 22 sin
639 339 88 22 fordran
743 340 81 21 utsökt.

440 404 26 20 42
483 403 18 28 8.

161 441 101 22 Kommer
278 443 13 20 å
305 441 70 22 första
398 443 117 22 auktionen
538 443 127 28 försäljning
688 444 17 27 ej
729 444 33 21 till
777 444 71 27 stånd,

92 475 55 27 förty
164 478 34 19 att
213 476 44 21 bud
271 477 46 20 icke
332 479 63 24 göres
411 477 50 21 eller
477 479 100 26 antages;
601 477 28 22 då
643 478 61 27 skall,
721 484 34 15 om
770 479 78 21 sökan-

93 509 40 22 den
150 510 36 21 det
201 511 71 26 äskar,
289 517 28 20 ny
333 511 89 21 auktion
438 511 68 22 hållas
522 513 13 20 å
551 518 81 16 samma
647 512 63 21 ställe
725 519 37 15 sex
772 513 78 21 veckor

92 543 100 28 derefter,
215 545 88 21 hvarom
327 545 234 23 auktionsförrättaren
583 548 77 25 genast
682 547 56 21 skall
752 547 97 21 meddela

91 579 169 27 underrättelse;
277 579 39 22 och
330 579 48 28 foge
393 580 43 21 han
452 581 88 26 anstalt,
557 582 33 20 att
604 581 130 27 kungörelse
745 587 34 15 om
789 581 59 22 tiden

91 613 33 22 för
140 613 41 22 den
200 620 42 21 nya
258 614 117 21 auktionen
392 615 77 22 varder
484 615 66 22 minst
564 614 81 28 fjorton
661 615 67 27 dagar
743 615 59 22 förut
817 615 31 22 in-

91 647 48 22 förd
154 648 7 21 i
177 648 90 28 tidning,
283 654 46 16 som
344 649 7 21 i
366 650 62 20 orten
444 649 51 22 eller
510 649 130 28 närbelägen
655 650 50 21 stad
720 650 128 26 utkommer,

92 684 56 20 samt
164 682 88 28 uppläst
267 683 6 21 i
289 683 110 27 kyrkorna
414 684 39 21 och
468 684 109 27 anslagen,
593 684 54 22 efter
663 685 23 26 ty
701 684 7 21 i
723 685 25 20 18
759 684 11 28 $
782 685 66 27 sagts.

442 748 27 20 43
486 748 18 26 8.

161 786 54 22 Sker
230 787 17 27 ej
264 786 128 28 försäljning
407 787 13 21 å
434 786 69 22 första
519 787 117 22 auktionen
653 788 38 20 och
706 788 65 26 yrkas
788 788 17 27 ej
819 794 28 21 ny

92 821 97 26 auktion,
206 820 51 22 eller
271 821 79 21 varder
365 821 130 27 egendomen
510 822 19 27 ej
545 822 66 21 heller
627 822 12 21 &
655 822 42 21 den
706 828 77 15 senare
794 822 52 21 auk-

91 854 74 22 tionen
181 854 53 27 säld,
250 856 69 26 gänge
335 856 150 26 utmätningen
502 856 53 22 äter.

442 920 27 20 44
486 919 18 27 8.

160 958 69 21 Innan
247 959 90 21 auktion
348 958 97 27 afslutas,
456 958 97 22 meddele
563 959 235 21 auktionsförrättaren
809 966 39 14 un-

92 993 128 22 derrättelse
244 1000 33 14 om
293 993 67 27 tiden,
376 993 28 21 dä
419 993 54 22 efter
488 995 13 20 6
517 994 49 27 kap.
583 995 12 20 9
611 994 12 27 $
638 993 122 28 fördelning
776 993 22 22 af
810 994 38 20 kö-

92 1027 141 28 peskillingen
249 1028 56 21 skall
320 1034 40 21 ega
374 1034 54 20 rum,
445 1029 24 21 sä
485 1028 39 22 ock
540 1034 33 16 om
589 1028 73 22 stället
677 1028 77 22 derför.

160 1062 45 21 Der
227 1063 24 20 sä
273 1063 38 20 ske
330 1062 43 21 kan
390 1062 39 21 och
444 1063 26 20 de
485 1062 128 28 rättegande
629 1064 38 19 äro
683 1069 34 14 om
732 1064 68 19 sättet
816 1062 32 21 för

91 1096 147 28 fördelningen
256 1103 56 20 ense,
329 1097 35 20 mä
380 1097 40 21 den
436 1098 76 26 genast
528 1097 133 21 verkställas.

440 1161 26 21 45
482 1161 19 27 8.

161 1201 62 20 Hvad
245 1201 23 20 af
289 1200 170 27 köpeskillingen
482 1200 67 27 enligt
568 1199 280 28 borgenärsförteckningen

91 1235 50 21 bort
155 1235 8 21 i
178 1235 53 22 reda
254 1235 120 27 penningar
398 1235 103 27 erläggas,
525 1234 55 22 skall
601 1234 41 22 sist
656 1234 36 21 vid
708 1235 36 21 det
759 1234 88 26 tillfälle,

93 1269 27 22 dä
134 1269 121 27 fördelning
271 1269 23 21 af
309 1269 169 27 köpeskillingen
493 1269 55 22 skall
563 1269 100 27 försiggä,
679 1275 53 15 vara
748 1269 32 21 till
796 1269 52 21 auk-

91 1303 191 22 tionsförrättaren
305 1304 80 27 guldet,
408 1304 25 21 sä
455 1304 46 21 vidt
520 1304 17 27 ej
554 1304 96 27 köparen
665 1303 58 22 visar
738 1303 33 28 sig
786 1303 63 21 hafva

92 1338 71 21 derför
187 1338 114 26 öfvertagit
316 1339 7 19 i
340 1339 130 26 egendomen
492 1338 116 21 intecknad
631 1338 63 21 skuld
717 1338 51 21 eller
788 1337 61 27 eljest

92 1371 85 22 erhällit
200 1371 92 22 anständ
316 1371 48 21 med
386 1371 145 27 betalningen.
562 1367 30 25 Är
615 1371 36 21 det
666 1371 17 27 ej
700 1371 81 26 guldet,
797 1377 51 14 vare

91 1406 67 27 köpet
174 1405 58 28 ogilt,
249 1406 38 21 och
302 1406 84 27 besörje
401 1407 77 26 genast
489 1405 241 26 auktionsförrättaren,
742 1406 33 21 att
786 1411 62 22 egen-

91 1441 77 22 domen
190 1441 77 21 varder
289 1440 32 22 till
345 1439 126 29 försäljning
486 1441 55 26 ånyo
556 1440 68 27 utlyst
639 1446 46 15 som
701 1440 6 21 i
725 1441 24 20 18
766 1439 11 28 &
793 1439 56 22 före-
