<?xml version="1.0" encoding="UTF-8"?>
<alto xmlns="http://www.loc.gov/standards/alto/ns-v3#" xmlns:xlink="http://www.w3.org/1999/xlink" xmlns:xsi="http://www.w3.org/2001/XMLSchema-instance" xsi:schemaLocation="http://www.loc.gov/standards/alto/ns-v3# http://www.loc.gov/alto/v3/alto-3-0.xsd">
	<Description>
		<MeasurementUnit>pixel</MeasurementUnit>
		<sourceImageInformation>
			<fileName>/tmp/tess_x1zdmcrk_input.PNG</fileName>
		</sourceImageInformation>
		<OCRProcessing ID="OCR_0">
			<ocrProcessingStep>
				<processingSoftware>
					<softwareName>tesseract 5.3.4</softwareName>
				</processingSoftware>
			</ocrProcessingStep>
		</OCRProcessing>
	</Description>
	<Layout>
		<Page WIDTH="1053" HEIGHT="1717" PHYSICAL_IMG_NR="0" ID="page_0">
			<PrintSpace HPOS="0" VPOS="0" WIDTH="1053" HEIGHT="1717">
				<ComposedBlock ID="cblock_0" HPOS="228" VPOS="127" WIDTH="484" HEIGHT="29">
					<TextBlock ID="block_0" HPOS="228" VPOS="127" WIDTH="484" HEIGHT="29">
						<TextLine ID="line_0" HPOS="228" VPOS="127" WIDTH="484" HEIGHT="29">
							<String ID="string_0" HPOS="228" VPOS="130" WIDTH="26" HEIGHT="19" WC="0.95" CONTENT="62"/><SP WIDTH="184" VPOS="130" HPOS="254"/>
							<String ID="string_1" HPOS="438" VPOS="128" WIDTH="24" HEIGHT="21" WC="0.93" CONTENT="U."/><SP WIDTH="16" VPOS="128" HPOS="462"/>
							<String ID="string_2" HPOS="478" VPOS="128" WIDTH="24" HEIGHT="21" WC="0.89" CONTENT="B."/><SP WIDTH="17" VPOS="128" HPOS="502"/>
							<String ID="string_3" HPOS="519" VPOS="140" WIDTH="25" HEIGHT="3" WC="0.92" CONTENT="—"/><SP WIDTH="15" VPOS="140" HPOS="544"/>
							<String ID="string_4" HPOS="559" VPOS="128" WIDTH="65" HEIGHT="28" WC="0.96" CONTENT="Prop."/><SP WIDTH="14" VPOS="128" HPOS="624"/>
							<String ID="string_5" HPOS="638" VPOS="127" WIDTH="38" HEIGHT="22" WC="0.96" CONTENT="N:o"/><SP WIDTH="16" VPOS="127" HPOS="676"/>
							<String ID="string_6" HPOS="692" VPOS="127" WIDTH="20" HEIGHT="22" WC="0.96" CONTENT="8."/>
						</TextLine>
					</TextBlock>
				</ComposedBlock>
				<ComposedBlock ID="cblock_1" HPOS="191" VPOS="188" WIDTH="764" HEIGHT="1306">
					<TextBlock ID="block_1" HPOS="191" VPOS="188" WIDTH="764" HEIGHT="1306">
						<TextLine ID="line_1" HPOS="198" VPOS="188" WIDTH="755" HEIGHT="33">
							<String ID="string_7" HPOS="198" VPOS="192" WIDTH="57" HEIGHT="21" WC="0.93" CONTENT="eller"/><SP WIDTH="14" VPOS="192" HPOS="255"/>
							<String ID="string_8" HPOS="269" VPOS="188" WIDTH="118" HEIGHT="25" WC="0.92" CONTENT="öfverförd"/><SP WIDTH="14" VPOS="188" HPOS="387"/>
							<String ID="string_9" HPOS="401" VPOS="192" WIDTH="139" HEIGHT="29" WC="0.96" CONTENT="försäkring,"/><SP WIDTH="16" VPOS="192" HPOS="540"/>
							<String ID="string_10" HPOS="556" VPOS="193" WIDTH="43" HEIGHT="20" WC="0.93" CONTENT="och"/><SP WIDTH="15" VPOS="193" HPOS="599"/>
							<String ID="string_11" HPOS="614" VPOS="192" WIDTH="75" HEIGHT="21" WC="0.96" CONTENT="finner"/><SP WIDTH="7" VPOS="192" HPOS="689"/>
							<String ID="string_12" HPOS="696" VPOS="192" WIDTH="42" HEIGHT="28" WC="0.96" CONTENT="jag"/><SP WIDTH="10" VPOS="192" HPOS="738"/>
							<String ID="string_13" HPOS="748" VPOS="192" WIDTH="76" HEIGHT="21" WC="0.93" CONTENT="denna"/><SP WIDTH="10" VPOS="192" HPOS="824"/>
							<String ID="string_14" HPOS="834" VPOS="192" WIDTH="65" HEIGHT="28" WC="0.93" CONTENT="fråga"/><SP WIDTH="10" VPOS="192" HPOS="899"/>
							<String ID="string_15" HPOS="909" VPOS="199" WIDTH="44" HEIGHT="21" WC="0.86" CONTENT="ega"/>
						</TextLine>
						<TextLine ID="line_2" HPOS="199" VPOS="225" WIDTH="715" HEIGHT="30">
							<String ID="string_16" HPOS="199" VPOS="225" WIDTH="43" HEIGHT="22" WC="0.93" CONTENT="den"/><SP WIDTH="15" VPOS="225" HPOS="242"/>
							<String ID="string_17" HPOS="257" VPOS="226" WIDTH="58" HEIGHT="28" WC="0.92" CONTENT="vigt,"/><SP WIDTH="16" VPOS="226" HPOS="315"/>
							<String ID="string_18" HPOS="331" VPOS="228" WIDTH="36" HEIGHT="19" WC="0.96" CONTENT="att"/><SP WIDTH="12" VPOS="228" HPOS="367"/>
							<String ID="string_19" HPOS="379" VPOS="226" WIDTH="42" HEIGHT="29" WC="0.95" CONTENT="jag"/><SP WIDTH="14" VPOS="226" HPOS="421"/>
							<String ID="string_20" HPOS="435" VPOS="226" WIDTH="53" HEIGHT="21" WC="0.92" CONTENT="bort"/><SP WIDTH="15" VPOS="226" HPOS="488"/>
							<String ID="string_21" HPOS="503" VPOS="227" WIDTH="90" HEIGHT="20" WC="0.91" CONTENT="anmäla"/><SP WIDTH="15" VPOS="227" HPOS="593"/>
							<String ID="string_22" HPOS="608" VPOS="226" WIDTH="47" HEIGHT="21" WC="0.93" CONTENT="min"/><SP WIDTH="16" VPOS="226" HPOS="655"/>
							<String ID="string_23" HPOS="671" VPOS="225" WIDTH="125" HEIGHT="22" WC="0.91" CONTENT="afvikande"/><SP WIDTH="16" VPOS="225" HPOS="796"/>
							<String ID="string_24" HPOS="812" VPOS="226" WIDTH="102" HEIGHT="28" WC="0.96" CONTENT="mening."/>
						</TextLine>
						<TextLine ID="line_3" HPOS="266" VPOS="260" WIDTH="687" HEIGHT="29">
							<String ID="string_25" HPOS="266" VPOS="261" WIDTH="36" HEIGHT="21" WC="0.92" CONTENT="Dä"/><SP WIDTH="15" VPOS="261" HPOS="302"/>
							<String ID="string_26" HPOS="317" VPOS="260" WIDTH="44" HEIGHT="22" WC="0.93" CONTENT="den"/><SP WIDTH="16" VPOS="260" HPOS="361"/>
							<String ID="string_27" HPOS="377" VPOS="260" WIDTH="85" HEIGHT="29" WC="0.91" CONTENT="nädiga"/><SP WIDTH="14" VPOS="260" HPOS="462"/>
							<String ID="string_28" HPOS="476" VPOS="261" WIDTH="174" HEIGHT="28" WC="0.96" CONTENT="propositionen"/><SP WIDTH="15" VPOS="261" HPOS="650"/>
							<String ID="string_29" HPOS="665" VPOS="261" WIDTH="9" HEIGHT="20" WC="0.96" CONTENT="i"/><SP WIDTH="15" VPOS="261" HPOS="674"/>
							<String ID="string_30" HPOS="689" VPOS="260" WIDTH="76" HEIGHT="22" WC="0.96" CONTENT="denna"/><SP WIDTH="15" VPOS="260" HPOS="765"/>
							<String ID="string_31" HPOS="780" VPOS="261" WIDTH="36" HEIGHT="21" WC="0.93" CONTENT="del"/><SP WIDTH="17" VPOS="261" HPOS="816"/>
							<String ID="string_32" HPOS="833" VPOS="261" WIDTH="53" HEIGHT="21" WC="0.93" CONTENT="sökt"/><SP WIDTH="10" VPOS="261" HPOS="886"/>
							<String ID="string_33" HPOS="896" VPOS="264" WIDTH="57" HEIGHT="25" WC="0.96" CONTENT="göra"/>
						</TextLine>
						<TextLine ID="line_4" HPOS="198" VPOS="295" WIDTH="755" HEIGHT="28">
							<String ID="string_34" HPOS="198" VPOS="295" WIDTH="107" HEIGHT="28" WC="0.85" CONTENT="gällande"/><SP WIDTH="16" VPOS="295" HPOS="305"/>
							<String ID="string_35" HPOS="321" VPOS="302" WIDTH="28" HEIGHT="14" WC="0.93" CONTENT="en"/><SP WIDTH="16" VPOS="302" HPOS="349"/>
							<String ID="string_36" HPOS="365" VPOS="295" WIDTH="90" HEIGHT="22" WC="0.93" CONTENT="olikhet"/><SP WIDTH="14" VPOS="295" HPOS="455"/>
							<String ID="string_37" HPOS="469" VPOS="295" WIDTH="84" HEIGHT="22" WC="0.93" CONTENT="mellan"/><SP WIDTH="19" VPOS="295" HPOS="553"/>
							<String ID="string_38" HPOS="572" VPOS="295" WIDTH="122" HEIGHT="22" WC="0.90" CONTENT="inhemska"/><SP WIDTH="14" VPOS="295" HPOS="694"/>
							<String ID="string_39" HPOS="708" VPOS="295" WIDTH="44" HEIGHT="22" WC="0.96" CONTENT="och"/><SP WIDTH="15" VPOS="295" HPOS="752"/>
							<String ID="string_40" HPOS="767" VPOS="295" WIDTH="125" HEIGHT="22" WC="0.93" CONTENT="utländska"/><SP WIDTH="14" VPOS="295" HPOS="892"/>
							<String ID="string_41" HPOS="906" VPOS="295" WIDTH="47" HEIGHT="22" WC="0.92" CONTENT="för-"/>
						</TextLine>
						<TextLine ID="line_5" HPOS="198" VPOS="329" WIDTH="755" HEIGHT="30">
							<String ID="string_42" HPOS="198" VPOS="329" WIDTH="183" HEIGHT="30" WC="0.92" CONTENT="säkringsbolag,"/><SP WIDTH="24" VPOS="329" HPOS="381"/>
							<String ID="string_43" HPOS="405" VPOS="330" WIDTH="45" HEIGHT="22" WC="0.96" CONTENT="kan"/><SP WIDTH="20" VPOS="330" HPOS="450"/>
							<String ID="string_44" HPOS="470" VPOS="330" WIDTH="41" HEIGHT="29" WC="0.91" CONTENT="jag"/><SP WIDTH="21" VPOS="330" HPOS="511"/>
							<String ID="string_45" HPOS="532" VPOS="330" WIDTH="137" HEIGHT="29" WC="0.91" CONTENT="visserligen"/><SP WIDTH="23" VPOS="330" HPOS="669"/>
							<String ID="string_46" HPOS="692" VPOS="330" WIDTH="52" HEIGHT="21" WC="0.90" CONTENT="icke"/><SP WIDTH="14" VPOS="330" HPOS="744"/>
							<String ID="string_47" HPOS="758" VPOS="330" WIDTH="93" HEIGHT="27" WC="0.92" CONTENT="förbise,"/><SP WIDTH="24" VPOS="330" HPOS="851"/>
							<String ID="string_48" HPOS="875" VPOS="332" WIDTH="35" HEIGHT="20" WC="0.96" CONTENT="att"/><SP WIDTH="14" VPOS="332" HPOS="910"/>
							<String ID="string_49" HPOS="924" VPOS="330" WIDTH="29" HEIGHT="21" WC="0.97" CONTENT="de"/>
						</TextLine>
						<TextLine ID="line_6" HPOS="197" VPOS="364" WIDTH="756" HEIGHT="29">
							<String ID="string_50" HPOS="197" VPOS="364" WIDTH="73" HEIGHT="22" WC="0.90" CONTENT="förras"/><SP WIDTH="22" VPOS="364" HPOS="270"/>
							<String ID="string_51" HPOS="292" VPOS="364" WIDTH="198" HEIGHT="29" WC="0.92" CONTENT="kapitalbildning"/><SP WIDTH="21" VPOS="364" HPOS="490"/>
							<String ID="string_52" HPOS="511" VPOS="365" WIDTH="8" HEIGHT="21" WC="0.94" CONTENT="i"/><SP WIDTH="23" VPOS="365" HPOS="519"/>
							<String ID="string_53" HPOS="542" VPOS="365" WIDTH="36" HEIGHT="22" WC="0.92" CONTENT="sin"/><SP WIDTH="23" VPOS="365" HPOS="578"/>
							<String ID="string_54" HPOS="601" VPOS="365" WIDTH="79" HEIGHT="22" WC="0.68" CONTENT="helhet"/><SP WIDTH="22" VPOS="365" HPOS="680"/>
							<String ID="string_55" HPOS="702" VPOS="367" WIDTH="94" HEIGHT="20" WC="0.95" CONTENT="stannar"/><SP WIDTH="19" VPOS="367" HPOS="796"/>
							<String ID="string_56" HPOS="815" VPOS="365" WIDTH="79" HEIGHT="22" WC="0.96" CONTENT="landet"/><SP WIDTH="15" VPOS="365" HPOS="894"/>
							<String ID="string_57" HPOS="909" VPOS="365" WIDTH="44" HEIGHT="22" WC="0.96" CONTENT="och"/>
						</TextLine>
						<TextLine ID="line_7" HPOS="197" VPOS="399" WIDTH="755" HEIGHT="29">
							<String ID="string_58" HPOS="197" VPOS="399" WIDTH="41" HEIGHT="21" WC="0.92" CONTENT="vär"/><SP WIDTH="9" VPOS="399" HPOS="238"/>
							<String ID="string_59" HPOS="247" VPOS="399" WIDTH="122" HEIGHT="22" WC="0.91" CONTENT="inhemska"/><SP WIDTH="10" VPOS="399" HPOS="369"/>
							<String ID="string_60" HPOS="379" VPOS="399" WIDTH="230" HEIGHT="29" WC="0.92" CONTENT="penningemarknad"/><SP WIDTH="10" VPOS="399" HPOS="609"/>
							<String ID="string_61" HPOS="619" VPOS="399" WIDTH="37" HEIGHT="22" WC="0.93" CONTENT="till"/><SP WIDTH="10" VPOS="399" HPOS="656"/>
							<String ID="string_62" HPOS="666" VPOS="399" WIDTH="61" HEIGHT="29" WC="0.92" CONTENT="godo"/><SP WIDTH="12" VPOS="399" HPOS="727"/>
							<String ID="string_63" HPOS="739" VPOS="401" WIDTH="61" HEIGHT="20" WC="0.93" CONTENT="samt"/><SP WIDTH="10" VPOS="401" HPOS="800"/>
							<String ID="string_64" HPOS="810" VPOS="399" WIDTH="142" HEIGHT="22" WC="0.91" CONTENT="fortfarande"/>
						</TextLine>
						<TextLine ID="line_8" HPOS="197" VPOS="433" WIDTH="755" HEIGHT="30">
							<String ID="string_65" HPOS="197" VPOS="433" WIDTH="82" HEIGHT="22" WC="0.92" CONTENT="förblir"/><SP WIDTH="22" VPOS="433" HPOS="279"/>
							<String ID="string_66" HPOS="301" VPOS="433" WIDTH="111" HEIGHT="29" WC="0.88" CONTENT="skattbar,"/><SP WIDTH="23" VPOS="433" HPOS="412"/>
							<String ID="string_67" HPOS="435" VPOS="434" WIDTH="82" HEIGHT="21" WC="0.96" CONTENT="medan"/><SP WIDTH="21" VPOS="434" HPOS="517"/>
							<String ID="string_68" HPOS="538" VPOS="434" WIDTH="28" HEIGHT="22" WC="0.96" CONTENT="de"/><SP WIDTH="14" VPOS="434" HPOS="566"/>
							<String ID="string_69" HPOS="580" VPOS="434" WIDTH="125" HEIGHT="22" WC="0.93" CONTENT="utländska"/><SP WIDTH="14" VPOS="434" HPOS="705"/>
							<String ID="string_70" HPOS="719" VPOS="434" WIDTH="111" HEIGHT="29" WC="0.92" CONTENT="bolagens"/><SP WIDTH="15" VPOS="434" HPOS="830"/>
							<String ID="string_71" HPOS="845" VPOS="434" WIDTH="38" HEIGHT="21" WC="0.93" CONTENT="till"/><SP WIDTH="14" VPOS="434" HPOS="883"/>
							<String ID="string_72" HPOS="897" VPOS="434" WIDTH="55" HEIGHT="22" WC="0.91" CONTENT="flere"/>
						</TextLine>
						<TextLine ID="line_9" HPOS="197" VPOS="468" WIDTH="756" HEIGHT="29">
							<String ID="string_73" HPOS="197" VPOS="468" WIDTH="192" HEIGHT="22" WC="0.81" CONTENT="hundratusenta]"/><SP WIDTH="16" VPOS="468" HPOS="389"/>
							<String ID="string_74" HPOS="405" VPOS="469" WIDTH="65" HEIGHT="22" WC="0.93" CONTENT="mark"/><SP WIDTH="14" VPOS="469" HPOS="470"/>
							<String ID="string_75" HPOS="484" VPOS="468" WIDTH="138" HEIGHT="29" WC="0.96" CONTENT="uppgående"/><SP WIDTH="15" VPOS="468" HPOS="622"/>
							<String ID="string_76" HPOS="637" VPOS="469" WIDTH="74" HEIGHT="28" WC="0.93" CONTENT="ärliga"/><SP WIDTH="15" VPOS="469" HPOS="711"/>
							<String ID="string_77" HPOS="726" VPOS="469" WIDTH="130" HEIGHT="22" WC="0.96" CONTENT="nettovinst"/><SP WIDTH="10" VPOS="469" HPOS="856"/>
							<String ID="string_78" HPOS="866" VPOS="469" WIDTH="9" HEIGHT="21" WC="0.96" CONTENT="i"/><SP WIDTH="11" VPOS="469" HPOS="875"/>
							<String ID="string_79" HPOS="886" VPOS="469" WIDTH="67" HEIGHT="22" WC="0.96" CONTENT="bästa"/>
						</TextLine>
						<TextLine ID="line_10" HPOS="196" VPOS="502" WIDTH="756" HEIGHT="29">
							<String ID="string_80" HPOS="196" VPOS="503" WIDTH="42" HEIGHT="21" WC="0.96" CONTENT="fall"/><SP WIDTH="16" VPOS="503" HPOS="238"/>
							<String ID="string_81" HPOS="254" VPOS="502" WIDTH="46" HEIGHT="22" WC="0.95" CONTENT="kan"/><SP WIDTH="14" VPOS="502" HPOS="300"/>
							<String ID="string_82" HPOS="314" VPOS="502" WIDTH="38" HEIGHT="22" WC="0.93" CONTENT="för"/><SP WIDTH="15" VPOS="502" HPOS="352"/>
							<String ID="string_83" HPOS="367" VPOS="503" WIDTH="91" HEIGHT="28" WC="0.90" CONTENT="gängen"/><SP WIDTH="16" VPOS="503" HPOS="458"/>
							<String ID="string_84" HPOS="474" VPOS="503" WIDTH="118" HEIGHT="22" WC="0.91" CONTENT="beskattas"/><SP WIDTH="16" VPOS="503" HPOS="592"/>
							<String ID="string_85" HPOS="608" VPOS="503" WIDTH="26" HEIGHT="22" WC="0.97" CONTENT="af"/><SP WIDTH="13" VPOS="503" HPOS="634"/>
							<String ID="string_86" HPOS="647" VPOS="505" WIDTH="46" HEIGHT="20" WC="0.96" CONTENT="stat"/><SP WIDTH="15" VPOS="505" HPOS="693"/>
							<String ID="string_87" HPOS="708" VPOS="503" WIDTH="44" HEIGHT="22" WC="0.95" CONTENT="och"/><SP WIDTH="14" VPOS="503" HPOS="752"/>
							<String ID="string_88" HPOS="766" VPOS="503" WIDTH="117" HEIGHT="28" WC="0.96" CONTENT="kommun,"/><SP WIDTH="16" VPOS="503" HPOS="883"/>
							<String ID="string_89" HPOS="899" VPOS="511" WIDTH="53" HEIGHT="14" WC="0.95" CONTENT="men"/>
						</TextLine>
						<TextLine ID="line_11" HPOS="197" VPOS="537" WIDTH="758" HEIGHT="30">
							<String ID="string_90" HPOS="197" VPOS="537" WIDTH="128" HEIGHT="22" WC="0.91" CONTENT="sedermera"/><SP WIDTH="25" VPOS="537" HPOS="325"/>
							<String ID="string_91" HPOS="350" VPOS="537" WIDTH="102" HEIGHT="29" WC="0.92" CONTENT="placeras"/><SP WIDTH="26" VPOS="537" HPOS="452"/>
							<String ID="string_92" HPOS="478" VPOS="541" WIDTH="65" HEIGHT="18" WC="0.91" CONTENT="utom"/><SP WIDTH="26" VPOS="541" HPOS="543"/>
							<String ID="string_93" HPOS="569" VPOS="537" WIDTH="85" HEIGHT="28" WC="0.93" CONTENT="landet,"/><SP WIDTH="31" VPOS="537" HPOS="654"/>
							<String ID="string_94" HPOS="685" VPOS="538" WIDTH="151" HEIGHT="29" WC="0.92" CONTENT="hvarigenom"/><SP WIDTH="27" VPOS="538" HPOS="836"/>
							<String ID="string_95" HPOS="863" VPOS="537" WIDTH="39" HEIGHT="22" WC="0.96" CONTENT="det"/><SP WIDTH="27" VPOS="537" HPOS="902"/>
							<String ID="string_96" HPOS="929" VPOS="537" WIDTH="26" HEIGHT="23" WC="0.96" CONTENT="af"/>
						</TextLine>
						<TextLine ID="line_12" HPOS="196" VPOS="571" WIDTH="757" HEIGHT="30">
							<String ID="string_97" HPOS="196" VPOS="571" WIDTH="100" HEIGHT="22" WC="0.93" CONTENT="nämnda"/><SP WIDTH="22" VPOS="571" HPOS="296"/>
							<String ID="string_98" HPOS="318" VPOS="571" WIDTH="89" HEIGHT="22" WC="0.92" CONTENT="vinster"/><SP WIDTH="19" VPOS="571" HPOS="407"/>
							<String ID="string_99" HPOS="426" VPOS="572" WIDTH="98" HEIGHT="22" WC="0.93" CONTENT="alstrade"/><SP WIDTH="16" VPOS="572" HPOS="524"/>
							<String ID="string_100" HPOS="540" VPOS="572" WIDTH="113" HEIGHT="29" WC="0.91" CONTENT="kapitalet"/><SP WIDTH="14" VPOS="572" HPOS="653"/>
							<String ID="string_101" HPOS="667" VPOS="572" WIDTH="37" HEIGHT="22" WC="0.96" CONTENT="för"/><SP WIDTH="15" VPOS="572" HPOS="704"/>
							<String ID="string_102" HPOS="719" VPOS="573" WIDTH="31" HEIGHT="21" WC="0.93" CONTENT="all"/><SP WIDTH="16" VPOS="573" HPOS="750"/>
							<String ID="string_103" HPOS="766" VPOS="572" WIDTH="95" HEIGHT="22" WC="0.92" CONTENT="framtid"/><SP WIDTH="16" VPOS="572" HPOS="861"/>
							<String ID="string_104" HPOS="877" VPOS="576" WIDTH="24" HEIGHT="18" WC="0.96" CONTENT="är"/><SP WIDTH="15" VPOS="576" HPOS="901"/>
							<String ID="string_105" HPOS="916" VPOS="572" WIDTH="37" HEIGHT="22" WC="0.96" CONTENT="för"/>
						</TextLine>
						<TextLine ID="line_13" HPOS="196" VPOS="606" WIDTH="756" HEIGHT="30">
							<String ID="string_106" HPOS="196" VPOS="606" WIDTH="101" HEIGHT="22" WC="0.93" CONTENT="Finland"/><SP WIDTH="22" VPOS="606" HPOS="297"/>
							<String ID="string_107" HPOS="319" VPOS="606" WIDTH="160" HEIGHT="29" WC="0.91" CONTENT="undandraget"/><SP WIDTH="22" VPOS="606" HPOS="479"/>
							<String ID="string_108" HPOS="501" VPOS="607" WIDTH="43" HEIGHT="22" WC="0.93" CONTENT="och"/><SP WIDTH="22" VPOS="607" HPOS="544"/>
							<String ID="string_109" HPOS="566" VPOS="607" WIDTH="97" HEIGHT="29" WC="0.92" CONTENT="fritaget"/><SP WIDTH="13" VPOS="607" HPOS="663"/>
							<String ID="string_110" HPOS="676" VPOS="607" WIDTH="53" HEIGHT="22" WC="0.92" CONTENT="frän"/><SP WIDTH="16" VPOS="607" HPOS="729"/>
							<String ID="string_111" HPOS="745" VPOS="607" WIDTH="69" HEIGHT="22" WC="0.90" CONTENT="skatt."/><SP WIDTH="30" VPOS="607" HPOS="814"/>
							<String ID="string_112" HPOS="844" VPOS="607" WIDTH="55" HEIGHT="22" WC="0.96" CONTENT="Men"/><SP WIDTH="16" VPOS="607" HPOS="899"/>
							<String ID="string_113" HPOS="915" VPOS="615" WIDTH="37" HEIGHT="14" WC="0.95" CONTENT="om"/>
						</TextLine>
						<TextLine ID="line_14" HPOS="197" VPOS="640" WIDTH="754" HEIGHT="30">
							<String ID="string_114" HPOS="197" VPOS="641" WIDTH="43" HEIGHT="21" WC="0.91" CONTENT="ock"/><SP WIDTH="22" VPOS="641" HPOS="240"/>
							<String ID="string_115" HPOS="262" VPOS="640" WIDTH="65" HEIGHT="22" WC="0.93" CONTENT="detta"/><SP WIDTH="22" VPOS="640" HPOS="327"/>
							<String ID="string_116" HPOS="349" VPOS="641" WIDTH="151" HEIGHT="28" WC="0.92" CONTENT="obestridliga"/><SP WIDTH="19" VPOS="641" HPOS="500"/>
							<String ID="string_117" HPOS="519" VPOS="641" WIDTH="186" HEIGHT="22" WC="0.92" CONTENT="sakförhällande"/><SP WIDTH="16" VPOS="641" HPOS="705"/>
							<String ID="string_118" HPOS="721" VPOS="641" WIDTH="76" HEIGHT="21" WC="0.93" CONTENT="skulle"/><SP WIDTH="15" VPOS="641" HPOS="797"/>
							<String ID="string_119" HPOS="812" VPOS="641" WIDTH="96" HEIGHT="29" WC="0.92" CONTENT="betinga"/><SP WIDTH="15" VPOS="641" HPOS="908"/>
							<String ID="string_120" HPOS="923" VPOS="648" WIDTH="28" HEIGHT="15" WC="0.96" CONTENT="en"/>
						</TextLine>
						<TextLine ID="line_15" HPOS="196" VPOS="674" WIDTH="755" HEIGHT="30">
							<String ID="string_121" HPOS="196" VPOS="674" WIDTH="158" HEIGHT="30" WC="0.91" CONTENT="beskattning,"/><SP WIDTH="16" VPOS="674" HPOS="354"/>
							<String ID="string_122" HPOS="370" VPOS="682" WIDTH="49" HEIGHT="14" WC="0.92" CONTENT="som"/><SP WIDTH="15" VPOS="682" HPOS="419"/>
							<String ID="string_123" HPOS="434" VPOS="676" WIDTH="140" HEIGHT="21" WC="0.92" CONTENT="ätminstone"/><SP WIDTH="15" VPOS="676" HPOS="574"/>
							<String ID="string_124" HPOS="589" VPOS="676" WIDTH="9" HEIGHT="21" WC="0.93" CONTENT="i"/><SP WIDTH="10" VPOS="676" HPOS="598"/>
							<String ID="string_125" HPOS="608" VPOS="676" WIDTH="77" HEIGHT="28" WC="0.92" CONTENT="nägon"/><SP WIDTH="11" VPOS="676" HPOS="685"/>
							<String ID="string_126" HPOS="696" VPOS="676" WIDTH="52" HEIGHT="22" WC="0.96" CONTENT="män"/><SP WIDTH="12" VPOS="676" HPOS="748"/>
							<String ID="string_127" HPOS="760" VPOS="676" WIDTH="78" HEIGHT="22" WC="0.93" CONTENT="kunde"/><SP WIDTH="10" VPOS="676" HPOS="838"/>
							<String ID="string_128" HPOS="848" VPOS="676" WIDTH="103" HEIGHT="28" WC="0.92" CONTENT="utjemna"/>
						</TextLine>
						<TextLine ID="line_16" HPOS="196" VPOS="708" WIDTH="755" HEIGHT="28">
							<String ID="string_129" HPOS="196" VPOS="709" WIDTH="44" HEIGHT="21" WC="0.92" CONTENT="den"/><SP WIDTH="23" VPOS="709" HPOS="240"/>
							<String ID="string_130" HPOS="263" VPOS="708" WIDTH="181" HEIGHT="28" WC="0.92" CONTENT="företrädesrätt,"/><SP WIDTH="23" VPOS="708" HPOS="444"/>
							<String ID="string_131" HPOS="467" VPOS="717" WIDTH="49" HEIGHT="14" WC="0.93" CONTENT="som"/><SP WIDTH="15" VPOS="717" HPOS="516"/>
							<String ID="string_132" HPOS="531" VPOS="710" WIDTH="81" HEIGHT="22" WC="0.92" CONTENT="härvid"/><SP WIDTH="16" VPOS="710" HPOS="612"/>
							<String ID="string_133" HPOS="628" VPOS="710" WIDTH="100" HEIGHT="22" WC="0.92" CONTENT="faktiskt"/><SP WIDTH="15" VPOS="710" HPOS="728"/>
							<String ID="string_134" HPOS="743" VPOS="710" WIDTH="27" HEIGHT="22" WC="0.96" CONTENT="af"/><SP WIDTH="12" VPOS="710" HPOS="770"/>
							<String ID="string_135" HPOS="782" VPOS="710" WIDTH="28" HEIGHT="22" WC="0.96" CONTENT="de"/><SP WIDTH="16" VPOS="710" HPOS="810"/>
							<String ID="string_136" HPOS="826" VPOS="710" WIDTH="125" HEIGHT="22" WC="0.96" CONTENT="utländska"/>
						</TextLine>
						<TextLine ID="line_17" HPOS="196" VPOS="743" WIDTH="756" HEIGHT="30">
							<String ID="string_137" HPOS="196" VPOS="743" WIDTH="98" HEIGHT="29" WC="0.92" CONTENT="bolagen"/><SP WIDTH="15" VPOS="743" HPOS="294"/>
							<String ID="string_138" HPOS="309" VPOS="743" WIDTH="110" HEIGHT="29" WC="0.91" CONTENT="ätnjutes,"/><SP WIDTH="19" VPOS="743" HPOS="419"/>
							<String ID="string_139" HPOS="438" VPOS="743" WIDTH="76" HEIGHT="22" WC="0.92" CONTENT="finner"/><SP WIDTH="11" VPOS="743" HPOS="514"/>
							<String ID="string_140" HPOS="525" VPOS="744" WIDTH="42" HEIGHT="29" WC="0.96" CONTENT="jag"/><SP WIDTH="14" VPOS="744" HPOS="567"/>
							<String ID="string_141" HPOS="581" VPOS="744" WIDTH="49" HEIGHT="28" WC="0.93" CONTENT="mig"/><SP WIDTH="13" VPOS="744" HPOS="630"/>
							<String ID="string_142" HPOS="643" VPOS="744" WIDTH="52" HEIGHT="22" WC="0.92" CONTENT="icke"/><SP WIDTH="15" VPOS="744" HPOS="695"/>
							<String ID="string_143" HPOS="710" VPOS="744" WIDTH="139" HEIGHT="29" WC="0.91" CONTENT="öfvertygad"/><SP WIDTH="16" VPOS="744" HPOS="849"/>
							<String ID="string_144" HPOS="865" VPOS="751" WIDTH="36" HEIGHT="15" WC="0.96" CONTENT="om"/><SP WIDTH="16" VPOS="751" HPOS="901"/>
							<String ID="string_145" HPOS="917" VPOS="746" WIDTH="35" HEIGHT="20" WC="0.96" CONTENT="att"/>
						</TextLine>
						<TextLine ID="line_18" HPOS="195" VPOS="777" WIDTH="756" HEIGHT="31">
							<String ID="string_146" HPOS="195" VPOS="778" WIDTH="187" HEIGHT="29" WC="0.92" CONTENT="propositionens"/><SP WIDTH="15" VPOS="778" HPOS="382"/>
							<String ID="string_147" HPOS="397" VPOS="777" WIDTH="121" HEIGHT="23" WC="0.92" CONTENT="föreskrift"/><SP WIDTH="14" VPOS="777" HPOS="518"/>
							<String ID="string_148" HPOS="532" VPOS="786" WIDTH="56" HEIGHT="15" WC="0.92" CONTENT="vore"/><SP WIDTH="14" VPOS="786" HPOS="588"/>
							<String ID="string_149" HPOS="602" VPOS="779" WIDTH="90" HEIGHT="27" WC="0.96" CONTENT="rättvis,"/><SP WIDTH="16" VPOS="779" HPOS="692"/>
							<String ID="string_150" HPOS="708" VPOS="782" WIDTH="29" HEIGHT="19" WC="0.96" CONTENT="än"/><SP WIDTH="15" VPOS="782" HPOS="737"/>
							<String ID="string_151" HPOS="752" VPOS="779" WIDTH="89" HEIGHT="22" WC="0.96" CONTENT="mindre"/><SP WIDTH="16" VPOS="779" HPOS="841"/>
							<String ID="string_152" HPOS="857" VPOS="779" WIDTH="46" HEIGHT="22" WC="0.96" CONTENT="kan"/><SP WIDTH="8" VPOS="779" HPOS="903"/>
							<String ID="string_153" HPOS="911" VPOS="779" WIDTH="40" HEIGHT="29" WC="0.97" CONTENT="jag"/>
						</TextLine>
						<TextLine ID="line_19" HPOS="195" VPOS="812" WIDTH="755" HEIGHT="30">
							<String ID="string_154" HPOS="195" VPOS="812" WIDTH="81" HEIGHT="22" WC="0.93" CONTENT="förena"/><SP WIDTH="14" VPOS="812" HPOS="276"/>
							<String ID="string_155" HPOS="290" VPOS="812" WIDTH="49" HEIGHT="29" WC="0.96" CONTENT="mig"/><SP WIDTH="14" VPOS="812" HPOS="339"/>
							<String ID="string_156" HPOS="353" VPOS="820" WIDTH="37" HEIGHT="14" WC="0.93" CONTENT="om"/><SP WIDTH="16" VPOS="820" HPOS="390"/>
							<String ID="string_157" HPOS="406" VPOS="812" WIDTH="128" HEIGHT="23" WC="0.92" CONTENT="utskottets"/><SP WIDTH="15" VPOS="812" HPOS="534"/>
							<String ID="string_158" HPOS="549" VPOS="814" WIDTH="82" HEIGHT="21" WC="0.95" CONTENT="beslut."/><SP WIDTH="32" VPOS="814" HPOS="631"/>
							<String ID="string_159" HPOS="663" VPOS="814" WIDTH="35" HEIGHT="28" WC="0.96" CONTENT="Ty"/><SP WIDTH="16" VPOS="814" HPOS="698"/>
							<String ID="string_160" HPOS="714" VPOS="821" WIDTH="37" HEIGHT="15" WC="0.93" CONTENT="om"/><SP WIDTH="15" VPOS="821" HPOS="751"/>
							<String ID="string_161" HPOS="766" VPOS="814" WIDTH="44" HEIGHT="21" WC="0.92" CONTENT="ock"/><SP WIDTH="15" VPOS="814" HPOS="810"/>
							<String ID="string_162" HPOS="825" VPOS="813" WIDTH="40" HEIGHT="22" WC="0.93" CONTENT="det"/><SP WIDTH="12" VPOS="813" HPOS="865"/>
							<String ID="string_163" HPOS="877" VPOS="814" WIDTH="73" HEIGHT="21" WC="0.92" CONTENT="finan-"/>
						</TextLine>
						<TextLine ID="line_20" HPOS="195" VPOS="846" WIDTH="756" HEIGHT="30">
							<String ID="string_164" HPOS="195" VPOS="846" WIDTH="57" HEIGHT="22" WC="0.88" CONTENT="siela"/><SP WIDTH="22" VPOS="846" HPOS="252"/>
							<String ID="string_165" HPOS="274" VPOS="846" WIDTH="110" HEIGHT="23" WC="0.35" CONTENT="behofvet"/><SP WIDTH="15" VPOS="846" HPOS="384"/>
							<String ID="string_166" HPOS="399" VPOS="847" WIDTH="47" HEIGHT="21" WC="0.93" CONTENT="kan"/><SP WIDTH="16" VPOS="847" HPOS="446"/>
							<String ID="string_167" HPOS="462" VPOS="848" WIDTH="112" HEIGHT="22" WC="0.96" CONTENT="motivera"/><SP WIDTH="15" VPOS="848" HPOS="574"/>
							<String ID="string_168" HPOS="589" VPOS="847" WIDTH="113" HEIGHT="23" WC="0.93" CONTENT="särskilda"/><SP WIDTH="15" VPOS="847" HPOS="702"/>
							<String ID="string_169" HPOS="717" VPOS="848" WIDTH="89" HEIGHT="22" WC="0.96" CONTENT="skatter"/><SP WIDTH="15" VPOS="848" HPOS="806"/>
							<String ID="string_170" HPOS="821" VPOS="848" WIDTH="30" HEIGHT="28" WC="0.96" CONTENT="pä"/><SP WIDTH="14" VPOS="848" HPOS="851"/>
							<String ID="string_171" HPOS="865" VPOS="848" WIDTH="86" HEIGHT="22" WC="0.96" CONTENT="rörelse"/>
						</TextLine>
						<TextLine ID="line_21" HPOS="195" VPOS="880" WIDTH="755" HEIGHT="29">
							<String ID="string_172" HPOS="195" VPOS="880" WIDTH="43" HEIGHT="22" WC="0.93" CONTENT="och"/><SP WIDTH="15" VPOS="880" HPOS="238"/>
							<String ID="string_173" HPOS="253" VPOS="880" WIDTH="247" HEIGHT="29" WC="0.90" CONTENT="affärstransaktioner,"/><SP WIDTH="19" VPOS="880" HPOS="500"/>
							<String ID="string_174" HPOS="519" VPOS="882" WIDTH="112" HEIGHT="22" WC="0.46" CONTENT="ehuruväl"/><SP WIDTH="15" VPOS="882" HPOS="631"/>
							<String ID="string_175" HPOS="646" VPOS="889" WIDTH="52" HEIGHT="15" WC="0.92" CONTENT="man"/><SP WIDTH="16" VPOS="889" HPOS="698"/>
							<String ID="string_176" HPOS="714" VPOS="882" WIDTH="73" HEIGHT="22" WC="0.96" CONTENT="hellre"/><SP WIDTH="16" VPOS="882" HPOS="787"/>
							<String ID="string_177" HPOS="803" VPOS="882" WIDTH="75" HEIGHT="22" WC="0.93" CONTENT="skulle"/><SP WIDTH="15" VPOS="882" HPOS="878"/>
							<String ID="string_178" HPOS="893" VPOS="882" WIDTH="57" HEIGHT="22" WC="0.92" CONTENT="und-"/>
						</TextLine>
						<TextLine ID="line_22" HPOS="194" VPOS="915" WIDTH="757" HEIGHT="30">
							<String ID="string_179" HPOS="194" VPOS="915" WIDTH="56" HEIGHT="22" WC="0.93" CONTENT="vika"/><SP WIDTH="21" VPOS="915" HPOS="250"/>
							<String ID="string_180" HPOS="271" VPOS="915" WIDTH="70" HEIGHT="22" WC="0.92" CONTENT="äfven"/><SP WIDTH="22" VPOS="915" HPOS="341"/>
							<String ID="string_181" HPOS="363" VPOS="915" WIDTH="73" HEIGHT="29" WC="0.93" CONTENT="dessa,"/><SP WIDTH="23" VPOS="915" HPOS="436"/>
							<String ID="string_182" HPOS="459" VPOS="916" WIDTH="56" HEIGHT="22" WC="0.93" CONTENT="böra"/><SP WIDTH="21" VPOS="916" HPOS="515"/>
							<String ID="string_183" HPOS="536" VPOS="916" WIDTH="141" HEIGHT="22" WC="0.91" CONTENT="ätminstone"/><SP WIDTH="17" VPOS="916" HPOS="677"/>
							<String ID="string_184" HPOS="694" VPOS="916" WIDTH="160" HEIGHT="29" WC="0.92" CONTENT="försäkringar"/><SP WIDTH="15" VPOS="916" HPOS="854"/>
							<String ID="string_185" HPOS="869" VPOS="916" WIDTH="82" HEIGHT="22" WC="0.92" CONTENT="härvid"/>
						</TextLine>
						<TextLine ID="line_23" HPOS="195" VPOS="950" WIDTH="754" HEIGHT="30">
							<String ID="string_186" HPOS="195" VPOS="950" WIDTH="91" HEIGHT="27" WC="0.92" CONTENT="skonas,"/><SP WIDTH="23" VPOS="950" HPOS="286"/>
							<String ID="string_187" HPOS="309" VPOS="953" WIDTH="55" HEIGHT="19" WC="0.96" CONTENT="enär"/><SP WIDTH="21" VPOS="953" HPOS="364"/>
							<String ID="string_188" HPOS="385" VPOS="950" WIDTH="41" HEIGHT="22" WC="0.77" CONTENT="det"/><SP WIDTH="14" VPOS="950" HPOS="426"/>
							<String ID="string_189" HPOS="440" VPOS="950" WIDTH="52" HEIGHT="22" WC="0.93" CONTENT="icke"/><SP WIDTH="18" VPOS="950" HPOS="492"/>
							<String ID="string_190" HPOS="510" VPOS="950" WIDTH="78" HEIGHT="22" WC="0.92" CONTENT="blefve"/><SP WIDTH="14" VPOS="950" HPOS="588"/>
							<String ID="string_191" HPOS="602" VPOS="950" WIDTH="45" HEIGHT="22" WC="0.96" CONTENT="den"/><SP WIDTH="16" VPOS="950" HPOS="647"/>
							<String ID="string_192" HPOS="663" VPOS="952" WIDTH="73" HEIGHT="20" WC="0.93" CONTENT="större"/><SP WIDTH="14" VPOS="952" HPOS="736"/>
							<String ID="string_193" HPOS="750" VPOS="950" WIDTH="199" HEIGHT="30" WC="0.92" CONTENT="förmögenheten,"/>
						</TextLine>
						<TextLine ID="line_24" HPOS="194" VPOS="984" WIDTH="755" HEIGHT="30">
							<String ID="string_194" HPOS="194" VPOS="986" WIDTH="56" HEIGHT="20" WC="0.96" CONTENT="utan"/><SP WIDTH="15" VPOS="986" HPOS="250"/>
							<String ID="string_195" HPOS="265" VPOS="984" WIDTH="45" HEIGHT="22" WC="0.96" CONTENT="den"/><SP WIDTH="16" VPOS="984" HPOS="310"/>
							<String ID="string_196" HPOS="326" VPOS="986" WIDTH="74" HEIGHT="20" WC="0.93" CONTENT="större"/><SP WIDTH="10" VPOS="986" HPOS="400"/>
							<String ID="string_197" HPOS="410" VPOS="984" WIDTH="220" HEIGHT="28" WC="0.91" CONTENT="förtänksamheten,"/><SP WIDTH="12" VPOS="984" HPOS="630"/>
							<String ID="string_198" HPOS="642" VPOS="992" WIDTH="49" HEIGHT="15" WC="0.96" CONTENT="som"/><SP WIDTH="10" VPOS="992" HPOS="691"/>
							<String ID="string_199" HPOS="701" VPOS="992" WIDTH="84" HEIGHT="22" WC="0.95" CONTENT="genom"/><SP WIDTH="11" VPOS="992" HPOS="785"/>
							<String ID="string_200" HPOS="796" VPOS="985" WIDTH="52" HEIGHT="22" WC="0.93" CONTENT="dem"/><SP WIDTH="10" VPOS="985" HPOS="848"/>
							<String ID="string_201" HPOS="858" VPOS="985" WIDTH="91" HEIGHT="21" WC="0.92" CONTENT="komme"/>
						</TextLine>
						<TextLine ID="line_25" HPOS="194" VPOS="1018" WIDTH="756" HEIGHT="30">
							<String ID="string_202" HPOS="194" VPOS="1020" WIDTH="35" HEIGHT="20" WC="0.92" CONTENT="att"/><SP WIDTH="19" VPOS="1020" HPOS="229"/>
							<String ID="string_203" HPOS="248" VPOS="1018" WIDTH="127" HEIGHT="29" WC="0.96" CONTENT="beskattas,"/><SP WIDTH="22" VPOS="1018" HPOS="375"/>
							<String ID="string_204" HPOS="397" VPOS="1020" WIDTH="73" HEIGHT="28" WC="0.96" CONTENT="något"/><SP WIDTH="21" VPOS="1020" HPOS="470"/>
							<String ID="string_205" HPOS="491" VPOS="1026" WIDTH="48" HEIGHT="16" WC="0.93" CONTENT="som"/><SP WIDTH="21" VPOS="1026" HPOS="539"/>
							<String ID="string_206" HPOS="560" VPOS="1022" WIDTH="16" HEIGHT="20" WC="0.86" CONTENT="t."/><SP WIDTH="16" VPOS="1022" HPOS="576"/>
							<String ID="string_207" HPOS="592" VPOS="1027" WIDTH="20" HEIGHT="14" WC="0.95" CONTENT="o."/><SP WIDTH="16" VPOS="1027" HPOS="612"/>
							<String ID="string_208" HPOS="628" VPOS="1027" WIDTH="28" HEIGHT="14" WC="0.96" CONTENT="m."/><SP WIDTH="15" VPOS="1027" HPOS="656"/>
							<String ID="string_209" HPOS="671" VPOS="1020" WIDTH="176" HEIGHT="28" WC="0.96" CONTENT="propositionen"/><SP WIDTH="16" VPOS="1020" HPOS="847"/>
							<String ID="string_210" HPOS="863" VPOS="1026" WIDTH="36" HEIGHT="15" WC="0.93" CONTENT="om"/><SP WIDTH="16" VPOS="1026" HPOS="899"/>
							<String ID="string_211" HPOS="915" VPOS="1020" WIDTH="35" HEIGHT="21" WC="0.91" CONTENT="in-"/>
						</TextLine>
						<TextLine ID="line_26" HPOS="193" VPOS="1052" WIDTH="757" HEIGHT="30">
							<String ID="string_212" HPOS="193" VPOS="1052" WIDTH="210" HEIGHT="29" WC="0.86" CONTENT="komstbevillning"/><SP WIDTH="21" VPOS="1052" HPOS="403"/>
							<String ID="string_213" HPOS="424" VPOS="1054" WIDTH="55" HEIGHT="21" WC="0.72" CONTENT="sökt"/><SP WIDTH="21" VPOS="1054" HPOS="479"/>
							<String ID="string_214" HPOS="500" VPOS="1054" WIDTH="110" HEIGHT="21" WC="0.90" CONTENT="undvika."/><SP WIDTH="29" VPOS="1054" HPOS="610"/>
							<String ID="string_215" HPOS="639" VPOS="1054" WIDTH="105" HEIGHT="28" WC="0.90" CONTENT="Afgifter"/><SP WIDTH="20" VPOS="1054" HPOS="744"/>
							<String ID="string_216" HPOS="764" VPOS="1061" WIDTH="36" HEIGHT="14" WC="0.96" CONTENT="om"/><SP WIDTH="20" VPOS="1061" HPOS="800"/>
							<String ID="string_217" HPOS="820" VPOS="1057" WIDTH="27" HEIGHT="19" WC="0.84" CONTENT="25"/><SP WIDTH="16" VPOS="1057" HPOS="847"/>
							<String ID="string_218" HPOS="863" VPOS="1054" WIDTH="44" HEIGHT="21" WC="0.95" CONTENT="och"/><SP WIDTH="16" VPOS="1054" HPOS="907"/>
							<String ID="string_219" HPOS="923" VPOS="1057" WIDTH="27" HEIGHT="19" WC="0.96" CONTENT="50"/>
						</TextLine>
						<TextLine ID="line_27" HPOS="193" VPOS="1087" WIDTH="756" HEIGHT="30">
							<String ID="string_220" HPOS="193" VPOS="1087" WIDTH="78" HEIGHT="29" WC="0.93" CONTENT="penni,"/><SP WIDTH="22" VPOS="1087" HPOS="271"/>
							<String ID="string_221" HPOS="293" VPOS="1095" WIDTH="60" HEIGHT="21" WC="0.92" CONTENT="resp."/><SP WIDTH="24" VPOS="1095" HPOS="353"/>
							<String ID="string_222" HPOS="377" VPOS="1091" WIDTH="26" HEIGHT="19" WC="0.96" CONTENT="50"/><SP WIDTH="22" VPOS="1091" HPOS="403"/>
							<String ID="string_223" HPOS="425" VPOS="1088" WIDTH="72" HEIGHT="29" WC="0.96" CONTENT="penni"/><SP WIDTH="19" VPOS="1088" HPOS="497"/>
							<String ID="string_224" HPOS="516" VPOS="1088" WIDTH="43" HEIGHT="22" WC="0.96" CONTENT="och"/><SP WIDTH="17" VPOS="1088" HPOS="559"/>
							<String ID="string_225" HPOS="576" VPOS="1091" WIDTH="8" HEIGHT="20" WC="0.96" CONTENT="1"/><SP WIDTH="18" VPOS="1091" HPOS="584"/>
							<String ID="string_226" HPOS="602" VPOS="1088" WIDTH="64" HEIGHT="22" WC="0.93" CONTENT="mark"/><SP WIDTH="16" VPOS="1088" HPOS="666"/>
							<String ID="string_227" HPOS="682" VPOS="1091" WIDTH="39" HEIGHT="19" WC="0.92" CONTENT="äro"/><SP WIDTH="15" VPOS="1091" HPOS="721"/>
							<String ID="string_228" HPOS="736" VPOS="1087" WIDTH="38" HEIGHT="23" WC="0.93" CONTENT="för"/><SP WIDTH="14" VPOS="1087" HPOS="774"/>
							<String ID="string_229" HPOS="788" VPOS="1088" WIDTH="78" HEIGHT="28" WC="0.88" CONTENT="öfrigt,"/><SP WIDTH="24" VPOS="1088" HPOS="866"/>
							<String ID="string_230" HPOS="890" VPOS="1090" WIDTH="59" HEIGHT="20" WC="0.96" CONTENT="trots"/>
						</TextLine>
						<TextLine ID="line_28" HPOS="193" VPOS="1121" WIDTH="756" HEIGHT="30">
							<String ID="string_231" HPOS="193" VPOS="1121" WIDTH="43" HEIGHT="22" WC="0.93" CONTENT="sitt"/><SP WIDTH="21" VPOS="1121" HPOS="236"/>
							<String ID="string_232" HPOS="257" VPOS="1121" WIDTH="111" HEIGHT="22" WC="0.92" CONTENT="skenbart"/><SP WIDTH="23" VPOS="1121" HPOS="368"/>
							<String ID="string_233" HPOS="391" VPOS="1121" WIDTH="135" HEIGHT="30" WC="0.92" CONTENT="obetydliga"/><SP WIDTH="21" VPOS="1121" HPOS="526"/>
							<String ID="string_234" HPOS="547" VPOS="1122" WIDTH="90" HEIGHT="29" WC="0.91" CONTENT="belopp,"/><SP WIDTH="22" VPOS="1122" HPOS="637"/>
							<String ID="string_235" HPOS="659" VPOS="1129" WIDTH="28" HEIGHT="15" WC="0.94" CONTENT="en"/><SP WIDTH="21" VPOS="1129" HPOS="687"/>
							<String ID="string_236" HPOS="708" VPOS="1125" WIDTH="48" HEIGHT="19" WC="0.96" CONTENT="stor"/><SP WIDTH="15" VPOS="1125" HPOS="756"/>
							<String ID="string_237" HPOS="771" VPOS="1124" WIDTH="96" HEIGHT="27" WC="0.96" CONTENT="procent"/><SP WIDTH="15" VPOS="1124" HPOS="867"/>
							<String ID="string_238" HPOS="882" VPOS="1122" WIDTH="27" HEIGHT="22" WC="0.96" CONTENT="af"/><SP WIDTH="12" VPOS="1122" HPOS="909"/>
							<String ID="string_239" HPOS="921" VPOS="1122" WIDTH="28" HEIGHT="22" WC="0.96" CONTENT="de"/>
						</TextLine>
						<TextLine ID="line_29" HPOS="193" VPOS="1155" WIDTH="756" HEIGHT="31">
							<String ID="string_240" HPOS="193" VPOS="1155" WIDTH="139" HEIGHT="30" WC="0.86" CONTENT="ärsafgifter,"/><SP WIDTH="16" VPOS="1155" HPOS="332"/>
							<String ID="string_241" HPOS="348" VPOS="1163" WIDTH="49" HEIGHT="15" WC="0.96" CONTENT="som"/><SP WIDTH="16" VPOS="1163" HPOS="397"/>
							<String ID="string_242" HPOS="413" VPOS="1157" WIDTH="89" HEIGHT="22" WC="0.93" CONTENT="mindre"/><SP WIDTH="10" VPOS="1157" HPOS="502"/>
							<String ID="string_243" HPOS="512" VPOS="1157" WIDTH="158" HEIGHT="28" WC="0.91" CONTENT="försäkringar"/><SP WIDTH="10" VPOS="1157" HPOS="670"/>
							<String ID="string_244" HPOS="680" VPOS="1157" WIDTH="103" HEIGHT="29" WC="0.92" CONTENT="betinga,"/><SP WIDTH="16" VPOS="1157" HPOS="783"/>
							<String ID="string_245" HPOS="799" VPOS="1157" WIDTH="43" HEIGHT="22" WC="0.93" CONTENT="och"/><SP WIDTH="11" VPOS="1157" HPOS="842"/>
							<String ID="string_246" HPOS="853" VPOS="1160" WIDTH="38" HEIGHT="19" WC="0.93" CONTENT="äro"/><SP WIDTH="12" VPOS="1160" HPOS="891"/>
							<String ID="string_247" HPOS="903" VPOS="1160" WIDTH="46" HEIGHT="18" WC="0.93" CONTENT="sär-"/>
						</TextLine>
						<TextLine ID="line_30" HPOS="193" VPOS="1189" WIDTH="756" HEIGHT="31">
							<String ID="string_248" HPOS="193" VPOS="1189" WIDTH="73" HEIGHT="22" WC="0.87" CONTENT="skildt"/><SP WIDTH="21" VPOS="1189" HPOS="266"/>
							<String ID="string_249" HPOS="287" VPOS="1190" WIDTH="37" HEIGHT="21" WC="0.93" CONTENT="för"/><SP WIDTH="14" VPOS="1190" HPOS="324"/>
							<String ID="string_250" HPOS="338" VPOS="1190" WIDTH="207" HEIGHT="30" WC="0.91" CONTENT="brandförsäkring"/><SP WIDTH="15" VPOS="1190" HPOS="545"/>
							<String ID="string_251" HPOS="560" VPOS="1191" WIDTH="221" HEIGHT="29" WC="0.92" CONTENT="oproportionerligt"/><SP WIDTH="15" VPOS="1191" HPOS="781"/>
							<String ID="string_252" HPOS="796" VPOS="1191" WIDTH="57" HEIGHT="26" WC="0.93" CONTENT="högt"/><SP WIDTH="14" VPOS="1191" HPOS="853"/>
							<String ID="string_253" HPOS="867" VPOS="1191" WIDTH="82" HEIGHT="22" WC="0.93" CONTENT="beräk-"/>
						</TextLine>
						<TextLine ID="line_31" HPOS="192" VPOS="1224" WIDTH="757" HEIGHT="30">
							<String ID="string_254" HPOS="192" VPOS="1224" WIDTH="65" HEIGHT="22" WC="0.92" CONTENT="nade."/><SP WIDTH="30" VPOS="1224" HPOS="257"/>
							<String ID="string_255" HPOS="287" VPOS="1225" WIDTH="55" HEIGHT="21" WC="0.93" CONTENT="Man"/><SP WIDTH="23" VPOS="1225" HPOS="342"/>
							<String ID="string_256" HPOS="365" VPOS="1224" WIDTH="36" HEIGHT="22" WC="0.91" CONTENT="fär"/><SP WIDTH="17" VPOS="1224" HPOS="401"/>
							<String ID="string_257" HPOS="418" VPOS="1224" WIDTH="82" HEIGHT="23" WC="0.91" CONTENT="härvid"/><SP WIDTH="14" VPOS="1224" HPOS="500"/>
							<String ID="string_258" HPOS="514" VPOS="1225" WIDTH="20" HEIGHT="29" WC="0.93" CONTENT="ej"/><SP WIDTH="17" VPOS="1225" HPOS="534"/>
							<String ID="string_259" HPOS="551" VPOS="1225" WIDTH="73" HEIGHT="22" WC="0.93" CONTENT="heller"/><SP WIDTH="14" VPOS="1225" HPOS="624"/>
							<String ID="string_260" HPOS="638" VPOS="1225" WIDTH="107" HEIGHT="28" WC="0.92" CONTENT="glömma,"/><SP WIDTH="23" VPOS="1225" HPOS="745"/>
							<String ID="string_261" HPOS="768" VPOS="1227" WIDTH="36" HEIGHT="20" WC="0.96" CONTENT="att"/><SP WIDTH="14" VPOS="1227" HPOS="804"/>
							<String ID="string_262" HPOS="818" VPOS="1225" WIDTH="54" HEIGHT="22" WC="0.96" CONTENT="vida"/><SP WIDTH="15" VPOS="1225" HPOS="872"/>
							<String ID="string_263" HPOS="887" VPOS="1233" WIDTH="62" HEIGHT="14" WC="0.96" CONTENT="mera"/>
						</TextLine>
						<TextLine ID="line_32" HPOS="193" VPOS="1259" WIDTH="755" HEIGHT="28">
							<String ID="string_264" HPOS="193" VPOS="1263" WIDTH="29" HEIGHT="16" WC="0.96" CONTENT="än"/><SP WIDTH="23" VPOS="1263" HPOS="222"/>
							<String ID="string_265" HPOS="245" VPOS="1259" WIDTH="90" HEIGHT="20" WC="0.96" CONTENT="hälften"/><SP WIDTH="15" VPOS="1259" HPOS="335"/>
							<String ID="string_266" HPOS="350" VPOS="1259" WIDTH="26" HEIGHT="20" WC="0.96" CONTENT="af"/><SP WIDTH="12" VPOS="1259" HPOS="376"/>
							<String ID="string_267" HPOS="388" VPOS="1259" WIDTH="47" HEIGHT="21" WC="0.93" CONTENT="alla"/><SP WIDTH="12" VPOS="1259" HPOS="435"/>
							<String ID="string_268" HPOS="447" VPOS="1259" WIDTH="159" HEIGHT="28" WC="0.92" CONTENT="försäkringar"/><SP WIDTH="14" VPOS="1259" HPOS="606"/>
							<String ID="string_269" HPOS="620" VPOS="1260" WIDTH="9" HEIGHT="19" WC="0.93" CONTENT="i"/><SP WIDTH="14" VPOS="1260" HPOS="629"/>
							<String ID="string_270" HPOS="643" VPOS="1260" WIDTH="52" HEIGHT="20" WC="0.93" CONTENT="värt"/><SP WIDTH="14" VPOS="1260" HPOS="695"/>
							<String ID="string_271" HPOS="709" VPOS="1259" WIDTH="57" HEIGHT="21" WC="0.96" CONTENT="land"/><SP WIDTH="14" VPOS="1259" HPOS="766"/>
							<String ID="string_272" HPOS="780" VPOS="1259" WIDTH="69" HEIGHT="21" WC="0.96" CONTENT="faller"/><SP WIDTH="14" VPOS="1259" HPOS="849"/>
							<String ID="string_273" HPOS="863" VPOS="1260" WIDTH="30" HEIGHT="27" WC="0.93" CONTENT="pä"/><SP WIDTH="15" VPOS="1260" HPOS="893"/>
							<String ID="string_274" HPOS="908" VPOS="1259" WIDTH="40" HEIGHT="21" WC="0.91" CONTENT="ka-"/>
						</TextLine>
						<TextLine ID="line_33" HPOS="192" VPOS="1291" WIDTH="757" HEIGHT="30">
							<String ID="string_275" HPOS="192" VPOS="1291" WIDTH="143" HEIGHT="29" WC="0.92" CONTENT="pitalbelopp"/><SP WIDTH="22" VPOS="1291" HPOS="335"/>
							<String ID="string_276" HPOS="357" VPOS="1292" WIDTH="74" HEIGHT="21" WC="0.93" CONTENT="under"/><SP WIDTH="24" VPOS="1292" HPOS="431"/>
							<String ID="string_277" HPOS="455" VPOS="1295" WIDTH="75" HEIGHT="24" WC="0.83" CONTENT="10,009"/><SP WIDTH="23" VPOS="1295" HPOS="530"/>
							<String ID="string_278" HPOS="553" VPOS="1293" WIDTH="70" HEIGHT="21" WC="0.93" CONTENT="mark."/><SP WIDTH="30" VPOS="1293" HPOS="623"/>
							<String ID="string_279" HPOS="653" VPOS="1293" WIDTH="34" HEIGHT="21" WC="0.96" CONTENT="På"/><SP WIDTH="19" VPOS="1293" HPOS="687"/>
							<String ID="string_280" HPOS="706" VPOS="1293" WIDTH="40" HEIGHT="21" WC="0.93" CONTENT="det"/><SP WIDTH="15" VPOS="1293" HPOS="746"/>
							<String ID="string_281" HPOS="761" VPOS="1293" WIDTH="188" HEIGHT="28" WC="0.96" CONTENT="framgångsrika"/>
						</TextLine>
						<TextLine ID="line_34" HPOS="192" VPOS="1325" WIDTH="756" HEIGHT="30">
							<String ID="string_282" HPOS="192" VPOS="1325" WIDTH="78" HEIGHT="22" WC="0.96" CONTENT="arbete"/><SP WIDTH="21" VPOS="1325" HPOS="270"/>
							<String ID="string_283" HPOS="291" VPOS="1325" WIDTH="39" HEIGHT="22" WC="0.93" CONTENT="för"/><SP WIDTH="18" VPOS="1325" HPOS="330"/>
							<String ID="string_284" HPOS="348" VPOS="1325" WIDTH="128" HEIGHT="29" WC="0.90" CONTENT="främjande"/><SP WIDTH="22" VPOS="1325" HPOS="476"/>
							<String ID="string_285" HPOS="498" VPOS="1325" WIDTH="26" HEIGHT="22" WC="0.93" CONTENT="af"/><SP WIDTH="12" VPOS="1325" HPOS="524"/>
							<String ID="string_286" HPOS="536" VPOS="1326" WIDTH="144" HEIGHT="29" WC="0.91" CONTENT="sparsamhet"/><SP WIDTH="14" VPOS="1326" HPOS="680"/>
							<String ID="string_287" HPOS="694" VPOS="1326" WIDTH="43" HEIGHT="23" WC="0.93" CONTENT="och"/><SP WIDTH="16" VPOS="1326" HPOS="737"/>
							<String ID="string_288" HPOS="753" VPOS="1326" WIDTH="110" HEIGHT="23" WC="0.92" CONTENT="omtanke"/><SP WIDTH="15" VPOS="1326" HPOS="863"/>
							<String ID="string_289" HPOS="878" VPOS="1326" WIDTH="70" HEIGHT="22" WC="0.93" CONTENT="äfven"/>
						</TextLine>
						<TextLine ID="line_35" HPOS="191" VPOS="1360" WIDTH="756" HEIGHT="31">
							<String ID="string_290" HPOS="191" VPOS="1360" WIDTH="64" HEIGHT="22" WC="0.96" CONTENT="inom"/><SP WIDTH="21" VPOS="1360" HPOS="255"/>
							<String ID="string_291" HPOS="276" VPOS="1360" WIDTH="87" HEIGHT="23" WC="0.93" CONTENT="folkets"/><SP WIDTH="21" VPOS="1360" HPOS="363"/>
							<String ID="string_292" HPOS="384" VPOS="1360" WIDTH="71" HEIGHT="30" WC="0.93" CONTENT="djupa"/><SP WIDTH="14" VPOS="1360" HPOS="455"/>
							<String ID="string_293" HPOS="469" VPOS="1360" WIDTH="69" HEIGHT="29" WC="0.96" CONTENT="leder,"/><SP WIDTH="24" VPOS="1360" HPOS="538"/>
							<String ID="string_294" HPOS="562" VPOS="1369" WIDTH="48" HEIGHT="14" WC="0.96" CONTENT="som"/><SP WIDTH="16" VPOS="1369" HPOS="610"/>
							<String ID="string_295" HPOS="626" VPOS="1361" WIDTH="114" HEIGHT="22" WC="0.93" CONTENT="särskilda"/><SP WIDTH="15" VPOS="1361" HPOS="740"/>
							<String ID="string_296" HPOS="755" VPOS="1361" WIDTH="134" HEIGHT="30" WC="0.91" CONTENT="föreningar"/><SP WIDTH="15" VPOS="1361" HPOS="889"/>
							<String ID="string_297" HPOS="904" VPOS="1362" WIDTH="43" HEIGHT="22" WC="0.96" CONTENT="och"/>
						</TextLine>
						<TextLine ID="line_36" HPOS="191" VPOS="1395" WIDTH="756" HEIGHT="31">
							<String ID="string_298" HPOS="191" VPOS="1395" WIDTH="70" HEIGHT="30" WC="0.81" CONTENT="bolag"/><SP WIDTH="21" VPOS="1395" HPOS="261"/>
							<String ID="string_299" HPOS="282" VPOS="1395" WIDTH="91" HEIGHT="29" WC="0.50" CONTENT="utföra,."/><SP WIDTH="15" VPOS="1395" HPOS="373"/>
							<String ID="string_300" HPOS="388" VPOS="1395" WIDTH="93" HEIGHT="23" WC="0.96" CONTENT="komma"/><SP WIDTH="19" VPOS="1395" HPOS="481"/>
							<String ID="string_301" HPOS="500" VPOS="1395" WIDTH="28" HEIGHT="23" WC="0.96" CONTENT="de"/><SP WIDTH="14" VPOS="1395" HPOS="528"/>
							<String ID="string_302" HPOS="542" VPOS="1396" WIDTH="27" HEIGHT="22" WC="0.93" CONTENT="af"/><SP WIDTH="13" VPOS="1396" HPOS="569"/>
							<String ID="string_303" HPOS="582" VPOS="1396" WIDTH="116" HEIGHT="23" WC="0.96" CONTENT="utskottet"/><SP WIDTH="14" VPOS="1396" HPOS="698"/>
							<String ID="string_304" HPOS="712" VPOS="1397" WIDTH="135" HEIGHT="29" WC="0.93" CONTENT="föreslagna"/><SP WIDTH="14" VPOS="1397" HPOS="847"/>
							<String ID="string_305" HPOS="861" VPOS="1397" WIDTH="86" HEIGHT="22" WC="0.93" CONTENT="skatte-"/>
						</TextLine>
						<TextLine ID="line_37" HPOS="192" VPOS="1430" WIDTH="756" HEIGHT="31">
							<String ID="string_306" HPOS="192" VPOS="1432" WIDTH="104" HEIGHT="20" WC="0.92" CONTENT="satserna"/><SP WIDTH="15" VPOS="1432" HPOS="296"/>
							<String ID="string_307" HPOS="311" VPOS="1432" WIDTH="34" HEIGHT="20" WC="0.96" CONTENT="att"/><SP WIDTH="15" VPOS="1432" HPOS="345"/>
							<String ID="string_308" HPOS="360" VPOS="1430" WIDTH="69" HEIGHT="22" WC="0.93" CONTENT="verka"/><SP WIDTH="15" VPOS="1430" HPOS="429"/>
							<String ID="string_309" HPOS="444" VPOS="1432" WIDTH="87" HEIGHT="27" WC="0.92" CONTENT="ytterst"/><SP WIDTH="14" VPOS="1432" HPOS="531"/>
							<String ID="string_310" HPOS="545" VPOS="1430" WIDTH="143" HEIGHT="29" WC="0.93" CONTENT="hämmande,"/><SP WIDTH="15" VPOS="1430" HPOS="688"/>
							<String ID="string_311" HPOS="703" VPOS="1431" WIDTH="43" HEIGHT="22" WC="0.96" CONTENT="och"/><SP WIDTH="16" VPOS="1431" HPOS="746"/>
							<String ID="string_312" HPOS="762" VPOS="1431" WIDTH="77" HEIGHT="22" WC="0.93" CONTENT="skulle"/><SP WIDTH="15" VPOS="1431" HPOS="839"/>
							<String ID="string_313" HPOS="854" VPOS="1432" WIDTH="94" HEIGHT="29" WC="0.92" CONTENT="olägen-"/>
						</TextLine>
						<TextLine ID="line_38" HPOS="261" VPOS="1471" WIDTH="427" HEIGHT="23">
							<String ID="string_314" HPOS="261" VPOS="1471" WIDTH="95" HEIGHT="18" WC="0.90" CONTENT="Bevillnin"/><SP WIDTH="4" VPOS="1471" HPOS="356"/>
							<String ID="string_315" HPOS="360" VPOS="1471" WIDTH="121" HEIGHT="23" WC="0.24" CONTENT="gsutskottets:"/><SP WIDTH="12" VPOS="1471" HPOS="481"/>
							<String ID="string_316" HPOS="493" VPOS="1471" WIDTH="116" HEIGHT="18" WC="0.96" CONTENT="betänkande"/><SP WIDTH="13" VPOS="1471" HPOS="609"/>
							<String ID="string_317" HPOS="622" VPOS="1472" WIDTH="35" HEIGHT="18" WC="0.95" CONTENT="N:o"/><SP WIDTH="15" VPOS="1472" HPOS="657"/>
							<String ID="string_318" HPOS="672" VPOS="1473" WIDTH="16" HEIGHT="17" WC="0.96" CONTENT="4."/>
						</TextLine>
					</TextBlock>
				</ComposedBlock>
			</PrintSpace>
		</Page>
	</Layout>
</alto>
