1048 1711
455 128 44 24 N:o
519 130 22 23 8.
817 128 28 21 21

325 441 98 32 Förslag
441 442 34 25 till
494 441 132 32 förordning
644 441 113 32 angående
770 442 105 33 stämpel-

258 487 121 32 bevillning
397 487 8 24 i
423 487 213 25 Storfurstendömet
654 487 99 25 Finland.

421 578 20 17 I
461 580 111 20 Kap.

142 634 108 28 Angående
265 634 140 29 skyldigheten
422 635 31 22 att
469 636 73 27 utgöra
556 635 144 27 stämpelskatt
716 636 37 21 och
769 642 31 16 om
817 636 35 21 det

247 674 170 28 stämpelbelopp,
433 681 44 16 som
494 676 5 21 i
517 675 67 28 hvarje
600 675 97 22 särskildt
712 676 34 21 fall

409 716 52 22 skall
477 716 112 28 begagnas.

473 785 47 27 81.

188 823 87 27 Domar,
286 823 78 28 utslag,
373 823 142 22 resolutioner
524 824 40 21 och
572 823 202 28 protokollsutdrag,
784 831 45 14 som
839 826 34 19 ut-

120 857 74 23 färdas
209 857 23 21 af
243 858 86 21 landets
342 858 124 26 domstolar,
478 858 133 22 embetsverk
624 858 38 22 och
671 858 70 27 öfriga
749 858 124 27 myndighe-

120 894 40 26 ter,
176 892 62 21 skola
249 892 85 21 affattas
345 893 29 26 pä
384 893 178 27 stämpelpapper.
585 893 41 21 Till
637 892 68 27 öfriga
715 892 47 21 från
774 892 99 21 bemälda

121 926 146 28 myndigheter
282 926 106 28 utgäende
404 927 146 26 expeditioner
564 927 109 21 äfvensom
689 926 34 22 till
737 926 84 28 inlagor
832 926 41 22 och

120 960 67 22 andra
208 960 133 28 handlingar,
365 968 45 15 som
433 962 33 21 till
486 962 48 21 dem
549 961 97 27 ingifvas,
661 960 35 22 mä
711 961 107 21 användas
834 968 39 14 an-

119 995 74 27 tingen
217 996 172 27 stämpelpapper
411 996 52 22 eller
486 996 40 21 ock
544 995 170 28 stämpelmärke,
734 995 39 21 allt
788 995 33 21 till
837 995 37 21 det

120 1030 77 27 belopp
213 1030 39 21 och
267 1030 49 22 med
331 1030 27 22 de
374 1030 110 28 undantag
499 1030 41 22 här
554 1030 106 22 nedanför
674 1030 96 26 stadgas.

473 1100 48 27 82.

188 1139 94 22 Landets
299 1139 125 28 domstolar,
440 1139 132 22 embetsverk
588 1139 40 22 och
639 1139 68 27 öfriga
718 1139 154 26 myndigheter,

119 1173 36 22 vid
170 1173 72 22 hvilka
258 1174 89 27 stämpel
363 1174 54 21 skall
432 1174 114 27 begagnas,
562 1173 100 22 hänföras
677 1173 7 21 i
701 1173 59 22 detta
772 1173 100 21 afseende

119 1207 35 22 till
168 1207 47 28 fyra
231 1208 140 27 afdelningar,
387 1209 115 27 nemligen:

353 1301 95 20 Första
463 1301 179 26 afdelningen.

120 1356 93 21 Senaten
227 1357 40 21 och
283 1357 48 21 dess
345 1357 154 26 expeditioner.

120 1390 312 22 Ministerstatssekreteraren.

118 1425 62 22 Hans
195 1425 101 27 Majestät
311 1426 115 27 Kejsarens
441 1425 74 22 kansli
525 1425 33 21 för
572 1424 98 22 Finland.
