1036 1720
311 154 29 23 U.
356 155 27 22 B.
405 168 22 2 —
442 156 73 27 Prop.
531 156 45 22 N:o
592 156 22 22 2.
801 158 12 19 5

89 230 50 21 sorg
154 223 40 21 och
210 224 147 27 noggrannhet
372 226 26 18 än
414 223 13 21 ä
439 224 80 21 skatte-
530 224 40 21 och
578 224 195 28 kronolägenheter.
789 224 53 22 Med

89 256 102 22 afseende
213 257 51 21 härä
287 257 41 21 och
345 257 28 21 dä
390 257 140 29 frälsejorden
550 258 47 21 icke
613 258 66 21 heller
694 259 55 20 varit
764 258 78 21 under-

89 290 75 22 kastad
187 291 186 28 bestämningarna
391 299 34 13 om
445 291 182 29 öfverloppsjords
646 292 118 28 afvittring,
779 294 64 26 utgör

87 325 103 21 mantalet
208 325 39 21 här
261 327 57 19 ännu
333 325 137 29 olämpligare
485 326 68 28 grund
568 326 35 21 för
618 326 133 21 bedömande
766 326 24 20 af
804 326 38 21 de-

87 358 70 22 larnes
180 359 167 28 skatteförmäga
369 361 27 19 än
419 360 36 21 vid
479 360 77 21 krono-
578 360 40 21 och
642 360 199 28 skattelägenheter.

87 392 85 23 Härvid
193 393 39 21 bör
250 393 108 22 dessutom
375 393 95 26 beaktas,
485 397 31 18 att
531 394 145 28 frälsejorden,
691 394 28 28 pä
733 394 68 28 grund
817 394 24 21 af

88 427 41 21 den
151 428 139 21 innehafvare
313 428 23 21 af
357 428 59 28 dylik
431 429 46 28 jord
494 429 65 27 enligt
575 430 26 20 25
617 429 95 29 punkten
727 430 7 20 i
749 428 92 22 Ridder-

87 461 76 29 skapet
178 462 40 21 och
233 463 83 21 Adelns
330 463 123 28 privilegier
464 463 127 21 tillerkända
603 463 41 20 fria
655 463 185 28 dispositionsrätt,

87 495 48 22 icke
157 499 81 18 ansetts
259 504 51 14 vara
328 496 144 22 underkastad
486 497 66 28 nägra
567 497 178 28 inskränkningar
759 498 8 20 i
782 497 57 21 afse-

87 529 54 22 ende
164 530 12 21 å
198 531 128 28 rättigheten
346 534 31 18 att
395 531 75 28 klyfva
487 531 81 28 jorden,
582 534 51 18 utan
650 534 30 18 att
695 531 59 21 detta
770 533 69 20 veter-

86 565 58 28 ligen
160 564 94 22 medfört
268 565 66 28 nägra
350 565 142 28 olägenheter.

155 599 30 21 På
196 595 80 32 grund
299 599 23 21 af
344 607 27 14 nu
389 599 91 22 anförda
495 599 181 29 omständigheter
690 600 72 21 kunde
778 603 14 18 t.
807 608 32 13 ex.

86 633 143 29 nägonstädes
252 641 26 14 en
301 634 57 21 areal
380 641 33 14 om
437 634 43 21 fem
499 634 98 21 hektarer
616 634 96 29 afskiljas
732 635 33 20 till
780 634 59 29 sjelt-

86 668 86 28 ständig
182 668 105 28 lägenhet,
297 668 75 21 medan
383 669 7 20 i
400 669 130 28 granskapet
540 668 62 22 deraf
612 669 60 28 tjugu
682 669 99 21 hektarer
791 669 48 28 jord

86 703 23 20 af
130 703 43 20 lika
193 702 43 29 god
259 702 147 22 beskaffenhet
428 711 45 13 som
496 703 29 28 pä
549 703 37 22 det
610 703 57 21 förra
692 703 71 22 stället
788 711 51 14 vore

85 738 78 21 minsta
187 737 76 21 mättet
284 737 35 21 för
340 737 135 28 sjelfständig
489 737 104 28 lägenhet,
609 745 34 14 om
658 738 106 28 nemligen
779 739 6 20 i
802 738 37 21 det

86 778 40 15 ena
141 771 61 22 fallet
216 774 84 18 ettusen
316 771 40 21 och
371 773 7 20 i
389 771 36 22 det
435 772 65 21 andra
511 771 109 29 fyratusen
634 771 98 22 hektarer
743 771 96 22 skattbar

86 806 59 21 mark
160 805 85 29 belöpte
260 807 34 27 sig
308 806 28 29 pä
351 806 107 21 mantalet.

153 840 39 22 Uti
209 841 26 20 de
251 841 44 20 inre
312 840 85 22 delarne
413 841 23 20 af
451 841 73 21 landet
539 841 131 21 förekomma
685 841 32 21 till
733 841 41 21 och
789 841 49 21 med

85 874 128 28 lägenheter,
235 874 73 21 hvilka
332 874 27 28 pä
383 874 102 22 mantalet
512 874 90 22 omfatta
624 874 97 29 omkring
744 876 93 20 tiotusen

83 908 99 22 hektarer
204 909 97 21 skattbar
325 909 64 21 mark.
418 908 12 21 I
452 909 80 21 sådana
552 909 37 21 fall
605 909 68 21 skulle
689 909 148 29 sjelfständiga

84 943 124 28 lägenheter
229 943 49 21 med
300 943 81 21 mindre
404 946 26 18 än
451 944 75 21 femtio
547 944 110 21 hektarers
673 943 93 28 egovidd
787 944 48 21 icke

84 978 72 21 kunna
172 978 134 28 uppkomma,
322 977 24 22 sä
361 978 50 22 vida
425 978 49 21 icke
489 978 153 22 företrädesvis
657 978 43 28 god
709 978 46 29 jord
767 978 69 22 skulle

84 1012 22 21 af
128 1012 131 22 hemmanets
284 1012 48 22 hela
355 1020 110 20 egomassa
487 1012 103 29 utbrytas.
619 1012 168 29 Bestämningen
803 1020 33 14 om

84 1049 30 19 ett
140 1048 54 21 visst
218 1047 160 21 minimimanta]
403 1047 70 21 skulle
495 1048 35 20 för
552 1047 41 22 den
616 1047 55 21 skull
693 1048 46 20 ofta
761 1049 75 26 utgöra

82 1081 77 22 hinder
179 1081 34 21 för
232 1082 41 21 den
288 1082 100 28 fattigare
403 1081 63 21 delen
481 1082 23 20 af
519 1081 152 28 befolkningen
688 1081 148 22 att.förskaffa

83 1116 33 27 sig
137 1123 53 21 egen
215 1116 76 21 torfva.
320 1116 33 28 Ty
379 1123 35 14 om
437 1116 40 20 ock
500 1124 26 13 en
546 1116 100 29 inhysing
669 1116 72 21 kunde
763 1116 71 21 tillösa

83 1151 32 27 sig
130 1153 31 18 ett
174 1150 122 28 jordstycke
312 1158 35 13 om
361 1150 66 28 några
442 1150 104 26 hektarer,
562 1152 23 20 är
599 1150 37 22 det
652 1151 17 27 ej
683 1150 72 21 derför
767 1150 68 28 sagdt,

82 1187 33 18 att
128 1184 41 21 han
186 1184 68 21 skulle
269 1185 72 20 kunna
356 1185 55 27 köpa
427 1184 50 21 flera
492 1185 60 20 tiotal
567 1185 104 25 hektarer,
686 1185 83 20 hvilket
779 1184 56 21 dock

82 1217 37 22 vid
134 1217 160 22 bibehällandet
310 1218 23 21 af
343 1226 25 13 en
379 1218 154 27 mantalsgräns
545 1218 45 21 ofta
607 1218 71 21 blefve
693 1218 142 27 oundvikligt.

149 1253 81 21 Härtill
252 1253 100 26 kommer,
375 1255 30 18 att
429 1252 40 21 den
485 1253 121 28 föreslagna
622 1253 76 20 minsta
713 1253 120 27 egovidden

82 1287 34 21 för
131 1287 135 28 sjelfständig
281 1287 99 27 lägenhet
395 1287 52 20 eller
461 1286 43 21 fem
520 1287 98 21 hektarer
632 1286 67 21 redan
714 1288 23 19 är
750 1286 39 22 hos
799 1293 35 14 oss

82 1328 26 14 en
123 1320 149 22 öfvervunnen
287 1320 137 30 ståndpunkt.
455 1321 33 29 Ty
503 1320 128 22 åtminstone
647 1321 6 20 i
664 1313 47 29 Åbo
725 1320 40 22 och
773 1321 61 28 Björ-

80 1355 93 27 neborgs
196 1358 54 17 samt
271 1355 96 26 Viborgs
389 1355 36 19 län
444 1356 67 19 finnes
530 1355 34 19 för
584 1354 133 21 närvarande
739 1361 28 13 en
786 1354 48 21 icke

80 1389 61 27 ringa
156 1387 79 28 mängd
250 1387 128 28 lägenheter,
392 1387 74 21 hvilka
480 1388 19 27 ej
512 1387 116 21 innehafva
638 1386 69 22 denna
717 1387 63 21 areal.
800 1387 34 21 En

81 1421 67 22 sådan
170 1423 64 27 gräns
257 1421 68 21 skulle
347 1420 63 22 alltså
428 1420 101 22 innebära
547 1423 31 19 ett
592 1420 171 29 tillbakagäende
779 1422 7 20 i
802 1420 32 22 af-

81 1455 78 23 seende
174 1456 13 21 ä
202 1456 128 28 rättigheten
345 1456 32 20 till
391 1455 141 29 jorddelning.

149 1496 47 23 Lag-
209 1495 32 19 och
253 1496 182 17 Ekonomiutskottets
448 1496 109 17 betänkande
569 1495 37 18 N:o
619 1496 14 16 1.
