1042 1714
304 408 70 25 Hans
400 407 166 34 Kejserliga
592 408 153 32 Majestäts
772 408 81 33 nådiga

236 454 139 32 proposition
392 454 34 25 till
438 454 102 26 Finlands
552 454 95 26 Ständer
659 454 114 33 angående
786 457 67 23 stäm-

237 500 167 32 pelbevillning.

168 580 72 27 Enligt
256 580 26 21 de
297 580 34 21 till
346 582 83 20 senaste
445 580 102 28 landtdag
563 580 116 22 aflemnade
695 580 106 28 uppgifter
817 586 34 16 om

99 613 101 28 beloppet
222 614 23 21 af
266 614 242 28 stämpelbevillningen,
531 615 91 27 uppgick
644 614 209 28 nettobehållningen

100 648 24 22 af
137 648 69 22 denna
220 649 58 21 skatt
292 649 69 21 under
375 649 171 27 treårsperioden
564 650 138 21 1887—1889
718 650 32 20 till
762 650 91 26 785,952

100 683 62 21 mark
176 684 28 20 64
219 684 63 26 penni
296 684 8 20 i
319 684 102 21 medeltal
436 690 34 15 om
486 684 52 22 året.

168 735 180 27 Räkenskaperna
370 736 59 22 öfver
452 736 236 27 stämpelbevillningen
703 736 68 21 under
787 736 67 28 derpå

100 768 92 28 följande
208 772 32 19 tre
256 771 24 20 år
296 770 70 21 utvisa
381 770 94 28 följande
491 770 100 22 resultat:

168 832 167 22 bruttoinkomst
351 832 24 22 år
391 834 55 20 1890
480 849 4 5 .
516 850 4 4 .
551 849 5 5 .
587 849 5 5 .
624 834 119 25 1,017,692:
758 834 28 20 54

246 884 10 8 N
356 884 9 10 »
390 868 51 20 1891
480 884 4 4 .
515 884 4 4 .
550 884 4 4 0.
585 884 5 4 .
623 868 118 27 1,080,857:
759 869 25 20 12

247 918 9 9 N
356 918 9 10 »
390 902 54 21 1892
480 918 4 4 2
524 919 1 4 0
550 918 5 5 .
586 918 5 5 0.
622 903 119 26 1,087,542:
757 903 26 20 65

100 965 57 21 samt
178 964 215 27 nettobehällningen,
416 964 55 22 efter
495 964 75 28 afdrag
592 965 23 21 af
628 965 119 27 respektive
764 966 89 25 112,661

100 999 64 21 mark
182 1000 13 20 9
210 998 70 28 penni,
303 999 77 25 88,684
396 999 67 21 mark
480 1000 26 20 29
521 999 65 27 penni
602 999 40 21 och
657 1000 77 25 91,796
750 1000 60 20 mark
826 1001 27 20 59

101 1034 71 26 penni,
183 1033 33 21 för
226 1033 264 27 kartasigillatakontoret,
501 1034 116 21 kostnader
627 1033 33 21 för
670 1034 184 27 stämpelpappers

101 1068 41 22 och
157 1068 191 26 stämpelmärkens
364 1068 138 27 tillverkning
517 1068 39 21 och
571 1068 124 27 försäljning
711 1074 28 15 m.
754 1074 28 15 m.

239 1130 24 22 är
279 1132 55 20 1890
364 1147 4 5 .
400 1147 4 5 .
444 1147 1 5 0
507 1147 40 5 0.0.
577 1132 98 25 905,031:
691 1132 28 20 45

247 1182 9 10 »
281 1166 52 20 18991
366 1182 40 4 2.
437 1181 5 5 .
473 1182 75 4 0.0.0.
578 1166 97 25 942.172:
691 1166 28 21 83

247 1216 9 10 »
281 1200 53 21 1892
436 1216 111 5 00.
578 1200 97 26 995,746:
691 1201 27 21 06

102 1239 53 22 eller
170 1240 92 27 947,650
277 1240 61 21 mark
355 1241 23 20 11
395 1240 63 27 penni
473 1240 7 21 i
496 1240 99 21 medeltal
611 1246 34 15 om
660 1239 53 22 året.

171 1303 217 27 Nettobehällningen
406 1303 24 21 af
446 1303 233 28 stämpelbevillningen
695 1303 56 21 visar
766 1303 89 21 sälunda

103 1344 27 15 en
152 1337 144 26 kontinuerlig
317 1338 100 26 stegring.
447 1337 33 21 Då
502 1337 120 21 emellertid
641 1337 214 26 bevillningsfondens

103 1371 119 21 inkomster
237 1371 7 21 i
260 1371 116 21 allmänhet
391 1371 96 27 nedgått,
503 1371 76 21 medan
595 1371 26 20 de
632 1370 94 27 utgifter,
737 1377 46 14 som
793 1371 62 20 skola

103 1405 107 22 bestridas
232 1405 47 22 från
301 1405 71 22 denna
393 1405 57 27 fond,
470 1405 53 22 efter
545 1405 58 22 hand
625 1407 99 25 stegrats,
740 1405 61 21 torde
820 1405 37 21 det

105 1440 67 22 blifva
193 1440 74 27 nödigt
290 1442 32 20 att
335 1437 74 30 "jemte
432 1441 112 21 anvisande
563 1440 24 22 af
599 1440 68 21 andra
681 1440 76 28 medel,
773 1441 33 20 till
820 1440 37 21 be-
