<?xml version="1.0" encoding="UTF-8"?>
<alto xmlns="http://www.loc.gov/standards/alto/ns-v3#" xmlns:xlink="http://www.w3.org/1999/xlink" xmlns:xsi="http://www.w3.org/2001/XMLSchema-instance" xsi:schemaLocation="http://www.loc.gov/standards/alto/ns-v3# http://www.loc.gov/alto/v3/alto-3-0.xsd">
	<Description>
		<MeasurementUnit>pixel</MeasurementUnit>
		<sourceImageInformation>
			<fileName>/tmp/tess_rmmo6kpb_input.PNG</fileName>
		</sourceImageInformation>
		<OCRProcessing ID="OCR_0">
			<ocrProcessingStep>
				<processingSoftware>
					<softwareName>tesseract 5.3.4</softwareName>
				</processingSoftware>
			</ocrProcessingStep>
		</OCRProcessing>
	</Description>
	<Layout>
		<Page WIDTH="1025" HEIGHT="1720" PHYSICAL_IMG_NR="0" ID="page_0">
			<PrintSpace HPOS="0" VPOS="0" WIDTH="1025" HEIGHT="1720">
				<ComposedBlock ID="cblock_0" HPOS="216" VPOS="138" WIDTH="496" HEIGHT="27">
					<TextBlock ID="block_0" HPOS="216" VPOS="138" WIDTH="496" HEIGHT="27">
						<TextLine ID="line_0" HPOS="216" VPOS="138" WIDTH="496" HEIGHT="27">
							<String ID="string_0" HPOS="216" VPOS="140" WIDTH="26" HEIGHT="20" WC="0.95" CONTENT="58"/><SP WIDTH="170" VPOS="140" HPOS="242"/>
							<String ID="string_1" HPOS="412" VPOS="138" WIDTH="29" HEIGHT="22" WC="0.93" CONTENT="U."/><SP WIDTH="16" VPOS="138" HPOS="441"/>
							<String ID="string_2" HPOS="457" VPOS="138" WIDTH="27" HEIGHT="22" WC="0.91" CONTENT="B."/><SP WIDTH="15" VPOS="138" HPOS="484"/>
							<String ID="string_3" HPOS="499" VPOS="150" WIDTH="27" HEIGHT="3" WC="0.92" CONTENT="—"/><SP WIDTH="16" VPOS="150" HPOS="526"/>
							<String ID="string_4" HPOS="542" VPOS="138" WIDTH="73" HEIGHT="27" WC="0.96" CONTENT="Prop."/><SP WIDTH="16" VPOS="138" HPOS="615"/>
							<String ID="string_5" HPOS="631" VPOS="138" WIDTH="42" HEIGHT="22" WC="0.96" CONTENT="N:o"/><SP WIDTH="16" VPOS="138" HPOS="673"/>
							<String ID="string_6" HPOS="689" VPOS="138" WIDTH="23" HEIGHT="21" WC="0.96" CONTENT="4."/>
						</TextLine>
					</TextBlock>
				</ComposedBlock>
				<ComposedBlock ID="cblock_1" HPOS="90" VPOS="205" WIDTH="859" HEIGHT="1302">
					<TextBlock ID="block_1" HPOS="187" VPOS="205" WIDTH="761" HEIGHT="1061">
						<TextLine ID="line_1" HPOS="187" VPOS="205" WIDTH="753" HEIGHT="29">
							<String ID="string_7" HPOS="187" VPOS="206" WIDTH="85" HEIGHT="28" WC="0.93" CONTENT="ganden"/><SP WIDTH="15" VPOS="206" HPOS="272"/>
							<String ID="string_8" HPOS="287" VPOS="207" WIDTH="7" HEIGHT="19" WC="0.96" CONTENT="i"/><SP WIDTH="16" VPOS="207" HPOS="294"/>
							<String ID="string_9" HPOS="310" VPOS="207" WIDTH="26" HEIGHT="20" WC="0.96" CONTENT="15"/><SP WIDTH="16" VPOS="207" HPOS="336"/>
							<String ID="string_10" HPOS="352" VPOS="206" WIDTH="48" HEIGHT="28" WC="0.96" CONTENT="kap."/><SP WIDTH="15" VPOS="206" HPOS="400"/>
							<String ID="string_11" HPOS="415" VPOS="206" WIDTH="13" HEIGHT="20" WC="0.92" CONTENT="9"/><SP WIDTH="16" VPOS="206" HPOS="428"/>
							<String ID="string_12" HPOS="444" VPOS="207" WIDTH="12" HEIGHT="26" WC="0.87" CONTENT="$"/><SP WIDTH="16" VPOS="207" HPOS="456"/>
							<String ID="string_13" HPOS="472" VPOS="206" WIDTH="28" HEIGHT="20" WC="0.93" CONTENT="H."/><SP WIDTH="15" VPOS="206" HPOS="500"/>
							<String ID="string_14" HPOS="515" VPOS="206" WIDTH="25" HEIGHT="20" WC="0.92" CONTENT="B."/><SP WIDTH="15" VPOS="206" HPOS="540"/>
							<String ID="string_15" HPOS="555" VPOS="206" WIDTH="41" HEIGHT="20" WC="0.95" CONTENT="och"/><SP WIDTH="14" VPOS="206" HPOS="596"/>
							<String ID="string_16" HPOS="610" VPOS="206" WIDTH="8" HEIGHT="20" WC="0.95" CONTENT="i"/><SP WIDTH="15" VPOS="206" HPOS="618"/>
							<String ID="string_17" HPOS="633" VPOS="206" WIDTH="12" HEIGHT="20" WC="0.96" CONTENT="5"/><SP WIDTH="16" VPOS="206" HPOS="645"/>
							<String ID="string_18" HPOS="661" VPOS="205" WIDTH="49" HEIGHT="28" WC="0.96" CONTENT="kap."/><SP WIDTH="16" VPOS="205" HPOS="710"/>
							<String ID="string_19" HPOS="726" VPOS="207" WIDTH="26" HEIGHT="20" WC="0.93" CONTENT="18"/><SP WIDTH="16" VPOS="207" HPOS="752"/>
							<String ID="string_20" HPOS="768" VPOS="206" WIDTH="12" HEIGHT="27" WC="0.85" CONTENT="$"/><SP WIDTH="16" VPOS="206" HPOS="780"/>
							<String ID="string_21" HPOS="796" VPOS="205" WIDTH="23" HEIGHT="21" WC="0.96" CONTENT="af"/><SP WIDTH="14" VPOS="205" HPOS="819"/>
							<String ID="string_22" HPOS="833" VPOS="205" WIDTH="61" HEIGHT="28" WC="0.96" CONTENT="lagen"/><SP WIDTH="12" VPOS="205" HPOS="894"/>
							<String ID="string_23" HPOS="906" VPOS="212" WIDTH="34" HEIGHT="14" WC="0.96" CONTENT="om"/>
						</TextLine>
						<TextLine ID="line_2" HPOS="187" VPOS="239" WIDTH="754" HEIGHT="29">
							<String ID="string_24" HPOS="187" VPOS="240" WIDTH="85" HEIGHT="22" WC="0.92" CONTENT="makars"/><SP WIDTH="11" VPOS="240" HPOS="272"/>
							<String ID="string_25" HPOS="283" VPOS="240" WIDTH="126" HEIGHT="28" WC="0.92" CONTENT="egendoms-"/><SP WIDTH="10" VPOS="240" HPOS="409"/>
							<String ID="string_26" HPOS="419" VPOS="240" WIDTH="41" HEIGHT="21" WC="0.93" CONTENT="och"/><SP WIDTH="9" VPOS="240" HPOS="460"/>
							<String ID="string_27" HPOS="469" VPOS="239" WIDTH="210" HEIGHT="29" WC="0.91" CONTENT="gäldsförhällanden"/><SP WIDTH="11" VPOS="239" HPOS="679"/>
							<String ID="string_28" HPOS="690" VPOS="240" WIDTH="23" HEIGHT="20" WC="0.96" CONTENT="af"/><SP WIDTH="10" VPOS="240" HPOS="713"/>
							<String ID="string_29" HPOS="723" VPOS="240" WIDTH="42" HEIGHT="21" WC="0.96" CONTENT="den"/><SP WIDTH="13" VPOS="240" HPOS="765"/>
							<String ID="string_30" HPOS="778" VPOS="240" WIDTH="25" HEIGHT="21" WC="0.96" CONTENT="15"/><SP WIDTH="11" VPOS="240" HPOS="803"/>
							<String ID="string_31" HPOS="814" VPOS="240" WIDTH="54" HEIGHT="28" WC="0.83" CONTENT="april"/><SP WIDTH="11" VPOS="240" HPOS="868"/>
							<String ID="string_32" HPOS="879" VPOS="240" WIDTH="62" HEIGHT="20" WC="0.96" CONTENT="1889."/>
						</TextLine>
						<TextLine ID="line_3" HPOS="188" VPOS="274" WIDTH="752" HEIGHT="28">
							<String ID="string_33" HPOS="188" VPOS="275" WIDTH="33" HEIGHT="22" WC="0.93" CONTENT="Ur"/><SP WIDTH="10" VPOS="275" HPOS="221"/>
							<String ID="string_34" HPOS="231" VPOS="274" WIDTH="148" HEIGHT="22" WC="0.92" CONTENT="förstnämnda"/><SP WIDTH="10" VPOS="274" HPOS="379"/>
							<String ID="string_35" HPOS="389" VPOS="274" WIDTH="82" HEIGHT="28" WC="0.90" CONTENT="lagrum"/><SP WIDTH="10" VPOS="274" HPOS="471"/>
							<String ID="string_36" HPOS="481" VPOS="274" WIDTH="42" HEIGHT="21" WC="0.93" CONTENT="kan"/><SP WIDTH="11" VPOS="274" HPOS="523"/>
							<String ID="string_37" HPOS="534" VPOS="274" WIDTH="89" HEIGHT="21" WC="0.93" CONTENT="rörande"/><SP WIDTH="11" VPOS="274" HPOS="623"/>
							<String ID="string_38" HPOS="634" VPOS="274" WIDTH="155" HEIGHT="28" WC="0.92" CONTENT="handelsbolag"/><SP WIDTH="12" VPOS="274" HPOS="789"/>
							<String ID="string_39" HPOS="801" VPOS="274" WIDTH="41" HEIGHT="21" WC="0.93" CONTENT="den"/><SP WIDTH="11" VPOS="274" HPOS="842"/>
							<String ID="string_40" HPOS="853" VPOS="274" WIDTH="87" HEIGHT="21" WC="0.92" CONTENT="slutsats"/>
						</TextLine>
						<TextLine ID="line_4" HPOS="188" VPOS="308" WIDTH="753" HEIGHT="29">
							<String ID="string_41" HPOS="188" VPOS="309" WIDTH="97" HEIGHT="22" WC="0.95" CONTENT="härledas"/><SP WIDTH="9" VPOS="309" HPOS="285"/>
							<String ID="string_42" HPOS="294" VPOS="312" WIDTH="29" HEIGHT="18" WC="0.93" CONTENT="att"/><SP WIDTH="5" VPOS="312" HPOS="323"/>
							<String ID="string_43" HPOS="328" VPOS="309" WIDTH="131" HEIGHT="28" WC="0.96" CONTENT="utbrytning"/><SP WIDTH="6" VPOS="309" HPOS="459"/>
							<String ID="string_44" HPOS="465" VPOS="309" WIDTH="23" HEIGHT="21" WC="0.93" CONTENT="af"/><SP WIDTH="8" VPOS="309" HPOS="488"/>
							<String ID="string_45" HPOS="496" VPOS="308" WIDTH="139" HEIGHT="29" WC="0.90" CONTENT="bolagsandel"/><SP WIDTH="10" VPOS="308" HPOS="635"/>
							<String ID="string_46" HPOS="645" VPOS="308" WIDTH="32" HEIGHT="21" WC="0.93" CONTENT="till"/><SP WIDTH="7" VPOS="308" HPOS="677"/>
							<String ID="string_47" HPOS="684" VPOS="308" WIDTH="133" HEIGHT="22" WC="0.86" CONTENT="betäckande"/><SP WIDTH="8" VPOS="308" HPOS="817"/>
							<String ID="string_48" HPOS="825" VPOS="308" WIDTH="23" HEIGHT="22" WC="0.93" CONTENT="af"/><SP WIDTH="9" VPOS="308" HPOS="848"/>
							<String ID="string_49" HPOS="857" VPOS="308" WIDTH="84" HEIGHT="28" WC="0.92" CONTENT="bolags-"/>
						</TextLine>
						<TextLine ID="line_5" HPOS="188" VPOS="342" WIDTH="753" HEIGHT="29">
							<String ID="string_50" HPOS="188" VPOS="351" WIDTH="60" HEIGHT="13" WC="0.91" CONTENT="mans"/><SP WIDTH="16" VPOS="351" HPOS="248"/>
							<String ID="string_51" HPOS="264" VPOS="343" WIDTH="97" HEIGHT="22" WC="0.91" CONTENT="enskiida"/><SP WIDTH="14" VPOS="343" HPOS="361"/>
							<String ID="string_52" HPOS="375" VPOS="343" WIDTH="50" HEIGHT="28" WC="0.92" CONTENT="gäld"/><SP WIDTH="15" VPOS="343" HPOS="425"/>
							<String ID="string_53" HPOS="440" VPOS="343" WIDTH="48" HEIGHT="21" WC="0.92" CONTENT="icke"/><SP WIDTH="16" VPOS="343" HPOS="488"/>
							<String ID="string_54" HPOS="504" VPOS="343" WIDTH="34" HEIGHT="21" WC="0.92" CONTENT="fär"/><SP WIDTH="15" VPOS="343" HPOS="538"/>
							<String ID="string_55" HPOS="553" VPOS="350" WIDTH="39" HEIGHT="21" WC="0.93" CONTENT="ega"/><SP WIDTH="10" VPOS="350" HPOS="592"/>
							<String ID="string_56" HPOS="602" VPOS="350" WIDTH="45" HEIGHT="14" WC="0.96" CONTENT="rum"/><SP WIDTH="12" VPOS="350" HPOS="647"/>
							<String ID="string_57" HPOS="659" VPOS="346" WIDTH="58" HEIGHT="18" WC="0.93" CONTENT="emot"/><SP WIDTH="10" VPOS="346" HPOS="717"/>
							<String ID="string_58" HPOS="727" VPOS="343" WIDTH="69" HEIGHT="27" WC="0.93" CONTENT="öfriga"/><SP WIDTH="10" VPOS="343" HPOS="796"/>
							<String ID="string_59" HPOS="806" VPOS="342" WIDTH="135" HEIGHT="28" WC="0.92" CONTENT="bolagsmäns"/>
						</TextLine>
						<TextLine ID="line_6" HPOS="189" VPOS="376" WIDTH="753" HEIGHT="30">
							<String ID="string_60" HPOS="189" VPOS="378" WIDTH="142" HEIGHT="22" WC="0.92" CONTENT="bestridande."/><SP WIDTH="24" VPOS="378" HPOS="331"/>
							<String ID="string_61" HPOS="355" VPOS="378" WIDTH="138" HEIGHT="21" WC="0.92" CONTENT="Beträffande"/><SP WIDTH="14" VPOS="378" HPOS="493"/>
							<String ID="string_62" HPOS="507" VPOS="378" WIDTH="120" HEIGHT="27" WC="0.93" CONTENT="utmätning"/><SP WIDTH="10" VPOS="378" HPOS="627"/>
							<String ID="string_63" HPOS="637" VPOS="378" WIDTH="7" HEIGHT="20" WC="0.93" CONTENT="i"/><SP WIDTH="12" VPOS="378" HPOS="644"/>
							<String ID="string_64" HPOS="656" VPOS="378" WIDTH="83" HEIGHT="21" WC="0.93" CONTENT="makars"/><SP WIDTH="11" VPOS="378" HPOS="739"/>
							<String ID="string_65" HPOS="750" VPOS="377" WIDTH="27" HEIGHT="21" WC="0.93" CONTENT="bo"/><SP WIDTH="11" VPOS="377" HPOS="777"/>
							<String ID="string_66" HPOS="788" VPOS="377" WIDTH="63" HEIGHT="29" WC="0.93" CONTENT="följer"/><SP WIDTH="12" VPOS="377" HPOS="851"/>
							<String ID="string_67" HPOS="863" VPOS="377" WIDTH="46" HEIGHT="21" WC="0.93" CONTENT="äter"/><SP WIDTH="10" VPOS="377" HPOS="909"/>
							<String ID="string_68" HPOS="919" VPOS="376" WIDTH="23" HEIGHT="22" WC="0.96" CONTENT="af"/>
						</TextLine>
						<TextLine ID="line_7" HPOS="189" VPOS="411" WIDTH="752" HEIGHT="29">
							<String ID="string_69" HPOS="189" VPOS="412" WIDTH="147" HEIGHT="28" WC="0.92" CONTENT="stadgandena"/><SP WIDTH="31" VPOS="412" HPOS="336"/>
							<String ID="string_70" HPOS="367" VPOS="420" WIDTH="33" HEIGHT="13" WC="0.88" CONTENT="om"/><SP WIDTH="30" VPOS="420" HPOS="400"/>
							<String ID="string_71" HPOS="430" VPOS="411" WIDTH="112" HEIGHT="22" WC="0.88" CONTENT="boskilnad"/><SP WIDTH="25" VPOS="411" HPOS="542"/>
							<String ID="string_72" HPOS="567" VPOS="412" WIDTH="112" HEIGHT="21" WC="0.90" CONTENT="äfvensom"/><SP WIDTH="25" VPOS="412" HPOS="679"/>
							<String ID="string_73" HPOS="704" VPOS="412" WIDTH="62" HEIGHT="21" WC="0.90" CONTENT="däraf"/><SP WIDTH="19" VPOS="412" HPOS="766"/>
							<String ID="string_74" HPOS="785" VPOS="414" WIDTH="30" HEIGHT="19" WC="0.93" CONTENT="att"/><SP WIDTH="14" VPOS="414" HPOS="815"/>
							<String ID="string_75" HPOS="829" VPOS="411" WIDTH="112" HEIGHT="21" WC="0.93" CONTENT="makarnas"/>
						</TextLine>
						<TextLine ID="line_8" HPOS="190" VPOS="445" WIDTH="753" HEIGHT="30">
							<String ID="string_76" HPOS="190" VPOS="446" WIDTH="103" HEIGHT="29" WC="0.96" CONTENT="egendom"/><SP WIDTH="28" VPOS="446" HPOS="293"/>
							<String ID="string_77" HPOS="321" VPOS="448" WIDTH="63" HEIGHT="27" WC="0.91" CONTENT="utgör"/><SP WIDTH="25" VPOS="448" HPOS="384"/>
							<String ID="string_78" HPOS="409" VPOS="454" WIDTH="26" HEIGHT="13" WC="0.96" CONTENT="en"/><SP WIDTH="25" VPOS="454" HPOS="435"/>
							<String ID="string_79" HPOS="460" VPOS="446" WIDTH="93" HEIGHT="28" WC="0.89" CONTENT="enhetlig"/><SP WIDTH="23" VPOS="446" HPOS="553"/>
							<String ID="string_80" HPOS="576" VPOS="446" WIDTH="149" HEIGHT="28" WC="0.92" CONTENT="förmögenhet"/><SP WIDTH="15" VPOS="446" HPOS="725"/>
							<String ID="string_81" HPOS="740" VPOS="447" WIDTH="7" HEIGHT="20" WC="0.92" CONTENT="i"/><SP WIDTH="14" VPOS="447" HPOS="747"/>
							<String ID="string_82" HPOS="761" VPOS="445" WIDTH="134" HEIGHT="22" WC="0.91" CONTENT="förhällande"/><SP WIDTH="15" VPOS="445" HPOS="895"/>
							<String ID="string_83" HPOS="910" VPOS="445" WIDTH="33" HEIGHT="22" WC="0.96" CONTENT="till"/>
						</TextLine>
						<TextLine ID="line_9" HPOS="190" VPOS="480" WIDTH="753" HEIGHT="29">
							<String ID="string_84" HPOS="190" VPOS="481" WIDTH="68" HEIGHT="28" WC="0.92" CONTENT="tredje"/><SP WIDTH="22" VPOS="481" HPOS="258"/>
							<String ID="string_85" HPOS="280" VPOS="489" WIDTH="56" HEIGHT="18" WC="0.96" CONTENT="man,"/><SP WIDTH="15" VPOS="489" HPOS="336"/>
							<String ID="string_86" HPOS="351" VPOS="483" WIDTH="30" HEIGHT="19" WC="0.93" CONTENT="att"/><SP WIDTH="16" VPOS="483" HPOS="381"/>
							<String ID="string_87" HPOS="397" VPOS="481" WIDTH="121" HEIGHT="22" WC="0.92" CONTENT="densamma"/><SP WIDTH="15" VPOS="481" HPOS="518"/>
							<String ID="string_88" HPOS="533" VPOS="481" WIDTH="34" HEIGHT="21" WC="0.91" CONTENT="fär"/><SP WIDTH="14" VPOS="481" HPOS="567"/>
							<String ID="string_89" HPOS="581" VPOS="484" WIDTH="61" HEIGHT="25" WC="0.91" CONTENT="tagas"/><SP WIDTH="16" VPOS="484" HPOS="642"/>
							<String ID="string_90" HPOS="658" VPOS="482" WIDTH="6" HEIGHT="20" WC="0.93" CONTENT="i"/><SP WIDTH="16" VPOS="482" HPOS="664"/>
							<String ID="string_91" HPOS="680" VPOS="481" WIDTH="93" HEIGHT="28" WC="0.92" CONTENT="anspräk"/><SP WIDTH="16" VPOS="481" HPOS="773"/>
							<String ID="string_92" HPOS="789" VPOS="481" WIDTH="34" HEIGHT="21" WC="0.93" CONTENT="för"/><SP WIDTH="14" VPOS="481" HPOS="823"/>
							<String ID="string_93" HPOS="837" VPOS="480" WIDTH="106" HEIGHT="22" WC="0.93" CONTENT="hvardera"/>
						</TextLine>
						<TextLine ID="line_10" HPOS="190" VPOS="515" WIDTH="753" HEIGHT="29">
							<String ID="string_94" HPOS="190" VPOS="516" WIDTH="88" HEIGHT="21" WC="0.93" CONTENT="makens"/><SP WIDTH="22" VPOS="516" HPOS="278"/>
							<String ID="string_95" HPOS="300" VPOS="515" WIDTH="57" HEIGHT="29" WC="0.86" CONTENT="gäld,"/><SP WIDTH="16" VPOS="515" HPOS="357"/>
							<String ID="string_96" HPOS="373" VPOS="515" WIDTH="88" HEIGHT="22" WC="0.96" CONTENT="såframt"/><SP WIDTH="15" VPOS="515" HPOS="461"/>
							<String ID="string_97" HPOS="476" VPOS="515" WIDTH="47" HEIGHT="22" WC="0.96" CONTENT="icke"/><SP WIDTH="15" VPOS="515" HPOS="523"/>
							<String ID="string_98" HPOS="538" VPOS="515" WIDTH="41" HEIGHT="22" WC="0.96" CONTENT="den"/><SP WIDTH="16" VPOS="515" HPOS="579"/>
							<String ID="string_99" HPOS="595" VPOS="515" WIDTH="66" HEIGHT="22" WC="0.93" CONTENT="andra"/><SP WIDTH="15" VPOS="515" HPOS="661"/>
							<String ID="string_100" HPOS="676" VPOS="515" WIDTH="77" HEIGHT="22" WC="0.96" CONTENT="maken"/><SP WIDTH="15" VPOS="515" HPOS="753"/>
							<String ID="string_101" HPOS="768" VPOS="523" WIDTH="77" HEIGHT="20" WC="0.93" CONTENT="genom"/><SP WIDTH="16" VPOS="523" HPOS="845"/>
							<String ID="string_102" HPOS="861" VPOS="515" WIDTH="82" HEIGHT="21" WC="0.89" CONTENT="undan-"/>
						</TextLine>
						<TextLine ID="line_11" HPOS="190" VPOS="549" WIDTH="752" HEIGHT="29">
							<String ID="string_103" HPOS="190" VPOS="550" WIDTH="108" HEIGHT="21" WC="0.91" CONTENT="skiftande"/><SP WIDTH="15" VPOS="550" HPOS="298"/>
							<String ID="string_104" HPOS="313" VPOS="551" WIDTH="7" HEIGHT="20" WC="0.92" CONTENT="i"/><SP WIDTH="16" VPOS="551" HPOS="320"/>
							<String ID="string_105" HPOS="336" VPOS="550" WIDTH="48" HEIGHT="28" WC="0.92" CONTENT="laga"/><SP WIDTH="15" VPOS="550" HPOS="384"/>
							<String ID="string_106" HPOS="399" VPOS="549" WIDTH="91" HEIGHT="29" WC="0.96" CONTENT="ordning"/><SP WIDTH="15" VPOS="549" HPOS="490"/>
							<String ID="string_107" HPOS="505" VPOS="551" WIDTH="55" HEIGHT="27" WC="0.96" CONTENT="gjort"/><SP WIDTH="15" VPOS="551" HPOS="560"/>
							<String ID="string_108" HPOS="575" VPOS="550" WIDTH="33" HEIGHT="21" WC="0.97" CONTENT="sin"/><SP WIDTH="16" VPOS="550" HPOS="608"/>
							<String ID="string_109" HPOS="624" VPOS="550" WIDTH="97" HEIGHT="21" WC="0.96" CONTENT="enskilda"/><SP WIDTH="15" VPOS="550" HPOS="721"/>
							<String ID="string_110" HPOS="736" VPOS="552" WIDTH="42" HEIGHT="18" WC="0.94" CONTENT="rätt"/><SP WIDTH="7" VPOS="552" HPOS="778"/>
							<String ID="string_111" HPOS="785" VPOS="550" WIDTH="33" HEIGHT="21" WC="0.94" CONTENT="till"/><SP WIDTH="7" VPOS="550" HPOS="818"/>
							<String ID="string_112" HPOS="825" VPOS="550" WIDTH="44" HEIGHT="21" WC="0.93" CONTENT="viss"/><SP WIDTH="10" VPOS="550" HPOS="869"/>
							<String ID="string_113" HPOS="879" VPOS="556" WIDTH="63" HEIGHT="21" WC="0.92" CONTENT="egen-"/>
						</TextLine>
						<TextLine ID="line_12" HPOS="193" VPOS="584" WIDTH="751" HEIGHT="29">
							<String ID="string_114" HPOS="193" VPOS="584" WIDTH="49" HEIGHT="22" WC="0.96" CONTENT="dom"/><SP WIDTH="15" VPOS="584" HPOS="242"/>
							<String ID="string_115" HPOS="257" VPOS="584" WIDTH="104" HEIGHT="28" WC="0.96" CONTENT="gällande."/><SP WIDTH="20" VPOS="584" HPOS="361"/>
							<String ID="string_116" HPOS="381" VPOS="584" WIDTH="31" HEIGHT="21" WC="0.96" CONTENT="Af"/><SP WIDTH="17" VPOS="584" HPOS="412"/>
							<String ID="string_117" HPOS="429" VPOS="584" WIDTH="89" HEIGHT="22" WC="0.93" CONTENT="berörda"/><SP WIDTH="14" VPOS="584" HPOS="518"/>
							<String ID="string_118" HPOS="532" VPOS="584" WIDTH="38" HEIGHT="22" WC="0.92" CONTENT="tvä"/><SP WIDTH="14" VPOS="584" HPOS="570"/>
							<String ID="string_119" HPOS="584" VPOS="585" WIDTH="113" HEIGHT="28" WC="0.92" CONTENT="principer,"/><SP WIDTH="15" VPOS="585" HPOS="697"/>
							<String ID="string_120" HPOS="712" VPOS="592" WIDTH="45" HEIGHT="14" WC="0.93" CONTENT="som"/><SP WIDTH="16" VPOS="592" HPOS="757"/>
							<String ID="string_121" HPOS="773" VPOS="586" WIDTH="36" HEIGHT="20" WC="0.92" CONTENT="äro"/><SP WIDTH="15" VPOS="586" HPOS="809"/>
							<String ID="string_122" HPOS="824" VPOS="584" WIDTH="120" HEIGHT="21" WC="0.92" CONTENT="hvarandra"/>
						</TextLine>
						<TextLine ID="line_13" HPOS="191" VPOS="618" WIDTH="753" HEIGHT="29">
							<String ID="string_123" HPOS="191" VPOS="622" WIDTH="106" HEIGHT="23" WC="0.92" CONTENT="motsatta,"/><SP WIDTH="28" VPOS="622" HPOS="297"/>
							<String ID="string_124" HPOS="325" VPOS="619" WIDTH="62" HEIGHT="21" WC="0.95" CONTENT="torde"/><SP WIDTH="30" VPOS="619" HPOS="387"/>
							<String ID="string_125" HPOS="417" VPOS="618" WIDTH="41" HEIGHT="22" WC="0.92" CONTENT="den"/><SP WIDTH="31" VPOS="618" HPOS="458"/>
							<String ID="string_126" HPOS="489" VPOS="618" WIDTH="147" HEIGHT="22" WC="0.90" CONTENT="förstnämnda"/><SP WIDTH="14" VPOS="618" HPOS="636"/>
							<String ID="string_127" HPOS="650" VPOS="619" WIDTH="48" HEIGHT="21" WC="0.92" CONTENT="icke"/><SP WIDTH="17" VPOS="619" HPOS="698"/>
							<String ID="string_128" HPOS="715" VPOS="626" WIDTH="50" HEIGHT="14" WC="0.91" CONTENT="vara"/><SP WIDTH="16" VPOS="626" HPOS="765"/>
							<String ID="string_129" HPOS="781" VPOS="618" WIDTH="67" HEIGHT="29" WC="0.91" CONTENT="egnad"/><SP WIDTH="17" VPOS="618" HPOS="848"/>
							<String ID="string_130" HPOS="865" VPOS="621" WIDTH="31" HEIGHT="18" WC="0.93" CONTENT="att"/><SP WIDTH="15" VPOS="621" HPOS="896"/>
							<String ID="string_131" HPOS="911" VPOS="622" WIDTH="33" HEIGHT="18" WC="0.93" CONTENT="ut-"/>
						</TextLine>
						<TextLine ID="line_14" HPOS="192" VPOS="653" WIDTH="752" HEIGHT="29">
							<String ID="string_132" HPOS="192" VPOS="654" WIDTH="96" HEIGHT="21" WC="0.92" CONTENT="sträckas"/><SP WIDTH="14" VPOS="654" HPOS="288"/>
							<String ID="string_133" HPOS="302" VPOS="653" WIDTH="32" HEIGHT="21" WC="0.96" CONTENT="till"/><SP WIDTH="17" VPOS="653" HPOS="334"/>
							<String ID="string_134" HPOS="351" VPOS="654" WIDTH="36" HEIGHT="21" WC="0.96" CONTENT="det"/><SP WIDTH="15" VPOS="654" HPOS="387"/>
							<String ID="string_135" HPOS="402" VPOS="653" WIDTH="45" HEIGHT="27" WC="0.93" CONTENT="fall,"/><SP WIDTH="15" VPOS="653" HPOS="447"/>
							<String ID="string_136" HPOS="462" VPOS="653" WIDTH="87" HEIGHT="22" WC="0.92" CONTENT="hvarom"/><SP WIDTH="15" VPOS="653" HPOS="549"/>
							<String ID="string_137" HPOS="564" VPOS="661" WIDTH="28" HEIGHT="13" WC="0.96" CONTENT="nu"/><SP WIDTH="16" VPOS="661" HPOS="592"/>
							<String ID="string_138" HPOS="608" VPOS="655" WIDTH="23" HEIGHT="19" WC="0.93" CONTENT="är"/><SP WIDTH="10" VPOS="655" HPOS="631"/>
							<String ID="string_139" HPOS="641" VPOS="654" WIDTH="67" HEIGHT="28" WC="0.92" CONTENT="fräga,"/><SP WIDTH="11" VPOS="654" HPOS="708"/>
							<String ID="string_140" HPOS="719" VPOS="655" WIDTH="50" HEIGHT="20" WC="0.92" CONTENT="enär"/><SP WIDTH="12" VPOS="655" HPOS="769"/>
							<String ID="string_141" HPOS="781" VPOS="653" WIDTH="163" HEIGHT="29" WC="0.96" CONTENT="lagstiftningen"/>
						</TextLine>
						<TextLine ID="line_15" HPOS="191" VPOS="688" WIDTH="753" HEIGHT="28">
							<String ID="string_142" HPOS="191" VPOS="688" WIDTH="133" HEIGHT="28" WC="0.90" CONTENT="rättvisligen"/><SP WIDTH="26" VPOS="688" HPOS="324"/>
							<String ID="string_143" HPOS="350" VPOS="688" WIDTH="48" HEIGHT="21" WC="0.95" CONTENT="icke"/><SP WIDTH="27" VPOS="688" HPOS="398"/>
							<String ID="string_144" HPOS="425" VPOS="695" WIDTH="62" HEIGHT="21" WC="0.95" CONTENT="synes"/><SP WIDTH="26" VPOS="695" HPOS="487"/>
							<String ID="string_145" HPOS="513" VPOS="688" WIDTH="51" HEIGHT="21" WC="0.95" CONTENT="böra"/><SP WIDTH="14" VPOS="688" HPOS="564"/>
							<String ID="string_146" HPOS="578" VPOS="688" WIDTH="101" HEIGHT="28" WC="0.93" CONTENT="förvägra"/><SP WIDTH="15" VPOS="688" HPOS="679"/>
							<String ID="string_147" HPOS="694" VPOS="688" WIDTH="105" HEIGHT="28" WC="0.92" CONTENT="borgenär"/><SP WIDTH="14" VPOS="688" HPOS="799"/>
							<String ID="string_148" HPOS="813" VPOS="688" WIDTH="84" HEIGHT="21" WC="0.95" CONTENT="tillfälle"/><SP WIDTH="16" VPOS="688" HPOS="897"/>
							<String ID="string_149" HPOS="913" VPOS="691" WIDTH="31" HEIGHT="18" WC="0.97" CONTENT="att"/>
						</TextLine>
						<TextLine ID="line_16" HPOS="193" VPOS="722" WIDTH="751" HEIGHT="29">
							<String ID="string_150" HPOS="193" VPOS="723" WIDTH="52" HEIGHT="21" WC="0.93" CONTENT="söka"/><SP WIDTH="26" VPOS="723" HPOS="245"/>
							<String ID="string_151" HPOS="271" VPOS="722" WIDTH="136" HEIGHT="29" WC="0.91" CONTENT="godtgörelse"/><SP WIDTH="25" VPOS="722" HPOS="407"/>
							<String ID="string_152" HPOS="432" VPOS="730" WIDTH="25" HEIGHT="13" WC="0.96" CONTENT="ur"/><SP WIDTH="26" VPOS="730" HPOS="457"/>
							<String ID="string_153" HPOS="483" VPOS="722" WIDTH="109" HEIGHT="29" WC="0.96" CONTENT="egendom,"/><SP WIDTH="20" VPOS="722" HPOS="592"/>
							<String ID="string_154" HPOS="612" VPOS="730" WIDTH="47" HEIGHT="14" WC="0.96" CONTENT="som"/><SP WIDTH="14" VPOS="730" HPOS="659"/>
							<String ID="string_155" HPOS="673" VPOS="722" WIDTH="72" HEIGHT="21" WC="0.96" CONTENT="tillhör"/><SP WIDTH="15" VPOS="722" HPOS="745"/>
							<String ID="string_156" HPOS="760" VPOS="722" WIDTH="135" HEIGHT="28" WC="0.96" CONTENT="gäldenären,"/><SP WIDTH="14" VPOS="722" HPOS="895"/>
							<String ID="string_157" HPOS="909" VPOS="730" WIDTH="35" HEIGHT="14" WC="0.96" CONTENT="om"/>
						</TextLine>
						<TextLine ID="line_17" HPOS="192" VPOS="757" WIDTH="753" HEIGHT="29">
							<String ID="string_158" HPOS="192" VPOS="758" WIDTH="41" HEIGHT="21" WC="0.96" CONTENT="ock"/><SP WIDTH="24" VPOS="758" HPOS="233"/>
							<String ID="string_159" HPOS="257" VPOS="764" WIDTH="71" HEIGHT="14" WC="0.96" CONTENT="annan"/><SP WIDTH="24" VPOS="764" HPOS="328"/>
							<String ID="string_160" HPOS="352" VPOS="764" WIDTH="77" HEIGHT="22" WC="0.96" CONTENT="person"/><SP WIDTH="25" VPOS="764" HPOS="429"/>
							<String ID="string_161" HPOS="454" VPOS="757" WIDTH="39" HEIGHT="21" WC="0.93" CONTENT="har"/><SP WIDTH="23" VPOS="757" HPOS="493"/>
							<String ID="string_162" HPOS="516" VPOS="757" WIDTH="171" HEIGHT="28" WC="0.92" CONTENT="sameganderätt"/><SP WIDTH="29" VPOS="757" HPOS="687"/>
							<String ID="string_163" HPOS="716" VPOS="757" WIDTH="33" HEIGHT="21" WC="0.95" CONTENT="till"/><SP WIDTH="29" VPOS="757" HPOS="749"/>
							<String ID="string_164" HPOS="778" VPOS="757" WIDTH="82" HEIGHT="28" WC="0.76" CONTENT="godset."/><SP WIDTH="31" VPOS="757" HPOS="860"/>
							<String ID="string_165" HPOS="891" VPOS="757" WIDTH="54" HEIGHT="22" WC="0.87" CONTENT="Sna-"/>
						</TextLine>
						<TextLine ID="line_18" HPOS="192" VPOS="791" WIDTH="753" HEIGHT="29">
							<String ID="string_166" HPOS="192" VPOS="800" WIDTH="46" HEIGHT="14" WC="0.95" CONTENT="rare"/><SP WIDTH="16" VPOS="800" HPOS="238"/>
							<String ID="string_167" HPOS="254" VPOS="799" WIDTH="63" HEIGHT="21" WC="0.96" CONTENT="synes"/><SP WIDTH="15" VPOS="799" HPOS="317"/>
							<String ID="string_168" HPOS="332" VPOS="791" WIDTH="145" HEIGHT="22" WC="0.96" CONTENT="förhållandet"/><SP WIDTH="14" VPOS="791" HPOS="477"/>
							<String ID="string_169" HPOS="491" VPOS="793" WIDTH="6" HEIGHT="20" WC="0.96" CONTENT="i"/><SP WIDTH="16" VPOS="793" HPOS="497"/>
							<String ID="string_170" HPOS="513" VPOS="792" WIDTH="59" HEIGHT="21" WC="0.96" CONTENT="detta"/><SP WIDTH="14" VPOS="792" HPOS="572"/>
							<String ID="string_171" HPOS="586" VPOS="792" WIDTH="37" HEIGHT="21" WC="0.96" CONTENT="fall"/><SP WIDTH="17" VPOS="792" HPOS="623"/>
							<String ID="string_172" HPOS="640" VPOS="792" WIDTH="51" HEIGHT="21" WC="0.96" CONTENT="böra"/><SP WIDTH="14" VPOS="792" HPOS="691"/>
							<String ID="string_173" HPOS="705" VPOS="792" WIDTH="92" HEIGHT="28" WC="0.96" CONTENT="gestalta"/><SP WIDTH="15" VPOS="792" HPOS="797"/>
							<String ID="string_174" HPOS="812" VPOS="792" WIDTH="33" HEIGHT="28" WC="0.96" CONTENT="sig"/><SP WIDTH="14" VPOS="792" HPOS="845"/>
							<String ID="string_175" HPOS="859" VPOS="792" WIDTH="86" HEIGHT="28" WC="0.96" CONTENT="analogt"/>
						</TextLine>
						<TextLine ID="line_19" HPOS="192" VPOS="826" WIDTH="754" HEIGHT="28">
							<String ID="string_176" HPOS="192" VPOS="826" WIDTH="48" HEIGHT="21" WC="0.96" CONTENT="med"/><SP WIDTH="23" VPOS="826" HPOS="240"/>
							<String ID="string_177" HPOS="263" VPOS="826" WIDTH="57" HEIGHT="21" WC="0.96" CONTENT="hvad"/><SP WIDTH="23" VPOS="826" HPOS="320"/>
							<String ID="string_178" HPOS="343" VPOS="834" WIDTH="44" HEIGHT="14" WC="0.96" CONTENT="som"/><SP WIDTH="21" VPOS="834" HPOS="387"/>
							<String ID="string_179" HPOS="408" VPOS="826" WIDTH="67" HEIGHT="28" WC="0.96" CONTENT="gäller"/><SP WIDTH="19" VPOS="826" HPOS="475"/>
							<String ID="string_180" HPOS="494" VPOS="826" WIDTH="36" HEIGHT="22" WC="0.93" CONTENT="vid"/><SP WIDTH="16" VPOS="826" HPOS="530"/>
							<String ID="string_181" HPOS="546" VPOS="828" WIDTH="119" HEIGHT="26" WC="0.92" CONTENT="utmätning"/><SP WIDTH="14" VPOS="828" HPOS="665"/>
							<String ID="string_182" HPOS="679" VPOS="827" WIDTH="6" HEIGHT="20" WC="0.96" CONTENT="i"/><SP WIDTH="17" VPOS="827" HPOS="685"/>
							<String ID="string_183" HPOS="702" VPOS="826" WIDTH="83" HEIGHT="22" WC="0.96" CONTENT="makars"/><SP WIDTH="16" VPOS="826" HPOS="785"/>
							<String ID="string_184" HPOS="801" VPOS="826" WIDTH="33" HEIGHT="26" WC="0.96" CONTENT="bo,"/><SP WIDTH="15" VPOS="826" HPOS="834"/>
							<String ID="string_185" HPOS="849" VPOS="828" WIDTH="51" HEIGHT="19" WC="0.96" CONTENT="enär"/><SP WIDTH="15" VPOS="828" HPOS="900"/>
							<String ID="string_186" HPOS="915" VPOS="829" WIDTH="31" HEIGHT="19" WC="0.96" CONTENT="ett"/>
						</TextLine>
						<TextLine ID="line_20" HPOS="193" VPOS="860" WIDTH="753" HEIGHT="29">
							<String ID="string_187" HPOS="193" VPOS="860" WIDTH="105" HEIGHT="22" WC="0.92" CONTENT="oskiftadt"/><SP WIDTH="14" VPOS="860" HPOS="298"/>
							<String ID="string_188" HPOS="312" VPOS="861" WIDTH="34" HEIGHT="26" WC="0.92" CONTENT="bo,"/><SP WIDTH="15" VPOS="861" HPOS="346"/>
							<String ID="string_189" HPOS="361" VPOS="861" WIDTH="60" HEIGHT="21" WC="0.91" CONTENT="hvari"/><SP WIDTH="16" VPOS="861" HPOS="421"/>
							<String ID="string_190" HPOS="437" VPOS="861" WIDTH="108" HEIGHT="28" WC="0.92" CONTENT="arfvingar"/><SP WIDTH="18" VPOS="861" HPOS="545"/>
							<String ID="string_191" HPOS="563" VPOS="861" WIDTH="51" HEIGHT="21" WC="0.96" CONTENT="eller"/><SP WIDTH="15" VPOS="861" HPOS="614"/>
							<String ID="string_192" HPOS="629" VPOS="861" WIDTH="66" HEIGHT="21" WC="0.93" CONTENT="andra"/><SP WIDTH="16" VPOS="861" HPOS="695"/>
							<String ID="string_193" HPOS="711" VPOS="861" WIDTH="98" HEIGHT="28" WC="0.91" CONTENT="delegare"/><SP WIDTH="15" VPOS="861" HPOS="809"/>
							<String ID="string_194" HPOS="824" VPOS="861" WIDTH="59" HEIGHT="22" WC="0.93" CONTENT="lefva"/><SP WIDTH="8" VPOS="861" HPOS="883"/>
							<String ID="string_195" HPOS="891" VPOS="869" WIDTH="55" HEIGHT="13" WC="0.91" CONTENT="sam-"/>
						</TextLine>
						<TextLine ID="line_21" HPOS="193" VPOS="895" WIDTH="753" HEIGHT="28">
							<String ID="string_196" HPOS="193" VPOS="903" WIDTH="55" HEIGHT="18" WC="0.96" CONTENT="man,"/><SP WIDTH="24" VPOS="903" HPOS="248"/>
							<String ID="string_197" HPOS="272" VPOS="895" WIDTH="101" HEIGHT="21" WC="0.96" CONTENT="framstår"/><SP WIDTH="24" VPOS="895" HPOS="373"/>
							<String ID="string_198" HPOS="397" VPOS="895" WIDTH="70" HEIGHT="21" WC="0.96" CONTENT="såsom"/><SP WIDTH="27" VPOS="895" HPOS="467"/>
							<String ID="string_199" HPOS="494" VPOS="903" WIDTH="25" HEIGHT="13" WC="0.95" CONTENT="en"/><SP WIDTH="26" VPOS="903" HPOS="519"/>
							<String ID="string_200" HPOS="545" VPOS="895" WIDTH="63" HEIGHT="22" WC="0.95" CONTENT="enhet"/><SP WIDTH="24" VPOS="895" HPOS="608"/>
							<String ID="string_201" HPOS="632" VPOS="899" WIDTH="111" HEIGHT="24" WC="0.96" CONTENT="gentemot"/><SP WIDTH="14" VPOS="899" HPOS="743"/>
							<String ID="string_202" HPOS="757" VPOS="895" WIDTH="68" HEIGHT="28" WC="0.96" CONTENT="tredje"/><SP WIDTH="15" VPOS="895" HPOS="825"/>
							<String ID="string_203" HPOS="840" VPOS="903" WIDTH="50" HEIGHT="13" WC="0.96" CONTENT="man"/><SP WIDTH="15" VPOS="903" HPOS="890"/>
							<String ID="string_204" HPOS="905" VPOS="895" WIDTH="41" HEIGHT="21" WC="0.96" CONTENT="och"/>
						</TextLine>
						<TextLine ID="line_22" HPOS="192" VPOS="929" WIDTH="753" HEIGHT="29">
							<String ID="string_205" HPOS="192" VPOS="929" WIDTH="73" HEIGHT="22" WC="0.96" CONTENT="derför"/><SP WIDTH="23" VPOS="929" HPOS="265"/>
							<String ID="string_206" HPOS="288" VPOS="929" WIDTH="38" HEIGHT="21" WC="0.96" CONTENT="bör"/><SP WIDTH="19" VPOS="929" HPOS="326"/>
							<String ID="string_207" HPOS="345" VPOS="929" WIDTH="72" HEIGHT="21" WC="0.96" CONTENT="kunna"/><SP WIDTH="13" VPOS="929" HPOS="417"/>
							<String ID="string_208" HPOS="430" VPOS="933" WIDTH="60" HEIGHT="24" WC="0.96" CONTENT="tagas"/><SP WIDTH="16" VPOS="933" HPOS="490"/>
							<String ID="string_209" HPOS="506" VPOS="930" WIDTH="7" HEIGHT="20" WC="0.96" CONTENT="i"/><SP WIDTH="16" VPOS="930" HPOS="513"/>
							<String ID="string_210" HPOS="529" VPOS="929" WIDTH="92" HEIGHT="29" WC="0.96" CONTENT="anspråk"/><SP WIDTH="15" VPOS="929" HPOS="621"/>
							<String ID="string_211" HPOS="636" VPOS="930" WIDTH="34" HEIGHT="20" WC="0.96" CONTENT="för"/><SP WIDTH="14" VPOS="930" HPOS="670"/>
							<String ID="string_212" HPOS="684" VPOS="929" WIDTH="74" HEIGHT="29" WC="0.93" CONTENT="hvarje"/><SP WIDTH="16" VPOS="929" HPOS="758"/>
							<String ID="string_213" HPOS="774" VPOS="929" WIDTH="110" HEIGHT="28" WC="0.92" CONTENT="delegares"/><SP WIDTH="16" VPOS="929" HPOS="884"/>
							<String ID="string_214" HPOS="900" VPOS="929" WIDTH="45" HEIGHT="21" WC="0.91" CONTENT="för-"/>
						</TextLine>
						<TextLine ID="line_23" HPOS="192" VPOS="963" WIDTH="754" HEIGHT="22">
							<String ID="string_215" HPOS="192" VPOS="963" WIDTH="98" HEIGHT="22" WC="0.91" CONTENT="bindelse"/><SP WIDTH="15" VPOS="963" HPOS="290"/>
							<String ID="string_216" HPOS="305" VPOS="966" WIDTH="51" HEIGHT="19" WC="0.96" CONTENT="utan"/><SP WIDTH="16" VPOS="966" HPOS="356"/>
							<String ID="string_217" HPOS="372" VPOS="963" WIDTH="102" HEIGHT="22" WC="0.93" CONTENT="afseende"/><SP WIDTH="15" VPOS="963" HPOS="474"/>
							<String ID="string_218" HPOS="489" VPOS="963" WIDTH="13" HEIGHT="22" WC="0.92" CONTENT="å"/><SP WIDTH="14" VPOS="963" HPOS="502"/>
							<String ID="string_219" HPOS="516" VPOS="963" WIDTH="54" HEIGHT="22" WC="0.96" CONTENT="hans"/><SP WIDTH="15" VPOS="963" HPOS="570"/>
							<String ID="string_220" HPOS="585" VPOS="963" WIDTH="63" HEIGHT="22" WC="0.96" CONTENT="andel"/><SP WIDTH="16" VPOS="963" HPOS="648"/>
							<String ID="string_221" HPOS="664" VPOS="965" WIDTH="6" HEIGHT="19" WC="0.96" CONTENT="i"/><SP WIDTH="15" VPOS="965" HPOS="670"/>
							<String ID="string_222" HPOS="685" VPOS="963" WIDTH="56" HEIGHT="22" WC="0.93" CONTENT="boet."/><SP WIDTH="16" VPOS="963" HPOS="741"/>
							<String ID="string_223" HPOS="757" VPOS="964" WIDTH="44" HEIGHT="21" WC="0.93" CONTENT="Det"/><SP WIDTH="14" VPOS="964" HPOS="801"/>
							<String ID="string_224" HPOS="815" VPOS="963" WIDTH="49" HEIGHT="22" WC="0.92" CONTENT="kraf"/><SP WIDTH="15" VPOS="963" HPOS="864"/>
							<String ID="string_225" HPOS="879" VPOS="963" WIDTH="67" HEIGHT="22" WC="0.96" CONTENT="måste"/>
						</TextLine>
						<TextLine ID="line_24" HPOS="192" VPOS="998" WIDTH="755" HEIGHT="28">
							<String ID="string_226" HPOS="192" VPOS="998" WIDTH="57" HEIGHT="21" WC="0.90" CONTENT="dock"/><SP WIDTH="24" VPOS="998" HPOS="249"/>
							<String ID="string_227" HPOS="273" VPOS="998" WIDTH="102" HEIGHT="28" WC="0.90" CONTENT="gifvetvis"/><SP WIDTH="28" VPOS="998" HPOS="375"/>
							<String ID="string_228" HPOS="403" VPOS="998" WIDTH="72" HEIGHT="21" WC="0.95" CONTENT="ställas"/><SP WIDTH="25" VPOS="998" HPOS="475"/>
							<String ID="string_229" HPOS="500" VPOS="998" WIDTH="28" HEIGHT="28" WC="0.96" CONTENT="på"/><SP WIDTH="21" VPOS="998" HPOS="528"/>
							<String ID="string_230" HPOS="549" VPOS="998" WIDTH="164" HEIGHT="28" WC="0.95" CONTENT="lagstiftningen"/><SP WIDTH="22" VPOS="998" HPOS="713"/>
							<String ID="string_231" HPOS="735" VPOS="999" WIDTH="6" HEIGHT="20" WC="0.96" CONTENT="i"/><SP WIDTH="16" VPOS="999" HPOS="741"/>
							<String ID="string_232" HPOS="757" VPOS="999" WIDTH="76" HEIGHT="25" WC="0.95" CONTENT="ämnet,"/><SP WIDTH="16" VPOS="999" HPOS="833"/>
							<String ID="string_233" HPOS="849" VPOS="1001" WIDTH="31" HEIGHT="18" WC="0.93" CONTENT="att"/><SP WIDTH="15" VPOS="1001" HPOS="880"/>
							<String ID="string_234" HPOS="895" VPOS="998" WIDTH="52" HEIGHT="21" WC="0.91" CONTENT="den-"/>
						</TextLine>
						<TextLine ID="line_25" HPOS="193" VPOS="1032" WIDTH="753" HEIGHT="29">
							<String ID="string_235" HPOS="193" VPOS="1040" WIDTH="79" HEIGHT="13" WC="0.93" CONTENT="samma"/><SP WIDTH="15" VPOS="1040" HPOS="272"/>
							<String ID="string_236" HPOS="287" VPOS="1032" WIDTH="128" HEIGHT="28" WC="0.89" CONTENT="tillbörligen"/><SP WIDTH="15" VPOS="1032" HPOS="415"/>
							<String ID="string_237" HPOS="430" VPOS="1035" WIDTH="86" HEIGHT="26" WC="0.96" CONTENT="tryggar"/><SP WIDTH="15" VPOS="1035" HPOS="516"/>
							<String ID="string_238" HPOS="531" VPOS="1032" WIDTH="69" HEIGHT="28" WC="0.92" CONTENT="öfriga"/><SP WIDTH="15" VPOS="1032" HPOS="600"/>
							<String ID="string_239" HPOS="615" VPOS="1032" WIDTH="139" HEIGHT="28" WC="0.91" CONTENT="bodelegares"/><SP WIDTH="15" VPOS="1032" HPOS="754"/>
							<String ID="string_240" HPOS="769" VPOS="1034" WIDTH="43" HEIGHT="19" WC="0.96" CONTENT="rätt"/><SP WIDTH="14" VPOS="1034" HPOS="812"/>
							<String ID="string_241" HPOS="826" VPOS="1035" WIDTH="45" HEIGHT="18" WC="0.96" CONTENT="mot"/><SP WIDTH="15" VPOS="1035" HPOS="871"/>
							<String ID="string_242" HPOS="886" VPOS="1032" WIDTH="60" HEIGHT="21" WC="0.96" CONTENT="faran"/>
						</TextLine>
						<TextLine ID="line_26" HPOS="192" VPOS="1066" WIDTH="755" HEIGHT="30">
							<String ID="string_243" HPOS="192" VPOS="1069" WIDTH="33" HEIGHT="19" WC="0.96" CONTENT="att"/><SP WIDTH="14" VPOS="1069" HPOS="225"/>
							<String ID="string_244" HPOS="239" VPOS="1074" WIDTH="25" HEIGHT="14" WC="0.96" CONTENT="ur"/><SP WIDTH="14" VPOS="1074" HPOS="264"/>
							<String ID="string_245" HPOS="278" VPOS="1067" WIDTH="52" HEIGHT="21" WC="0.96" CONTENT="boet"/><SP WIDTH="15" VPOS="1067" HPOS="330"/>
							<String ID="string_246" HPOS="345" VPOS="1069" WIDTH="84" HEIGHT="26" WC="0.96" CONTENT="uttages"/><SP WIDTH="17" VPOS="1069" HPOS="429"/>
							<String ID="string_247" HPOS="446" VPOS="1074" WIDTH="56" HEIGHT="14" WC="0.96" CONTENT="mera"/><SP WIDTH="15" VPOS="1074" HPOS="502"/>
							<String ID="string_248" HPOS="517" VPOS="1068" WIDTH="27" HEIGHT="20" WC="0.93" CONTENT="än"/><SP WIDTH="15" VPOS="1068" HPOS="544"/>
							<String ID="string_249" HPOS="559" VPOS="1067" WIDTH="140" HEIGHT="29" WC="0.92" CONTENT="gäldenärens"/><SP WIDTH="16" VPOS="1067" HPOS="699"/>
							<String ID="string_250" HPOS="715" VPOS="1067" WIDTH="63" HEIGHT="21" WC="0.91" CONTENT="andel"/><SP WIDTH="15" VPOS="1067" HPOS="778"/>
							<String ID="string_251" HPOS="793" VPOS="1066" WIDTH="52" HEIGHT="22" WC="0.91" CONTENT="deri."/><SP WIDTH="30" VPOS="1066" HPOS="845"/>
							<String ID="string_252" HPOS="875" VPOS="1066" WIDTH="50" HEIGHT="22" WC="0.95" CONTENT="Och"/><SP WIDTH="14" VPOS="1066" HPOS="925"/>
							<String ID="string_253" HPOS="939" VPOS="1067" WIDTH="8" HEIGHT="21" WC="0.93" CONTENT="i"/>
						</TextLine>
						<TextLine ID="line_27" HPOS="192" VPOS="1101" WIDTH="755" HEIGHT="29">
							<String ID="string_254" HPOS="192" VPOS="1101" WIDTH="77" HEIGHT="21" WC="0.96" CONTENT="sådant"/><SP WIDTH="24" VPOS="1101" HPOS="269"/>
							<String ID="string_255" HPOS="293" VPOS="1101" WIDTH="103" HEIGHT="21" WC="0.92" CONTENT="afseende"/><SP WIDTH="23" VPOS="1101" HPOS="396"/>
							<String ID="string_256" HPOS="419" VPOS="1101" WIDTH="98" HEIGHT="28" WC="0.96" CONTENT="erbjuder"/><SP WIDTH="24" VPOS="1101" HPOS="517"/>
							<String ID="string_257" HPOS="541" VPOS="1102" WIDTH="33" HEIGHT="27" WC="0.96" CONTENT="sig"/><SP WIDTH="22" VPOS="1102" HPOS="574"/>
							<String ID="string_258" HPOS="596" VPOS="1101" WIDTH="70" HEIGHT="21" WC="0.96" CONTENT="såsom"/><SP WIDTH="16" VPOS="1101" HPOS="666"/>
							<String ID="string_259" HPOS="682" VPOS="1110" WIDTH="27" HEIGHT="13" WC="0.96" CONTENT="en"/><SP WIDTH="16" VPOS="1110" HPOS="709"/>
							<String ID="string_260" HPOS="725" VPOS="1102" WIDTH="92" HEIGHT="28" WC="0.96" CONTENT="naturlig"/><SP WIDTH="14" VPOS="1102" HPOS="817"/>
							<String ID="string_261" HPOS="831" VPOS="1104" WIDTH="67" HEIGHT="26" WC="0.96" CONTENT="utväg"/><SP WIDTH="15" VPOS="1104" HPOS="898"/>
							<String ID="string_262" HPOS="913" VPOS="1101" WIDTH="34" HEIGHT="22" WC="0.96" CONTENT="för"/>
						</TextLine>
						<TextLine ID="line_28" HPOS="193" VPOS="1134" WIDTH="754" HEIGHT="30">
							<String ID="string_263" HPOS="193" VPOS="1134" WIDTH="61" HEIGHT="22" WC="0.91" CONTENT="desse"/><SP WIDTH="16" VPOS="1134" HPOS="254"/>
							<String ID="string_264" HPOS="270" VPOS="1138" WIDTH="32" HEIGHT="18" WC="0.96" CONTENT="att"/><SP WIDTH="14" VPOS="1138" HPOS="302"/>
							<String ID="string_265" HPOS="316" VPOS="1136" WIDTH="7" HEIGHT="20" WC="0.96" CONTENT="i"/><SP WIDTH="15" VPOS="1136" HPOS="323"/>
							<String ID="string_266" HPOS="338" VPOS="1135" WIDTH="135" HEIGHT="28" WC="0.96" CONTENT="vederbörlig"/><SP WIDTH="11" VPOS="1135" HPOS="473"/>
							<String ID="string_267" HPOS="484" VPOS="1135" WIDTH="91" HEIGHT="29" WC="0.93" CONTENT="ordning"/><SP WIDTH="9" VPOS="1135" HPOS="575"/>
							<String ID="string_268" HPOS="584" VPOS="1135" WIDTH="112" HEIGHT="29" WC="0.92" CONTENT="upphäfva"/><SP WIDTH="6" VPOS="1135" HPOS="696"/>
							<String ID="string_269" HPOS="702" VPOS="1136" WIDTH="159" HEIGHT="28" WC="0.96" CONTENT="gemenskapen"/><SP WIDTH="8" VPOS="1136" HPOS="861"/>
							<String ID="string_270" HPOS="869" VPOS="1143" WIDTH="78" HEIGHT="21" WC="0.95" CONTENT="genom"/>
						</TextLine>
						<TextLine ID="line_29" HPOS="192" VPOS="1169" WIDTH="755" HEIGHT="29">
							<String ID="string_271" HPOS="192" VPOS="1169" WIDTH="169" HEIGHT="21" WC="0.92" CONTENT="föranstaltande"/><SP WIDTH="22" VPOS="1169" HPOS="361"/>
							<String ID="string_272" HPOS="383" VPOS="1170" WIDTH="23" HEIGHT="21" WC="0.96" CONTENT="af"/><SP WIDTH="18" VPOS="1170" HPOS="406"/>
							<String ID="string_273" HPOS="424" VPOS="1170" WIDTH="72" HEIGHT="21" WC="0.94" CONTENT="skifte."/><SP WIDTH="29" VPOS="1170" HPOS="496"/>
							<String ID="string_274" HPOS="525" VPOS="1170" WIDTH="12" HEIGHT="21" WC="0.96" CONTENT="I"/><SP WIDTH="19" VPOS="1170" HPOS="537"/>
							<String ID="string_275" HPOS="556" VPOS="1170" WIDTH="94" HEIGHT="28" WC="0.96" CONTENT="enlighet"/><SP WIDTH="14" VPOS="1170" HPOS="650"/>
							<String ID="string_276" HPOS="664" VPOS="1170" WIDTH="49" HEIGHT="21" WC="0.96" CONTENT="med"/><SP WIDTH="16" VPOS="1170" HPOS="713"/>
							<String ID="string_277" HPOS="729" VPOS="1170" WIDTH="65" HEIGHT="22" WC="0.95" CONTENT="dessa"/><SP WIDTH="14" VPOS="1170" HPOS="794"/>
							<String ID="string_278" HPOS="808" VPOS="1170" WIDTH="139" HEIGHT="28" WC="0.96" CONTENT="grundsatser"/>
						</TextLine>
						<TextLine ID="line_30" HPOS="192" VPOS="1203" WIDTH="756" HEIGHT="29">
							<String ID="string_279" HPOS="192" VPOS="1203" WIDTH="39" HEIGHT="21" WC="0.96" CONTENT="har"/><SP WIDTH="9" VPOS="1203" HPOS="231"/>
							<String ID="string_280" HPOS="240" VPOS="1204" WIDTH="114" HEIGHT="21" WC="0.96" CONTENT="Utskottet"/><SP WIDTH="10" VPOS="1204" HPOS="354"/>
							<String ID="string_281" HPOS="364" VPOS="1204" WIDTH="5" HEIGHT="20" WC="0.96" CONTENT="i"/><SP WIDTH="11" VPOS="1204" HPOS="369"/>
							<String ID="string_282" HPOS="380" VPOS="1205" WIDTH="25" HEIGHT="19" WC="0.95" CONTENT="11"/><SP WIDTH="8" VPOS="1205" HPOS="405"/>
							<String ID="string_283" HPOS="413" VPOS="1199" WIDTH="7" HEIGHT="37" WC="0.74" CONTENT="&amp;"/><SP WIDTH="18" VPOS="1199" HPOS="420"/>
							<String ID="string_284" HPOS="438" VPOS="1204" WIDTH="70" HEIGHT="28" WC="0.96" CONTENT="tillagt"/><SP WIDTH="10" VPOS="1204" HPOS="508"/>
							<String ID="string_285" HPOS="518" VPOS="1207" WIDTH="30" HEIGHT="18" WC="0.96" CONTENT="ett"/><SP WIDTH="11" VPOS="1207" HPOS="548"/>
							<String ID="string_286" HPOS="559" VPOS="1204" WIDTH="117" HEIGHT="28" WC="0.95" CONTENT="stadgande"/><SP WIDTH="12" VPOS="1204" HPOS="676"/>
							<String ID="string_287" HPOS="688" VPOS="1204" WIDTH="110" HEIGHT="28" WC="0.96" CONTENT="angående"/><SP WIDTH="15" VPOS="1204" HPOS="798"/>
							<String ID="string_288" HPOS="813" VPOS="1204" WIDTH="135" HEIGHT="22" WC="0.96" CONTENT="förfarandet"/>
						</TextLine>
						<TextLine ID="line_31" HPOS="192" VPOS="1237" WIDTH="703" HEIGHT="29">
							<String ID="string_289" HPOS="192" VPOS="1237" WIDTH="37" HEIGHT="22" WC="0.93" CONTENT="vid"/><SP WIDTH="16" VPOS="1237" HPOS="229"/>
							<String ID="string_290" HPOS="245" VPOS="1238" WIDTH="120" HEIGHT="27" WC="0.92" CONTENT="utmätning"/><SP WIDTH="14" VPOS="1238" HPOS="365"/>
							<String ID="string_291" HPOS="379" VPOS="1238" WIDTH="24" HEIGHT="21" WC="0.96" CONTENT="af"/><SP WIDTH="15" VPOS="1238" HPOS="403"/>
							<String ID="string_292" HPOS="418" VPOS="1238" WIDTH="83" HEIGHT="21" WC="0.93" CONTENT="enskild"/><SP WIDTH="16" VPOS="1238" HPOS="501"/>
							<String ID="string_293" HPOS="517" VPOS="1238" WIDTH="109" HEIGHT="28" WC="0.92" CONTENT="delegares"/><SP WIDTH="16" VPOS="1238" HPOS="626"/>
							<String ID="string_294" HPOS="642" VPOS="1238" WIDTH="63" HEIGHT="22" WC="0.96" CONTENT="andel"/><SP WIDTH="14" VPOS="1238" HPOS="705"/>
							<String ID="string_295" HPOS="719" VPOS="1239" WIDTH="8" HEIGHT="20" WC="0.93" CONTENT="i"/><SP WIDTH="15" VPOS="1239" HPOS="727"/>
							<String ID="string_296" HPOS="742" VPOS="1238" WIDTH="105" HEIGHT="22" WC="0.92" CONTENT="oskiftadt"/><SP WIDTH="13" VPOS="1238" HPOS="847"/>
							<String ID="string_297" HPOS="860" VPOS="1238" WIDTH="35" HEIGHT="22" WC="0.96" CONTENT="bo."/>
						</TextLine>
					</TextBlock>
					<TextBlock ID="block_2" HPOS="90" VPOS="1271" WIDTH="859" HEIGHT="202">
						<TextLine ID="line_32" HPOS="90" VPOS="1271" WIDTH="859" HEIGHT="29">
							<String ID="string_298" HPOS="90" VPOS="1278" WIDTH="20" HEIGHT="22" WC="0.88" CONTENT="88"/><SP WIDTH="15" VPOS="1278" HPOS="110"/>
							<String ID="string_299" HPOS="125" VPOS="1277" WIDTH="69" HEIGHT="17" WC="0.47" CONTENT="21—23"/><SP WIDTH="68" VPOS="1277" HPOS="194"/>
							<String ID="string_300" HPOS="262" VPOS="1272" WIDTH="12" HEIGHT="19" WC="0.88" CONTENT="I"/><SP WIDTH="24" VPOS="1272" HPOS="274"/>
							<String ID="string_301" HPOS="298" VPOS="1271" WIDTH="106" HEIGHT="21" WC="0.88" CONTENT="afvikelse"/><SP WIDTH="22" VPOS="1271" HPOS="404"/>
							<String ID="string_302" HPOS="426" VPOS="1271" WIDTH="49" HEIGHT="20" WC="0.96" CONTENT="från"/><SP WIDTH="24" VPOS="1271" HPOS="475"/>
							<String ID="string_303" HPOS="499" VPOS="1272" WIDTH="37" HEIGHT="20" WC="0.96" CONTENT="det"/><SP WIDTH="24" VPOS="1272" HPOS="536"/>
							<String ID="string_304" HPOS="560" VPOS="1279" WIDTH="46" HEIGHT="13" WC="0.96" CONTENT="som"/><SP WIDTH="21" VPOS="1279" HPOS="606"/>
							<String ID="string_305" HPOS="627" VPOS="1272" WIDTH="35" HEIGHT="21" WC="0.96" CONTENT="för"/><SP WIDTH="14" VPOS="1272" HPOS="662"/>
							<String ID="string_306" HPOS="676" VPOS="1272" WIDTH="132" HEIGHT="21" WC="0.96" CONTENT="närvarande"/><SP WIDTH="15" VPOS="1272" HPOS="808"/>
							<String ID="string_307" HPOS="823" VPOS="1272" WIDTH="71" HEIGHT="27" WC="0.96" CONTENT="gäller,"/><SP WIDTH="15" VPOS="1272" HPOS="894"/>
							<String ID="string_308" HPOS="909" VPOS="1272" WIDTH="40" HEIGHT="21" WC="0.96" CONTENT="har"/>
						</TextLine>
						<TextLine ID="line_33" HPOS="192" VPOS="1304" WIDTH="756" HEIGHT="30">
							<String ID="string_309" HPOS="192" VPOS="1304" WIDTH="78" HEIGHT="29" WC="0.95" CONTENT="nådiga"/><SP WIDTH="23" VPOS="1304" HPOS="270"/>
							<String ID="string_310" HPOS="293" VPOS="1306" WIDTH="160" HEIGHT="27" WC="0.93" CONTENT="propositionen"/><SP WIDTH="22" VPOS="1306" HPOS="453"/>
							<String ID="string_311" HPOS="475" VPOS="1305" WIDTH="97" HEIGHT="29" WC="0.91" CONTENT="uppstält"/><SP WIDTH="20" VPOS="1305" HPOS="572"/>
							<String ID="string_312" HPOS="592" VPOS="1305" WIDTH="70" HEIGHT="22" WC="0.96" CONTENT="såsom"/><SP WIDTH="15" VPOS="1305" HPOS="662"/>
							<String ID="string_313" HPOS="677" VPOS="1305" WIDTH="115" HEIGHT="28" WC="0.96" CONTENT="grundsats"/><SP WIDTH="16" VPOS="1305" HPOS="792"/>
							<String ID="string_314" HPOS="808" VPOS="1309" WIDTH="31" HEIGHT="18" WC="0.93" CONTENT="att"/><SP WIDTH="16" VPOS="1309" HPOS="839"/>
							<String ID="string_315" HPOS="855" VPOS="1305" WIDTH="93" HEIGHT="22" WC="0.92" CONTENT="beskrif-"/>
						</TextLine>
						<TextLine ID="line_34" HPOS="192" VPOS="1339" WIDTH="756" HEIGHT="29">
							<String ID="string_316" HPOS="192" VPOS="1340" WIDTH="53" HEIGHT="28" WC="0.96" CONTENT="ning"/><SP WIDTH="25" VPOS="1340" HPOS="245"/>
							<String ID="string_317" HPOS="270" VPOS="1339" WIDTH="40" HEIGHT="22" WC="0.96" CONTENT="och"/><SP WIDTH="25" VPOS="1339" HPOS="310"/>
							<String ID="string_318" HPOS="335" VPOS="1339" WIDTH="114" HEIGHT="28" WC="0.96" CONTENT="värdering"/><SP WIDTH="24" VPOS="1339" HPOS="449"/>
							<String ID="string_319" HPOS="473" VPOS="1340" WIDTH="24" HEIGHT="21" WC="0.93" CONTENT="af"/><SP WIDTH="23" VPOS="1340" HPOS="497"/>
							<String ID="string_320" HPOS="520" VPOS="1341" WIDTH="78" HEIGHT="20" WC="0.91" CONTENT="utmätt"/><SP WIDTH="24" VPOS="1341" HPOS="598"/>
							<String ID="string_321" HPOS="622" VPOS="1340" WIDTH="44" HEIGHT="21" WC="0.96" CONTENT="fast"/><SP WIDTH="18" VPOS="1340" HPOS="666"/>
							<String ID="string_322" HPOS="684" VPOS="1339" WIDTH="105" HEIGHT="29" WC="0.96" CONTENT="egendom"/><SP WIDTH="16" VPOS="1339" HPOS="789"/>
							<String ID="string_323" HPOS="805" VPOS="1340" WIDTH="71" HEIGHT="22" WC="0.96" CONTENT="städse"/><SP WIDTH="15" VPOS="1340" HPOS="876"/>
							<String ID="string_324" HPOS="891" VPOS="1340" WIDTH="57" HEIGHT="23" WC="0.96" CONTENT="skall"/>
						</TextLine>
						<TextLine ID="line_35" HPOS="192" VPOS="1374" WIDTH="755" HEIGHT="30">
							<String ID="string_325" HPOS="192" VPOS="1374" WIDTH="127" HEIGHT="22" WC="0.96" CONTENT="verkställas"/><SP WIDTH="26" VPOS="1374" HPOS="319"/>
							<String ID="string_326" HPOS="345" VPOS="1374" WIDTH="24" HEIGHT="22" WC="0.93" CONTENT="af"/><SP WIDTH="25" VPOS="1374" HPOS="369"/>
							<String ID="string_327" HPOS="394" VPOS="1375" WIDTH="185" HEIGHT="28" WC="0.90" CONTENT="utmätningsman."/><SP WIDTH="33" VPOS="1375" HPOS="579"/>
							<String ID="string_328" HPOS="612" VPOS="1374" WIDTH="133" HEIGHT="29" WC="0.72" CONTENT="Härigenom"/><SP WIDTH="24" VPOS="1374" HPOS="745"/>
							<String ID="string_329" HPOS="769" VPOS="1383" WIDTH="63" HEIGHT="21" WC="0.96" CONTENT="synas"/><SP WIDTH="16" VPOS="1383" HPOS="832"/>
							<String ID="string_330" HPOS="848" VPOS="1375" WIDTH="57" HEIGHT="22" WC="0.96" CONTENT="dock"/><SP WIDTH="15" VPOS="1375" HPOS="905"/>
							<String ID="string_331" HPOS="920" VPOS="1375" WIDTH="27" HEIGHT="22" WC="0.94" CONTENT="de"/>
						</TextLine>
						<TextLine ID="line_36" HPOS="194" VPOS="1409" WIDTH="753" HEIGHT="30">
							<String ID="string_332" HPOS="194" VPOS="1409" WIDTH="48" HEIGHT="22" WC="0.96" CONTENT="med"/><SP WIDTH="15" VPOS="1409" HPOS="242"/>
							<String ID="string_333" HPOS="257" VPOS="1409" WIDTH="113" HEIGHT="28" WC="0.96" CONTENT="fastighets"/><SP WIDTH="16" VPOS="1409" HPOS="370"/>
							<String ID="string_334" HPOS="386" VPOS="1409" WIDTH="115" HEIGHT="22" WC="0.96" CONTENT="exekutiva"/><SP WIDTH="15" VPOS="1409" HPOS="501"/>
							<String ID="string_335" HPOS="516" VPOS="1409" WIDTH="126" HEIGHT="30" WC="0.96" CONTENT="försäljning"/><SP WIDTH="16" VPOS="1409" HPOS="642"/>
							<String ID="string_336" HPOS="658" VPOS="1409" WIDTH="103" HEIGHT="23" WC="0.96" CONTENT="förenade"/><SP WIDTH="15" VPOS="1409" HPOS="761"/>
							<String ID="string_337" HPOS="776" VPOS="1410" WIDTH="115" HEIGHT="29" WC="0.96" CONTENT="omgångar"/><SP WIDTH="14" VPOS="1410" HPOS="891"/>
							<String ID="string_338" HPOS="905" VPOS="1411" WIDTH="42" HEIGHT="22" WC="0.95" CONTENT="och"/>
						</TextLine>
						<TextLine ID="line_37" HPOS="193" VPOS="1444" WIDTH="753" HEIGHT="29">
							<String ID="string_339" HPOS="193" VPOS="1444" WIDTH="117" HEIGHT="22" WC="0.95" CONTENT="kostnader"/><SP WIDTH="21" VPOS="1444" HPOS="310"/>
							<String ID="string_340" HPOS="331" VPOS="1445" WIDTH="66" HEIGHT="22" WC="0.92" CONTENT="hafva"/><SP WIDTH="22" VPOS="1445" HPOS="397"/>
							<String ID="string_341" HPOS="419" VPOS="1447" WIDTH="90" HEIGHT="26" WC="0.92" CONTENT="stegrats"/><SP WIDTH="17" VPOS="1447" HPOS="509"/>
							<String ID="string_342" HPOS="526" VPOS="1444" WIDTH="86" HEIGHT="23" WC="0.91" CONTENT="utöfver"/><SP WIDTH="15" VPOS="1444" HPOS="612"/>
							<String ID="string_343" HPOS="627" VPOS="1445" WIDTH="58" HEIGHT="22" WC="0.96" CONTENT="hvad"/><SP WIDTH="14" VPOS="1445" HPOS="685"/>
							<String ID="string_344" HPOS="699" VPOS="1445" WIDTH="163" HEIGHT="22" WC="0.93" CONTENT="förhållandena"/><SP WIDTH="15" VPOS="1445" HPOS="862"/>
							<String ID="string_345" HPOS="877" VPOS="1445" WIDTH="69" HEIGHT="22" WC="0.90" CONTENT="ound-"/>
						</TextLine>
					</TextBlock>
					<TextBlock ID="block_3" HPOS="261" VPOS="1484" WIDTH="330" HEIGHT="23">
						<TextLine ID="line_38" HPOS="261" VPOS="1484" WIDTH="330" HEIGHT="23">
							<String ID="string_346" HPOS="261" VPOS="1484" WIDTH="130" HEIGHT="23" WC="0.91" CONTENT="Lagutskottets"/><SP WIDTH="12" VPOS="1484" HPOS="391"/>
							<String ID="string_347" HPOS="403" VPOS="1484" WIDTH="109" HEIGHT="18" WC="0.96" CONTENT="betänkande"/><SP WIDTH="12" VPOS="1484" HPOS="512"/>
							<String ID="string_348" HPOS="524" VPOS="1485" WIDTH="38" HEIGHT="17" WC="0.92" CONTENT="N:o"/><SP WIDTH="12" VPOS="1485" HPOS="562"/>
							<String ID="string_349" HPOS="574" VPOS="1486" WIDTH="17" HEIGHT="16" WC="0.96" CONTENT="5."/>
						</TextLine>
					</TextBlock>
				</ComposedBlock>
			</PrintSpace>
		</Page>
	</Layout>
</alto>
