1025 1725
275 146 81 24 Ständ.
372 148 38 24 Sv.
426 162 26 3 —
470 150 70 28 Prop.
557 151 40 23 N:o
611 152 22 21 2.
771 154 28 21 23

281 214 40 22 den
336 214 13 22 1
363 216 62 22 Mars
444 216 59 22 1886
521 217 122 29 öfverlåten,
658 220 57 20 utan
731 220 31 21 att
778 220 49 28 laga

279 250 115 28 styckning
416 251 49 22 eller
484 252 130 29 afsöndring
632 253 122 28 försiggått,
773 254 54 22 skall

280 284 116 29 delningen
412 286 123 23 verkställas
549 287 60 22 inom
623 287 43 28 fem
682 288 26 21 år
723 288 54 28 efter
794 289 34 22 det

280 319 73 22 denna
366 320 131 29 förordning
513 322 58 22 trädt
585 323 9 21 i
603 322 102 29 gällande
715 323 65 28 kraft,
791 323 36 22 vid

279 354 100 29 äfventyr
398 357 32 20 att
448 357 205 28 öfverlåtelseaftalet
671 358 9 21 i
700 360 70 20 annat
788 358 40 28 fall

279 391 26 19 är
319 391 55 21 utan
389 391 80 22 verkan
484 394 43 20 mot
541 392 67 28 tredje
623 399 58 16 man.

517 490 69 28 43
560 486 29 38 $.

348 548 80 22 Genom
454 549 73 22 denna
550 549 131 28 förordning
705 549 122 29 upphäfvas

277 582 188 30 förordningarna
486 584 41 22 den
542 584 31 21 30
587 582 58 24 Juni
659 584 59 21 1747
733 585 37 21 och
786 585 40 22 den

278 618 11 21 1
305 618 62 22 Mars
381 618 65 28 1852,
463 619 42 22 den
519 626 76 15 senare
609 619 71 22 såvidt
690 620 71 27 angår
770 620 55 22 hem-

277 653 172 29 mansklyfning,
465 655 15 20 5
489 654 96 28 punkten
597 654 9 21 i
615 654 160 28 förordningen
785 655 42 22 den

277 688 32 22 27
323 688 64 28 April
401 689 65 28 1868,
483 689 120 28 angående,
619 689 66 22 bland
700 692 77 25 annat,
789 692 38 20 än-

278 723 66 28 dring
364 723 36 23 och
419 724 153 28 upphäfvande
590 724 27 28 af
629 724 109 29 åtskilliga
753 724 74 28 lagens

277 765 48 15 rum
348 759 94 21 rörande
463 758 257 30 rättegångsordningen,
740 759 9 21 i
769 759 57 22 hvad

276 794 99 21 nämnda
384 794 72 28 punkt
467 794 71 28 angår
551 794 72 22 tvister
637 800 33 16 om
685 793 103 29 klyfning
803 794 27 28 af

276 828 196 28 skattelägenheter,
492 830 56 21 samt
566 828 160 28 förordningen
745 828 28 28 af
785 829 42 21 den

277 862 27 23 19
327 862 107 24 Februari
453 863 64 29 1883,
538 863 113 29 angående
673 863 154 29 egostyckning

277 898 36 22 och
329 898 183 29 jordafsöndring
531 899 14 22 å
563 898 73 29 frälse-
651 898 38 23 och
702 899 125 22 skattehem-

276 941 58 20 man,
359 934 37 21 och
414 934 159 29 förordningen
595 934 41 22 den
656 934 12 21 1
683 933 63 23 Mars
760 933 65 28 1886,

277 969 113 28 angående
408 970 72 28 några
499 969 106 23 särskilda
622 969 47 28 slag
683 969 27 28 af
722 969 104 29 egostyck-

276 1004 57 28 ning
340 1004 38 22 och
383 1004 194 29 jordafsöndring;
584 1004 117 28 hvarjemte
711 1004 21 28 ej
740 1004 87 22 mindre

275 1038 159 29 förordningen
454 1039 27 28 af
493 1039 42 22 den
551 1039 14 21 6
580 1038 57 23 Juni
652 1038 65 28 1883,
732 1039 95 22 rörande

277 1073 82 23 åborätt
378 1074 14 21 å
411 1073 173 28 kronohemman,
599 1073 72 23 sävidt
686 1074 71 27 angår
771 1073 54 28 klyf-

275 1108 56 29 ning
347 1108 28 28 af
387 1109 73 28 dylika
475 1108 105 28 hemman,
595 1109 56 21 samt
666 1108 31 22 67
712 1107 37 23 och
760 1107 31 22 68
799 1110 28 24 $$

275 1144 9 22 i
299 1143 84 29 nådiga
402 1144 135 28 reglementet
557 1143 27 29 af
596 1143 41 22 den
653 1143 27 22 15
696 1143 50 27 Maj
760 1142 65 29 1848,

275 1179 114 28 angäende
399 1179 161 22 landtmäteriet
569 1186 28 14 m.
607 1186 34 20 m.,
654 1180 30 20 än
694 1178 66 28 äfven
769 1177 57 23 hvad

276 1214 8 21 i
304 1213 67 29 öfrigt
391 1214 34 22 uti
442 1213 138 23 sistnämnda
600 1213 37 22 och
652 1213 72 22 andra
738 1212 87 28 författ-

275 1248 84 28 ningar
372 1248 95 22 rörande
483 1248 89 28 delning
587 1248 27 27 af
623 1246 174 30 joralägenheter
812 1248 14 20 ä

276 1283 74 22 landet
372 1284 26 20 är
420 1283 101 28 stadgadt
540 1284 43 20 mot
603 1282 72 22 denna
694 1282 131 28 förordning

275 1317 118 27 stridande,
409 1317 126 29 härigenom
549 1317 99 28 undergä
663 1316 104 28 ändring.
