1048 1720
283 122 83 23 Ständ.
382 122 38 23 Sv.
436 135 25 2 —
476 123 73 26 Prop.
565 123 43 22 N:o
623 123 21 22 4.
790 123 28 22 55

94 187 110 28 godkändt
221 194 75 21 genom
312 189 49 21 dom
377 189 51 22 eller
443 189 76 27 utslag,
535 196 45 15 som
596 189 18 27 ej
631 189 73 22 vunnit
719 189 49 28 laga
782 189 64 25 kraft,

95 229 49 14 vare
160 223 42 21 han
218 222 54 22 dock
287 223 120 27 berättigad
422 225 33 20 att
470 224 100 27 beloppet
585 225 44 20 mot
644 225 51 25 pant
706 224 52 21 eller
768 224 79 26 borgen

94 256 58 27 lyfta.
183 257 11 20 I
208 258 66 20 annat
288 257 38 21 fall
340 257 112 22 ankomme
466 257 28 28 pä
509 257 173 22 öfverexekutors
692 257 106 28 pröfning,
808 258 39 21 hu-

94 290 74 21 ruvida
190 291 64 21 afsatt
277 291 83 27 belopp,
383 292 64 21 innan
466 291 60 28 fräga
540 298 35 15 om
590 293 42 20 rätt
648 291 70 22 dertill
732 291 70 22 blifvit
816 291 30 21 af-

94 324 67 28 gjord,
176 325 35 22 mä
226 327 44 19 mot
285 327 52 25 pant
351 325 52 22 eller
418 325 80 28 borgen
514 326 70 27 lyftas,
600 332 50 15 vare
665 326 31 27 sig
711 325 23 22 af
748 326 40 21 den
799 326 49 21 bor-

93 361 71 26 genär,
187 359 35 22 för
243 359 85 23 hvilken
351 360 99 27 beloppet
469 360 81 27 afsatts,
566 361 52 22 eller
632 359 24 23 af
670 367 76 19 annan,
762 360 84 22 hvilken

94 394 82 22 medlen
191 394 71 23 kunna
278 394 85 22 tillfalla
377 395 27 27 pä
419 395 68 28 grund
498 396 23 22 af
530 395 139 28 bestämning,
680 396 90 21 hvarom
780 396 7 21 i
798 395 27 21 13
836 394 10 27 $

94 431 24 19 är
132 429 68 27 sagdt.

442 505 25 21 18
483 504 17 28 &.

163 562 76 28 Medel,
258 570 46 15 som
325 563 35 21 vid
382 563 152 27 köpeskillings
552 563 119 28 fördelning
688 563 13 21 &
715 562 131 22 landskansli

94 596 69 22 blifvit
185 597 106 27 borgenär
308 598 95 27 tillagda,
422 604 47 16 men
488 598 46 22 icke
550 598 22 22 af
585 598 79 21 honom
679 597 70 28 lyftas,
765 597 60 22 skola
840 597 7 21 i

93 632 68 21 länets
184 632 79 22 ränteri
285 633 116 21 nedsättas.
431 632 45 28 Lag
497 639 82 16 samma
600 638 57 22 vare,
676 633 37 21 der
727 632 119 26 fördelning

94 666 57 22 skett
166 666 139 22 annorstädes
323 669 27 20 än
369 666 12 22 &
399 667 138 27 landskansli,
554 668 38 21 och
608 668 131 26 borgenären
755 667 18 26 ej
789 667 57 21 inom

96 700 46 28 fyra
157 701 78 22 veckor
250 702 93 21 derefter
357 702 84 22 medlen
457 702 70 28 lyftar.

162 731 30 27 Är
206 736 111 28 utdelning
331 737 117 25 beräknad,
465 740 52 19 utan
532 739 32 20 att
579 737 188 27 fordringsbeviset
777 736 69 22 blifvit

93 770 101 26 företedt,
216 771 39 22 och
277 772 94 22 anmäler
389 772 32 27 sig
440 772 18 27 ej
474 772 184 27 fordringsegaren
672 772 57 21 inom
745 773 47 19 natt
808 771 37 22 och

94 804 23 22 år
133 805 54 22 efter
202 806 36 22 det
251 806 116 22 auktionen
381 806 75 22 vunnit
469 807 48 27 laga
527 807 63 26 kraft,
603 806 34 22 mä
648 806 82 22 medlen
740 807 45 21 mot
796 808 50 25 pant

94 840 52 22 eller
161 840 79 28 borgen
257 841 64 27 lyftas
331 840 23 23 af
363 848 75 19 annan,
447 848 45 15 som
503 842 26 21 de
540 841 67 27 enligt
615 841 27 21 13
652 840 12 28 8
673 841 73 22 kunna
756 840 89 22 tillfalla.

440 945 26 22 19
481 945 18 28 S.

162 1003 76 27 Medel,
262 1011 45 15 som
327 1003 85 28 jemlikt
431 1005 26 21 17
473 1004 39 22 och
529 1004 26 21 18
570 1003 24 28 $$
609 1003 60 23 skola
683 1003 7 22 i
705 1003 141 22 landtränteri

93 1038 117 27 nedsättas,
222 1037 40 29 mä,
274 1039 38 22 der
321 1039 69 27 någon
401 1039 124 27 rättegande
536 1039 36 21 det
582 1039 69 26 äskar,
662 1039 89 21 insättas
762 1038 6 21 i
780 1037 66 22 bank-

93 1073 123 27 inrättning,
232 1079 45 16 som
292 1073 24 22 af
330 1073 163 22 öfverexekutor
509 1073 129 28 godkännes,
653 1072 33 21 för
702 1073 31 21 att
748 1072 38 22 der
801 1073 45 20 mot

94 1109 61 20 ränta
177 1108 82 21 innestä
281 1107 68 22 under
367 1108 41 21 den
423 1108 36 27 tid,
476 1107 164 22 öfverexekutor
655 1107 136 26 bestämmer;
807 1105 38 22 och

93 1141 84 22 komme
193 1143 76 21 räntan
283 1143 41 20 den
334 1142 33 22 till
377 1142 62 27 godo,
450 1148 46 15 som
506 1142 66 21 finnes
583 1142 33 21 till
625 1141 83 22 medlen
718 1140 127 27 berättigad.

438 1245 29 22 20
481 1245 18 28 8.

161 1298 31 26 Är
208 1302 18 28 ej
242 1302 121 28 utmätning
377 1302 105 22 förrättad
498 1302 46 27 och,
558 1302 36 22 der
609 1302 33 21 lös
657 1301 102 28 egendom
773 1302 24 21 af
809 1308 37 16 an-

93 1338 38 20 nat
149 1337 46 25 slag
213 1339 26 19 än
255 1337 7 20 i
276 1337 26 20 21
319 1336 11 27 $
345 1339 48 23 sägs
408 1337 64 25 tagits
485 1338 7 20 i
508 1338 50 24 mät,
573 1336 123 26 försäljning
712 1336 61 22 deraf
785 1336 61 21 verk-

94 1370 56 21 stäld
165 1370 57 21 inom
236 1370 36 21 tvä
287 1370 108 26 mänader,
406 1370 66 22 sedan
482 1369 132 27 kronofogde
624 1369 110 26 emottagit
745 1369 26 21 de
781 1368 65 22 hand-

92 1404 74 27 lingar,
190 1409 46 17 som
258 1404 7 22 i
287 1403 13 22 3
323 1404 48 26 kap.
391 1404 26 21 21
437 1403 40 22 och
495 1404 28 22 22
540 1402 25 29 $$
583 1405 94 25 nämnas,
693 1402 40 22 och
747 1403 58 21 inom
820 1409 25 15 en

93 1439 78 22 mänad
193 1439 65 22 sedan
276 1438 123 28 stadsfogde
413 1438 80 24 sädana
508 1438 127 28 handlingar
650 1438 120 28 emottagit;
786 1444 60 16 svare
