1023 1720
212 155 14 19 4

184 223 48 20 eller
253 222 69 26 skada;
344 222 49 20 eller
414 228 32 14 om
462 223 38 19 han
514 224 22 18 är
550 224 55 24 parts
621 222 151 20 vederdeloman
786 222 81 24 (utesl.).
898 222 40 19 Har

187 257 172 25 utmätningsman
380 256 11 20 &
411 257 97 25 tjenstens
533 259 75 23 vägnar
628 256 108 26 rättegång
756 256 47 20 med
824 256 115 25 någondera

187 293 75 24 parten,
282 291 48 20 eller
352 291 57 20 söker
429 293 49 23 part,
497 292 61 18 sedan
577 290 61 20 målet
658 292 22 18 är
702 291 115 25 anhängigt,
840 291 35 19 sak
893 291 45 19 med

187 326 211 25 utmätningsmannen
420 326 48 19 eller
489 325 88 25 tillfogar
598 325 74 20 honom
693 324 61 26 något
775 325 45 20 med
840 325 35 19 ord
890 325 48 20 eller

186 360 90 25 gerning,
291 360 7 19 i
313 359 74 26 uppsåt
403 360 29 19 att
447 360 81 19 dermed
542 361 47 23 göra
603 360 74 19 honom
691 359 67 26 jäfvig,
773 360 34 19 det
820 360 51 19 skall
881 360 17 25 ej
909 360 30 19 för

183 394 28 26 jäf
225 394 78 20 räknas.

252 428 137 20 Förekommer
409 428 28 25 jäf
454 431 53 17 emot
522 428 122 25 kronofogde
660 428 49 19 eller
724 428 120 25 stadsfogde,
860 428 78 20 anmäle

186 463 40 19 han
246 463 34 19 det
300 464 71 24 genast
387 463 37 20 hos
439 463 157 24 öfverexekutor,
612 469 48 18 som,
675 463 35 19 der
724 462 62 25 jäfvet
800 463 79 24 pröfvas
894 463 42 24 lag-

184 497 44 26 ligt,
242 497 103 20 förordnar
359 503 65 14 annan
439 497 172 24 utmätningsman
626 497 5 19 i
648 496 38 20 den
698 496 85 26 jäfviges
795 497 62 20 ställe.
876 492 62 25 Öfver

184 531 72 26 beslut,
277 537 43 14 som
340 532 6 19 i
368 531 109 26 jäfsfrågan
495 532 63 25 gifves
578 532 19 19 af
612 531 156 25 öfverexekutor,
784 531 32 19 må
832 531 72 26 klagan
919 531 17 26 ej

183 566 59 19 föras.

251 589 29 24 Är
299 594 6 19 i
326 594 44 20 stad
388 594 130 25 magistraten
535 594 177 25 utmätningsman,
728 594 51 25 gälle
794 596 41 17 mot
850 594 86 20 ledamot

183 628 21 19 af
221 628 129 25 magistraten
368 634 75 13 samma
457 628 34 25 jäf,
507 634 43 14 som
566 629 58 19 ofvan
640 630 86 18 nämnts.
756 628 37 20 Om
808 629 95 24 pröfning
916 629 20 19 af

183 662 29 26 jäf
231 663 38 20 och
288 662 130 21 förordnande
436 663 20 19 af
470 663 74 25 ojäfvig
558 662 86 20 ledamot
659 669 47 13 vare
720 662 38 26 lag,
774 669 42 14 som
831 663 7 19 i
853 663 83 20 allmän-

183 697 34 20 het
232 704 32 13 om
278 697 104 26 magistrat
396 697 31 20 för
441 699 22 23 ty
478 697 34 20 fall
527 699 21 18 är
564 697 98 25 stadgadt.

528 779 26 20 10
572 779 17 24 8.

249 836 174 25 Utmätningsman
447 837 51 19 skall
521 836 32 20 vid
576 836 32 20 sin
629 837 120 25 förrättning
768 837 58 19 hafva
844 837 45 19 med
904 837 32 25 sig

184 870 82 26 ojäfvigt
281 871 71 19 vittne.

249 904 79 20 Utföres
343 904 118 26 förrättning
476 904 19 20 af
510 905 109 25 magistrat,
635 910 46 14 vare
696 905 64 19 vittne
775 904 17 26 ej
805 904 130 26 erforderligt.

529 1003 25 19 11
572 1004 18 22 8.

249 1060 42 20 Hos
306 1060 153 20 öfverexekutor
474 1060 50 20 skall
539 1060 55 20 öfver
609 1060 161 26 utsökningsmål
785 1060 53 20 föras
849 1060 86 20 särskild

180 1094 82 26 dagbok.

253 1128 171 26 Utmätningsman
439 1134 46 14 vare
500 1129 37 19 ock
548 1128 70 26 pligtig
632 1130 29 18 att
675 1128 53 20 hålla
742 1128 78 26 dagbok
830 1130 57 19 öfver
896 1128 39 21 alla

183 1162 212 26 utsökningsärenden,
409 1163 7 19 i
432 1162 66 20 hvilka
513 1163 49 19 hans
577 1162 70 26 åtgärd
661 1163 64 20 äskas.

248 1196 30 20 De
300 1198 90 18 närmare
412 1197 146 20 föreskrifterna
576 1197 102 25 angående
692 1197 146 25 dagböckernas
853 1197 81 20 förande

181 1230 102 20 meddelas
298 1236 73 19 genom
386 1231 86 20 särskild
486 1231 66 25 Nådig
567 1231 119 26 förordning.

247 1264 28 19 Ur
301 1264 77 25 dagbok
404 1265 49 18 skall
476 1265 100 19 meddelas
600 1265 96 24 skriftligt
716 1265 64 25 intyg,
802 1267 36 17 när
862 1265 72 20 sådant

179 1298 89 24 begäres.

527 1372 26 19 12
570 1373 17 23 3.

246 1424 158 24 Öfverexekutor
418 1428 77 26 åligger
508 1430 31 19 att
553 1436 52 18 noga
620 1429 58 25 tillse,
692 1430 53 20 huru
760 1430 25 20 de
799 1428 132 34 utmätnings-

180 1464 50 24 män,
245 1469 43 13 som
302 1463 65 20 under
380 1463 74 20 honom
468 1464 53 25 lyda,
536 1464 82 20 förrätta
632 1464 52 20 hvad
698 1464 46 21 dem
759 1464 62 27 enligt
834 1466 34 26 lag
882 1466 50 27 ålig-
