1025 1703
319 136 29 23 U.
364 136 27 23 B.
409 149 24 3 —
449 136 73 28 Prop.
538 137 42 22 N:o
595 136 24 23 4.
790 137 26 21 39

96 208 32 19 att
142 206 37 21 det
193 205 109 22 försvärar
317 213 26 13 en
359 205 90 21 särskild
464 206 116 27 föryttring
595 206 51 21 eller
660 206 147 28 pantsättning
823 206 22 21 af

96 247 26 14 en
138 240 51 21 eller
204 247 69 13 annan
288 239 66 21 bland
369 239 27 21 de
411 242 131 25 gemensamt
550 239 128 21 intecknade
685 239 160 28 fastigheterna.

94 273 11 21 I
128 273 41 21 den
186 273 88 21 odelade
290 272 165 28 ansvarigheten
470 273 34 21 för
519 273 41 21 den
576 280 157 20 gemensamma
749 274 96 27 pantfor-

94 307 88 27 dringen
197 307 68 27 ligger
280 307 112 27 nämligen,
408 310 31 18 ätt
453 307 156 28 panthafvaren
625 314 50 20 eger
690 310 74 24 uttaga
775 307 70 21 denna

93 342 57 20 efter
163 342 153 27 godtfinnande
331 349 26 13 ur
371 341 42 21 alla
428 342 51 20 eller
494 349 24 13 ur
533 349 25 13 en
574 342 51 20 eller
639 341 51 21 flera
705 341 24 21 af
742 342 103 28 fastighe-

92 379 67 24 terna;
182 375 40 22 och
242 375 37 22 det
294 375 135 22 äterstäende
445 376 70 26 värde,
530 383 46 14 som
591 375 71 28 nägon
677 376 44 21 viss
737 375 23 22 af
775 376 47 21 dem
838 377 7 20 i

93 410 63 29 fräga
170 417 35 14 om
221 410 126 29 försäljning
363 410 50 21 eller
427 411 122 28 ytterligare
565 411 146 28 pantsättning
727 410 66 22 borde
808 418 37 14 an-

93 453 35 14 ses
154 453 45 20 ega,
223 445 96 22 kommer
345 445 89 21 sälunda
454 445 45 22 ofta
514 447 31 19 att
560 444 180 29 hufvudsakligen
757 445 50 22 bero
823 445 23 22 af

93 480 37 22 det
155 482 47 25 sätt,
227 480 82 29 hvarpä
334 479 42 22 den
400 487 157 21 gemensamma
572 480 154 29 panthafvaren
742 481 37 21 vill
794 482 51 27 göra

94 516 32 21 sin
148 517 43 19 rätt
213 515 105 27 gällande.
347 515 35 21 Då
401 515 117 21 emellertid
534 514 36 22 det
585 522 51 20 nyss
652 514 110 22 beskrifna
777 517 68 25 syste-

92 552 44 18 met
150 549 49 21 med
216 549 116 21 subsidiärt
347 548 113 22 solidarisk
475 549 141 28 ansvarighet,
632 548 43 22 lika
691 548 46 21 litet
752 556 45 14 som
808 548 37 21 det

93 584 39 20 hos
156 591 34 13 oss
214 583 35 21 för
271 583 132 21 närvarande
418 583 104 28 gällande,
538 583 42 21 kan
595 582 33 22 stä
644 583 137 21 tillsammans
797 582 48 22 med

94 618 26 21 de
141 618 7 20 i
172 618 41 21 den
236 617 123 29 föreslagna
373 617 189 29 utsökningslagen
577 617 141 29 genomförda
732 617 114 29 grundsat-

94 660 62 14 serna
172 652 132 21 beträffande
319 652 90 28 tidigare
417 652 146 22 konstituerad
571 653 105 27 panträtts
683 652 97 21 absoluta
788 652 57 21 före-

93 686 60 22 träde
175 686 90 21 framför
286 694 74 14 senare
375 686 132 21 tillkommen
523 687 51 20 eller
589 685 49 22 med
653 686 27 21 de
695 686 62 21 häraf
772 686 73 21 föran-

93 720 64 22 ledda
178 721 164 21 föreskrifterna
363 728 34 13 om
412 720 147 22 fastställande
575 720 22 21 af
612 723 31 18 ett
657 721 68 27 lägsta
741 720 104 29 antagligt

94 755 71 22 anbud
188 755 35 22 vid
239 755 132 28 försäljning,
386 755 38 20 har
438 756 32 20 uti
485 755 103 28 förslaget
602 755 31 21 till
650 754 115 29 ändringar
779 755 7 20 i
800 755 45 28 gäl-

94 790 62 21 lande
183 789 262 28 inteckningsförordning
471 789 41 22 den
537 791 86 26 stränga
648 789 144 21 solidariteten
808 789 36 21 vid

94 831 122 20 gemensam
238 825 94 28 panträtt
354 824 72 21 blifvit
449 827 113 26 upptagen,
577 823 117 29 hvarjemte
709 823 72 26 likväl,
795 823 51 22 med

94 858 102 22 afseende
212 858 12 21 å
239 859 27 20 de
281 858 127 22 invecklade
423 858 148 21 förhållanden
587 865 45 14 som
647 865 121 20 gemensam
784 861 61 24 pant-

94 895 42 19 rätt
151 892 59 22 alltid
226 893 84 21 medför
325 893 41 21 och
381 893 73 21 hvilka
469 892 115 22 framträda
600 893 8 20 i
623 892 116 29 synnerhet
751 891 36 22 vid
795 899 49 14 exe-

94 927 62 22 kutiv
182 927 126 29 försäljning
332 927 23 22 af
379 927 160 28 fastigheterna,
563 928 7 20 i
588 927 104 28 förslaget
707 926 92 28 stadgas,
815 929 32 19 att

94 961 59 30 dylik
168 962 125 28 inteckning
312 962 35 21 får
362 962 89 29 beviljas
467 962 76 21 endast
558 963 7 20 i
579 961 39 22 fall
633 961 155 28 fastigheterna
803 961 43 21 till-

94 996 52 22 höra
167 1004 79 13 samme
268 1004 62 20 egare
352 996 40 21 och
415 996 69 21 denne
500 996 120 28 skriftligen
635 995 114 28 medgifvit
764 995 82 21 inteck-

95 1031 85 28 ningen,
191 1031 51 21 eller
257 1031 116 28 anspråket
387 1030 28 29 på
430 1030 66 22 sådan
511 1030 125 27 inteekning
650 1029 93 28 grundas
759 1029 12 20 &
786 1029 60 21 dom-

94 1065 52 22 stols
169 1065 144 21 förordnande
336 1065 51 21 eller
409 1065 146 28 stadgandena
578 1072 34 13 om
630 1063 93 28 ogulden
739 1063 107 29 köpeskil-

94 1100 56 28 lings
170 1102 48 19 rätt.
248 1099 49 22 Och
318 1099 35 21 för
368 1103 31 18 att
414 1099 67 22 tillika
496 1099 34 21 för
544 1107 62 20 egare
622 1098 32 21 till
668 1101 131 25 gemensamt
814 1098 32 21 in-

93 1134 106 21 tecknade
222 1134 126 28 fastigheter
369 1133 120 22 underlätta
511 1133 137 28 möjligheten
664 1135 31 18 att
709 1139 77 22 genom
801 1132 44 21 för-

94 1170 81 27 yttring
191 1169 51 20 eller
256 1169 123 27 ytterligare
394 1168 147 28 pantsättning
556 1167 142 28 tillgodogöra
713 1167 33 27 sig
762 1166 84 21 enskild

95 1203 113 27 fastighets
229 1203 72 26 värde,
319 1202 118 21 innehåller
451 1202 104 27 förslaget
570 1202 44 21 dels
630 1203 31 19 att
677 1201 131 28 borgenären
823 1203 24 18 är

95 1237 119 28 berättigad
230 1239 36 25 att,
282 1237 56 21 efter
353 1236 217 22 öfverenskommelse
586 1235 47 22 med
650 1243 77 20 egaren
738 1235 51 22 eller
799 1242 46 21 ega-

95 1279 50 14 rene
160 1272 32 21 till
208 1271 26 21 de
250 1271 70 22 skilda
334 1271 161 28 fastigheterna,
509 1270 84 21 fördela
608 1269 239 28 inteckningsbeioppet

96 1306 12 21 å
132 1305 63 22 dessa
221 1309 55 18 samt
301 1306 8 21 i
334 1305 77 22 sådant
425 1305 102 22 afseende
542 1305 43 21 låta
601 1303 56 22 döda
672 1303 152 28 inteckningen
840 1305 7 20 i

95 1340 73 27 hvarje
192 1339 104 28 fastighet
320 1339 35 21 för
381 1339 37 20 det
442 1339 84 27 belopp,
541 1346 47 13 som
603 1338 144 27 öfverskjuter
762 1337 57 21 hvad
835 1337 12 20 å

98 1372 70 22 denna
184 1372 131 28 öfvertagits,
330 1372 45 22 dels
389 1374 38 24 att,
442 1372 64 21 äfven
521 1371 35 21 för
566 1371 37 21 det
614 1370 39 22 fall
663 1373 32 19 att
705 1370 60 28 dylik
777 1370 71 21 öfver-

97 1407 154 22 enskommelse
274 1408 18 28 ej
315 1406 82 22 träffats
421 1407 50 21 eller
485 1406 32 21 till
531 1405 55 29 följd
601 1404 23 22 af
639 1405 142 28 borgenärens
797 1404 51 21 obe-

96 1442 108 29 nägenhet
228 1442 48 22 icke
301 1442 33 22 fås
361 1442 33 20 till
418 1440 70 28 stånd,
509 1448 76 21 egaren
602 1440 51 21 eller
668 1446 90 22 egarene
773 1438 33 22 till
821 1438 26 22 de

166 1483 130 22 Lagutskottets
309 1481 109 19 betänkande
431 1483 36 16 N:o
480 1481 18 18 5.
