1064 1720
136 213 21 17 27

135 316 22 17 29

138 795 20 16 31

171 212 10 23 $

170 315 10 23 $

174 793 11 23 $

179 1348 10 24 %

223 145 25 21 16
390 144 82 23 Ständ.
489 144 37 23 Sv.
541 157 29 2 —
584 145 72 26 Prop.
671 145 41 22 N:o
727 145 21 22 4.

261 208 14 21 2
290 209 115 20 momentet
420 209 6 20 i
442 208 68 21 denna
524 208 102 27 paragraf
638 209 40 20 har
696 208 66 27 nägot
777 208 171 21 omformulerats

193 241 34 22 för
241 243 33 20 att
288 244 128 19 momentets
431 245 58 19 rätta
503 243 103 21 innebörd
621 243 68 21 mätte
704 242 48 21 med
768 243 64 26 nödig
842 242 106 27 tydlighet

195 275 87 27 framgä.

261 311 44 21 När
327 311 51 21 flere
400 311 124 27 fastigheter
546 312 26 26 gä
587 312 7 21 i
610 318 25 15 en
651 311 100 22 exekutiv
767 311 126 27 försäljning
908 312 41 21 och

194 345 25 21 de
242 345 42 22 alla
306 345 60 22 häfta
386 345 33 22 för
438 346 65 21 sädan
517 347 132 26 gemensamt
663 345 114 22 intecknad
792 345 95 27 fordran,
903 352 46 15 som

193 386 50 20 eger
257 380 71 21 bättre
343 382 44 19 rätt
402 383 26 19 än
444 381 40 21 den
507 380 93 27 fordran,
616 381 33 20 för
664 380 85 21 hvilken
765 381 26 20 de
808 380 70 27 säljas,
894 382 56 19 samt

193 420 25 14 ur
233 414 68 27 nägon
317 414 23 21 af
353 415 153 27 fastigheterna
521 415 108 21 dessutom
644 415 40 21 bör
698 415 48 21 med
761 415 109 21 företräde
885 415 65 21 fram-

193 448 33 21 för
241 450 40 20 den
297 450 88 20 utsökta
398 450 122 27 fordringen
530 451 50 27 utgä
591 451 66 26 nägot
671 450 53 21 visst
737 450 85 27 belopp,
832 457 47 14 men
890 450 61 20 detta

193 484 46 20 icke
254 483 101 23 betäckes
366 484 23 22 af
398 484 41 22 den
447 484 34 22 för
488 491 80 15 samma
576 485 103 26 fastighet
689 484 103 27 erbjudna
803 484 147 28 köpeskilling,

194 517 53 21 skall
265 518 66 27 enligt
349 518 137 28 lagförslaget
505 518 124 28 försäljning
647 518 23 22 af
692 519 140 21 nästnämnda
850 518 102 28 fastighet

194 552 85 21 förfalla
300 553 40 21 och
356 553 75 21 endast
449 554 26 20 de
490 553 68 27 öfriga
576 552 154 27 fastigheterna
745 554 109 21 användas
868 553 33 21 till
917 554 34 20 be-

194 586 81 27 talning
291 586 23 22 af
328 587 40 21 den
384 587 56 27 gäld,
455 587 34 21 för
503 587 85 21 hvilken
603 588 148 26 utmätningen
766 587 64 22 skett.
862 587 50 21 Med
922 587 30 22 af-

193 621 78 22 seende
293 621 53 22 härä
370 621 40 22 har
434 622 36 21 det
493 621 108 22 befunnits
620 622 74 27 nödigt
709 624 33 19 att
757 623 7 20 i
780 623 66 20 slutet
860 623 23 20 af
896 622 27 21 29
939 623 13 25 S

195 655 69 22 införa
279 657 32 20 ett
326 656 118 27 stadgande
459 656 23 21 af
496 657 40 21 den
552 656 110 27 innebörd,
678 658 33 19 att
726 657 6 20 i
749 657 91 21 nämnda
850 657 102 21 händelse

195 691 32 20 ett
248 690 69 27 lägsta
336 691 104 27 antagligt
454 691 72 21 anbud
541 691 55 22 skall
618 691 105 22 beräknas
739 691 58 22 såväl
812 691 34 22 för
862 691 40 22 den
917 698 36 15 en-

195 725 66 21 skildt
275 725 117 26 graverade
408 725 39 22 och
462 726 26 21 de
504 725 68 28 öfriga
586 725 155 28 fastigheterna
756 726 141 21 tillsammans
907 732 46 15 som

195 759 61 21 äfven
271 759 33 22 för
319 760 26 21 de
360 760 131 21 sistnämnda
505 760 153 27 fastigheterna
672 762 138 25 gemensamt.

265 794 34 21 Dä
320 794 62 27 fräga
404 801 33 15 om
460 795 98 27 giltighet
573 795 23 22 af
610 795 121 28 inteckning
746 795 34 21 för
795 795 159 28 nyttjanderätt

196 828 51 22 eller
268 830 45 20 rätt
335 829 34 22 till
392 829 96 22 afkomst
510 830 51 21 eller
583 837 70 15 annan
676 829 88 28 förmän,
784 837 46 15 som
846 831 23 21 ät
884 831 69 26 nägon

197 863 103 27 upplätits
315 865 33 20 att
363 864 23 21 af
400 863 42 23 fast
456 864 104 27 egendom
575 864 58 28 utgä,
649 867 24 19 är
687 864 108 22 beroende
810 865 28 27 pä
855 864 99 28 pröfning

197 898 51 21 eller
269 898 83 27 afgjord
374 904 75 21 genom
472 899 76 27 beslut,
570 906 46 15 som
631 899 19 27 ej
666 900 74 20 vunnit
754 900 52 26 laga
822 899 64 28 kraft,
902 900 53 21 eller

196 932 65 21 sädan
283 932 123 28 inteckning
428 932 70 22 blifvit
520 934 54 27 sökt,
591 940 47 15 men
662 934 146 27 ansökningen
830 936 58 19 ännu
907 934 47 21 icke

195 966 102 27 pröfvats,
319 966 67 22 borde
409 968 59 26 dylik
483 968 102 27 rättighet
600 970 105 25 upptagas
720 968 6 21 i
742 968 214 27 borgenärsförteck-

196 1002 77 26 ningen
295 1002 40 21 och
357 1004 61 24 tagas
436 1003 7 21 i
462 1002 116 28 beräkning
600 1003 34 21 vid
656 1003 163 21 bestämmande
841 1003 23 21 af
886 1004 69 26 lägsta

196 1036 66 21 budet
277 1036 27 26 på
319 1042 81 16 samma
414 1039 44 19 sätt
474 1043 44 15 som
534 1038 68 21 under
616 1038 112 21 enahanda
737 1038 150 21 förhållanden
898 1038 57 21 stad-

197 1076 37 21 gas
255 1070 133 22 beträffande
411 1070 94 22 fordran.
535 1072 33 22 Då
590 1072 118 21 emellertid
729 1072 137 28 bestämning
880 1072 75 22 härom

196 1104 77 22 saknas
296 1105 40 21 och
358 1106 79 26 följden
461 1106 61 21 deraf
535 1106 67 22 måste
616 1106 72 27 blifva,
704 1109 33 19 att
752 1114 26 14 en
794 1107 110 27 fastighet,
920 1107 36 21 be-

197 1138 103 22 träffande
323 1140 85 21 hvilken
430 1142 32 19 ett
477 1140 68 27 dylikt
561 1140 227 28 inteckningsanspråk
804 1144 24 18 är
843 1142 35 21 vid
897 1142 59 20 dom-

197 1173 42 21 stol
253 1174 124 26 anhängigt,
392 1174 84 22 komme
491 1177 32 19 att
537 1175 63 27 säljas
616 1177 51 19 utan
682 1175 106 22 förbehåll
805 1182 34 15 om
854 1176 42 21 den
906 1176 50 21 ifrå-

197 1210 85 24 gasatta
292 1208 140 26 rättighetens
443 1209 97 26 bestånd,
551 1211 55 20 samt
616 1210 152 26 försäljningen
779 1210 97 26 sålunda,
890 1210 66 26 jemte

198 1242 37 21 det
257 1242 40 21 den
313 1242 161 28 omintetgjorde
488 1243 66 26 sagda
569 1244 111 26 rättighet,
695 1244 62 26 ginge
774 1244 130 21 domstolens
924 1244 32 21 af-

197 1276 94 25 görande
310 1276 7 20 i
335 1276 79 26 förväg,
438 1276 40 21 har
492 1276 7 21 i
515 1277 69 20 denna
607 1277 101 26 paragraf
729 1278 69 25 gjorts
820 1279 31 19 ett
875 1278 81 25 tillägg,

199 1309 135 26 hvarigenom
350 1309 94 26 antydda
460 1310 54 21 brist
529 1309 70 22 blifvit
613 1310 99 26 afhjelpt.

269 1343 73 27 Enligt
364 1344 14 22 2
393 1350 62 15 mom.
470 1344 29 22 30
514 1345 13 26 &
542 1344 39 22 bör
604 1344 94 22 afkomst
712 1345 53 21 eller
780 1351 71 16 annan
866 1345 90 27 förmån,

203 1385 45 15 som
263 1378 55 22 skall
339 1379 47 21 med
404 1380 53 21 visst
474 1379 78 27 belopp
566 1380 7 21 i
589 1380 116 27 penningar
720 1380 52 21 eller
787 1386 63 16 varor
866 1380 51 28 utgå
932 1387 26 15 ur

205 1413 43 21 fast
263 1414 109 26 egendom,
394 1414 34 21 till
442 1414 38 22 sitt
494 1414 147 28 kapitalvärde
656 1416 104 26 upptagas
776 1415 7 21 i
798 1415 159 27 borgenärsför-

203 1448 126 27 teckningen
352 1448 33 22 för
400 1448 40 22 den
456 1449 106 28 händelse,
578 1451 34 20 att
626 1449 137 27 egendomen,
779 1450 27 27 på
821 1452 43 20 sätt
879 1450 7 22 i
902 1450 27 22 38
944 1452 13 26 8
