1025 1714
217 134 28 20 54
523 135 44 23 N:o
587 136 22 22 4.

535 203 26 20 20
577 202 18 27 8.

257 242 30 26 Är
303 248 17 26 ej
337 247 123 27 utmätning
475 247 108 22 förrättad
597 247 45 27 och,
659 247 38 21 der
712 247 32 21 lös
760 248 103 26 egendom
874 246 23 22 af
906 253 37 15 an-

188 283 39 20 nat
243 281 46 27 slag
305 284 27 19 än
348 282 8 21 i
371 282 25 20 21
414 282 11 28 &
441 284 49 25 sägs
506 282 65 27 tagits
586 282 7 21 i
608 283 51 25 mät,
675 281 127 28 försäljning
813 281 61 22 deraf
882 282 61 21 verk-

189 316 57 22 stäld
268 316 58 22 inom
348 317 38 20 två
407 316 109 27 månader,
539 316 67 22 sedan
627 316 133 27 kronofogde
782 316 113 27 emottagit
918 316 26 22 de

188 350 135 28 handlingar,
347 357 45 15 som
407 351 7 21 i
430 352 12 20 3
457 351 51 27 kap.
523 352 25 20 21
566 351 39 21 och
620 352 27 20 22
663 350 26 28 $$
705 352 97 26 nämnas,
826 350 39 22 och
886 351 59 21 inom

189 392 26 15 en
237 386 80 21 mänad
339 385 67 22 sedan
429 386 123 27 stadsfogde
575 386 82 21 sädana
675 385 129 27 handlingar
820 385 123 27 emottagit;

189 426 62 15 svare
265 419 79 28 fogden
360 420 48 26 sjelf
420 420 34 21 för
469 420 36 22 det
520 420 84 27 belopp,
620 420 88 21 hvarför
722 420 163 26 verkställighet
895 420 49 20 bort

190 454 44 26 ske,
251 454 38 21 der
303 454 44 21 han
363 455 17 27 ej
396 454 64 26 visar,
477 456 33 20 att
524 454 107 28 borgenär
646 454 80 21 lemnat
737 454 103 27 gäldenär
851 453 94 22 anständ

188 488 49 21 med
258 488 145 27 betalningen,
428 488 50 23 eller
501 490 33 20 att
555 488 34 22 för
611 488 123 28 utmätning
754 488 50 23 eller
818 488 127 28 försäljning

189 524 56 20 mött
266 523 83 26 hinder,
368 529 46 16 som
429 523 226 27 utmätningsmannen
672 523 18 28 ej
706 523 86 22 kunnat
806 523 137 21 förekomma.

189 557 71 22 Möter
275 557 80 22 sädant
370 558 82 26 hinder,
467 558 40 21 bör
522 558 42 27 det,
583 557 36 22 vid
635 557 97 28 äfventyr
748 559 34 20 att
797 557 36 22 det
849 557 61 28 eljest
926 557 17 27 ej

189 593 35 20 mä
246 592 33 21 till
294 592 77 21 ursäkt
386 593 86 26 räknas,
488 594 76 26 genast
580 592 116 21 antecknas
712 592 8 21 i
735 592 41 21 den
793 591 90 28 dagbok,
899 598 46 15 som

189 626 24 22 af
226 627 228 26 utmätningsmannen
470 627 53 21 skall
539 626 74 22 hällas.

536 703 25 20 21
579 701 19 28 8.

257 747 59 22 Skall
338 748 81 21 utmätt
440 747 88 22 fordran
552 747 50 22 eller
624 747 106 27 rättighet
752 747 71 28 säljas,
840 747 40 22 och
896 747 49 22 sker

188 783 38 20 det
241 783 25 27 ej,
283 783 12 20 &
310 782 74 22 landet
398 782 60 22 inom
472 784 34 19 tre
521 782 102 22 månader
639 782 39 21 och
693 782 7 21 i
716 782 49 24 stad
779 782 59 21 inom
852 783 37 20 två
899 783 45 20 mä-

189 817 67 22 nader
277 817 54 21 efter
347 817 36 21 det
397 816 78 29 fogden
492 817 112 27 emottagit
619 817 27 22 de
661 817 6 21 i
684 818 12 20 3
712 817 50 27 kap.
779 817 25 21 21
822 817 38 21 och
876 817 27 21 22
919 817 25 27 $$

189 853 95 21 nämnda
305 852 138 27 handlingar;
463 858 50 15 vare
529 859 34 15 om
577 852 54 21 hans
649 851 138 28 ansvarighet
802 851 36 28 lag
852 858 46 15 som
915 851 30 22 of-

187 893 43 16 van
245 887 7 21 i
270 887 27 21 20
313 887 12 28 &
341 889 25 19 är
380 887 69 27 sagdt.

257 917 30 26 Är
309 921 71 27 fartyg
404 921 50 22 eller
476 921 52 27 gods
543 921 8 21 i
565 921 72 27 fartyg
659 922 88 26 utmätt,
770 921 66 21 varde
854 920 36 22 det
906 921 39 21 ock

187 956 59 22 inom
261 962 30 15 nu
307 956 92 27 stadgad
415 956 32 22 tid
462 956 62 22 säldt.

535 1027 27 20 22
578 1025 18 29 $.

257 1071 59 22 Skall
331 1071 67 27 enligt
414 1073 12 20 3
442 1072 12 27 &
470 1072 92 21 särskild
576 1071 199 28 fördelningslängd
790 1073 109 25 uppgöras
914 1070 30 22 öf-

188 1113 37 15 ver
240 1106 96 27 tillgång,
352 1112 46 15 som
413 1112 77 21 genom
504 1107 123 26 utmätning
641 1105 88 27 influtit,
739 1112 52 15 vare
801 1106 144 27 utmätnings-

188 1146 94 16 mannen
305 1140 76 27 pligtig
404 1141 33 20 att
458 1140 118 27 framlägga
597 1140 93 27 längden
708 1140 58 22 inom
781 1140 80 28 fjorton
878 1140 67 27 dagar

189 1175 58 26 eller,
264 1181 34 15 om
313 1174 129 27 kungörelse
456 1174 8 21 i
479 1174 107 22 allmänna
601 1175 139 27 tidningarna
756 1174 114 27 erfordras,
886 1175 58 21 inom

188 1209 47 27 fyra
249 1210 79 21 veckor
343 1208 54 23 efter
412 1209 37 21 det
464 1209 130 27 egendomen
609 1209 70 22 såldes
694 1209 51 21 eller
756 1209 116 27 tillgången
883 1209 61 27 eljest

190 1243 67 21 imflöt.

535 1295 27 21 23
579 1294 18 27 8.

257 1340 46 22 Har
325 1340 124 28 utmätning
471 1339 23 22 af
513 1339 43 23 fast
579 1340 103 27 egendom
706 1340 64 27 skett,
794 1340 54 22 skall
864 1341 80 21 utmät-

188 1375 156 27 ningsmannen
360 1376 24 21 så
400 1375 127 27 skyndsamt
541 1375 88 27 vidtaga
648 1375 42 22 alla
706 1375 26 21 de
748 1375 107 28 åtgärder,
873 1375 71 22 hvilka

188 1410 29 27 på
231 1409 80 23 honom
327 1411 119 26 ankomma,
458 1411 32 20 att
502 1410 141 27 egendomens
655 1409 127 29 försäljning
793 1411 17 27 ej
823 1411 34 21 må
867 1417 77 21 genom

188 1445 53 22 hans
265 1445 99 22 vållande
382 1445 113 28 fördröjas,
512 1445 12 21 å
539 1445 74 21 landet
628 1445 59 22 öfver
702 1444 48 28 fyra
764 1445 103 22 månader
883 1445 39 22 och
937 1446 7 21 i
