1042 1714
198 130 34 37 20
510 137 44 24 N:o
574 139 23 22 8.

172 205 74 21 större
260 204 62 22 antal
336 204 187 28 försäljningsmän
539 205 28 26 på
579 204 81 26 landet,
671 204 39 21 har
720 204 164 27 bestämningen
895 210 35 15 om

176 239 41 21 den
232 238 93 22 nämnde
339 238 189 28 försäljningsmän
543 238 161 22 tillkommande
719 238 122 28 ersättning
851 238 79 22 under-

174 274 86 22 kastats
276 273 64 27 nödig
355 273 82 21 ansedd
452 273 98 27 ändring.
571 273 12 22 I
597 272 154 28 sammanhang
765 272 88 22 härmed
868 272 63 22 torde

172 308 81 28 jemväl
275 308 54 22 böra
352 310 124 20 omnämnas
496 309 33 21 att
544 308 41 22 den
600 308 115 27 provision,
732 314 46 16 som
793 307 66 28 enligt
875 307 12 28 &
903 308 26 21 41

175 343 8 21 i
198 350 30 15 nu
250 342 99 28 gällande
373 342 126 28 förordning
520 342 117 22 tillkomme
658 342 215 22 landskamrerarene
891 342 40 22 och

175 376 259 26 landträndtmästarene,
451 378 83 20 ansetts
549 376 74 22 kunna
637 376 109 28 indragas.

244 411 96 22 Emedan
362 411 91 27 kronan,
468 412 8 21 i
490 411 102 22 händelse
615 410 23 22 af
657 410 76 22 balans
753 410 51 22 eller
818 410 113 23 bristande

175 446 143 28 redogörelse,
342 452 62 20 synes
427 446 54 22 böra
495 445 64 22 hafva
573 445 142 22 förmånsrätt
729 445 40 22 hos
783 444 148 30 försäljnings-

174 483 94 20 männen
291 480 17 28 ej
332 480 56 21 blott
410 480 34 21 för
465 480 140 22 innestående
623 480 161 27 stämpelmedel
799 481 54 20 utan
869 480 62 22 äfven

175 516 35 21 för
225 514 74 28 sjelfva
314 514 195 27 stämpelförrådet,
525 514 41 22 har
581 516 32 20 ett
628 514 121 28 stadgande
763 514 76 22 härom
853 514 78 22 införts

176 550 71 22 under
262 550 12 27 &
290 550 26 20 22
333 548 23 22 af
368 548 248 28 författningsförslaget.

244 583 195 27 Bestämningarna
453 584 8 21 i
476 584 12 27 $
504 584 27 21 26
555 583 22 21 af
597 582 244 28 författningsförslaget
860 583 71 22 afvika

174 618 50 22 frän
240 618 98 27 gällande
353 617 126 27 förordning
494 617 18 27 ej
531 617 83 22 mindre
630 617 51 27 deri,
698 619 33 19 att
746 618 47 20 rätt
807 617 33 22 till
855 618 76 27 utbyte

176 654 25 20 är
222 651 120 28 medgifven
354 652 79 27 jemväl
447 651 33 22 för
495 651 188 27 stämpelmärken,
700 657 46 15 som
761 652 69 21 äsatts
846 651 85 27 expedi-

175 687 53 26 tion,
244 686 85 22 hvilken
344 686 47 22 icke
405 686 69 21 blifvit
489 685 96 28 utgifven
601 686 50 22 eller
666 685 33 22 för
714 685 85 23 hvilken
814 686 60 22 lösen
884 686 49 22 icke

175 722 85 21 kunnat
275 720 39 22 hos
330 721 103 27 sakegare
448 720 65 27 utfäs,
529 722 27 20 än
573 720 61 22 äfven
651 720 51 26 deri,
719 721 34 20 att
767 720 129 28 pröfningen
910 720 23 22 af

178 756 62 21 dessa
256 755 94 22 ärenden
365 755 45 21 helt
425 755 39 21 och
478 754 66 23 hället
559 755 152 22 öfverlemnats
726 754 33 22 till
768 754 163 28 länestyrelsen.

175 790 83 27 Frågor
280 789 23 22 af
324 790 70 21 denna
416 789 146 23 heskaffenhet
578 796 64 21 synas
657 789 107 27 nemligen
778 790 47 21 icke
839 796 53 15 vara
907 790 25 22 sä

177 824 189 28 maktpäliggande
388 824 52 22 eller
459 824 36 22 det
509 823 113 23 finansiela
636 824 109 26 intresset,
760 824 81 22 hvilket
855 824 77 22 härvid

175 859 41 21 bör
237 858 101 28 bevakas,
360 858 64 22 hafva
446 860 24 20 sä
492 860 47 20 stor
560 858 115 28 betydelse,
692 860 34 20 att
741 859 108 21 desamma
864 858 68 22 borde

177 893 147 22 underställas
339 892 232 28 finansexpeditionens
587 892 123 28 afgörande.

245 927 104 28 Slutligen
372 928 46 26 har,
442 928 71 22 säsom
535 928 68 21 redan
622 927 94 27 antydts,
733 928 148 27 stadgandena
897 934 34 15 om

175 961 109 28 påföljden
300 962 38 22 och
354 963 100 20 ansvaret
468 961 34 23 för
517 961 153 22 öfverträdelse
681 961 22 22 af
711 962 153 28 förordningen
875 963 56 21 samt

176 1002 35 16 om
226 996 49 28 laga
287 996 95 22 domstol
397 996 7 21 i
420 996 62 22 dessa
496 996 43 22 mäl
553 996 69 22 blifvit
640 996 160 22 sammanförda
815 997 69 21 under
899 998 32 21 ett

177 1030 56 22 enda
255 1031 87 27 kapitel,
366 1031 37 21 det
418 1031 53 21 sista
485 1031 8 21 i
507 1030 250 29 författningsförslaget.
787 1031 69 22 Dessa
871 1032 60 21 stad-

176 1066 86 26 ganden
285 1067 37 20 äro
344 1064 178 29 hufvudsakligen
544 1065 100 22 hemtade
662 1064 47 24 frän
725 1066 49 27 kap.
790 1066 20 21 V
825 1065 40 22 och
879 1065 53 22 VIi

176 1100 100 26 gällande
298 1100 126 26 förordning
440 1100 39 22 och
494 1100 62 21 torde
571 1100 45 21 icke
632 1100 97 22 erfordra
744 1101 71 27 nägon
831 1102 100 20 närmare

176 1134 134 27 motivering.

244 1232 71 22 Jemte
338 1231 36 22 det
394 1233 62 21 Hans
478 1232 119 27 Kejserliga
620 1233 103 26 Majestät
747 1233 104 26 härjemte
873 1233 58 21 velat

176 1265 33 22 till
232 1265 132 21 Ständernas
386 1266 189 27 grundlagsenliga
596 1266 130 27 behandling
749 1266 130 22 öfverlemna
894 1267 37 21 det

176 1300 7 20 i
200 1299 93 27 enlighet
308 1299 48 21 med
372 1299 62 22 ofvan
454 1299 87 28 angifna
556 1300 95 27 grunder
665 1300 123 27 uppgjorda
802 1300 81 28 förslag
898 1301 33 21 till

175 1333 127 28 förordning
317 1333 7 22 i
340 1335 78 24 ämnet,
441 1334 108 21 meddelas
571 1333 122 23 Ständerna
708 1335 33 21 till
756 1335 122 22 kännedom
894 1335 37 22 det

176 1368 80 28 förslag
278 1368 33 22 till
333 1369 129 27 kungörelse
478 1369 110 27 angäende
604 1369 137 28 tillverkning
757 1369 39 22 och
811 1370 119 22 utkredite-

176 1404 48 27 ring
240 1403 22 22 af
276 1404 56 21 samt
346 1403 138 28 redovisning
497 1403 34 22 för
546 1404 175 27 stämpelpapper
733 1404 39 22 och
781 1405 149 28 stämpelmär-

176 1438 49 27 ken,
242 1444 45 15 som
303 1439 24 21 är
342 1438 74 22 afsedd
432 1440 32 19 att
474 1439 7 21 i
492 1439 159 22 administrativ
665 1441 41 25 väg
716 1439 108 28 utfärdas;
835 1440 95 21 varande

177 1473 139 21 omförmälda
332 1475 79 19 tvänne
426 1473 219 28 författningsförslag
661 1473 22 22 af
696 1473 94 28 följande
804 1475 89 27 lydelse:
