1039 1714
237 143 26 21 98
405 142 84 23 Ständ.
504 142 36 23 Sv.
558 155 26 2 —
600 143 72 27 Prop.
688 142 42 23 N:o
745 142 21 22 4.

207 208 121 27 skyldighet
342 210 33 19 att
390 208 70 22 derför
476 215 89 15 ansvara
580 209 19 26 ej
615 208 66 21 heller
696 209 84 26 tvistig;
800 208 64 21 varde
879 207 81 22 inteck-

207 243 77 27 ningen
300 243 23 22 af
336 243 78 21 Rätten
429 243 106 26 faststäld,
552 243 55 22 ändå
622 245 33 19 att
669 242 192 28 fastighetsegaren
876 241 19 28 ej
912 242 47 21 der-

206 278 33 21 till
262 278 125 27 samtycker.
417 277 41 22 Vid
480 277 60 28 fråga
562 285 34 15 om
618 277 123 27 inteckning
758 277 34 22 för
807 277 84 27 sytning
906 277 54 21 skall

207 312 54 21 dock
281 312 108 27 iakttagas
407 312 55 23 hvad
477 313 8 22 i
499 313 150 26 förordningen
666 312 22 21 af
702 313 40 21 den
757 313 29 21 20
800 312 51 22 Juni
868 311 55 22 1864
937 313 24 20 är

207 347 105 27 stadgadt.

275 381 11 22 I
297 381 69 22 skilda
377 381 125 28 fastigheter
511 381 35 22 må
556 382 18 27 ej
585 381 122 28 inteckning
716 381 33 22 för
756 387 81 17 samma
844 381 117 26 fordrings-

206 415 78 28 belopp
306 415 94 30 beviljas,
424 416 49 21 med
495 416 81 22 mindre
599 415 155 28 fastigheterna
775 416 87 21 tillhöra
882 421 78 16 samme

207 456 62 21 egare
285 451 39 21 och
340 450 67 22 denne
423 450 126 28 skriftligen,
565 451 69 21 såsom
650 450 6 21 i
671 450 12 27 $
698 451 14 21 5
727 453 55 24 sägs,
798 450 112 27 medgifvit
920 450 39 21 den

206 491 157 20 gemensamma
381 485 155 28 inteckningen,
555 485 52 22 eller
624 485 117 27 anspråket
756 485 28 27 på
800 485 65 22 sådan
880 485 80 20 inteck-

205 520 52 27 ning
278 519 93 28 grundas
389 520 13 21 å
420 520 103 22 domstols
538 520 142 22 förordnande
696 520 52 21 eller
765 519 145 28 stadgandena
926 525 33 16 om

207 554 90 27 ogulden
313 554 153 28 köpeskillings
481 557 51 20 rätt.

550 634 12 28 8
579 634 33 22 13.

274 692 46 21 Har
334 691 176 29 fastighetsegare
520 692 98 28 uppbörd
629 692 51 22 eller
690 692 129 28 förvaltning
829 692 23 22 af
861 692 98 22 Kronans

206 726 52 21 eller
273 726 78 22 allmän
371 727 127 27 inrättnings
514 727 80 26 medel;
610 727 27 21 då
653 727 39 25 må,
708 726 28 28 på
750 727 118 27 ansökning
882 727 23 22 af
919 727 39 21 den

206 760 129 28 myndighet,
351 768 45 15 som
412 767 48 21 eger
475 762 73 27 tillsyn
561 761 58 22 öfver
629 762 66 21 sådan
705 762 165 27 uppbördsman,
879 761 80 22 inteck-

206 795 51 27 ning
270 796 7 21 i
293 795 130 28 fastigheten
441 796 88 28 beviljas
544 796 34 21 för
592 796 52 22 visst
659 796 78 27 belopp
752 795 24 23 af
789 796 56 22 hvad
860 796 48 26 han,
925 796 34 21 vid

205 830 134 26 redogörelse
355 830 33 22 för
403 831 31 21 sin
450 830 128 27 befattning,
593 831 42 21 kan
650 830 68 22 finnas
733 830 83 28 skyldig
830 832 34 20 att
880 830 78 22 betala.

274 860 30 25 Är
326 865 23 22 af
369 866 97 27 domstol,
482 872 45 16 som
543 866 97 21 haudhar
655 865 121 22 vårdnaden
792 865 58 22 öfver
866 866 93 26 förmyn-

206 899 97 28 derskap,
319 899 127 23 förordnadt
464 903 33 19 att
516 900 160 28 förmyndarens
691 900 104 28 fastighet
809 900 61 28 skall,
886 900 73 27 mynd-

206 934 70 26 lingen
292 934 33 22 till
341 934 106 28 säkerhet,
463 935 33 21 för
510 935 53 21 visst
577 936 77 26 belopp
669 935 118 27 intecknas,
804 935 27 21 då
844 935 73 27 varde,
932 935 27 27 på

205 968 119 28 ansökning
339 969 23 21 af
375 970 77 21 utsedd
466 970 43 26 god
524 976 55 21 man,
594 970 66 22 sådan
676 970 123 26 inteckning
810 970 39 22 ock
860 970 98 27 beviljad.

550 1068 12 27 8
579 1068 33 22 16.

273 1124 66 22 Beror
361 1124 132 28 intecknings
516 1125 118 27 ansökning
655 1126 28 27 pä
700 1126 201 27 fastighetsegarens
921 1126 37 22 hö-

205 1158 66 21 rande
293 1158 51 22 eller
363 1159 90 21 särskild
468 1160 117 27 rättegäng,
601 1160 40 21 och
656 1162 24 20 är
695 1160 129 28 fastigheten
840 1160 118 22 emellertid

205 1198 76 20 genom
301 1192 97 26 dödsfall,
416 1193 130 27 försäljning,
565 1194 62 21 skifte
644 1194 51 22 eller
709 1194 63 27 gäfva
786 1196 97 20 kommen
899 1195 7 21 i
922 1202 36 14 an-

205 1233 52 15 nans
271 1227 64 27 hand,
351 1228 35 21 mä
396 1228 18 26 ej
426 1227 132 28 intecknings
568 1228 148 22 fastställande
727 1229 62 22 deraf
798 1229 94 26 hindras;
904 1229 54 21 dock

205 1261 66 21 varde
287 1260 145 22 dessförinnan
448 1262 41 20 den
504 1268 41 20 nya
560 1267 77 21 egaren
653 1263 7 20 i
675 1263 65 21 saken
754 1262 59 22 hörd.

549 1357 12 28 8
576 1358 34 21 17.

272 1410 30 27 Är
317 1415 32 22 uti
363 1415 109 28 fastighet,
488 1416 64 22 sedan
568 1416 41 22 den
624 1415 107 29 öfvergätt
745 1417 7 21 i
768 1423 80 16 annans
863 1423 47 22 ego,
925 1418 32 21 in-

205 1450 101 27 teckning
322 1450 49 22 sökt
385 1450 33 21 för
428 1450 56 22 förre
495 1457 89 21 egarens
595 1450 139 28 förbindelse;
745 1458 51 15 vare
805 1452 152 28 ansökningen,
