1028 1717
279 132 82 24 Ständ.
376 134 37 23 Sv.
428 148 28 2 —
472 136 70 27 Prop.
558 136 42 22 N:o
615 136 19 22 2.
774 137 26 21 13

284 200 25 22 de
330 201 9 21 i
359 202 79 22 sådant
458 202 96 27 afseende
568 202 118 22 meddelade
700 203 130 27 föreskrifter

283 236 36 20 vid
333 236 108 27 delningen
456 237 110 27 iakttagas.

351 266 71 26 Äskas
444 271 102 27 klyfning,
572 271 36 21 bör
631 272 105 20 sökanden
756 278 74 20 genom

285 304 76 27 utdrag
375 312 26 14 ur
415 305 184 27 mantalslängden
614 306 48 21 eller
668 306 33 27 på
711 308 66 19 annat
786 307 44 20 sätt

285 339 74 21 utreda
373 339 67 21 hvilka
451 340 63 27 jemte
528 340 76 22 honom
617 340 63 27 hafva
696 340 32 21 del
742 340 9 21 i
761 340 69 28 lägen-

283 372 60 22 heten
359 374 36 21 och
409 374 102 22 storleken
528 374 26 28 af
565 374 87 22 enhvars
668 374 66 22 andel.

525 474 29 20 18
569 471 22 29 $.

356 529 55 22 Utan
421 530 65 21 skildt
492 530 142 27 förordnande
642 531 36 20 må
686 530 145 27 landtmätare,

285 564 37 21 der
343 565 26 20 så
384 565 70 25 äskas,
476 565 9 20 i
498 564 151 27 sammanhang
663 565 48 21 med
724 565 108 26 storskifte

285 598 48 22 eller
348 598 175 28 skiftesreglering
542 599 94 28 lägenhet
649 599 77 28 klyfva,
748 599 28 21 så
790 599 41 27 ock,

285 633 30 21 då
336 633 41 21 han
399 633 121 27 förordnats
542 636 31 19 att
587 634 44 21 viss
645 633 141 22 hemmansdel
799 636 33 19 ut-

285 667 66 28 bryta,
368 667 96 27 derjemte
476 668 111 22 verkställa
596 668 122 27 utbrytning
729 668 27 27 af
762 675 71 14 annan

285 701 62 22 andel
361 702 8 21 i
383 709 81 15 samma
479 701 99 29 lägenhet,
594 701 92 28 såframt
698 703 82 22 sådant
787 702 47 22 med

286 736 96 27 afseende
397 737 14 20 å
426 737 96 22 delarnes
543 737 76 22 storlek
633 737 37 27 får
684 737 36 22 ske
736 737 36 22 och
787 737 46 25 den,

285 779 47 14 som
347 771 58 28 dylik
418 772 130 27 förrättning
564 772 68 27 begär,
648 772 31 21 till
688 773 113 27 styrkande
812 773 27 26 af

286 806 35 21 sin
343 806 87 27 egande-
452 807 48 22 eller
526 807 85 22 åborätt
635 806 77 28 företer
731 807 104 28 protokoll

288 841 56 26 öfver
365 840 77 23 honom
458 841 118 22 meddeladt
590 841 87 28 uppbud
691 841 48 22 eller
754 841 31 22 till
798 841 36 22 ho-

287 883 49 14 nom
357 876 111 27 utfärdadt
489 877 71 26 faste-,
588 876 76 22 skatte-
686 876 48 21 eller
755 876 79 21 immis-

287 910 111 27 sionsbref.

357 945 114 28 Styckning
496 946 36 21 och
558 945 124 28 afsöndring
706 953 36 20 ege
766 945 68 22 landi-

287 981 80 20 mätare
382 980 35 22 ock
431 981 30 26 pä
475 981 109 27 sakegares
607 980 104 22 anmodan
725 983 52 19 utan
792 981 43 26 för-

287 1015 106 22 ordnande
414 1015 122 27 verkställa;
559 1015 50 22 dock
628 1015 35 22 bör
677 1015 43 22 han
734 1015 8 20 i
757 1015 78 22 sädant

286 1049 40 27 fall
353 1052 74 25 genast
456 1051 52 26 efter
536 1050 129 27 uppdragets
692 1049 143 28 emottagande

288 1083 71 22 derom
373 1085 38 21 hos
426 1084 202 23 länelandtmätaren
644 1084 88 22 anmäla.

531 1184 28 21 19
575 1182 21 29 $.

355 1240 107 28 Klyfning
476 1240 128 27 verkställes,
619 1241 34 26 pä
667 1242 45 19 sätt
726 1239 70 22 derom
811 1241 26 20 är

289 1275 102 22 särskildt
405 1275 107 28 stadgadt,
528 1275 51 22 dock
593 1277 31 20 att
638 1275 140 27 skiljoräerna
788 1275 49 22 böra

287 1310 38 21 vid
353 1310 149 27 utstakningen
526 1310 48 22 eller
598 1309 125 23 omedelbart
750 1310 87 26 derefter

288 1345 116 25 rörläggas.
440 1345 39 20 Då
500 1344 170 27 Klyfningsskifte
694 1344 74 20 vunnit
790 1344 47 26 laga

288 1378 63 26 kraft,
373 1378 53 21 skall
447 1378 203 21 länelandtmätaren
671 1378 9 20 i
690 1377 147 27 jordregistret

288 1412 70 26 införa
380 1410 83 23 delarne
480 1412 73 21 såsom
568 1411 68 22 skilda
651 1410 117 28 lägenheter
783 1413 55 20 samt

289 1446 70 22 derom
382 1446 70 22 teckna
474 1446 56 22 bevis
551 1447 14 21 å
587 1446 75 22 kartan
682 1446 36 22 och
734 1446 104 28 delnings-
