1034 1720
316 152 28 23 U.
359 152 27 23 B.
403 165 26 4 —
444 154 72 28 Prop.
533 154 44 23 N:o
592 154 22 23 2.
781 155 26 21 23

364 221 42 21 Det
427 222 94 22 sålunda
539 223 131 28 påtecknade
688 224 93 27 utslaget
795 223 41 22 låte

295 257 134 24 guvernören
458 257 66 20 sedan
553 257 154 21 vederbörande
736 257 100 28 sakegare

296 289 105 22 tillställa.

533 382 29 20 24
576 381 21 28 8.

362 442 50 22 Har
438 444 144 21 landtmätare
608 446 56 19 utan
689 444 146 28 förordnande

295 477 110 21 verkställt
426 478 114 28 styckning
561 478 50 22 eller
631 478 135 29 afsöndring,
780 479 56 21 skall

294 511 46 28 före
352 512 134 28 pröfningen
500 513 29 27 af
539 513 25 21 de
579 513 8 21 i
603 514 32 20 22
648 514 15 26 $
678 513 94 28 angifna
787 520 46 15 om-

295 546 145 28 ständigheter
469 548 136 26 undersökas,
631 554 35 15 om
686 548 41 21 den
748 548 85 28 ifråga-

295 581 95 21 varande
415 581 116 28 delningen
555 582 86 21 kunnat
662 582 93 28 lagligen
775 582 58 28 före-

296 617 66 25 tagas.

534 720 31 20 25
579 719 22 27 $.

367 782 44 21 Vill
427 782 73 27 någon
513 789 77 21 genom
604 782 114 27 styckning
733 782 51 21 eller
797 782 36 27 af-

294 816 104 28 söndring
420 816 53 28 från
493 816 37 21 sin
548 816 97 28 lägenhet
661 815 91 29 afskilja
766 816 69 21 holme

295 851 51 20 eller
366 850 104 21 särskildt
484 851 96 27 rörlagdt
593 850 107 27 egoskifte,
715 850 39 21 och
768 850 68 28 hafva

293 885 45 21 icke
358 892 60 13 mera
439 887 31 19 än
488 885 83 28 fyratio
585 885 27 20 år
625 884 96 28 förflutit
734 884 54 28 från
802 885 35 21 det

294 919 119 28 ajfattning
429 920 39 21 och
480 919 117 28 gradering
607 919 28 28 af
642 919 136 28 lägenhetens
787 926 50 21 egor

293 955 74 20 senast
387 954 79 27 skedde,
490 954 41 21 låte
553 953 44 22 han
619 953 144 22 landtmätare
783 953 54 28 efter

294 988 78 21 kartan
390 988 38 21 och
448 987 201 28 egobeskrifningen
668 989 105 26 upprätta
789 988 46 21 del-

293 1021 129 28 ningskarta
441 1022 39 21 och
498 1021 120 28 uträkning
635 1021 29 28 af
675 1021 159 28 andelsförhål-

294 1056 74 21 landet
386 1058 58 19 samt
463 1056 36 28 för
517 1056 130 28 afsöndradt
663 1056 86 21 område
764 1056 72 21 tillika

295 1090 94 21 beräkna
403 1091 72 27 årliga
489 1091 114 27 afgäldens
619 1090 79 28 belopp,
707 1090 72 21 såsom
789 1090 10 21 i
809 1091 28 20 21

294 1125 14 25 $
321 1126 60 25 sägs;
407 1125 38 20 och
462 1125 65 20 varde
542 1125 67 20 sedan
623 1124 48 21 med
685 1125 89 20 ärendet
787 1124 46 27 för-

293 1158 59 27 faret
370 1159 68 27 enligt
452 1159 41 21 den
507 1159 10 20 i
533 1159 37 26 22,
587 1159 32 20 23
633 1158 38 21 och
687 1159 29 20 24
730 1159 30 27 $$
774 1159 59 20 stad-

293 1193 53 27 gade
362 1193 99 27 ordning.

531 1296 31 20 26
576 1296 19 26 $.

366 1357 42 20 Vid
427 1357 129 27 afsöndring
573 1358 115 26 upprättas
703 1357 62 20 karta
780 1357 53 21 alle-

294 1393 49 19 nast
359 1390 59 27 öfver
432 1391 35 20 det
481 1390 96 27 afskilda
587 1390 101 21 området.
715 1390 59 21 Dock
784 1390 51 21 böra

294 1424 14 21 å
318 1424 70 21 denna
399 1424 72 21 tillika
482 1426 108 26 upptagas
599 1423 84 22 sådana
692 1423 60 28 fasta
762 1424 72 21 binde-

291 1459 95 27 punkter
400 1458 53 28 från
468 1459 41 21 den
523 1458 86 22 odelade
621 1458 135 28 lägenhetens
766 1458 68 29 karta,

159 1499 47 23 Lag-
218 1499 32 18 och
262 1498 178 18 Ekonomiutskottets
453 1498 108 18 betänkande
573 1498 36 18 N:o
622 1499 15 17 1.
