1048 1717
344 136 24 22 U.
384 137 25 22 B.
424 151 28 3 —
467 138 65 28 Prop,
547 138 38 22 N:o
600 138 20 22 8.
803 142 28 20 45

453 204 11 25 8
482 206 32 19 13.

173 258 35 22 Då
222 259 107 27 utgående
344 261 122 26 expedition
480 260 55 22 skall
545 261 50 22 med
605 261 166 27 stämpelmärke
782 261 76 27 förses,

103 292 109 27 iakttages
234 294 35 21 vid
292 294 117 28 stämpelns
429 295 146 27 anbringande
593 295 40 22 och
652 296 133 27 makulering
808 303 50 15 ena-

104 326 72 23 handa
190 326 128 28 förfarande,
334 334 45 17 som
394 329 7 22 i
416 330 14 26 8
447 332 25 19 12
489 330 96 27 stadgas.

449 400 13 26 8
479 401 33 20 14.

172 455 138 27 Afhandling,
332 455 130 23 förbindelse
482 457 52 21 eller
554 462 69 16 annan
641 456 69 27 skrift,
727 463 46 15 som
789 457 70 22 blifvit

103 490 118 27 upprättad
238 491 64 21 innan
318 490 69 22 denna
402 490 136 28 förordnings
555 491 134 28 tillämpning
704 491 99 27 vidtager
817 492 41 21 och

103 524 67 28 enligt
180 524 28 22 dä
218 525 100 27 gällande
328 525 161 28 bestämningar
499 525 102 28 antingen
612 526 55 21 varit
677 525 117 28 stämpelfri
805 525 53 23 eller

103 559 107 28 stämplad
232 561 48 20 med
295 560 59 27 lägre
374 560 60 22 valör
455 562 26 19 än
500 560 67 28 enligt
582 561 70 21 denna
666 560 130 28 förordning,
811 561 46 24 bör,

103 594 27 22 dä
149 594 41 22 den
206 594 53 23 efter
279 595 70 21 denna
364 594 135 28 förordnings
515 595 104 22 trädande
634 595 7 21 i
656 595 57 22 kraft
727 594 55 23 inför
797 595 60 22 dom-

102 629 43 22 sto]
164 629 53 22 eller
232 629 124 27 myndighet
370 629 86 26 företes,
472 636 51 15 vara
537 630 78 26 belagd
630 630 49 22 med
694 629 25 22 sä
734 630 43 27 hög
793 631 65 20 stäm-

102 663 42 28 pel,
160 669 46 16 som
221 663 33 22 för
269 664 73 27 hvarje
357 663 36 22 fall
408 663 97 23 ofvanför
518 664 69 22 finnes
603 664 101 27 angifvet.

398 760 54 22 III
468 761 96 28 Kap.

176 817 36 23 Om
228 817 106 29 tillsynen
350 817 65 24 öfver
430 817 207 30 stämpelafgiftens
653 817 130 29 utgörande.

450 876 11 29 8
477 879 33 20 15.

169 934 93 22 Domare
278 934 52 23 eller
344 941 70 15 annan
430 935 136 27 tjensteman,
583 941 46 16 som
644 934 68 23 under
727 934 97 28 utöfning
835 933 22 22 af

100 969 33 22 sin
156 969 120 27 befattning
298 971 119 25 emottager
436 969 108 22 enskildes
564 969 87 22 skrifter
666 969 40 22 och
721 969 134 27 handlingar,

101 1009 89 16 ansvare
212 1003 33 22 för
263 1005 33 20 att
313 1003 7 22 i
336 1003 70 22 denna
424 1003 124 28 förordning
562 1003 107 28 påbjuden
685 1003 122 28 skyldighet
821 1005 35 20 att

100 1039 78 26 utgöra
200 1038 155 27 stämpelafgift
375 1038 78 21 varder
474 1038 116 27 behörigen
609 1037 108 28 fullgjord.
747 1038 34 21 Då
799 1038 56 22 slika

101 1071 87 23 skrifter
205 1072 111 25 inlemnas,
338 1072 82 27 åligger
438 1072 37 22 det
490 1072 73 22 derför
577 1073 40 21 den
633 1072 151 27 emottagande
800 1073 54 26 tjen-

100 1109 127 19 stemannen
247 1108 33 20 att
295 1109 79 24 genast
388 1107 169 26 tillkännagifva,
572 1106 106 22 huruvida
693 1106 69 27 någon
778 1106 55 21 brist
847 1107 7 20 i

100 1141 143 28 stämplingen
264 1141 115 22 förefinnes
402 1141 40 22 och
463 1141 86 27 tillsäga
567 1141 119 27 sakegaren
706 1142 33 20 att
759 1139 96 23 anskaffa

100 1175 92 28 stämpel
214 1176 32 21 till
269 1176 37 22 det
324 1175 85 28 belopp,
429 1181 47 16 som
494 1175 141 28 tilläfventyrs
654 1175 84 26 brister,
755 1175 99 22 hvilket

99 1210 159 22 inlemnaren
281 1210 67 22 skall
372 1210 78 22 ställa
472 1210 38 27 sig
529 1210 42 22 till
593 1210 187 26 efterrättelse,
798 1209 55 22 med

100 1245 196 22 honomlemnad
306 1246 52 21 rätt
367 1247 45 25 att,
422 1245 8 21 i
442 1244 45 23 fall
497 1245 47 21 han
555 1251 76 16 anser
641 1244 46 22 den
698 1243 157 23 föreskrifna

100 1279 166 27 karteringen
285 1286 60 14 vara
360 1280 106 26 oriktig,
487 1279 117 22 deröfver
619 1279 73 27 klaga
707 1279 31 26 på
753 1280 53 20 sätt
821 1279 6 20 i
843 1278 10 27 $

100 1315 28 21 37
147 1316 113 19 närmare
276 1313 170 22 omförmäles.

168 1348 68 20 Detta
251 1348 120 26 stadgande
386 1353 51 21 eger
452 1347 18 26 ej
488 1347 133 27 tillämpning
637 1347 12 20 å
663 1349 66 24 prest,
740 1347 28 20 då
779 1346 74 21 äkten-

100 1381 137 27 skapsförord
252 1382 34 21 för
300 1381 78 22 honom
391 1382 86 26 upptes.

168 1416 131 27 Ansökning,
318 1422 53 21 som,
386 1416 7 21 i
409 1416 49 22 stöd
474 1415 22 22 af
510 1415 55 22 hvad
581 1414 178 28 författningarna
773 1415 7 21 i
795 1414 59 22 vissa

99 1451 37 22 fall
151 1451 75 25 tillåta,
242 1452 68 21 under
325 1451 83 27 omslag
422 1451 108 27 insändes,
545 1451 40 22 bör
599 1450 7 22 i
617 1450 70 28 vanlig
699 1450 89 28 ordning
798 1449 54 23 före-
