1045 1714
345 131 22 22 U.
384 131 24 21 B.
424 144 26 2 —
467 132 64 28 Prop.
546 131 37 23 N:o
599 130 20 23 8.
801 131 27 21 29

106 196 128 29 delökning
249 196 25 22 af
287 196 71 22 minst
373 197 49 27 49/,
439 204 36 14 om
491 197 53 27 året,
559 197 7 21 i
577 196 96 22 hvilken
683 196 109 22 händelse
803 196 53 22 åren

107 232 121 26 1895—97,
244 230 69 22 redan
329 230 75 28 enligt
426 230 86 22 hittills
535 230 107 28 gällande
658 230 146 22 föreskrifter
819 238 38 13 an-

105 264 89 29 gående
217 264 175 28 stämpelafgift,
409 264 90 22 komme
515 267 34 19 att
564 265 8 21 i
587 264 114 22 afrundad
721 271 88 15 summa
824 264 33 21 in-

105 298 83 28 bringa
213 298 167 28 sammanlagdt
405 299 66 21 Fmk.
495 300 113 26 3,496,400
634 299 56 21 eller
714 299 9 20 i
749 298 108 21 medeltal

106 334 112 26 1,165,466
241 332 65 22 mark
328 332 96 29 årligen.
453 333 46 21 Det
521 336 25 18 är
567 332 75 22 denna
666 340 88 14 summa
772 332 86 22 Bevill-

105 367 187 28 ningsutskottet
307 367 79 21 funnit
402 368 36 27 sig
453 367 56 22 böra
523 369 54 26 taga
592 368 37 20 till
644 367 41 21 bas
700 367 36 21 för
749 367 43 26 sin,
801 366 56 29 jäm-

105 402 46 20 likt
166 401 25 21 L.
204 402 24 20 O.
240 402 11 27 $
266 402 34 27 37,
316 400 82 30 gjorda
413 401 129 29 beräkning
557 401 26 22 af
589 401 268 28 stämpelbevillningens

105 435 84 29 belopp
205 435 37 22 för
256 435 115 29 ingäende
386 436 161 28 finansperiod.

173 470 35 22 Dä
224 470 265 28 Bevillningsutskottet
504 470 95 22 härnäst
614 472 40 26 egt
669 472 34 20 att
713 473 105 25 uppgöra
828 476 29 14 en

107 504 59 22 efter
184 504 151 29 möjligheten
351 504 138 28 tillförlitlig
504 504 129 28 beräkning
648 504 26 22 af
686 504 28 22 de
729 504 128 28 förhöjnin-

105 546 53 22 gars
174 540 121 21 finansiela
310 539 125 29 betydelse,
450 539 81 22 hvilka
546 540 8 21 i
569 539 45 22 den
624 539 86 29 nädiga
719 538 138 31 propositio-

105 581 46 14 nen
166 574 56 21 eller
232 574 63 22 inom
306 574 116 22 utskottet
432 574 138 29 föreslagits,
581 574 41 22 har
632 575 116 21 utskottet
758 573 99 29 nödgats

105 611 54 26 taga
174 609 38 21 till
227 608 96 29 ledning
338 608 27 22 de
381 609 213 29 primäruppgifter,
606 615 48 15 som
664 609 75 21 finnas
749 607 108 29 bifogade

105 643 44 21 den
165 643 8 22 i
189 645 77 19 ämnet
281 643 37 21 till
335 644 54 22 1885
404 643 36 21 ärs
456 643 98 22 Ständer
565 643 85 22 aflätna
660 643 85 28 nädiga
755 643 103 28 proposi-

105 677 80 22 tionen
200 684 37 14 n:o
253 679 34 20 23.
310 677 83 28 Enligt
408 677 77 22 derom
502 677 39 22 vid
555 679 53 20 1882
620 677 36 21 ärs
666 677 113 28 landtdag
788 677 68 21 fram-

107 711 62 22 stäld
191 711 146 28 underdänig
360 711 109 22 anhällan
488 711 141 22 insamlades
642 711 118 28 nämligen
775 718 84 21 genom

105 746 176 21 embetsverken
297 753 29 14 en
341 745 147 30 redogörelse
503 746 36 21 för
555 746 28 21 de
599 745 180 29 hufvudsakliga
795 745 64 22 kate-

105 781 82 28 gorier,
203 781 35 21 uti
260 781 81 21 hvilka
364 780 170 29 stämpelafgift
552 781 86 28 erlagts
652 780 52 22 från
720 780 44 22 den
781 781 10 21 1
807 780 51 22 Juli

107 816 55 22 1883
177 815 37 21 till
230 822 86 15 samma
331 815 45 28 dag
392 816 61 27 1884,
470 815 43 22 och
527 815 75 22 finnes
617 815 52 22 icke
684 815 127 28 anledning
820 814 38 22 be-

104 850 73 27 tvifla,
193 852 35 19 att
244 849 75 22 denna
334 849 134 29 fördelning
481 851 139 20 ätminstone
636 850 8 21 i
655 849 132 22 hufvudsak
798 849 59 22 skall

105 885 69 22 äfven
190 883 37 23 för
242 884 143 22 närvarande
401 892 42 21 ega
458 885 117 28 giltighet.

173 919 107 22 Nämnda
295 919 145 28 redogörelse
455 919 95 28 utvisar,
567 921 33 20 att
615 927 28 14 en
660 919 86 22 ernädd
756 919 103 22 inkomst

105 953 26 22 af
144 953 66 22 Fmk.
228 955 97 26 760,266:
341 963 18 12 47
374 953 117 22 fördelade
507 954 37 28 sig
561 953 96 23 sälunda
667 954 29 28 pä
706 953 102 30 följande
818 954 39 21 ka-

105 988 109 28 tegorier:

107 1022 175 28 Stämpelafgift
297 1022 36 22 för
349 1022 158 29 expeditioner

133 1056 52 22 frän
208 1056 126 22 domstolar
350 1057 42 22 och
411 1056 96 22 embets-

137 1091 57 21 verk
216 1090 43 22 och
282 1092 37 20 till
342 1091 51 22 dem
415 1092 92 27 ingifna

134 1125 151 28 handlingars
301 1126 120 28 kartering
460 1143 4 4 .
495 1144 4 4 .
527 1126 199 26 Fmk.317,536:43
737 1135 21 10 =
769 1128 55 26 41,4
831 1126 28 28 %

106 1160 176 28 Stämpelafgift
295 1160 36 21 för
341 1160 76 29 köpe-,
429 1160 80 28 gäfvo-

135 1194 43 22 och
192 1194 131 28 bytes-bref
357 1211 4 4 .
391 1211 5 5 .
498 1212 63 10 <»
581 1191 9 36 =
603 1196 97 26 155,366:
710 1204 17 12 s2
738 1204 21 10 =
771 1196 53 26 20,43
840 1212 9 9 +

107 1228 177 30 Stämpelafgift
308 1228 37 22 för
367 1211 141 47 bouppteok-

134 1263 227 28 ningsinstrument.
391 1281 4 4 .
551 1281 9 10 a
615 1264 83 27 60,484:
719 1273 7 12 a
737 1273 21 10 =
784 1265 38 26 7,6
839 1281 10 10 ,

107 1296 175 30 Stämpelafgift
296 1297 37 21 för
346 1280 161 72 förskrifning;

135 1331 67 21 vexel
217 1338 28 13 m.
260 1338 29 13 m.
324 1347 4 4 .
431 1348 4 4 a
553 1348 9 9 äi
617 1332 82 24 54,395:
708 1340 18 12 30
738 1341 20 9 =
784 1333 38 24 7,15
839 1349 10 9 »

107 1363 174 29 Stämpelafgift
296 1364 36 21 för
347 1347 53 45 pass
427 1380 5 5 a
462 1381 4 4 a
550 1381 9 10 »
586 1361 16 37 =
614 1366 144 25 40,845:50=
783 1366 39 26 5,7
840 1383 9 11 ,

109 1397 175 30 Stämpelafgift
298 1397 37 23 för
350 1380 158 75 lysningssed

134 1432 52 23 lar.
217 1451 4 3 .
254 1450 4 3 .
504 1450 63 10 sor
622 1434 144 27 33,435:80=
789 1434 59 28 4,

175 1450 206 47 Boäätsngotakotel
404 1474 115 18 betänkande
532 1475 36 18 N:o
581 1472 15 21 4.
