1023 1720
528 223 46 23 28.

242 275 28 24 Är
283 280 80 19 fordran
378 280 106 19 intecknad
498 280 6 19 i
520 280 40 19 fast
574 279 102 26 egendom,
692 279 48 20 eller
754 280 23 18 är
792 278 63 21 sådan
870 284 59 19 egen-

176 314 46 20 dom
239 314 58 25 eljest
312 314 112 24 underpant
438 314 30 20 för
482 314 84 23 fordran,
582 314 38 19 och
635 313 34 20 vill
684 314 124 24 borgenären
822 313 30 19 för
866 312 63 20 betal-

175 349 74 25 ningen
270 348 52 20 hålla
342 348 31 25 sig
387 348 84 20 allenast
488 348 30 20 till
532 348 132 26 egendomen;
681 354 46 13 vare
741 348 40 19 han
796 347 37 19 ock
847 346 81 20 berätti-

174 382 40 26 gad
236 384 30 18 att
289 382 36 20 hos
348 383 151 19 öfverexekutor
520 383 47 19 söka
588 382 46 20 dess
654 381 131 21 användande
800 381 31 19 till
846 380 83 26 gäldens

176 417 108 24 betalning.
313 416 64 20 Sådan
400 416 119 26 lagsökning
540 417 75 19 utföres
638 419 52 17 emot
712 416 124 25 fastighetens
864 421 65 20 egare;

174 451 51 20 dock
239 451 33 20 må
286 451 126 20 öfverlåtelse
427 451 20 19 af
458 451 128 25 egendomen,
600 451 61 19 innan
673 457 39 19 nye
720 457 73 19 egaren
801 450 44 20 sökt
852 449 77 26 lagfart,

174 485 44 20 icke
233 487 70 24 utgöra
317 485 70 19 hinder
401 485 31 19 för
442 486 50 19 förre
506 491 82 20 egarens
603 485 125 25 lagsökande.
760 485 76 25 Styrkes
850 484 35 20 hos
900 484 30 25 öf-

174 520 125 24 verexekutor,
322 519 69 20 medan
412 519 136 26 lagsökningen
568 521 23 18 är
605 520 33 19 der
652 519 104 26 anhängig,
772 521 28 18 att
814 518 116 27 öfverlåtelse

174 555 26 25 af
210 554 114 26 egendomen
339 554 94 25 lagfarits,
449 554 49 19 skall
507 554 75 26 jemväl
595 555 36 18 den
644 561 37 19 nye
690 561 68 18 egaren
772 554 9 19 i
795 554 58 19 saken
864 553 64 20 höras.

528 647 46 24 38.

243 703 181 25 Lagsökningsmäl
445 705 97 24 upptagas
564 704 20 19 af
600 703 153 20 öfverexekutor
767 702 7 19 i
789 701 39 20 den
843 703 37 22 ort,
896 700 34 20 der

174 737 122 26 gäldenären
310 737 36 20 har
361 738 34 19 sitt
411 738 24 19 bo
450 739 37 18 och
501 738 87 20 hemvist
602 737 48 20 eller
664 737 67 25 någon
746 736 30 20 tid
791 737 31 24 sig
832 735 97 27 uppehäl-

174 772 35 25 ler,
224 772 52 24 eller,
292 771 26 20 dä
332 772 102 26 betalning
449 773 58 20 sökes
522 773 84 20 allenast
621 779 24 13 ur
660 773 38 19 fast
710 771 103 26 egendom,
824 771 35 19 der
869 777 60 19 egen-

175 807 72 19 domen
266 807 69 25 ligger.
364 807 44 19 Den
429 807 127 26 ingenstädes
574 813 46 20 eger
638 807 75 25 stadigt
730 806 93 24 hemvist,
838 805 90 26 lagsökes

175 841 36 20 der
230 841 40 19 han
291 842 64 19 finnes
376 841 53 23 eller,
448 848 32 13 om
500 842 39 19 han
554 842 43 20 icke
611 842 35 19 bor
661 842 5 19 i
682 841 73 24 landet,
771 841 35 20 der
820 841 40 19 han
874 840 54 19 inom

175 875 67 20 landet
262 877 68 18 senast
348 882 35 13 var
398 876 81 20 boende.
510 876 100 20 Utländsk
624 882 46 13 man
685 876 57 20 sökes
758 876 35 19 der
807 875 39 19 han
862 874 66 20 träffas

174 910 49 19 eller
240 910 50 25 gods
306 910 6 19 i
327 910 67 20 landet
409 916 51 20 eger.
490 911 38 19 För
542 910 86 26 löpande
642 910 130 25 förskrifning
787 909 32 20 mä
834 908 93 26 gäldenä-

175 950 36 14 ren
225 944 37 20 ock
277 944 58 20 sökas
350 945 49 19 hvar
413 945 39 19 han
468 946 72 19 träffas.

530 1032 11 19 4
551 1032 25 24 8.

243 1087 108 26 Angående
371 1088 118 26 lagsökning
509 1089 37 19 hos
567 1089 153 19 öfverexekutor
738 1089 30 19 för
782 1088 85 24 fordran,
884 1094 43 13 som

175 1122 35 19 bör
224 1122 45 19 med
284 1122 129 20 förmänsrätt
428 1122 49 25 utgå
492 1129 24 13 ur
531 1123 70 25 fartyg,
617 1123 51 19 frakt
684 1124 47 18 eller
746 1123 45 25 last,
806 1125 22 17 är
843 1122 6 19 i
865 1122 40 19 241
916 1123 11 22 $

176 1156 88 25 sjölagen
279 1156 99 25 stadgadt.

531 1237 12 18 5
560 1237 17 22 8.

243 1289 128 25 Lagsökning
391 1290 51 19 skall
457 1292 57 23 göras
530 1290 122 25 skriftligen;
669 1291 37 19 och
720 1291 46 25 foge
782 1291 97 25 borgenär
894 1291 34 19 vid

174 1322 32 20 sin
221 1322 66 26 inlaga
302 1323 38 19 den
355 1323 47 19 eller
417 1324 24 19 de
456 1324 119 26 handlingar
588 1324 7 19 i
611 1324 136 20 hufvudskrift
762 1324 50 20 eller
827 1324 101 20 besannad

174 1357 84 25 afskrift,
276 1357 67 20 hvilka
358 1358 39 19 han
411 1358 30 20 för
456 1359 31 19 sin
502 1359 53 19 talan
570 1359 101 25 åberopar.
700 1358 118 21 Underläter
832 1359 40 19 han
888 1359 40 24 det,

173 1392 49 20 eller
242 1393 64 20 finner
328 1393 149 21 öfverexekutor
498 1394 80 20 fordran
599 1394 44 20 icke
664 1401 46 13 vara
725 1400 72 20 genom
812 1395 25 19 de
852 1394 76 26 ingifna

173 1428 146 25 handlingarna
336 1428 81 20 bevisad
431 1429 44 19 eller
489 1429 30 19 till
532 1429 95 25 betalning
641 1429 97 25 förfallen,
752 1430 59 19 varde
822 1430 105 20 ansöknin-

173 1468 40 19 gen
227 1462 17 26 ej
260 1464 108 24 upptagen,
383 1463 38 19 och
435 1464 71 19 teckne
520 1464 154 20 öfverexekutor
688 1464 34 20 det
737 1464 12 20 å
763 1464 86 26 inlagan.
