1042 1717
214 131 26 20 66
517 131 43 24 N:o
580 132 22 24 8.

530 199 11 27 8
557 200 33 20 39.

253 239 117 27 Angående
388 239 137 27 tillverkning
540 239 38 21 och
594 238 156 28 utkreditering
766 238 23 22 af
802 239 56 21 samt
872 238 63 21 redo-

184 274 85 28 visning
290 274 33 21 för
345 274 175 28 stämpelpapper
543 274 38 21 och
604 273 180 27 stämpelmärken
806 272 68 22 finnes
889 274 46 20 sär-

185 308 66 22 skildt
266 308 108 28 stadgadt.

529 355 11 27 8
556 355 34 21 40.

253 394 78 22 Denna
352 394 126 28 förordning
499 394 75 22 länder
596 394 33 21 till
644 394 144 22 efterrättelse
802 393 47 21 från
867 393 40 21 den
925 394 9 20 1

185 429 91 22 Januari
303 430 53 21 1895
381 429 33 21 till
436 430 108 27 utgången
568 428 22 23 af
610 429 24 21 år
659 430 59 21 1897.

392 615 128 31 Förslag
544 615 34 24 till
599 614 138 32 kungörelse
760 613 115 32 angående
893 613 45 24 till-

323 655 112 32 verkning
463 655 40 25 och
529 655 166 31 utkreditering
717 655 27 24 af
764 657 54 22 samt
836 654 101 25 redovis-

324 696 51 31 ning
393 696 38 25 för
449 696 177 33 stämpelpapper
644 695 39 25 och
702 695 193 32 stämpelmärken.

538 777 12 28 &
568 779 18 19 1.

256 817 172 28 Tillverkningen
451 817 23 22 af
494 817 175 28 stämpelpapper
694 817 38 21 och
758 817 181 27 stämpelmärken

187 851 126 23 verkställes
328 853 21 22 .å
371 852 102 22 Finlands
495 853 171 27 stämpelkontor
688 852 69 21 under
780 852 40 21 den
836 851 101 26 kontroll,

187 893 45 15 som
248 886 7 21 i
270 887 79 22 sådant
365 886 100 22 afseende
479 886 67 23 finnes
562 887 102 22 särskildt
679 886 149 27 föreskrifven;
843 885 96 22 börande

187 921 102 22 kontoret
305 921 60 22 alltid
381 921 64 22 hafva
459 922 7 21 i
481 921 119 28 beredskap
616 921 125 27 tillräckligt
756 921 73 21 förråd
845 920 23 21 af
877 921 62 20 dessa

187 955 169 28 tillverkningar.
386 955 49 22 Men
451 956 18 27 ej
485 957 35 20 må
535 955 175 28 stämpelpapper
726 955 50 22 eller
791 955 148 26 stämpelmär-

187 990 49 27 ken,
259 990 35 21 vid
309 990 164 27 tjensteansvar,
490 991 110 21 derstädes
616 989 99 28 försäljas
731 990 51 21 eller
798 989 93 22 derifrån
907 989 32 22 till

189 1031 72 16 annan
276 1025 93 28 utgifvas
385 1027 27 19 än
428 1025 32 22 till
475 1025 185 28 länestyrelserna,
677 1026 29 26 på
721 1026 45 20 sätt
776 1024 117 22 nedanföre
903 1024 36 22 be-

189 1061 108 20 stämmes.

540 1095 11 27 8
568 1095 19 20 2.

257 1136 10 20 I
289 1135 74 27 hvarje
384 1135 48 21 läns
455 1135 143 21 landtränteri
620 1135 61 21 skola
704 1134 175 27 stämpelpapper
901 1135 39 20 och

189 1169 181 27 stämpelmärken
393 1169 23 22 af
436 1169 43 22 alla
499 1169 129 22 föreskrifna
642 1169 80 21 värden
737 1168 71 22 finnas
824 1170 33 19 att
871 1169 68 26 tilleä,

188 1203 34 22 för
237 1205 33 20 att
285 1204 29 27 pä
328 1203 124 27 regvisition
468 1204 112 21 tillsändas
596 1203 26 21 de
638 1205 95 26 antagna
743 1203 197 27 försäljningsmän-

189 1244 42 15 nen
247 1238 39 21 och
302 1238 26 21 de
343 1238 136 27 tjenstemän,
495 1244 45 15 som
555 1238 130 26 berättigats
702 1239 32 20 att
750 1237 93 21 derifrän
854 1238 29 26 pä
892 1238 48 20 kre-

190 1271 31 21 dit
236 1271 47 21 utfå
299 1271 62 21 dessa
377 1271 168 27 tillverkningar.
576 1271 44 21 Allt
634 1271 8 21 i
656 1270 168 22 landtränteriet
834 1270 107 28 befintligt

189 1305 167 28 stämpelförräd
375 1306 45 21 stär
435 1306 69 20 under
519 1305 233 21 landträntmästarens
768 1305 53 21 värd
836 1305 40 21 och
891 1307 49 19 när-

188 1342 69 20 maste
273 1346 88 21 ansvar;
377 1340 39 22 och
432 1340 79 28 äligger
527 1340 36 22 det
578 1340 69 22 denne
663 1340 17 27 ej
696 1340 84 21 mindre
795 1341 33 21 att
839 1340 56 21 tillse
905 1340 36 21 det

189 1375 176 28 stämpelpapper
381 1375 39 22 och
435 1375 181 27 stämpelmärken
632 1375 35 21 mä
680 1374 33 22 för
728 1374 140 22 förefallande
877 1374 66 22 behof

189 1410 70 22 finnas
281 1411 8 21 i
310 1410 80 28 förråd,
414 1412 27 20 än
465 1410 134 29 att"förvara
614 1410 39 22 och
668 1410 66 22 vårda
749 1410 103 27 förrådet,
868 1410 25 22 sä
907 1411 34 21 att

190 1446 119 22 detsamma
331 1447 46 21 icke
399 1446 84 22 skadas.
513 1446 233 22 Landträntmästaren
766 1452 49 22 eger
830 1445 57 29 förty
901 1446 40 22 hos
