1067 1720
364 144 28 22 U.
407 144 29 22 B.
454 157 24 2 —
494 145 73 28 Prop.
583 145 43 22 N:o
641 146 23 21 4.
846 145 26 22 13

144 213 79 26 godose
245 213 39 21 och
305 220 45 15 som
365 213 67 28 ligger
447 215 32 20 till
494 214 68 27 grund
584 215 32 20 för
631 215 65 20 andra
711 215 13 20 å
740 215 53 20 bane
808 214 92 21 varande

143 247 164 28 reformförslag,
322 249 24 19 är
360 249 30 19 att
404 248 7 20 i
426 249 118 26 möjligaste
561 249 49 20 män
627 249 107 20 klarställa
752 249 40 20 och
805 249 96 26 speciali-

144 287 47 15 sera
214 281 26 21 de
257 281 276 28 förmögenhetstillsängar,
549 289 45 14 som
611 282 201 21 kreditbehöfvande
827 282 73 21 kunna

144 315 90 28 erbjuda
248 315 34 21 för
295 316 107 27 ingängna
416 316 146 28 förbindelser,
573 318 55 19 samt
643 318 30 19 att
687 317 21 20 ät
723 317 26 20 de
761 317 139 26 gravationer,

143 350 101 21 hvarmed
265 350 72 28 dylika
360 350 118 28 tillgångar;
494 353 35 18 äro
552 351 117 26 behäftade,
685 351 77 20 bereda
777 351 123 26 erforderlig

143 384 116 28 publicitet.
289 381 71 25 Äfven
381 385 49 21 med
454 385 69 21 denna
543 385 112 28 grundsats
669 385 44 21 står
726 385 150 21 löneinförseln
892 385 7 20 i

144 419 58 21 strid.
224 418 34 21 Då
272 419 36 21 det
322 419 107 27 nämligen
445 419 46 21 icke
506 420 59 20 torde
580 419 50 21 falla
646 419 69 28 någon
730 419 22 21 in
763 421 30 19 att
802 419 97 27 tillskapa

144 452 64 28 något
223 453 56 28 slags
294 454 32 20 för
341 453 142 21 allmänheten
499 453 127 28 tillgängligt
637 454 221 27 inskrifningsinstitut
866 453 34 21 för

143 487 217 29 införselåtgärderna,
376 488 59 21 skola
450 488 32 27 de,
497 494 45 15 som
558 488 32 21 för
605 488 77 21 allmän
693 488 39 21 och
743 488 82 20 enskild
836 488 63 27 tjenst

144 522 81 27 åtnjuta
243 522 99 28 aflöning,
357 528 35 15 om
407 522 39 22 ock
462 522 42 27 allt,
514 523 56 21 hvad
586 523 25 21 de
626 522 66 28 enligt
707 522 70 28 någon
792 522 107 21 sannolik-

142 557 37 21 het
200 556 7 21 i
229 557 111 21 framtiden
362 563 38 21 ega
424 557 99 27 uppbära,
548 559 22 19 är
592 557 32 21 för
639 557 88 27 tidigare
742 557 63 27 skuld
817 558 81 25 utmätt,

144 592 73 20 kunna
232 591 113 21 fortskrida
359 592 27 27 pä
396 592 108 21 kreditens
514 592 106 20 sluttande
630 592 49 27 plan
690 592 23 20 sä
723 592 62 26 länge
796 592 25 20 de
832 591 66 21 förmä

145 626 91 27 omgifva
252 626 32 28 sig
298 626 48 21 med
362 626 74 21 skenet
451 626 21 21 af
487 628 30 19 att
531 626 111 27 verkligen
656 626 82 27 förfoga
754 632 34 14 om
800 626 40 20 den
857 625 41 21 till-

144 660 56 28 gäng
214 660 122 28 aflöningen
348 662 66 26 utgör.

212 729 50 21 Man
284 730 39 20 har
337 729 113 21 betecknat
464 730 73 21 skälen
550 731 45 19 mot
610 728 157 22 bibehällandet
782 729 21 21 af
817 729 81 21 lönein-

144 764 78 20 förseln
233 764 70 20 säsom
318 770 58 14 mera
386 764 112 21 teoretiska
506 766 26 18 än
540 764 112 27 praktiska.
668 763 48 21 Men
725 764 55 20 hvad
788 764 41 20 den
837 764 61 26 prak-

144 798 54 20 tiska
214 798 59 20 sidan
285 798 21 20 af
316 798 66 21 saken
392 798 132 21 vidkommer
535 798 38 21 bör
585 804 48 15 man
642 798 76 20 liksom
725 798 8 20 i
740 798 85 26 mycket
833 800 65 18 annat

144 834 51 25 göra
217 832 83 21 skilnad
322 832 91 21 emellan
438 833 67 21 »hvad
521 839 49 14 man
586 839 44 15 ser»
648 832 39 21 och
703 832 67 21 »hvad
786 839 49 14 man
850 832 46 21 icke

144 872 52 15 ser».
226 866 50 21 Man
291 873 34 15 ser
340 873 25 14 en
381 867 55 20 klass
452 867 20 20 af
488 867 99 27 arbetare,
603 873 45 14 som
663 867 7 20 i
686 866 76 28 många
776 866 38 21 fall
828 866 69 27 ätnju-

144 903 32 19 ter
196 907 27 15 en
238 903 66 19 större
326 901 93 20 inkomst
441 903 27 18 än
490 907 45 15 som
555 901 41 21 kan
612 907 50 14 vara
676 903 81 25 strängt
780 900 118 27 oumbärlig

144 935 33 22 för
198 935 122 21 arbetarens
341 935 197 22 lefnadskostnader
560 936 39 21 och
622 935 163 28 uppehällandet
807 935 21 20 af
845 935 51 20 hans

144 969 125 21 arbetskraft
290 970 39 20 och
351 969 74 21 hvaraf
447 970 81 21 säledes
544 970 69 27 nägon
628 969 35 21 del
677 969 38 21 bör
730 969 72 20 kunna
816 971 59 25 tagas
890 969 7 20 i

144 1003 90 28 anspråk
255 1004 33 20 för
310 1004 128 21 betäckande
462 1004 20 21 af
504 1004 52 21 hans
571 1003 54 28 gäld.
654 1003 63 21 Hvad
733 1009 49 14 man
796 1003 47 21 icke
858 1009 39 21 ser,

144 1040 24 19 är
182 1040 30 19 att
225 1037 159 29 ifrägavarande
400 1038 82 21 institut
497 1038 108 21 befordrar
615 1039 30 20 ett
656 1037 78 22 osundt
743 1037 155 28 kreditsystem,

144 1073 57 20 inom
218 1079 26 14 en
258 1073 36 20 hel
309 1072 157 21 samhällsklass
482 1073 112 27 befrämjar
608 1072 153 27 utkreditering
776 1072 39 21 och
825 1072 72 21 skuld-

144 1107 93 27 sättning
251 1107 33 21 för
299 1107 225 27 komsumtionsbehof,
538 1109 55 19 samt
607 1107 135 20 underhäller
756 1107 40 20 och
810 1113 88 21 uppam-

144 1148 46 14 mar
204 1141 160 28 benägenheten
379 1144 30 19 att
424 1142 55 20 lefva
495 1141 58 22 öfver
568 1142 46 20 sina
629 1141 94 28 verkliga
738 1141 117 28 tillgångar.

213 1210 30 21 Pä
261 1211 61 20 dessa
339 1210 51 26 skäl,
406 1211 90 26 hvartill,
512 1217 33 14 om
560 1211 30 20 tid
606 1210 39 21 och
661 1212 104 25 utrymme
780 1210 117 27 medgäfve,

144 1245 70 20 kunde
229 1245 73 28 läggas
317 1246 58 19 ännu
390 1245 72 27 andra,
478 1251 62 15 anser
554 1245 35 27 jag
604 1245 36 20 det
655 1251 49 14 vara
720 1245 20 20 af
755 1246 43 19 stor
812 1245 44 26 vigt
868 1246 30 19 att

144 1279 194 27 införselväsendot,
362 1286 51 19 som,
434 1279 96 27 infogadt
550 1279 7 20 i
580 1279 41 21 den
647 1286 41 20 nya
711 1278 187 28 utsökningslagen

144 1313 96 21 kommer
262 1315 29 19 att
312 1312 64 22 verka
398 1313 70 21 säsom
490 1320 26 14 en
532 1312 97 29 gammal,
645 1312 151 28 vanprydande
811 1312 47 21 klut
872 1312 26 27 pä

145 1348 29 18 ett
189 1349 48 23 nytt
251 1347 69 26 kläde,
335 1346 69 21 blefve
420 1347 97 20 utdömdt
532 1348 39 19 och
586 1348 38 18 har
639 1347 81 19 derföre
735 1347 33 19 för
782 1347 44 19 min
842 1346 34 20 del
891 1347 7 19 i

144 1379 146 27 Lagutskottet
310 1379 62 27 yrkat
394 1381 31 19 att
435 1380 103 27 Borgare-
552 1380 40 20 och
606 1379 171 27 Bondeständen,
792 1379 20 21 af
827 1379 71 21 hvilka

145 1413 126 22 åtminstone
294 1414 36 20 det
344 1413 144 22 förstnämnda
510 1419 57 16 emot
586 1420 28 14 en
628 1414 46 20 icke
690 1413 108 28 obetydlig
812 1413 86 21 minori-

144 1450 40 20 tets
206 1448 54 28 äsigt
283 1450 64 20 röstat
361 1448 33 21 för
413 1448 113 22 införselns
542 1448 152 28 bibehållande,
709 1450 66 19 måtte
790 1448 108 21 vördsamt

214 1488 129 23 Lagutskottets
355 1488 109 18 betänkande
476 1488 38 18 N:o
526 1488 18 18 5.
