1031 1717
224 157 12 20 2
419 155 29 23 U.
464 155 27 23 B.
506 168 28 3 —
548 154 74 29 Prop.
637 154 42 23 N:o
695 154 24 24 2.

262 217 162 22 Bondeståndet
438 217 44 27 har,
497 217 47 22 med
560 217 137 22 vidhållande
712 217 23 22 af
749 217 38 21 sitt
801 217 58 21 förra
870 216 77 27 beslut,

194 252 163 22 återremitterat
371 251 316 30 sammanjemkningsförslaget
701 251 35 22 för
750 253 32 19 att
797 251 55 28 ånyo
863 252 84 27 uppgö-

192 294 42 19 ras,
248 286 91 22 hvarvid
360 287 19 26 1,
393 287 20 26 2,
428 288 18 25 3,
462 287 19 25 7,
496 288 33 25 17,
544 287 33 26 18,
593 287 32 26 19,
640 287 26 20 24
682 285 41 23 och
737 287 28 20 43
781 286 26 27 88
822 286 7 21 i
844 285 104 28 förslaget

193 321 33 21 till
240 321 127 28 förordning
382 320 110 29 angående
507 320 88 29 delning
610 320 23 21 af
646 319 172 30 jordlägenheter
831 319 68 22 borde
909 327 38 14 un-

194 355 66 28 dergä
274 355 43 22 den
332 355 153 28 omarbetning,
499 355 32 21 till
545 355 88 22 hvilken
648 354 90 22 berörda
753 354 71 22 beslut
832 354 67 29 gäfve
909 362 38 14 an-

193 389 93 29 ledning,
302 392 55 19 samt
372 389 101 30 derjemte
488 391 8 20 i
518 391 5 21 2
538 397 63 14 mom.
615 389 24 22 af
654 389 25 22 17
691 390 12 27 8
714 389 55 22 efter
779 389 66 22 orden
858 389 90 28 ,utdrag

193 433 26 13 ur
233 424 195 29 mantalslängden*
442 424 63 29 fogas
519 424 64 28 ,eller
597 426 66 20 annat
677 424 78 22 bevis”.
782 424 11 21 I
809 424 70 28 öfriga
889 424 59 21 delar

193 459 39 22 har
251 459 164 22 Bondeständet
429 459 96 22 deremot
537 459 97 29 godkänt
648 458 37 23 det
698 458 136 22 betänkande
857 458 91 23 Utskot-

193 496 31 19 tet
238 493 56 22 först
307 494 8 21 i
330 493 67 22 saken
411 493 95 29 afgifvit.

260 528 49 23 Vid
330 528 139 29 uppgörande
491 528 24 22 af
535 531 48 26 nytt
600 527 81 30 förslag
695 527 33 22 till
743 527 205 29 sammanjemkning

192 563 40 21 har
251 562 114 23 Utskottet
386 565 71 19 ansett
477 563 82 28 hänsyn
581 563 52 21 böra
654 565 61 26 tagas
730 562 77 27 dertill,
821 564 32 20 att
867 565 81 19 tvenne

193 597 69 27 stånd,
284 597 106 28 nemligen
411 597 86 22 Preste-
517 597 41 22 och
580 596 173 28 Bondestånden,
775 597 64 28 jemte
861 597 38 22 det
920 596 27 23 de

193 631 72 21 funnit
286 631 77 28 nödigt
383 633 33 19 att
436 631 35 22 för
485 632 102 28 rättighet
601 633 31 19 att
646 631 49 21 dela
708 631 76 29 jorden
799 631 107 29 uppställa
921 639 27 13 en

194 665 144 29 begränsning
358 666 8 20 i
388 665 62 27 areal,
465 665 68 22 tillika
547 665 71 22 såsom
633 672 26 15 en
675 664 66 22 andra
755 665 155 28 inskränkning
924 666 24 21 af

193 700 93 21 nämnda
299 699 103 29 rättighet
416 700 83 28 antagit
513 702 31 19 ett
557 700 56 22 visst
627 700 78 21 minsta
714 699 177 29 mantalsbelopp.
912 700 36 21 Då

192 734 114 22 Utskottet
326 734 50 22 med
396 734 115 29 anledning
525 734 62 22 häraf
601 737 53 19 trott
668 735 33 28 sig
715 742 30 14 nu
760 734 52 22 böra
826 734 81 22 föreslå
921 742 27 14 en

192 768 139 23 kombinerad
353 771 64 27 gräns
440 770 23 21 af
484 770 79 21 mantal
578 769 41 21 och
633 769 62 27 areal,
710 768 39 22 har
762 768 115 23 Utskottet
891 768 57 23 dock

194 804 18 28 ej
229 804 81 22 kunnat
325 804 72 28 undgå
413 807 31 19 att
457 804 58 22 fästa
530 803 103 23 afseende
647 804 38 22 vid
700 803 42 23 den
757 803 191 29 omständigheten,

192 841 33 19 att
246 839 67 28 enligt
335 838 123 23 nuvarande
481 838 136 29 lagstiftning
637 838 148 29 sjelfständiga
803 838 145 28 lägenheter
936 834 15 38 i

191 874 58 21 vissa
263 872 124 23 landsdelar
400 873 66 22 redan
480 873 103 29 uppstått,
597 872 85 23 hvilkas
697 872 102 23 skattetal
813 872 135 30 understiger

192 908 38 22 det
242 908 79 29 belopp
332 908 51 21 eller
393 910 31 20 ett
429 908 196 21 tvåhundradedels
633 908 86 27 mantal,
729 915 46 14 som
785 908 67 28 enligt
861 907 87 22 Bonde-

194 942 97 22 ståndets
313 942 71 22 beslut
405 942 67 22 borde
492 942 63 28 jemte
577 942 44 22 viss
641 942 109 22 arealvidd
781 944 75 26 utgöra
883 944 65 27 gräns

192 977 37 22 vid
243 976 100 30 klyfning
358 976 41 22 och
414 976 115 30 styckning
545 976 23 22 af
577 976 53 30 jord.
652 976 33 22 På
693 976 70 29 grund
773 976 62 22 häraf
847 976 40 22 och
897 976 49 22 med

191 1011 121 23 beaktande
323 1012 78 28 jemväl
416 1011 23 22 af
453 1011 158 29 Ridderskapet
626 1010 42 22 och
683 1011 82 21 Adelns
776 1013 55 20 samt
840 1010 106 30 Borgare-

191 1046 97 22 ståndets
311 1046 76 26 beslut,
411 1046 66 28 enligt
497 1046 74 22 hvilka
591 1045 162 30 jorddelningen
776 1046 19 28 ej
812 1045 65 22 borde
895 1053 52 15 vara

192 1080 86 22 bunden
298 1080 23 21 af
335 1079 71 29 någon
421 1080 160 28 mantalsgräns,
595 1080 39 21 har
649 1079 113 22 Utskottet
777 1082 70 19 ansett
861 1079 37 22 det
912 1079 35 22 för

192 1114 135 30 sjelfständig
342 1115 99 28 lägenhet
456 1114 139 29 erforderliga
604 1115 78 21 minsta
693 1114 193 29 mantalsbeloppet
897 1115 49 21 icke

190 1149 73 22 kunna
277 1149 128 22 bestämmas
420 1149 65 28 högre
500 1150 27 20 än
541 1148 33 22 till
589 1151 31 19 ett
633 1148 190 23 trehundradedels
837 1149 85 22 mantal.

260 1183 113 22 Utskottet
387 1183 39 22 har
440 1183 63 22 alltså
517 1183 160 22 omformulerat
692 1184 11 21 1
720 1183 13 28 $
748 1183 86 26 derhän,
848 1186 32 19 att
892 1184 8 21 i
913 1191 34 14 re-

191 1218 49 28 geln
256 1216 135 30 sjelfständig
405 1217 100 28 lägenhet
524 1217 39 21 bör
577 1218 76 27 utgöra
668 1217 66 21 minst
749 1219 31 20 ett
793 1217 154 22 trehundrade-

191 1252 46 21 dels
251 1251 82 21 mantal
348 1251 41 22 och
402 1251 69 21 tillika
484 1252 8 20 i
507 1251 96 21 skattbar
617 1251 60 21 mark
691 1251 118 22 innehafva
823 1252 65 21 minst
901 1251 45 22 fem

190 1285 106 22 hektarer.

259 1319 41 22 Uti
315 1318 37 22 det
366 1318 23 23 af
403 1318 113 23 Utskottet
527 1318 38 22 vid
575 1318 148 29 uppgörandet
733 1319 24 21 af
767 1318 37 22 det
813 1319 68 22 första
890 1327 56 14 sam-

191 1353 274 30 manjemkningsförslaget
478 1353 33 22 till
532 1353 6 21 2
555 1354 12 27 $
582 1353 79 28 fogade
675 1361 43 21 nya
733 1355 12 20 2
760 1361 63 14 mom.
837 1354 66 22 hafva
912 1355 34 21 till

192 1388 54 29 följd
266 1388 62 22 häraf
342 1388 66 22 orden
423 1389 31 28 ,ej
470 1387 107 22 innehälla
591 1387 45 22 fem
650 1388 99 22 hektarer
763 1388 97 23 skattbar
874 1389 72 22 mark

192 1423 86 23 ändrats
292 1423 34 22 till
339 1423 31 29 ,ej
385 1423 116 22 innehafva
515 1421 42 24 den
571 1423 9 21 i
595 1423 11 21 1
623 1423 13 28 &
651 1422 140 23 omförmälda
805 1423 98 23 storlek".

260 1497 48 25 Lag-
321 1497 33 19 och
365 1497 182 19 Ekonomiutskottets
559 1497 110 19 betänkande
680 1497 39 19 N:o
730 1498 16 18 1.
