1023 1714
310 149 29 22 U.
355 149 27 22 B.
399 163 27 1 —
442 150 73 28 Prop.
531 150 42 23 N:o
588 150 23 22 4.
780 151 26 20 17

81 217 76 28 tvinga
178 217 113 21 desamma.
317 217 90 28 Följden
422 217 23 21 af
459 218 140 28 gäldenärens
614 220 80 26 vägran
708 221 32 18 att
754 219 82 27 aflägga

81 251 95 21 nämnda
191 251 27 21 ed
233 251 60 21 torde
309 251 46 21 åter
369 252 113 27 lämpligen
498 252 72 21 kunna
585 259 52 14 vara
649 252 127 26 densamma,
790 259 45 14 som

80 285 30 21 då
121 285 102 28 gäldenär
237 284 68 22 under
320 285 93 21 konkurs
429 285 97 22 tredskas
542 288 31 18 att
588 285 49 22 med
652 285 27 22 ed
694 285 56 22 fästa
760 286 75 27 riktig-

80 318 66 22 heten
162 319 23 21 af
199 319 201 28 bouppteckningen
415 320 20 26 (3
451 319 47 29 kap.
515 321 26 20 33
559 320 24 27 8).

151 353 40 22 Uti
205 354 14 20 4
233 353 48 28 kap.
297 353 40 21 och
347 353 26 21 de
385 353 38 22 två
433 353 94 29 följande
539 353 112 22 afhandlas
663 354 26 21 de
699 356 32 19 tre
742 353 93 22 hufvud-

80 387 88 22 delarne
184 387 23 21 af
221 387 132 22 förfarandet
368 387 37 22 vid
419 388 163 28 verkställighet
592 388 23 21 af
627 388 54 27 dom,
697 388 138 28 hvarigenom

80 421 72 29 någon
168 421 68 29 ålagts
252 425 31 18 att
297 421 84 28 utgifva
396 423 118 27 penningar
531 423 50 20 eller
596 430 67 19 varor,
678 423 106 28 nämligen
802 425 33 19 ut-

82 457 129 27 mätningen,
226 456 37 21 det
277 457 100 20 utmättas
392 456 155 22 förvandlande
557 457 7 21 i
575 457 123 28 penningar,
709 460 54 17 samt
773 457 62 21 redo-

81 491 114 28 visningen
216 491 40 21 och
277 490 148 29 fördelningen
447 491 22 20 af
491 491 55 21 hvad
562 491 33 22 till
610 491 53 28 följd
679 491 22 21 af
715 493 120 26 utmätning

80 525 85 22 influtit.
188 525 119 28 Angående
322 526 128 27 utmätning
465 527 23 19 är
502 525 97 29 gällande
615 525 134 29 lagstiftning
763 527 7 20 i
785 526 50 21 flere

80 560 119 21 afseenden
219 560 145 28 ofullständig.
401 561 94 21 Sålunda
519 561 76 22 saknas
621 561 138 28 stadganden,
780 561 55 21 huru

80 595 39 21 vid
134 595 119 28 utmätning
268 595 23 20 af
305 595 120 28 fordringar
440 596 54 21 skall
509 595 98 28 förfaras,
622 595 54 22 huru
691 596 26 21 de
737 595 99 22 rättsför-

79 629 116 22 hållanden
218 629 59 21 skola
300 629 98 28 regleras,
420 637 45 14 som
488 630 135 28 uppkomma,
645 629 28 22 då
687 630 62 28 fråga
763 631 23 20 är
801 637 34 14 om

81 664 120 27 utmätning
222 663 35 21 för
279 671 26 13 en
328 664 115 27 borgenärs
466 663 87 22 fordran
577 664 22 21 af
614 663 66 22 sådan
695 664 139 28 gäldenärens

81 697 45 22 lösa
149 697 109 29 egendom,
281 705 45 14 som
348 697 27 28 på
397 698 68 28 grund
488 698 22 21 af
534 701 61 25 pant-
611 697 50 22 eller
675 699 160 20 retentionsrätt

80 731 73 22 häftar
175 731 34 22 för
224 731 65 22 andra
305 732 138 28 borgenärers
459 732 98 28 anspråk,
572 733 53 20 huru
640 732 157 29 förvaltningen
813 732 23 21 af

81 768 78 19 utmätt
180 766 43 21 fast
246 766 103 28 egendom
373 767 53 20 skall
449 767 84 26 ordnas,
548 768 6 19 i
569 766 102 22 händelse
693 767 46 21 fara
762 769 22 19 är
804 769 32 19 att

79 800 131 29 gäldenären
225 801 121 21 vanvårdar
361 801 139 28 egendomen,
515 801 7 20 i
538 801 57 21 hvad
610 800 49 22 mån
674 801 23 20 af
706 801 129 28 gäldenären

80 835 103 28 ingånget
206 843 47 13 men
277 835 17 28 ej
311 835 90 28 lagfaret
416 835 191 21 öfverlåtelseaftal
623 842 34 14 om
672 835 44 21 fast
731 835 104 28 egendom

80 869 37 21 må
139 869 76 21 hindra
234 869 80 21 dennas
329 870 120 27 utmätning
464 877 18 14 o.
498 877 16 14 s.
530 877 19 13 v.
579 869 84 21 Genom
679 872 31 18 att
724 869 112 22 bestämda

81 903 80 29 lagbud
183 903 108 22 meddelas
315 903 64 22 äfven
403 903 110 28 angående
537 903 108 28 åtskilliga
670 903 66 22 andra
758 904 77 28 frågor,

81 938 61 21 hvari
164 937 124 22 beskrifven
310 938 35 27 lag
367 938 75 21 hittills
465 938 86 21 saknats
575 937 40 22 och
637 937 36 22 vid
699 937 73 22 hvilka
786 945 49 14 man

80 971 83 22 således
187 972 76 21 endast
285 971 46 21 haft
352 973 70 27 praxis
437 972 32 20 till
485 971 119 29 vägledare,
619 973 66 20 varda
699 979 77 20 genom
791 972 45 21 för-

81 1006 69 28 slaget
172 1005 93 29 antydda
287 1005 74 22 luckor
386 1005 40 22 och
438 1006 77 21 brister
530 1007 7 20 i
552 1005 163 28 lagstiftningen
727 1005 109 29 afhjelpta,

81 1040 117 29 hvarjemte
219 1040 102 27 förslaget
341 1048 76 19 genom
441 1040 44 21 deri
504 1039 85 22 införda
613 1039 157 28 bestämningar
801 1048 34 13 om

80 1075 58 21 hvad
159 1074 37 22 vid
211 1075 119 27 utmätning
346 1075 39 21 hos
400 1074 102 29 gäldenär
517 1075 34 20 må
566 1073 133 30 undantagas
715 1075 49 20 sökt
778 1075 57 21 före-

80 1109 77 28 bygga,
173 1111 31 19 att
218 1109 147 28 utmätningen
382 1110 18 27 ej
417 1109 34 21 må
466 1111 96 19 sträckas
579 1108 85 22 utöfver
678 1109 57 21 hvad
750 1110 85 20 mensk-

79 1143 69 28 lighet
169 1143 41 22 och
233 1143 96 29 billighet
353 1146 54 19 samt
429 1143 36 22 det
480 1143 117 21 allmännas
613 1143 90 21 intresse
718 1143 118 28 medgifva.

79 1178 14 21 I
116 1177 129 22 sistberörda
266 1178 101 21 afseende
383 1177 117 22 innebåller
516 1178 109 27 förslaget,
642 1177 63 22 bland
720 1181 70 22 annat,
805 1181 31 18 att

79 1212 41 21 hos
142 1212 107 28 gäldenär,
271 1220 46 13 som
340 1212 78 21 saknar
439 1213 66 26 utväg
527 1212 32 21 till
575 1211 127 28 nödtorftigt
717 1212 119 27 uppehälle,

79 1246 36 21 mä
130 1246 133 28 undantagas
278 1246 93 21 förutom
386 1246 78 28 nödiga
479 1245 66 28 gång-
560 1245 40 22 och
616 1245 126 28 sängkläder
757 1253 26 14 m.
802 1254 33 18 m.,

80 1280 58 21 hvad
161 1281 22 20 af
197 1281 8 20 i
219 1280 62 21 huset
304 1280 107 27 befintliga
436 1280 71 21 förråd
531 1280 82 21 tarfvas
628 1280 31 20 till
675 1280 111 21 underhäll
802 1280 34 21 för

80 1321 27 14 en
129 1314 77 21 månad
228 1317 55 18 samt
303 1314 107 21 dessutom
431 1313 77 29 nödiga
525 1313 164 29 arbetsredskap
705 1314 50 21 eller
770 1313 66 22 andra

80 1349 85 20 lösören
180 1348 33 21 till
228 1349 53 20 visst
295 1347 66 22 värde
376 1349 20 25 (5
413 1349 25 26 8).

151 1382 34 21 Då
200 1381 129 29 gäldenären
351 1381 92 28 åtnjuter
459 1381 93 28 aflöning
576 1381 51 21 eller
642 1382 88 27 pension
748 1381 34 20 för
798 1381 38 21 all-

80 1418 49 20 män
146 1417 50 21 eller
211 1415 83 23 enskild
309 1416 71 29 tjenst,
403 1415 79 22 tillåter
497 1415 138 29 lagförslaget
657 1415 79 22 honom
750 1418 31 19 att
799 1415 37 22 vid

80 1452 120 28 utmätning
222 1450 83 22 behålla
329 1450 37 23 två
387 1450 128 29 tredjedelar
538 1450 23 21 af
583 1450 58 22 löne-
657 1450 50 21 eller
725 1451 111 28 pensions-

150 1492 129 23 Lagutskottets
291 1491 110 18 betänkande
414 1493 36 16 N:o
463 1492 17 17 5.
757 1491 10 18 2
