1042 1714
442 126 44 24 N:o
505 127 23 23 8.
803 125 27 20 57

108 193 70 23 denna
193 193 70 23 tillika
277 200 75 16 svarar
367 196 57 20 emot
439 194 104 28 stämpeln
558 194 34 22 till
606 193 116 27 bilagorna,
733 192 91 23 behöfva
834 193 27 22 de

108 228 133 22 sistnämnda
256 228 49 22 icke
319 229 125 27 ytterligare
459 229 67 22 förses
540 229 49 21 med
605 228 99 28 stämpel.

453 290 12 29 8
483 292 32 20 10.

176 336 40 21 Om
239 336 98 22 enskilda
359 343 108 21 personer,
491 343 45 15 som
555 336 33 28 sig
606 336 91 22 emellan
715 336 61 22 slutit
790 336 70 27 någon

108 369 221 29 öfverenskommelse,
350 372 6 20 i
375 371 73 21 stället
466 371 34 21 för
515 373 32 20 att
563 372 73 21 derom
651 372 102 26 upprätta
768 370 94 28 skriftlig

106 404 133 28 afhandling,
255 405 50 28 vilja
319 406 46 22 låta
380 406 106 21 anteckna
501 406 37 22 sitt
552 406 53 22 aftal
619 406 3 22 i
633 405 102 22 domstols
745 404 115 29 protokoll,

108 445 49 15 vare
172 439 77 22 sådant
264 439 48 23 dem
327 440 46 22 icke
389 440 128 27 förmenadt,
532 440 39 22 der
586 440 37 22 det
637 439 62 28 eljest
714 440 93 27 lagligen
822 439 38 22 ske

106 474 49 20 kan.
185 474 11 21 I
215 474 59 22 detta
297 474 37 22 fall
357 474 97 22 utfärdas
472 475 149 27 expeditionen
640 474 12 22 å
667 474 77 22 sådant
759 474 101 27 stämpel-

106 515 87 21 papper,
217 516 44 15 som
284 509 34 22 för
341 510 78 27 utdrag
433 516 26 15 ur
475 511 129 21 domstolens
619 509 108 28 protokoll
741 509 67 22 finnes
823 509 37 22 be-

106 544 89 26 stämdt;
215 550 46 15 men
282 551 33 15 om
335 546 32 20 ett
385 545 78 21 sådant
477 545 107 28 protokoll
600 545 122 22 sedermera
736 545 7 21 i
759 543 101 22 afseende

106 578 13 22 å
134 579 115 28 utsökning
264 579 53 22 eller
331 579 8 22 i
355 582 64 19 annat
433 579 54 28 syfte
497 582 77 25 upptes
583 580 56 21 inför
649 581 69 26 någon
730 579 130 27 myndighet,

106 613 105 28 stämplas
227 613 119 22 detsamma
361 615 70 20 såsom
446 614 7 21 i
469 615 11 27 $
496 616 13 20 6
524 615 92 27 stadgas.

453 688 9 28 S
481 690 32 20 11.

174 733 34 22 Dä
230 734 83 22 enskild
335 734 132 28 afhandling,
489 735 127 22 förbindelse
637 735 52 21 eller
708 740 72 16 annan
796 733 64 22 skrift

105 769 39 22 hos
160 768 97 28 domstol,
274 769 104 22 exekutor
393 769 52 22 eller
459 776 70 15 annan
544 769 124 28 myndighet
682 768 80 22 företes
776 768 40 22 och
826 768 34 21 för

106 803 193 28 stämpelafgiftens
315 804 118 27 utgörande
448 804 107 28 begagnas
570 803 174 28 stämpelmärke,
758 803 40 22 bör
808 803 51 22 den-

106 845 82 15 samma
209 838 69 22 finnas
301 839 75 22 häftad
394 839 13 21 &
425 839 100 22 skriftens
544 839 69 22 första
631 838 47 22 sida
696 839 45 26 och,
758 845 33 15 om
807 838 53 22 flera

106 873 71 22 skilda
195 874 105 27 stämplar
315 873 116 27 användas,
448 874 72 21 vidare
534 874 73 21 utmed
623 873 93 22 bredden
727 873 23 20 af
760 873 99 21 skriften.

106 908 83 22 Saknas
204 910 105 26 utrymme
325 909 13 20 &
354 908 68 21 första
432 908 67 28 sidan,
510 908 34 21 mä
554 908 90 28 stämpel
655 907 115 28 anbringas
778 907 81 27 jemväl

106 944 13 20 &
134 942 115 23 frånsidan.
275 943 60 22 Hvar
351 943 39 21 och
405 950 27 15 en
447 944 24 21 af
485 944 26 21 de
524 942 124 29 begagnade
659 942 133 28 stämplarna
802 942 57 22 skall

105 978 24 22 af
145 978 40 22 den
204 978 134 27 tjensteman,
356 984 46 15 som
421 978 90 22 skriften
530 980 124 24 emottager,
672 979 64 25 göras
751 977 109 22 obrukbar

105 1012 29 27 pä
148 1014 43 20 sätt
207 1012 72 22 derom
295 1012 103 22 särskildt
412 1013 77 21 varder
503 1012 142 22 föreskrifvet.

177 1046 170 28 Stämpelmärke
355 1047 13 21 å
376 1047 65 26 aktie,
451 1047 195 27 depositionsbevis,
656 1046 125 27 obligation,
792 1045 66 28 vexel,

106 1081 64 22 check
185 1081 40 22 och
239 1081 182 27 försäkringsbref
434 1082 55 21 skall
503 1082 121 21 makuleras
641 1080 23 22 af
672 1081 47 27 den,
734 1087 46 15 som
791 1080 68 22 hand-

104 1116 84 28 lingens
211 1116 116 27 stämpling
350 1116 86 28 äligger,
457 1122 75 22 genom
549 1116 129 30 anteckning
694 1115 22 22 af
730 1116 75 21 datum
819 1114 39 22 och

104 1151 108 27 beloppet,
228 1151 67 21 hvarä
310 1151 130 27 handlingen
455 1151 65 27 lyder.

175 1185 44 21 För
237 1185 134 27 makulering
389 1185 23 21 af
428 1186 166 26 stämpelmärke
609 1185 35 21 vid
660 1184 134 22 embetsverk
808 1190 51 21 eger

105 1219 92 21 särskild
213 1219 60 27 afgift
288 1219 47 21 icke
349 1226 54 14 rum.

452 1289 11 27 8
481 1290 31 20 12.

176 1334 34 21 Dä
225 1334 108 26 utgäende
349 1334 122 26 expedition
481 1334 55 22 skall
546 1334 48 22 med
604 1334 168 26 stämpelmärke
782 1334 76 26 förses,

104 1368 109 27 iakttages
235 1368 35 21 vid
293 1369 117 26 stämpelns
433 1368 147 27 anbringande
599 1368 39 22 och
658 1368 135 27 makulering
808 1374 50 15 ena-

104 1402 73 22 handa
191 1401 130 28 förfarande,
337 1408 45 16 som
397 1403 8 20 i
420 1402 12 28 $
451 1404 22 20 11
491 1402 93 28 stadgas.
