1025 1720
426 131 45 23 N:o
490 132 23 21 4.
807 130 10 19 7

446 199 48 27 28.

160 235 30 24 Är
212 238 88 21 fordran
323 238 117 21 intecknad
455 239 6 20 i
477 238 42 21 fast
539 239 110 26 egendom,
673 238 51 21 eller
740 239 24 20 är
780 238 66 21 sådan

91 273 105 26 egendom
219 273 60 27 eljest
302 273 124 27 underpant
448 273 33 20 för
496 272 95 27 fordran,
607 273 40 21 och
661 272 36 21 vill
712 272 135 27 borgenären

90 305 35 22 för
144 307 139 26 betalningen
298 306 58 21 hålla
371 307 32 27 sig
418 307 92 20 allenast
525 306 33 21 till
573 307 142 26 egendomen;
738 312 52 15 vare
804 306 43 21 han

92 341 40 21 ock
154 341 123 26 berättigad
293 342 32 20 att
340 340 39 22 hos
396 341 163 21 öfverexekutor
573 341 54 21 söka
642 341 49 21 dess
706 340 142 22 användande

91 375 33 22 till
147 376 88 27 gäldens
251 375 116 28 betalning.
398 375 73 22 Sådan
486 375 128 28 lagsökning
629 375 82 22 utföres
727 377 57 20 emot
800 375 47 27 den,

92 409 85 22 hvilken
200 411 70 21 såsom
291 417 63 20 egare
369 411 39 21 har
424 410 131 28 egendomen
571 410 7 21 i
593 410 127 28 besittning;
744 410 55 21 dock
813 411 35 20 må

92 444 134 22 öfverlåtelse
249 444 22 22 af
292 445 137 27 egendomen,
452 446 66 21 innan
541 451 41 21 nye
604 451 78 21 egaren
698 445 49 21 sökt
762 444 85 28 lagfart,

91 479 47 21 icke
153 480 78 26 utgöra
246 479 77 22 hinder
337 479 33 22 för
385 479 58 22 förre
458 486 89 21 egarens
563 479 138 28 lagsökande.

446 550 48 28 38.

161 588 192 28 Lagsökningsmål
376 591 108 25 upptagas
507 589 22 22 af
547 588 164 23 öfverexekutor
726 590 8 21 i
749 589 41 22 den
806 590 41 25 ort,

93 623 37 22 der
153 623 130 28 gäldenären
302 624 40 21 har
357 625 39 21 sitt
411 625 27 21 bo
455 625 39 21 och
509 624 91 22 hemvist
616 625 51 21 eller
681 625 71 27 någon
768 624 32 22 tid
816 624 32 27 sig

93 659 132 27 uppehåller,
249 660 57 26 eller,
328 659 28 22 då
374 660 111 27 betalning
501 661 62 21 sökes
579 659 91 22 allenast
685 666 27 15 ur
726 659 43 22 fast
785 665 62 21 egen-

93 695 55 26 dom,
173 695 37 20 der
233 695 131 26 egendomen
382 695 73 27 ligger.
486 696 47 20 Den
548 695 138 27 ingenstädes
702 700 50 21 eger
767 694 81 27 stadigt

93 729 96 26 hemvist,
212 729 99 27 lagsökes
334 730 38 21 der
394 729 42 22 han
458 729 69 22 finnes
545 729 57 26 eller,
619 735 34 15 om
667 729 43 21 han
726 729 46 22 icke
787 729 40 22 bor
841 729 7 20 i

92 763 81 27 landet,
197 764 38 21 der
257 764 42 21 han
317 765 58 21 inom
390 765 74 21 landet
479 766 74 21 senast
567 771 38 15 var
620 765 89 21 boende.
740 765 108 22 Utländsk

93 805 49 15 man
166 799 63 21 sökes
251 799 38 21 der
311 799 43 22 han
377 799 74 22 träffas
475 800 50 21 eller
540 800 53 27 gods
608 800 7 21 i
630 799 75 22 landet
720 806 56 21 eger.
806 800 42 21 För

92 833 94 27 löpande
209 833 139 29 förskrifning
370 835 35 21 må
427 835 131 26 gäldenären
581 835 40 21 ock
643 835 64 21 sökas
730 834 53 22 hvar
805 834 43 22 han

93 867 82 23 träffas.

447 910 13 20 4
477 909 18 27 8.

161 949 118 27 Angående
301 949 127 28 lagsökning
450 950 39 21 hos
512 950 163 22 öfverexekutor
697 949 33 22 för
752 949 95 27 fordran,

93 989 46 16 som
162 984 40 21 bör
224 984 48 21 med
294 984 142 22 förmånsrätt
458 985 53 27 utgå
526 991 26 15 ur
567 984 77 28 fartyg,
660 984 58 22 frakt
734 984 51 22 eller
799 984 49 27 last,

94 1020 24 20 är
133 1019 7 21 i
157 1020 40 20 241
214 1020 11 27 8
241 1019 95 27 sjölagen
352 1020 108 27 stadgadt.

447 1090 13 20 5
477 1088 18 28 8.

162 1128 138 28 Lagsökning
322 1128 55 22 skall
394 1130 64 26 göras
474 1128 128 28 skriftligen;
627 1128 38 22 och
680 1128 48 28 foge
743 1128 107 27 borgenär

93 1163 36 21 vid
152 1164 32 20 sin
207 1164 73 26 inlaga
303 1163 40 21 den
366 1164 51 21 eller
433 1164 26 21 de
474 1163 127 27 handlingar
616 1164 8 20 i
638 1162 146 23 hufvudskrift
799 1163 51 21 eller

95 1198 111 21 besannad
229 1197 90 27 afskrift,
343 1198 71 21 hvilka
432 1198 44 21 han
491 1198 33 22 för
539 1198 33 21 sin
587 1198 60 21 talan
663 1198 112 27 äberopar.
805 1197 46 21 Un-

95 1232 94 22 derläter
204 1232 42 22 han
263 1232 42 27 det,
323 1232 51 22 eller
388 1232 69 22 finner
469 1232 163 22 öfverexekutor
642 1232 89 22 fordran
741 1232 47 22 icke
799 1238 52 15 vara

94 1272 77 21 genom
194 1267 26 21 de
242 1266 81 27 ingifna
339 1266 158 27 handlingarna
511 1266 93 27 bevisad,
620 1267 67 21 varde
702 1266 148 27 ansökningen

95 1301 17 27 ej
129 1302 118 26 upptagen,
264 1301 38 21 och
318 1301 76 21 teckne
410 1300 164 23 öfverexekutor
590 1301 36 21 det
642 1301 13 21 å
669 1301 93 27 inlagan.

450 1370 12 20 6
479 1369 18 27 8.

163 1409 112 28 Upptages
295 1409 155 27 ansökningen,
467 1409 76 21 teckne
558 1408 163 22 öfverexekutor
737 1408 12 22 å
764 1408 86 28 inlagan

95 1443 152 29 föreläggande
262 1444 33 22 för
311 1444 129 28 gäldenären
457 1445 39 25 att,
512 1444 58 22 inom
585 1443 42 22 viss
643 1443 31 21 tid
690 1443 54 22 efter
759 1444 38 21 det
806 1443 45 27 lag-
