1048 1717
117 824 197 28 Försäkringsbref,
336 825 157 28 assuranspolis
516 827 56 20 samt
593 825 60 21 bevis
676 824 59 22 öfver

350 131 24 22 U.
390 131 25 22 B.
431 144 26 2 —
473 131 64 29 Prop.
553 131 38 23 N:o
608 130 21 23 8.

209 238 79 22 Derest
306 237 132 27 afbetalning
454 238 13 21 å
481 238 107 27 kapitalet
602 238 57 21 förut
674 237 66 24 skett,

179 273 106 21 beräknas
306 273 194 26 stämpelbeloppet
520 273 77 20 endast
616 271 53 22 efter
683 271 57 22 hvad

178 307 7 21 i
200 307 80 27 kapital
297 307 100 20 återstår.

208 341 41 21 Vid
265 341 119 26 bevakning
399 342 6 20 i
421 341 95 21 konkurs
530 341 52 21 eller
592 340 148 28 årsproklama

179 377 76 26 drager
270 375 138 28 förskrifning
423 376 92 27 stämpel

206 410 147 27 Förskrifning
373 411 12 21 å
405 411 35 21 lån
460 411 46 21 från
524 411 94 26 Kronan,
627 391 111 40 Finlands

179 445 144 26 Statskontor,
332 445 161 25 Universitetet,
502 445 64 22 enke-
574 445 40 22 och
620 445 118 27 pupillkas-

177 486 64 15 sorna
261 482 55 19 samt
335 480 66 21 andra
417 479 106 22 allmänna
538 479 75 22 fonder
629 479 107 22 äfvensom

177 514 129 22 förbindelse
323 515 31 21 till
369 514 100 22 Finlands
484 515 62 21 Bank
563 514 62 26 skall,
637 516 38 19 när
686 514 51 21 den-

177 555 81 16 samma
272 549 33 22 för
320 549 105 22 vinnande
441 549 22 22 af
472 549 123 27 inteckning
607 549 51 22 eller
669 549 68 22 betal-

176 584 50 27 ning
244 583 90 28 ingifves
355 584 52 21 eller
426 587 77 24 upptes
519 585 41 20 hos
576 583 93 22 domstol
685 583 51 22 eller

178 619 107 24 exekutor,
301 619 28 25 på
345 619 140 25 gäldenärens
502 619 119 21 bekostnad
633 613 114 31 beläggas
737 609 13 39 |

174 653 50 21 med
244 653 67 21 sådan
332 653 97 27 stämpel,
450 659 45 15 som
513 653 33 21 för
561 653 36 21 det
612 653 135 30 resterande
737 649 13 38 i

176 687 184 27 kapitalbeloppet
376 687 113 22 erfordras.

203 721 152 28 Förskrifning,
368 728 45 15 som
423 721 34 23 för
467 724 66 19 annat
544 722 100 21 ändamål
655 722 79 20 företes

176 756 38 22 hos
223 756 93 21 domstol
328 756 51 22 eller
388 756 95 27 offentlig
490 756 132 28 myndighet,
632 756 102 27 stämplas

176 791 70 21 såsom
262 797 69 15 annan
347 791 78 26 bilaga.

144 860 90 28 förnyad
250 860 52 22 eller
317 860 105 22 öfverförd
442 860 121 27 försäkring
583 859 67 29 [wtel.]
668 859 67 22 skall

145 894 41 22 vid
202 894 173 22 utlemnandet
391 896 134 26 stämplas:

145 930 23 27 a)
183 930 41 20 vid
238 929 127 28 försäkring
380 928 27 28 af
420 929 31 28 lif,

173 964 30 21 då
228 963 193 27 försäkringens
451 964 91 28 belopp
569 963 177 57 understiger

203 1000 73 24 3,000
292 999 77 24 mark,
385 999 56 21 med
743 1002 2 12 |

174 1034 30 20 dä
214 1033 180 27 försäkringen
405 1036 76 24 utgör
490 1016 77 39 minst
576 1016 20 43 3,
601 1016 47 38 000
658 1033 74 25 mark,
742 1038 3 24 |

202 1073 53 16 men
271 1068 56 21 icke
343 1069 80 25 stiger
438 1069 40 20 till
491 1070 90 24 10,000
592 1068 76 25 mark,
680 1068 54 21 med

172 1102 27 21 dä
210 1101 179 29 försäkringen
398 1104 74 25 utgör
483 1104 88 25 10,000
587 1102 71 21 mark
671 1098 73 26 eller

202 1137 159 27 derutöfver,
377 1137 70 22 med.
479 1155 4 4 .
693 1153 39 4 eo

144 1171 19 23 D
179 1171 41 22 vid
234 1154 127 46 försäkring
375 1172 26 27 af
413 1151 108 53 egendom,

172 1206 30 21 då
226 1206 193 27 försäkringens
449 1207 94 27 belopp
568 1206 176 32 understiger]

202 1243 73 24 3,000
291 1241 78 26 mark,
385 1241 55 22 med
479 1259 4 4 .
513 1257 6 5 .
550 1259 4 4 .
742 1239 2 3 |

172 1275 30 22 dä
213 1258 178 44 försäkringen
403 1277 76 25 utgör
489 1276 77 21 minst
576 1259 21 42 3,
602 1258 47 39 000
655 1253 77 54 mark,

200 1316 54 15 men
270 1310 55 22 icke
342 1309 80 28 stiger
433 1310 40 21 till
486 1312 90 24 10,000
588 1310 78 26 mark,
678 1310 65 29 med
732 1305 15 39 /

172 1344 30 21 då
212 1344 179 27 försäkringen
402 1346 77 25 utgör
491 1347 90 23 10,000
593 1345 67 20 mark
672 1342 71 23 eller
733 1338 13 38 |

200 1377 153 26 derutöfver,
370 1377 75 22 med
435 1373 15 35 .
477 1394 4 4 .
741 1375 2 9 |

170 1412 63 21 Frän
255 1413 81 20 denna
351 1394 273 45 stämpelskyldighet
626 1413 44 20 äro
686 1394 46 39 fri-

142 1447 221 27 tagnainhemska,
374 1447 31 27 på
416 1447 139 27 ömsesidig
566 1447 166 27 ansvarighet

863 260 2 10 |

863 272 2 11 I

863 356 2 17 i

863 375 2 7 i

888 267 72 17 Stämpel-

863 284 2 10 |
885 291 45 16 afgift
939 290 25 15 för

881 313 86 16 afhandlin-

872 340 28 13 gar
912 336 62 13 emellan

887 359 72 13 enskilda.
