1059 1714
303 124 82 24 Ständ.
401 124 38 24 Sv.
465 119 17 38 —
497 126 73 27 Prop.
586 125 42 23 N:o
643 126 22 21 4.
818 126 11 21 7

455 192 12 20 6
479 175 21 48 8.

172 248 110 27 Upptages
300 248 152 28 ansökningen,
472 249 76 21 teckne
566 248 165 22 öfverexekutor
746 256 12 14 &
773 248 85 26 inlagan

103 282 149 27 föreläggande
272 282 34 21 för
320 282 128 26 gäldenären
463 284 39 25 att,
517 283 58 21 inom
590 284 42 20 viss
648 283 30 21 tid
694 282 54 22 efter
762 283 38 21 det
814 282 43 27 lag-

103 317 254 26 sökningshandlingarna
380 316 70 22 blifvit
470 318 79 21 honom
568 316 99 28 delgifna,
683 317 12 22 &
711 316 147 27 ansökningen

102 351 118 27 skriftligen
243 357 68 20 svara,
333 351 35 21 vid
390 350 104 28 äfventyr,
518 358 34 15 om
570 352 42 21 han
628 351 35 21 det
677 351 133 26 försummar,
826 352 31 20 att

102 385 65 22 mälet
182 385 56 22 ändä
253 386 91 26 afgöres.

170 419 99 23 Derefter
284 420 80 27 äligger
380 420 36 21 det
431 420 131 27 borgenären
577 422 32 20 att
618 420 155 27 handlingarna
783 420 75 26 uttaga

102 454 40 21 och
153 454 47 21 dem
216 454 7 21 i
238 453 144 22 hufvudskrift
395 454 52 22 eller
457 455 109 21 besannad
576 454 86 22 afskrift
673 454 129 27 gäldenären
812 454 44 21 del-

102 488 56 27 gifva
180 489 28 26 pä
230 490 47 25 sätt,
297 494 45 17 som
364 488 34 22 för
418 489 132 27 delgifvande
568 490 24 21 af
604 488 94 28 skriftlig
712 489 106 26 stämning
833 490 24 19 är

102 523 105 26 stadgadt.

454 586 46 28 78.

171 639 167 26 Öfverexekutor
356 645 80 20 utsätte
453 644 33 21 för
501 645 128 26 gäldenären
646 644 40 21 den
701 644 31 21 tid
748 643 33 22 till
797 649 58 15 svars

102 677 126 28 afgifvande,
244 684 45 15 som
304 678 49 21 med
368 678 98 21 afseende
482 679 12 21 å
510 680 67 26 orten,
586 678 39 22 der
640 678 126 27 gäldenären
782 678 73 25 vistas,

102 712 85 27 pröfvas
203 713 69 26 nödig.

170 747 10 20 I
201 747 26 21 de
244 746 45 27 fall,
309 747 27 21 då
350 747 146 27 ansökningen
510 746 36 22 må
561 747 101 26 delgifvas
677 747 128 26 gäldenären
820 752 34 21 ge-

101 788 49 14 nom
165 781 127 27 kungörelse
307 781 8 22 i
330 781 106 21 allmänna
450 781 143 27 tidningarna,
608 781 65 21 varde
684 781 58 21 tiden
752 780 33 21 till
796 786 59 16 svars

102 815 120 28 afgifvande
242 817 42 20 satt
302 815 33 22 till
350 815 62 22 nittio
428 815 67 27 dagar
509 815 55 22 efter
579 815 36 22 det
629 815 142 27 kungörelsen
786 814 68 27 tredje

100 851 82 26 gången
197 850 99 21 infördes.

454 913 12 21 8
482 913 18 27 &.

170 971 71 22 Gifver
260 972 106 26 borgenär
388 971 21 22 in
429 971 59 21 bevis
510 972 33 20 att
566 970 288 28 lagsökningshandlingarna

100 1005 71 23 blifvit
190 1006 101 27 gäldenär
309 1006 23 21 sä
348 1005 98 27 delgifna,
463 1012 45 15 som
522 1006 8 20 i
546 1006 12 20 6
574 1004 12 28 $
600 1007 64 25 sagts,
680 1005 24 21 sä
719 1005 40 21 ock
774 1010 80 16 samma

101 1040 127 27 handlingar
243 1041 6 21 i
264 1040 143 22 hufvudskrift
422 1040 52 21 eller
488 1040 111 22 besannad
610 1038 90 28 afskrift,
710 1040 39 20 och
759 1039 95 22 kommer

101 1075 19 27 ej
139 1074 128 28 gäldenären
289 1075 57 21 inom
368 1074 96 27 förelagd
481 1074 32 22 tid
527 1074 49 22 med
591 1080 57 20 svar;
663 1073 65 22 varde
744 1074 64 21 mälet
822 1073 32 22 af-

100 1108 71 28 gjordt
186 1109 27 27 pä
228 1108 25 22 de
268 1108 53 28 skäl,
337 1115 46 15 som
397 1109 132 27 borgenären
545 1108 94 22 företett.

168 1142 62 23 Visas
245 1143 128 27 gäldenären
388 1143 64 21 hafva
466 1144 55 21 varit
535 1143 23 22 af
572 1144 48 26 laga
634 1142 73 22 förfall
721 1142 91 22 hindrad
822 1144 32 20 att

101 1184 69 20 svara,
188 1178 107 26 förelägge
311 1177 160 22 öfverexekutor
486 1178 79 22 honom
580 1184 28 20 ny
622 1178 32 21 tid
669 1177 80 26 dertill;
765 1177 39 22 och
819 1177 35 21 mä

101 1212 162 22 Ofverexekutor
284 1211 76 28 tillika,
381 1213 37 21 der
442 1212 36 22 det
500 1212 84 27 pröfvas
602 1212 102 27 lämpligt,
719 1211 133 27 föreskrifva,

101 1248 32 21 att
154 1248 128 26 gäldenären
304 1247 62 26 skall,
386 1254 34 15 om
442 1246 95 23 förfallet
554 1246 82 28 fortfar,
652 1246 33 22 sin
704 1246 58 22 talan
777 1252 76 21 genom

92 1282 129 26 .fullmäktig
235 1282 89 22 bevaka.

451 1345 13 20 9
479 1345 17 26 8.

168 1396 168 27 Öfverexekutor
358 1407 44 21 ege,
425 1407 33 16 om
480 1400 114 28 gäldenärs
612 1406 48 16 svar
676 1400 35 22 det
725 1400 127 25 föranleder,

100 1437 44 22 låta
166 1437 138 26 borgenären,
322 1437 65 20 innan
409 1435 65 22 målet
496 1435 91 28 afgöres,
605 1434 23 23 af
645 1436 70 21 svaret
729 1435 39 22 hos
784 1434 68 23 öfver-
