1025 1717
215 154 28 20 42
414 152 28 22 U.
459 152 28 22 B.
502 164 27 3 —
545 152 74 27 Prop.
635 151 42 22 N:o
692 152 24 21 4.

189 221 34 26 sig
237 220 66 21 äfven
317 220 33 20 till
373 227 69 13 annan
458 219 141 28 gäldenärens
622 219 111 27 egendom,
755 219 110 20 äfvensom
881 221 61 24 pant-

189 254 89 21 hafvare
300 254 125 27 berättigats
447 256 31 19 att
494 253 119 22 oberoende
636 253 23 20 af
674 253 122 20 konkursen
818 252 76 21 utsöka
909 253 32 20 sin

189 288 87 21 fordran
297 296 25 13 ur
344 288 130 27 fastigheten
490 288 41 21 och
545 287 23 21 få
583 287 70 21 denna
667 287 77 28 jemväl
760 287 87 21 försåld.
876 287 66 20 Detta

189 323 90 20 innebär
303 322 78 26 vidare,
406 325 32 18 att
462 321 224 28 konkursgäldenären
716 321 94 28 tillhörig
845 321 97 28 fastighet,

189 364 46 13 som
260 359 23 18 är
307 356 48 21 med
381 358 118 27 panträtter
523 356 110 26 besvärad,
658 356 35 21 väl
714 355 133 22 fortfarande
871 355 72 22 tillhör

190 391 151 26 konkursboet,
356 399 48 12 men
420 393 31 18 att
466 391 23 20 af
504 391 48 21 dess
568 390 65 22 värde
649 390 65 21 andre
729 390 171 28 fordringsegare
916 392 26 19 än

189 425 33 26 de,
237 433 45 14 som
297 425 46 21 deri
358 425 65 21 hafva
438 427 100 26 panträtt,
552 425 47 21 icke
614 425 129 21 tillkommer
757 425 74 21 vidare
847 427 26 18 än
886 424 56 21 hvad

189 460 33 20 till
237 459 110 29 äfventyrs
363 459 42 21 kan
420 459 85 27 återstå,
521 459 66 21 sedan
603 459 201 28 pantfordringarna
820 459 71 21 blifvit
907 459 35 21 be-

190 494 79 26 täckta,
284 494 40 21 och
340 497 32 18 att
394 494 159 28 sysslomännen
569 495 7 20 i
591 494 128 26 konkursen,
741 494 34 21 för
791 497 30 18 att
836 494 107 21 åtkomma

189 528 58 21 detta
263 528 121 21 öfverskott
399 528 35 21 för
448 528 27 21 de
491 528 68 28 öfriga
575 528 165 27 borgenärernes
751 528 96 28 räkning,
859 528 34 21 väl
905 535 38 21 ega

190 563 87 28 försälja
292 563 134 27 fastigheten,
442 570 47 13 men
506 562 56 21 dock
577 562 60 21 alltid
653 562 48 21 med
717 563 70 20 vilkor
802 565 31 18 att
845 562 26 21 de
882 565 62 25 pant-

190 598 71 25 rätter,
281 597 34 20 för
329 597 74 21 hvilka
424 597 121 20 densamma
561 596 75 26 häftar,
651 596 66 21 varda
735 596 65 21 äfven
816 597 5 20 i
853 598 90 27 köparens

191 631 56 21 hand
263 631 127 21 bibehållna.
417 631 50 20 Ifall
483 631 160 27 sysslomännen
659 638 50 13 anse
726 633 31 18 att
772 630 68 21 bättre
856 632 88 19 resultat

190 665 23 21 af
227 665 155 28 försäljningen
398 666 82 25 vinnes,
491 672 32 14 om
534 664 128 28 fastigheten
675 664 97 29 utbjudes
783 666 7 19 i
801 664 41 22 den
853 664 91 28 ordning

191 707 45 13 som
252 699 36 21 vid
304 700 120 27 utmätning
439 701 23 19 är
477 699 150 26 föreskrifven,
641 699 45 21 står
700 699 65 21 äfven
786 699 69 21 denna
878 701 66 26 utväg

191 733 47 21 dem
255 735 76 27 öppen,
346 734 40 21 och
402 734 6 20 i
427 733 76 21 sådant
524 733 39 21 fall
578 734 54 20 skall
647 733 37 21 det
702 734 68 28 lägsta
786 734 49 26 bud,
851 741 44 13 som
911 733 34 21 får

191 771 94 25 antagas,
300 768 116 21 fastställas
432 768 24 21 så
471 768 56 28 högt,
543 771 35 22 att
593 768 36 21 det
644 768 128 28 öfverstiger
788 768 156 28 sammanlagda

192 802 100 28 beloppet
314 802 23 21 af
352 802 40 21 alla
416 802 178 28 pantfordringar.
624 802 42 22 Om
682 802 24 21 så
723 802 53 28 högt
790 802 72 21 anbud
882 804 62 26 göres

193 836 39 22 och
248 836 127 28 försäljning
395 836 134 28 följaktligen
545 844 49 21 eger
608 844 52 19 rum,
681 836 44 22 står
740 836 37 22 det
799 836 145 28 intecknings-

193 870 88 22 hafvare
295 871 49 21 fritt
358 874 30 18 att
403 870 43 22 låta
462 872 45 20 sina
522 871 121 28 fordringar
661 871 32 21 till
708 871 61 21 deras
786 871 159 29 kapitalbelopp

191 905 122 27 öfvertagas
329 905 23 21 af
366 905 93 29 köparen
483 906 51 20 eller
549 906 41 21 ock
605 908 32 18 att
651 905 37 21 vid
704 905 122 28 fördelning
841 905 23 21 af
878 905 66 29 köpe-

191 939 113 28 skillingen
320 939 48 21 utfå
382 939 117 27 desamma;
520 940 40 20 och
576 940 6 20 i
597 940 73 28 hvarje
685 939 38 21 fall
739 940 55 20 skall
809 940 136 28 utsöknings-

191 974 151 28 myndigheten
363 973 160 22 tillhandahålla
545 974 161 28 sysslomännen
726 974 57 21 hvad
799 974 23 22 af
837 974 108 28 köpeskil-

192 1008 71 28 lingen
279 1008 95 27 återstår,
390 1008 66 22 sedan
472 1008 199 28 pantfordringarna
688 1008 71 21 blifvit
775 1008 105 27 betäckta,
891 1008 54 22 hvil-

192 1043 37 21 ket
243 1042 127 27 öfverskott,
392 1042 69 22 såsom
484 1050 69 14 annan
576 1042 234 28 konkursgäldenärens
834 1042 111 29 egendom,

192 1077 95 21 kommer
301 1077 69 28 öfrige
386 1077 128 28 borgenärer
534 1077 32 21 till
581 1077 62 28 godo.
674 1077 43 21 Det
732 1080 73 18 senast
819 1077 66 28 sagda
900 1077 45 28 gäl-

192 1111 31 21 ler
238 1111 64 21 äfven
317 1111 35 21 för
366 1111 41 21 den
423 1111 107 26 händelse,
545 1114 32 18 att
591 1111 147 28 panthafvare,
751 1111 28 28 på
789 1113 42 19 sätt
842 1111 103 28 förslaget

191 1145 77 28 jemväl
284 1145 126 28 medgifver,
425 1145 120 21 oberoende
560 1145 23 21 af
597 1145 65 21 redan
678 1145 101 22 inträffad
790 1145 95 22 konkurs
897 1145 48 22 sökt

191 1179 130 28 fastigheten
344 1180 6 20 i
366 1181 43 19 mät
432 1179 40 21 och
487 1179 42 21 fått
549 1179 122 22 densamma
692 1179 111 22 exekutivt
817 1179 85 22 försåld.
917 1193 28 2 —

192 1215 110 26 Antingen
318 1221 27 13 nu
362 1213 129 28 fastigheten
512 1213 99 28 utbjudes
627 1213 22 21 af
670 1214 161 27 sysslomännen
847 1214 51 21 eller
913 1217 32 18 ut-

192 1247 234 27 sökningsmyndighet,
441 1247 42 21 kan
499 1247 117 21 emellertid
632 1247 90 26 inträffa,
737 1251 31 17 att
781 1247 70 28 någon
861 1248 84 27 försälj-

191 1281 52 27 ning
257 1281 7 20 i
280 1281 53 20 brist
348 1280 23 21 af
384 1281 125 27 tillräckligt
523 1281 52 27 högt
590 1280 71 21 anbud
673 1281 49 20 icke
733 1281 96 21 kommer
838 1281 32 20 till
883 1281 62 21 stånd

192 1314 41 21 och
248 1317 31 18 att
293 1314 131 28 fastigheten
438 1314 58 29 förty
511 1317 86 18 stannar
612 1315 39 20 hos
665 1314 136 29 gäldenären,
811 1315 86 22 hvilken
910 1315 35 22 väl

192 1349 7 21 i
215 1348 26 22 de
256 1349 61 21 flesta
339 1348 38 21 fall
393 1349 53 20 skall
469 1349 66 21 sakna
550 1349 98 28 förmåga
671 1352 31 18 att
724 1349 74 22 vidare
817 1349 62 22 sköta
895 1349 51 22 den-

193 1391 85 19 samma,
293 1391 48 13 men
358 1383 58 21 detta
431 1383 134 22 förhållande
580 1383 133 22 vidkommer
728 1383 28 22 då
766 1391 58 14 mera
835 1384 47 21 icke
894 1385 53 21 kon-

192 1418 206 28 kursborgenärerne
413 1421 52 18 utan
480 1418 174 29 panthafvarene,
669 1418 73 22 hvilka
757 1419 77 28 sjelfva
850 1427 39 20 ega
899 1419 47 22 vid-

192 1456 50 25 taga
257 1452 75 28 åtgärd
348 1459 34 14 om
397 1452 140 28 fastighetens
552 1452 136 29 försäljande,
703 1453 46 21 ifall
760 1453 27 22 de
798 1461 50 14 anse
859 1455 33 20 sin
902 1454 44 21 för-

261 1492 130 23 Lagutskottets
403 1492 110 18 betänkande
526 1493 35 17 N:o
574 1493 17 17 5.
