1048 1717
218 134 28 22 60
387 132 82 23 Ständ.
485 132 38 22 Sv.
538 145 28 3 —
579 132 72 26 Prop.
667 130 42 23 N:o
724 131 22 21 4.

192 203 25 15 ur
232 197 72 21 landet
318 197 60 21 faren
394 196 39 21 och
444 196 39 21 har
493 195 19 27 ej
524 195 77 22 ombud
612 195 56 25 stält,
680 194 64 22 varde
755 192 100 24 förbudet
862 192 81 22 fästadt

190 232 12 21 å
217 232 52 22 hans
284 231 92 21 husdörr
394 232 55 20 samt
464 231 8 21 i
487 230 131 22 sistnämnda
636 228 38 22 fall
689 228 102 28 derjemte
806 228 115 27 kungjordt
936 228 7 20 i

190 267 106 21 allmänna
310 266 141 27 tidningarna.

258 300 42 22 Lös
323 300 109 28 egendom,
451 306 45 16 som
511 299 73 23 ställes
600 299 66 21 under
681 298 204 28 skingringsförbud,
900 297 44 21 för-

189 336 64 21 blifve
268 335 68 22 under
351 334 163 22 innehafvarens
529 334 53 22 vård
596 334 39 21 och
651 333 121 27 nyttjande;
784 333 48 21 sker
843 332 101 22 förbudet

190 370 33 21 till
241 370 101 22 säkerhet
362 369 33 22 för
413 368 94 28 fordran,
522 369 65 22 varde
602 368 130 28 egendomen
748 367 110 26 värderad,
874 366 69 22 säsom

189 405 7 21 i
211 404 60 27 fräga
286 410 35 16 om
336 404 121 26 utmätning
472 406 23 19 är
510 402 141 24 föreskrifvet.

258 439 46 22 Har
325 438 43 22 fast
389 438 102 28 egendom
513 440 54 20 satts
584 437 68 22 under
670 435 202 28 skingringsförbud,
888 435 56 22 skall

190 474 221 27 utmätningsmannen
436 475 81 25 genast,
540 473 7 21 i
570 472 98 22 afseende
690 472 13 21 &
722 471 110 21 förbudets
855 471 89 21 anteck-

190 508 75 26 nande,
284 508 12 21 å
312 507 72 22 landet
406 507 32 22 till
461 507 101 22 domaren
580 506 39 22 och
634 508 7 19 i
656 507 48 21 stad
721 505 33 22 till
769 507 69 20 rätten
854 505 89 22 insända

190 543 58 21 bevis
264 543 80 26 derom,
362 542 28 27 pä
408 544 43 20 sätt
465 543 7 20 i
487 543 14 21 4
516 543 48 27 kap.
580 541 27 22 28
623 541 11 27 $
650 547 34 16 om
699 541 118 27 utmätning
832 543 24 19 är
871 540 72 27 sagdt;

190 577 40 21 och
252 583 56 21 vare,
328 577 65 21 innan
415 577 66 22 sädan
503 576 128 27 anteckning
646 576 63 25 skett,
724 575 99 22 förbudet
838 575 48 22 icke
900 575 44 26 gäl-

190 611 62 22 lande
268 614 44 19 mot
327 611 47 26 den,
389 617 46 16 som
450 612 6 21 i
471 611 42 27 god
526 613 33 20 tro
574 610 111 23 ätkommit
695 610 130 27 egendomen
836 609 52 22 eller
898 609 46 21 deri

190 646 73 22 vuonit
278 646 127 27 inteckning.

545 731 47 28 98.

258 790 44 27 Äro
312 796 117 27 penningar
437 798 57 20 satta
506 797 6 20 i
525 796 106 27 gvarstad,
640 796 52 21 eller
700 795 62 22 hafva
770 795 76 26 medel,
855 795 87 22 hvarom

190 829 61 27 178
266 830 105 27 förmälts,
386 831 33 20 till
433 831 117 26 syssloman
566 830 84 27 influtit,
666 836 38 21 ege
720 829 169 28 öfverexekutor,
906 830 38 21 der

190 864 105 29 borgenär
312 865 52 22 eller
381 865 102 27 gäldenär
498 867 36 20 det
549 865 69 26 äskar,
634 865 101 22 förordna
751 871 34 16 om
799 865 96 21 medlens
911 865 31 21 in-

190 899 98 22 sättande
303 900 7 21 i
326 900 180 27 bankinrättning,
523 900 69 22 säsom
608 900 7 21 i
630 900 13 21 6
658 899 49 28 kap.
724 899 26 22 19
766 899 10 28 $
792 901 24 20 är
831 899 67 28 sagdt.

538 1005 27 22 10
580 1004 16 27 8.

258 1062 30 27 Är
303 1067 46 22 fara
364 1067 33 22 för
413 1068 91 26 handen,
513 1070 33 19 att
555 1068 101 27 gäldenär
666 1067 94 28 begifver
773 1068 31 27 sig
813 1067 47 22 frän
871 1067 72 22 landet

189 1104 52 19 utan
263 1104 33 20 att
313 1102 125 22 efterlemna
453 1102 56 22 känd
524 1103 109 27 egendom,
649 1109 45 15 som
709 1105 45 18 mot
768 1103 77 26 gälden
862 1108 80 19 svarar,

190 1137 52 21 eller
256 1139 33 19 att
303 1137 76 27 nägon,
395 1143 46 15 som
455 1139 24 19 är
494 1137 84 28 skyldig
592 1137 32 22 för
639 1137 99 27 hushyra,
748 1137 57 26 kost,
818 1137 126 27 skeppslega

190 1171 51 22 eller
263 1173 65 20 annat
349 1171 74 28 dylikt,
445 1171 83 22 afviker
549 1171 47 23 frän
615 1173 67 24 orten,
699 1174 50 19 utan
765 1173 31 20 att
812 1171 129 27 borgenären

189 1205 39 22 har
243 1206 99 21 säkerhet
360 1206 7 21 i
387 1207 147 26 gvarlemnadt
548 1206 62 27 gods;
626 1206 28 21 dä
669 1213 37 21 ege
722 1206 164 22 öfverexekutor
900 1205 44 22 för-

189 1241 65 26 bjuda
268 1241 127 27 gäldenären
412 1243 32 20 att
459 1241 71 22 afresa
544 1241 47 22 från
607 1243 67 24 orten,
689 1241 64 22 innan
768 1241 42 21 han
825 1241 57 26 gjort
899 1242 44 20 rätt

189 1274 33 20 för
237 1275 37 25 sig.
305 1270 139 26 Öfverträdes
463 1274 106 26 förbudet,
584 1274 65 21 varde
663 1275 129 25 gäldenären
808 1273 135 21 äterhemtad

189 1308 46 26 och,
251 1308 38 21 der
304 1308 131 26 borgenären
452 1308 35 21 det
503 1308 69 26 äskar,
587 1309 7 21 i
609 1307 65 22 häkte
688 1308 70 21 hällen
774 1308 67 21 under
856 1308 40 21 den
912 1308 31 21 tid

188 1342 100 22 förbudet
302 1342 74 28 gäller.
397 1342 82 22 Sädant
493 1341 125 23 reseförbud
632 1342 35 22 mä
682 1342 18 28 ej
715 1342 57 28 gälla
786 1342 73 27 längre
874 1342 32 22 tid
916 1344 27 20 än

188 1377 38 21 tvä
240 1378 108 26 mänader,
364 1377 89 22 säframt
467 1377 47 22 icke
529 1377 167 27 öfverexekutor,
712 1378 28 27 pä
754 1377 56 23 skild
825 1378 118 26 ansökning

190 1412 38 22 och
244 1412 53 22 efter
312 1412 99 28 pröfning
425 1412 24 22 af
462 1413 215 27 omständigheterna,
692 1413 68 22 finner
775 1413 48 22 skäl
838 1415 32 19 att
885 1413 57 22 med-

189 1448 49 22 dela
252 1447 141 28 förlängning.
