1053 1723
230 135 26 19 64
438 131 24 22 U.
479 132 24 21 B.
519 146 27 2 —
562 132 64 28 Prop.
641 131 37 22 N:o
694 131 20 22 8.

201 197 109 29 beläggas
325 197 53 22 med
393 197 103 28 stämpel,
520 197 80 22 förena
614 197 25 21 vi
654 203 37 15 oss
711 195 60 22 dock
786 203 38 14 om
838 195 116 22 klämmen

201 232 8 21 i
224 231 146 22 förestäende
385 231 148 22 reservation.

269 307 34 28 Hj.
320 306 91 23 Sehildt.
668 305 78 23 Alfred
762 305 124 23 Carlström.

440 365 69 22 Konr.
525 365 51 22 Vill.
591 364 130 23 Dahlström.

573 507 19 22 7.

270 582 36 21 Dä
321 581 230 30 stämpelbevillning
566 585 25 18 är
606 589 29 14 en
650 581 26 22 af
684 581 28 22 de
724 581 168 28 skatteformer,
909 589 48 14 som

203 616 26 22 af
248 616 27 22 de
295 616 243 29 betalningsskyldige
554 616 81 22 lättast
650 615 80 22 kunna
744 615 72 29 bäras,
840 618 59 19 samt
914 616 45 21 Be-

203 651 230 28 villningsutskottet
456 651 60 21 varit
538 649 130 24 nödsakadt
690 652 41 26 att,
754 650 30 29 pä
802 653 47 19 sätt
862 658 29 14 ur
905 650 52 22 dess

202 685 147 22 betänkande
371 685 97 22 rörande
486 685 58 22 Näd.
560 685 69 28 Prop.
645 692 37 14 n:o
700 687 24 20 15
741 685 132 28 inhemtats,
896 685 9 21 i
919 688 40 19 vä-

203 719 103 30 sendtlig
325 720 54 21 män
393 719 124 23 nedskatta
532 719 44 23 den
592 719 35 22 uti
643 727 86 14 samma
744 719 68 29 Prop.
828 719 131 22 beräknade

202 755 133 22 inkomsten
358 754 27 22 af
404 755 227 29 näringsbevillning
652 753 37 23 för
710 753 155 30 utländingar,
889 762 69 21 synes

203 790 71 28 nödig
289 789 151 29 försigtighet
461 789 69 29 bjuda
546 792 35 20 att
595 789 52 22 icke
662 789 40 21 vid
718 789 240 29 stämpelbevillnings

203 824 120 22 äsättande
344 824 92 29 förbigä
458 825 72 28 något
550 824 38 22 för
609 824 47 22 slik
679 824 152 29 beskattning
851 824 108 29 lämpligt

203 859 103 28 föremål,
329 858 111 23 särskildt
463 867 37 14 om
521 859 76 29 utsigt
619 858 135 29 derigenom
776 858 125 23 förefinnes
925 860 34 21 att

203 894 112 29 antingen
338 894 49 21 helt
409 895 43 21 och
475 894 72 22 hället
567 893 78 29 undgä
660 894 57 21 eller
732 893 141 22 ätminstone
888 893 72 22 vinna

203 929 72 28 nägra
296 928 117 23 lättnader
434 929 36 21 uti
492 929 45 22 den
552 928 138 29 ifrägasatta
705 928 44 22 och
764 928 52 22 med
831 929 42 21 allt
889 931 71 19 annat

204 967 29 18 än
255 963 78 29 glädje
349 963 133 22 emotsedda
497 963 160 28 bevillningen
673 963 38 22 för
725 963 47 22 fast
788 963 113 28 egendom
917 963 42 22 och

204 999 109 21 inkomst.
344 998 81 22 Säsom
444 998 86 29 dylika,
554 998 37 22 för
606 997 231 30 stämpelbevillning
851 998 110 29 lämpliga

204 1033 103 28 föremål,
323 1033 42 22 har
377 1033 41 28 jag
433 1033 64 22 inom
512 1033 267 28 Bevillningsutskottet
786 1032 127 29 föreslagit,
925 1034 35 20 att

205 1068 80 29 hvarje
300 1068 64 21 inom
378 1067 80 22 landet
472 1067 120 22 utfärdadt
606 1069 163 20 konnässement
782 1067 56 22 eller
846 1067 116 28 fraktsedel

205 1103 13 20 å
233 1102 64 29 gods,
314 1109 50 14 som
380 1101 98 30 sjöledes
494 1102 56 21 eller
570 1109 41 22 per
622 1102 100 28 jernväg
736 1101 120 22 försändes
871 1101 39 22 till
925 1103 36 20 ort

204 1137 64 21 inom
283 1136 57 22 eller
355 1138 64 20 utom
434 1136 107 28 Finland,
557 1138 60 20 samt
631 1136 80 29 hvarje
726 1135 27 22 af
765 1135 112 22 Finlands
893 1135 68 22 Bank

205 1171 56 21 eller
283 1171 141 29 privatbank
446 1171 8 22 i
476 1171 80 22 landet
577 1171 109 22 utfärdad
698 1171 187 28 postremissvexel,
909 1170 52 22 obe-

204 1205 85 22 roende
305 1205 26 22 af
343 1205 197 28 försändningens
556 1206 56 22 eller
626 1205 45 22 den
686 1205 147 22 remitterade
844 1212 117 15 summans

206 1239 89 29 belopp,
319 1240 76 22 skulle
418 1240 40 22 vid
480 1239 150 30 utgifvandet
648 1239 36 30 (af
698 1239 205 22 konnässementer
918 1239 43 22 och

204 1273 140 21 fraktsedlar
367 1273 58 22 dock
448 1273 82 22 endast
545 1273 149 22 afsändarens
710 1273 126 28 exemplar)
851 1273 110 28 beläggas

204 1307 52 21 med
279 1309 34 19 ett
335 1307 177 28 stämpelmärke
535 1307 26 21 af
574 1309 26 20 10
616 1307 83 28 pennis
715 1307 71 27 valör,
811 1306 150 29 hvarigenom

204 1341 237 29 Bevillningsfonden
468 1341 75 22 skulle
569 1341 87 22 erhålla
680 1349 28 14 en
731 1341 61 22 ökad
814 1341 147 27 årsinkomst,

205 1383 49 14 som
269 1376 75 29 enligt
359 1376 131 22 statistiska
505 1376 155 28 beräkningar
675 1375 92 22 komme
782 1377 34 20 att
831 1376 78 29 uppgä
924 1375 38 22 till

205 1411 72 21 minst
293 1414 90 25 100,000
399 1411 72 21 mark.
500 1411 82 21 Denna
597 1410 159 30 beskattning,
772 1410 96 23 hvilken
881 1410 42 30 jag
938 1410 26 22 af

205 1446 121 28 praktiska
347 1446 51 21 skäl
420 1448 78 20 ansett
520 1445 56 23 böra
594 1445 79 22 ställas
689 1445 39 29 läg
744 1445 42 23 och
802 1446 48 21 lika
864 1445 38 22 för
917 1445 44 22 alla

273 1486 213 23 Bevillningsutskottets
499 1486 116 18 betänkande
628 1486 35 18 N:o
676 1487 16 16 4.
