1067 1725
246 147 13 21 2
412 146 81 22 Ständ.
509 146 38 22 Sv.
564 158 25 3 —
605 145 74 27 Prop.
694 144 42 23 N:o
751 144 22 22 4.

286 209 21 27 1)
322 209 175 27 Utsökningslag;

284 249 22 27 2)
322 249 133 28 Förordning
470 255 33 15 om
519 248 196 28 utsökningslagens
731 248 110 21 införande
857 247 41 21 och
912 247 56 22 hvad

214 285 8 21 i
237 284 99 22 afseende
351 283 51 23 derå
417 284 54 22 skall
485 284 117 26 iakttagas;

283 324 22 27 3)
320 324 139 27 Förordning,
481 323 146 22 innefattande
649 322 149 28 upphäfvande
820 323 40 21 och
878 323 89 27 ändring

214 358 23 22 af
257 358 105 22 särskilda
383 358 123 27 paragrafer
520 358 7 21 i
542 357 184 27 konkursstadgan
749 357 24 22 af
789 358 41 21 den
848 358 14 21 9
876 357 91 22 Novem-

212 393 40 21 ber
268 392 62 26 1868;

281 434 23 26 4)
320 433 138 27 Förordning,
482 432 145 23 innefattande
649 432 149 28 upphäfvande
822 432 39 22 och
876 433 90 27 ändring

212 468 23 22 af
249 469 56 21 vissa
319 468 125 27 paragrafer
459 468 7 20 i
480 468 151 26 förordningen
653 467 22 21 af
689 467 40 21 den
744 468 13 20 9
773 467 120 22 November
909 467 55 22 1868

212 509 34 15 om
261 503 140 27 borgenärers
424 504 45 20 rätt
484 502 39 22 och
541 502 106 22 företräde
665 502 33 21 för
713 502 120 22 hvarandra
849 502 33 22 till
898 502 66 22 betal-

210 538 50 28 ning
275 544 26 15 ur
316 538 109 26 egendom,
441 544 44 15 som
501 537 70 21 blifvit
586 537 34 21 till
634 537 94 21 konkurs
743 537 95 26 afträdd;

279 577 23 29 5)
316 578 140 27 Förordning,
479 578 145 22 innefattande
639 577 89 27 ändring
743 577 23 22 af
780 578 106 21 särskilda
902 583 62 22 para-

210 613 70 28 grafer
303 613 7 21 i
332 613 150 26 förordningen
504 613 24 21 af
543 613 40 20 den
599 613 14 20 9
627 612 120 22 November
763 612 55 22 1868
834 619 34 15 om
883 613 81 21 inteck-

210 648 50 27 ning
275 649 7 20 i
296 648 43 21 fast
354 647 113 28 egendom;

279 687 21 28 6)
316 688 139 27 Förordning,
478 688 143 21 innefattande
644 688 82 21 ändrad
748 687 81 28 lydelse
848 688 22 21 af
885 689 25 20 11
927 689 35 26 $i

208 724 150 27 förordningen
373 723 23 22 af
410 723 40 22 den
467 723 26 21 19
508 723 117 22 December
642 723 61 24 1864,
719 723 109 27 angående
844 723 118 22 förändrin-

208 765 38 20 gar
268 759 40 21 och
323 758 75 27 tillägg
415 758 36 21 vid
466 758 105 21 allmänna
586 758 71 27 lagens
672 758 132 27 stadganden
820 764 33 15 om
869 758 93 27 förmyn-

208 793 113 26 darevärd;

277 833 21 27 7)
314 833 139 27 Förordning,
468 833 109 27 angående
592 833 89 27 ändring
696 833 23 22 af
733 834 13 21 6
761 834 14 25 $
789 835 8 20 i
808 833 151 27 förordningen

207 868 22 21 af
244 869 41 20 den
309 868 26 21 10
357 867 120 22 November
500 868 62 26 1892,
584 868 149 21 innehällande
756 869 56 21 vissa
827 868 131 27 stadganden

206 902 90 22 rörande
311 902 49 28 lega
375 902 22 22 af
409 902 48 27 jord
472 902 27 27 pä
513 902 84 26 landet;

275 943 21 27 8)
311 942 140 28 Förordning,
473 943 109 27 angående
605 943 89 26 ändring
717 943 22 21 af
759 943 26 21 15
803 942 13 29 8
831 944 7 21 i
853 944 105 26 sjölagen;

206 979 56 20 samt

274 1018 21 28 9)
311 1018 138 27 Förordning,
473 1018 109 28 angäende
604 1018 90 27 ändring
712 1018 23 22 af
748 1018 28 22 23
791 1018 11 28 $
818 1019 7 21 i
839 1018 120 22 förordnin-

203 1060 41 20 gen
260 1059 34 15 om
310 1053 168 27 skeppsregister
493 1053 22 21 af
529 1053 40 21 den
587 1053 24 21 11
627 1052 121 23 November
765 1053 61 22 1889.

271 1219 41 21 Vid
327 1219 154 27 granskningen
497 1219 23 21 af
534 1220 62 21 dessa
605 1219 115 28 lagförslag
736 1221 63 21 hafva
815 1221 119 21 Ständerna
950 1221 6 21 i

202 1253 36 20 det
252 1254 152 25 väsentligaste
426 1254 94 25 godkänt
543 1255 107 20 desamma
673 1255 39 20 och
733 1255 75 21 endast
824 1255 132 21 beträffande

202 1292 25 15 en
244 1286 33 21 del
293 1286 223 27 detaljbestämningar
531 1287 92 27 vidtagit
633 1287 65 27 nägra
708 1287 122 27 ändringar,
840 1288 34 21 för
884 1288 72 21 hvilka

201 1320 120 22 Ständerna
336 1320 87 27 utbedja
438 1321 32 27 sig
485 1322 34 20 att
533 1321 22 21 få
565 1321 6 21 i
582 1321 41 22 den
637 1322 160 27 ordningsföljd,
809 1322 147 27 stadgandena

200 1354 132 23 förekomma
346 1355 7 21 i
369 1355 26 21 de
410 1355 69 22 skilda
494 1355 147 28 lagförslagen,
658 1356 37 21 här
711 1357 70 21 nedan
796 1357 112 27 redogöra.
