1025 1723
235 162 26 19 62
434 160 28 22 U.
477 161 29 21 B.

564 159 74 28 Prop.
651 159 45 22 N:o
711 159 25 22 4.

206 228 72 21 kunde
294 230 49 26 taga
365 227 88 21 åratal
448 221 15 39 i
476 227 98 28 anspråk.
603 227 53 21 Med
678 227 103 21 afseende
802 227 52 20 härå
869 226 41 22 och
925 225 36 26 då,

206 262 66 28 enligt
287 261 57 22 hvad
360 261 147 22 erfarenheten
522 262 62 25 visat,
599 261 132 28 fordringars
741 261 129 28 försäljande
881 261 13 20 å
906 260 53 21 auk-

205 297 45 20 tion
265 296 33 21 till
312 296 113 28 underpris
440 296 142 21 förekommer
596 295 149 29 förnämligast
755 296 37 21 vid
802 296 124 27 realisering
936 293 24 22 af

206 331 134 22 konkursbos
363 331 118 28 tillgångar,
504 338 47 14 men
574 331 187 28 bestämningarna
780 331 7 20 i
803 329 70 22 denna
879 325 14 38 $
915 329 44 21 lika

206 366 47 21 litet
275 373 45 14 som
336 365 196 28 utsökningslagens
549 365 70 28 öfriga
632 364 133 29 stadganden
781 372 34 14 om
830 366 77 20 utmätt
917 364 44 21 lös-

206 401 116 28 egendoms
337 400 126 29 försäljning
485 399 72 23 blefve
572 399 126 29 tillämpliga
720 399 13 22 å
748 399 67 22 sådan
829 399 130 28 realisering,

206 435 39 21 har
258 435 115 22 Utskottet
387 437 53 20 trott
454 436 114 21 rättvisans
584 435 50 21 kraf
648 435 70 21 bättre
733 434 126 29 tillgodoses
875 442 34 13 om
924 433 37 22 för

205 472 78 19 utmätt
297 469 88 22 fordran
400 470 53 26 icke,
469 470 68 21 såsom
553 471 7 20 i
576 469 78 28 nådiga
668 470 162 28 propositionen
845 469 63 26 skett,
921 471 39 26 gö-

205 511 34 14 res
254 504 110 29 undantag
386 505 48 21 från
450 504 40 21 den
514 505 5 20 i
537 506 10 20 1
564 505 12 27 &
595 503 23 22 af
632 504 91 28 kapitlet
742 504 95 21 uttalade
853 504 105 21 allmänna

205 539 73 28 regeln
293 541 32 18 att
339 539 8 20 i
362 541 43 18 mät
420 542 63 25 tagen
499 539 103 28 egendom
618 538 54 21 skall
692 539 63 27 säljas
770 545 77 21 genom
863 537 97 28 offentlig

206 573 99 26 auktion;
321 573 40 21 och
377 573 38 21 har
429 573 113 22 Utskottet
557 573 57 28 förty
626 573 56 21 ifrån
690 572 139 29 lagförslaget
838 572 97 21 uteslutit
947 573 12 20 3

206 608 12 27 $
233 609 8 20 i
256 608 166 28 propositionen.

160 645 32 22 $7
274 642 35 21 Då
324 641 37 22 det
375 642 56 21 både
446 642 35 21 för
495 642 132 28 borgenären
650 641 40 22 och
705 641 34 21 för
753 641 130 29 gäldenären
899 643 23 19 är
937 641 24 21 af

204 678 47 27 vigt
266 679 32 18 att
319 676 155 29 försäljningen
489 676 23 22 af
534 678 76 19 utmätt
633 676 103 28 egendom
758 676 109 28 inbringar
881 675 78 29 högsta

204 711 87 29 möjliga
306 711 85 28 belopp,
405 711 68 21 måste
489 711 41 21 den
545 711 38 26 tid,
598 718 45 14 som
659 711 39 21 bör
709 710 86 29 förflyta
806 710 89 22 emellan
905 711 54 20 kun-

206 745 104 29 görandet
324 746 24 21 af
362 753 26 14 en
403 745 88 22 auktion
507 746 10 21 å
534 745 58 29 dylik
608 745 105 29 egendom
729 745 40 22 och
785 745 77 29 sjelfva
876 745 84 21 auktio-

205 788 47 19 nen,
267 780 128 21 bestämmas
412 780 23 21 så
450 780 50 28 lång
515 783 31 18 att
561 780 149 21 kännedomen
731 788 34 13 om
781 780 41 21 den
838 780 122 21 stundande

204 814 154 28 försäljningen
374 814 42 21 kan
432 815 65 21 vinna
511 814 67 28 nödig
594 814 111 29 spridning
720 814 65 22 bland
798 814 161 22 vederbörande

204 849 143 29 spekulanter.
362 848 97 23 Emedan
475 849 41 21 den
531 850 7 20 i
555 848 136 23 omförmäldt
705 848 102 22 afseende
822 849 7 20 i
842 850 11 20 7
867 850 10 27 $
890 849 19 21 af
917 848 42 22 den

205 883 77 28 nädiga
298 884 161 28 propositionen
474 886 79 19 utsatta
563 883 59 22 tiden
634 883 23 21 af
666 884 66 21 minst
743 883 44 21 ätta
798 883 65 28 dagar
873 883 35 21 för
917 883 43 21 lös-

205 920 51 19 ören
272 917 22 22 af
310 917 113 23 Utskottet
437 921 80 18 ansetts
533 925 51 14 vara
599 917 34 22 för
651 917 48 22 kort
715 917 28 30 pä
758 917 77 27 landet,
851 917 38 22 der
904 917 55 22 kun-

204 952 94 29 görande
314 952 29 29 pä
357 953 37 21 tvä
409 952 105 29 söndagar
529 952 51 27 ofta,
596 952 70 21 säsom
680 955 15 18 t.
711 960 32 14 ex.
758 952 146 27 menförestid,
916 952 43 21 kan

204 995 52 14 vara
278 988 22 21 af
322 987 104 22 behofvet
447 987 115 29 päkalladt,
584 987 38 21 har
636 987 114 22 Utskottet
772 987 71 22 derför
865 987 94 28 förlängt

205 1022 70 21 denna
289 1022 32 21 tid
336 1022 35 21 för
385 1022 74 21 landet
472 1022 33 21 till
519 1023 65 20 minst
598 1022 80 28 fjorton
695 1022 71 28 dagar.

148 1061 10 22 $
171 1061 22 18 10
273 1057 32 20 Af
321 1057 26 21 10
363 1057 18 27 $,
397 1057 66 21 sådan
479 1056 41 21 den
535 1057 60 28 lyder
610 1057 6 20 i
632 1056 41 21 den
696 1057 79 28 nådiga
792 1057 169 28 propositionen,

205 1091 111 22 äfvensom
332 1092 23 21 af
371 1091 65 22 andra
451 1093 7 20 i
473 1091 70 22 denna
558 1091 105 29 ingående
685 1092 82 27 förslag
784 1091 32 22 till
831 1091 128 29 lagbestäm-

204 1127 81 27 ningar,
307 1125 105 29 jemförda
435 1126 47 21 med
497 1126 29 21 K.
541 1126 25 21 F.
581 1133 35 14 om
638 1126 170 29 skeppsregister
830 1126 23 21 af
875 1125 41 22 den
933 1127 26 20 11

204 1160 117 21 november
342 1161 61 26 1889,
425 1160 40 21 och
481 1160 103 21 särskilda
607 1161 49 26 $$
644 1156 16 37 i
677 1161 100 28 sjölagen,
800 1160 81 21 sädana
896 1160 63 22 dessa

204 1194 50 28 lyda
269 1195 7 20 i
292 1202 26 13 en
333 1202 70 13 annan
418 1195 29 20 K.
462 1195 24 20 F.
501 1195 23 20 af
538 1195 140 20 nästnämnda
695 1195 47 27 dag,
757 1195 61 21 torde
829 1194 83 28 framgå
923 1197 37 24 att,

204 1229 77 22 medan
311 1229 67 27 enligt
406 1229 166 28 propositionen,
601 1229 115 22 intecknad
742 1231 95 26 panträtt
859 1229 7 20 i
888 1229 72 28 fartyg

204 1263 84 20 komme
310 1265 31 18 att
356 1263 96 28 upphöra
474 1263 76 20 endast
565 1264 7 19 i
588 1263 37 20 det
647 1263 38 20 fall
701 1266 30 17 att
754 1263 48 21 hela
816 1263 95 28 fartyget
925 1266 33 17 ut-

204 1297 141 27 mätningsvis
361 1297 62 28 säljes
439 1296 40 21 och
494 1299 31 18 att
540 1296 83 21 säledes
638 1297 120 28 fartygsdel
774 1297 18 28 ej
808 1297 56 27 finge
880 1297 79 21 exeku-

204 1331 42 21 tivt
260 1331 102 28 föryttras
378 1330 126 22 annorledes
520 1332 26 19 än
560 1330 48 21 med
624 1330 150 22 bibehållande
789 1331 24 21 af
823 1331 42 21 den
875 1331 84 22 inteck-

203 1365 56 21 nade
274 1367 130 26 panträtten,
419 1378 28 3 —
462 1366 7 20 i
483 1365 54 29 följd
556 1365 82 27 hvaraf,
661 1365 41 22 och
717 1367 51 20 enär
790 1365 37 22 vid
839 1365 60 22 detta
913 1365 44 22 för-

204 1399 99 22 hållande
325 1399 225 29 inteckningshafvare
574 1399 47 23 icke
638 1400 92 22 behöfde
746 1408 34 14 om
795 1400 126 29 försäljning
937 1399 24 23 af

204 1434 119 29 fartygsdel
346 1434 140 28 underrättas,
508 1435 37 22 vid
568 1434 59 29 dylik
649 1435 128 29 försäljning
799 1436 18 28 ej
833 1435 66 22 heller
921 1443 38 13 an-

205 1469 111 22 skaffande
340 1470 24 20 af
386 1469 77 29 utdrag
481 1478 26 13 ur
528 1470 103 28 fartygets
646 1470 95 28 upplägg
755 1471 8 20 i
779 1470 180 28 skeppsregistret

272 1509 131 23 Lagutskotteis
415 1510 110 18 betänkande
537 1511 38 17 N:o
588 1512 17 16 5.
