1025 1717
297 146 28 23 U.
341 146 28 22 B.
386 160 27 2 —
429 147 73 28 Prop.
518 147 42 23 N:o
575 147 24 22 4.
766 147 27 21 69

70 214 86 21 derstöd
172 215 7 19 i
196 214 116 26 Utskottet,
332 222 44 14 som
393 216 18 27 ej
427 215 43 21 kan
485 215 48 21 dela
555 215 191 28 lagberedningens
768 223 54 21 gyn-

70 256 79 13 samma
164 248 138 28 uppfattning
315 256 34 13 om
364 249 163 27 ifrågavarande
543 252 42 18 sätt
601 252 31 18 att
646 249 92 28 föryttra
745 251 77 19 utmätt

69 282 43 20 fast
135 282 110 28 egendom.
275 282 33 28 Ty
329 282 65 22 äfven
417 290 34 14 om
474 282 36 22 det
526 283 105 21 anordnas
647 283 71 21 såsom
733 284 31 20 uti
779 283 43 21 den

69 315 79 28 nådiga
163 316 160 28 propositionen
339 316 97 27 föreslås,
452 318 23 19 är
490 316 117 22 detsamma
622 317 67 28 enligt
696 316 124 22 Utskottets

69 350 86 28 mening
184 349 72 21 alltför
285 350 129 26 inveckladt,
444 351 123 28 isynnerhet
589 351 28 21 då
631 351 50 21 flere
696 351 126 27 fastigheter

69 384 60 20 skola
143 383 28 28 gå
186 384 6 20 i
209 391 26 13 en
250 384 134 28 försäljning,
398 384 118 29 hvarjemte
531 385 118 21 detsamma
659 385 44 21 kan
710 384 112 22 föranleda

69 425 25 13 en
111 418 114 27 spekulant
240 421 37 23 att,
292 426 50 13 vare
358 419 33 26 sig
406 419 7 20 i
429 418 52 29 följd
497 418 23 21 af
534 420 89 26 misstag
638 419 51 20 eller
699 418 122 22 öfverrask-

69 452 57 27 ning,
148 451 112 22 underlåta
281 455 32 18 att
331 453 7 20 i
353 454 42 19 rätt
409 452 31 21 tid
456 454 52 27 göra
523 453 37 20 sitt
575 452 43 22 bud
634 453 52 21 eller
700 453 41 21 ock
756 452 66 29 bjuda

69 485 34 22 för
125 486 64 27 tidigt
211 486 41 21 och
267 486 91 21 sålunda
373 489 75 19 stanna
463 487 35 20 för
513 495 26 13 en
555 487 65 28 högre
636 487 144 28 köpeskilling
794 489 27 18 än

68 520 42 21 han
133 522 72 19 ämnat
226 521 68 27 gifva;
310 521 82 28 hvarpå
407 521 38 21 allt
460 521 77 28 många
552 521 97 28 exempel
663 521 73 21 säkert
751 521 71 21 kunde

69 555 86 21 anföras
170 555 125 28 isynnerhet
309 555 48 21 från
374 555 41 21 den
430 555 38 27 tid,
484 555 28 21 då
527 558 62 26 utrop
604 556 8 20 i
626 563 55 20 upp-
696 555 42 22 och
753 555 70 28 afslag

69 590 56 19 ännu
140 589 97 20 förekom
257 589 28 28 på
300 589 78 21 landet.
393 589 117 22 Dessutom
525 589 68 22 skulle
609 592 31 19 ett
655 589 70 28 dylikt
739 589 84 28 försälj-

68 623 107 28 ningssätt
190 625 51 26 göra
257 623 36 21 det
308 623 134 28 nödvändigt
456 626 32 19 att
502 623 135 28 beskrifning
652 623 41 22 och
708 624 114 27 värdering

70 657 52 28 egde
148 665 46 13 rum
217 658 7 20 i
246 657 74 28 hvarje
335 658 39 21 fall
389 658 28 21 då
432 658 43 21 fast
490 658 104 28 egendom
610 658 114 21 förklarats
740 659 83 25 utmätt,

69 691 83 21 hvilket
178 691 113 22 Utskottet
316 692 56 21 dock
399 695 71 18 ansett
485 693 51 20 böra
550 692 106 21 undvikas
672 692 23 21 af
710 692 52 26 skäl,
777 699 46 14 som

69 725 58 22 förut
151 725 132 22 framhållits.
312 726 113 22 Utskottet
451 727 39 21 har
511 727 72 21 derför
611 726 29 29 på
655 726 66 22 ofvan
736 726 87 28 angifna

68 760 94 28 grunder
177 760 41 21 och
232 761 7 20 i
254 761 67 21 likhet
336 761 49 21 med
400 761 90 21 flertalet
505 761 22 21 af
542 761 27 21 de
584 760 154 29 myndigheter,
749 761 74 21 hvilka

69 794 87 28 afgifvit
182 795 108 21 utlåtande
316 795 62 21 öfver
403 795 193 28 lagberedningens
619 795 81 28 förslag
724 795 6 20 i
746 797 77 24 ämnet,

68 831 52 18 trott
136 829 37 21 det
187 837 52 13 vara
253 829 121 28 lämpligast
389 832 31 18 att
433 829 150 22 meranämnda
590 829 181 28 försäljningssätt
778 829 45 21 helt

69 863 40 21 och
124 863 65 21 hållet
204 865 128 20 utmönstras
348 863 47 22 från
410 863 40 22 vär
464 864 134 27 lagstiftning
613 863 41 22 och
669 866 31 19 att
707 863 116 28 föryttring

68 897 24 21 af
105 899 78 19 utmätt
198 897 43 22 fast
257 898 104 28 egendom
376 898 60 21 säväl
451 899 6 20 i
473 898 48 21 stad
537 905 45 14 som
597 897 28 29 pä
640 897 74 22 landet
729 897 93 22 framde-

68 932 31 21 les
120 932 50 21 sker
187 932 76 21 endast
277 939 78 21 genom
372 935 62 26 utrop
449 933 7 20 i
471 933 97 28 uppslag.
598 932 11 21 I
626 932 94 28 enlighet
735 931 88 22 härmed

69 966 37 21 har
128 966 113 21 Utskottet
262 967 58 28 förty
335 966 143 28 omredigerat
493 968 26 20 35
535 968 12 26 &
563 967 41 20 och
618 966 50 21 frän
682 966 141 28 lagförslaget

70 1001 95 20 uteslutit
190 1000 41 21 den
255 1000 79 29 nådiga
358 1002 171 27 propositionens
555 1002 26 20 36
605 1001 18 27 &,
645 1008 46 14 som
706 1000 117 21 innehåller

68 1037 96 19 närmare
187 1035 159 28 bestämningar
371 1043 33 13 om
426 1035 181 28 tillvägagäendet
622 1035 37 21 vid
674 1035 127 28 försäljning
816 1035 7 20 i

69 1077 53 21 upp-
145 1069 41 22 och
201 1069 76 28 afslag,
293 1069 111 22 äfvensom
420 1070 7 20 i
442 1069 49 22 dess
507 1069 67 27 ställe,
589 1069 23 22 af
627 1069 111 21 enahanda
754 1069 69 26 orsak,

70 1111 44 14 som
137 1104 36 21 vid
196 1105 12 20 3
224 1105 12 26 $
252 1105 5 20 i
275 1104 58 21 detta
349 1104 47 29 kap.
412 1104 81 21 anförts
512 1107 55 18 samt
581 1104 34 21 för
630 1107 31 18 att
675 1104 69 21 tillika
759 1103 64 28 tydli-

69 1146 50 20 gare
142 1140 27 19 än
186 1139 6 20 i
208 1138 41 21 den
264 1138 78 28 nädiga
358 1139 159 28 propositionen
533 1139 63 26 skett,
611 1138 88 28 angifva
709 1137 57 22 hvad
777 1145 46 13 som

69 1172 79 21 förstås
174 1172 49 21 med
246 1172 37 21 det
302 1173 6 20 i
331 1173 140 27 lagförslaget
489 1172 99 22 använda
604 1172 108 28 uttrycket
726 1174 32 19 att
772 1171 51 22 flere

69 1206 128 28 fastigheter
217 1207 28 27 gä
266 1207 7 20 i
289 1213 25 14 en
330 1207 126 28 försäljning
472 1207 40 20 och
527 1208 39 19 när
581 1206 76 21 sädant
672 1206 54 21 skall
742 1206 44 26 ske,
801 1205 23 22 af

69 1241 75 28 början
162 1241 48 20 utaf
224 1241 172 28 propositionens
412 1242 26 20 37
455 1242 12 26 $
484 1241 67 21 bildat
566 1248 26 14 en
607 1249 28 20 ny
651 1241 26 21 36
694 1241 12 26 &
722 1240 41 21 och
778 1247 45 14 om-

69 1275 108 27 redigerat
188 1275 67 21 första
271 1276 113 27 meningen
399 1276 7 20 i
423 1277 26 19 37
466 1277 18 25 8.

137 1309 76 28 Enligt
236 1308 141 22 förevarande
402 1309 117 28 lagförslag
541 1309 102 21 omfattar
665 1309 121 27 utmätning
801 1308 23 21 af
836 1310 10 22 $
858 1309 23 17 43

69 1344 43 20 fast
135 1342 104 28 egendom
262 1343 65 20 äfven
349 1343 137 27 lägenhetens
502 1343 94 20 derefter
611 1343 68 19 fallna
694 1342 130 27 afkastning,

69 1376 94 26 hvilken,
186 1376 71 21 sävidt
279 1376 41 20 den
342 1376 48 20 icke
412 1376 61 27 ätgär
488 1376 33 20 till
535 1376 160 27 förvaltningen
711 1375 23 21 af
748 1375 77 27 fastig-

69 1410 70 26 heten,
163 1410 58 28 förty
248 1410 54 21 skall
325 1409 28 29 pä
368 1417 80 13 samma
464 1412 42 19 sätt
521 1417 46 14 som
582 1409 70 21 denna
667 1408 110 22 användas
792 1409 32 21 till

70 1444 110 28 betalning
195 1444 23 21 af
233 1451 88 21 egarens
336 1444 56 28 gäld.
408 1444 43 21 Om
467 1452 29 13 nu
511 1443 138 29 fastigheten,
663 1443 23 21 af
701 1443 62 21 orsak
778 1450 46 14 som

139 1484 129 23 Lagutskottets
281 1484 109 18 betänkande
402 1485 37 17 N:o
452 1484 17 18 5.
