1025 1714
309 129 29 22 U.
356 129 25 22 B.
398 142 26 3 —
440 129 73 28 Prop.
529 129 45 23 N:o
591 130 24 21 4.
782 129 26 20 25

84 199 79 25 ställas,
174 198 115 21 hvaröfver
299 198 95 21 anbudet
407 198 66 21 mäste
489 199 54 27 stiga
559 198 32 21 för
605 200 32 19 att
652 197 72 22 kunna
740 200 97 25 antagas;

84 240 48 13 men
155 233 71 20 kunde
248 235 31 18 ett
301 232 77 21 sädant
400 233 43 27 pris
466 233 18 27 ej
501 232 68 26 ernäs,
583 232 108 21 förblefve
707 231 130 28 fastigheten

84 266 60 21 osäld
160 267 6 20 i
182 266 139 27 gäldenärens
337 266 57 21 hand
410 266 40 21 och
466 266 145 27 utmätningen
629 266 63 27 ginge
712 265 51 20 äter.
792 266 46 19 An-

83 300 68 28 tydda
174 300 134 27 bestämning
330 300 94 25 innebär,
446 303 32 18 att
500 299 241 28 utmätningssökanden
766 299 72 20 städse

84 333 67 22 mäste
173 341 51 14 vara
245 333 81 22 beredd
348 334 28 28 pä
398 337 36 22 att,
456 341 33 14 om
513 333 42 22 han
571 333 47 22 icke
635 335 22 19 är
673 333 97 21 besluten
785 333 53 20 att
826 329 16 37 i

83 368 82 21 nödfall
189 368 48 27 sjelf
259 369 74 27 inropa
355 368 129 28 fastigheten
502 368 35 21 för
552 371 30 18 ett
597 369 49 27 pris,
661 375 45 14 som
723 367 73 21 täcker
810 367 27 21 de

84 403 47 20 med
156 403 68 20 bättre
245 404 94 27 panträtt
357 402 101 21 försedda
473 403 166 27 borgenärernes
654 401 126 28 fordringar,
796 401 41 21 den

84 437 110 28 päyrkade
216 437 154 28 försäljningen
394 437 41 20 kan
452 440 75 18 stanna
542 436 35 21 vid
594 439 31 18 ett
640 436 54 21 blott
709 436 80 26 försök,
804 435 34 22 för

84 471 82 22 hvilket
181 471 120 21 kostnaden
317 471 92 21 drabbar
423 471 78 21 honom
517 478 77 14 ensam.

153 505 77 21 Denna
252 505 84 28 lösning
358 506 23 20 af
402 505 75 28 frägan
498 507 119 19 motsvarar
638 504 130 28 fullkomligt
786 505 52 20 rätt-

84 540 73 20 visans
177 539 53 21 kraf.
259 539 33 28 Ty
308 539 70 22 säsom
393 539 66 21 redan
474 539 73 22 blifvit
562 538 88 22 nämndt
662 538 63 29 följer
740 538 22 21 af
777 541 60 25 pant-

85 576 81 19 rättens
190 574 107 28 egenskap
320 574 23 21 af
358 574 86 26 sakrätt,
460 577 31 18 att
506 581 26 14 en
548 581 73 14 senare
637 573 141 28 panthafvare
790 573 48 21 icke

85 609 39 20 har
144 610 43 19 rätt
208 609 32 20 till
256 611 65 18 annat
335 610 26 19 än
378 608 37 21 det
430 608 119 21 öfverskott
564 607 23 21 af
601 607 176 28 köpeskillingen,
792 614 46 14 som

86 642 91 22 återstår
193 642 65 22 sedan
274 642 27 21 de
315 642 70 21 bättre
400 644 43 19 rätt
458 642 81 28 egande
555 641 84 22 erhållit
653 641 50 21 fullt
718 641 56 21 hvad
790 641 48 21 dem

84 677 135 21 tillkommer.
245 677 46 21 Der
306 680 31 18 ett
352 676 76 22 sådant
443 676 121 22 öfverskott
578 676 48 21 icke
642 676 44 21 står
701 678 31 18 att
746 675 40 27 fås,
800 675 39 21 har

85 711 152 29 försäljningen
261 712 56 20 visat
335 712 33 27 sig
386 719 51 13 vara
452 710 149 26 ändamälslös,
616 710 39 22 och
671 710 67 21 mäste
754 710 84 21 derföre

85 746 101 21 inställas.
215 746 40 21 Att
277 746 122 27 onödigtvis
422 745 97 22 använda
541 745 78 21 medlet
640 758 21 3 —
689 748 90 25 pantens
794 744 44 21 för-

86 780 95 28 säljande
196 794 27 2 —
239 780 28 21 dä
281 780 121 21 ändamålet
417 780 47 21 icke
480 780 41 20 kan
537 780 82 25 vinnas,
641 781 23 19 är
686 780 17 27 ej
727 782 65 18 annat
812 780 27 19 än

85 817 31 19 ett
139 814 112 27 missbruk,
273 822 45 14 som
333 815 8 20 i
357 814 58 21 detta
437 814 38 21 fall
498 814 23 21 sä
541 814 85 28 mycket
641 813 82 21 mindre
738 814 42 20 läte
795 813 45 21 för-

85 856 63 14 svara
169 850 40 27 sig,
231 856 44 14 som
298 849 69 21 bättre
389 850 42 19 rätt
452 848 81 28 egande
556 848 141 28 panthafvare
717 848 121 27 derigenom

85 882 126 22 äsamkades
228 891 25 13 en
270 884 122 27 orättmätig
407 883 82 21 förlust.

154 917 45 23 Väl
210 918 71 21 kunde
293 917 36 22 det
339 925 63 21 synas
418 917 69 21 säsom
503 917 54 21 hade
573 917 41 21 den
630 916 47 22 med
694 916 68 22 bättre
778 919 62 26 pant-

85 954 43 19 rätt
142 952 101 21 försedde
260 952 131 28 borgenären
407 960 25 12 en
448 954 66 26 utväg
529 954 32 19 att
576 951 83 29 skydda
675 952 32 27 sig
722 954 44 18 mot
781 950 59 29 dylik

85 987 83 26 förlust,
179 994 33 14 om
227 986 42 22 han
285 986 13 21 &
313 986 116 22 auktionen
444 986 119 29 uppträdde
580 986 69 21 säsom
665 986 113 28 spekulant
793 985 47 26 och,

85 1022 6 20 i
115 1022 101 20 händelse
240 1025 31 17 ett
292 1021 54 21 hans
368 1021 88 21 fordran
471 1020 106 22 täckande
592 1021 43 28 pris
651 1021 18 27 ej
686 1020 22 21 af
723 1028 69 13 annan
808 1028 32 13 er-

85 1056 81 28 bjödes,
188 1056 48 27 sjelf
257 1055 103 29 inropade
384 1055 41 21 den
447 1058 108 26 pantsatta
570 1055 136 28 fastigheten.
736 1055 40 20 Att
790 1054 50 21 tidi-

84 1098 51 20 gare
157 1090 140 28 panthafvare
312 1090 7 20 i
335 1090 77 28 sjelfva
433 1090 73 21 verket
522 1090 45 21 ofta
582 1089 91 28 nödgats
689 1090 65 20 anlita
770 1089 70 21 denna

85 1126 67 26 utväg
174 1126 23 19 är
218 1124 64 21 äfven
305 1124 73 26 kändt,
399 1124 66 21 ehuru
487 1124 71 28 nägon
577 1124 92 21 statistik
686 1124 18 28 ej
720 1124 121 27 föreligger,

86 1166 45 14 som
144 1158 90 21 utredde
245 1159 6 20 i
264 1158 53 21 huru
333 1158 77 28 mänga
424 1158 38 21 fall
478 1158 22 22 af
516 1158 96 28 samtliga
627 1158 123 20 verkstälda
764 1158 77 27 fastig-

85 1192 199 28 hetsförsäljningar
302 1192 76 21 sädant
398 1192 118 28 inropande
537 1192 62 21 skett.
628 1192 52 20 Men
696 1200 50 12 vare
762 1193 32 26 sig
809 1194 32 18 att

86 1226 26 21 de
134 1227 56 20 varit
204 1226 50 21 flera
270 1226 51 21 eller
337 1226 62 26 färre,
414 1226 24 21 sä
453 1228 23 19 är
490 1226 66 21 redan
573 1226 67 21 blotta
655 1226 136 28 möjligheten
806 1226 35 20 för

86 1268 27 13 en
122 1260 119 28 längifvare
260 1262 31 18 att
305 1259 87 27 nödgas,
408 1260 76 21 endast
498 1260 35 21 för
547 1262 32 19 att
593 1260 83 28 skydda
691 1260 33 27 sig
738 1262 45 18 mot
797 1260 43 20 för-

85 1294 49 26 lust,
156 1294 80 28 inköpa
259 1301 26 13 en
303 1293 108 28 fastighet,
429 1294 68 28 egnad
512 1297 32 18 att
559 1293 79 21 afhälla
652 1293 79 21 honom
746 1293 48 21 från
810 1296 32 18 att

87 1328 85 27 placera
186 1328 45 20 sina
242 1328 79 27 kapital
334 1328 7 20 i
357 1328 43 20 fast
415 1328 104 27 egendom
533 1327 132 22 annorlunda
681 1329 26 18 än
722 1327 28 28 pä
765 1328 76 25 vilkor,

86 1369 46 13 som
154 1361 35 20 för
211 1360 128 29 gäldenären
360 1362 37 20 äro
412 1368 44 13 mer
472 1361 51 20 eller
537 1360 82 21 mindre
635 1360 141 28 betungande.
806 1360 35 21 Dä

86 1396 6 20 i
115 1395 55 28 följd
193 1395 22 20 af
237 1394 42 22 den
300 1394 122 29 föreslagna
444 1395 106 21 reformen
569 1394 120 29 längifvare
704 1394 48 21 icke
769 1394 72 21 vidare

86 1429 72 22 kunde
182 1431 89 20 utsättas
293 1429 35 22 för
348 1432 30 19 ett
392 1429 77 22 sådant
483 1429 126 28 tvängsmäl,
624 1430 20 27 ja
660 1429 17 28 ej
695 1436 37 14 ens
748 1428 93 22 behöfde

155 1470 130 23 Lagutskottets
297 1470 113 17 betänkande
421 1469 37 18 N:o
471 1470 17 17 5.
