1025 1728
114 1094 47 23 $28

202 153 26 20 54
397 152 29 22 U.
442 153 28 21 B.
486 165 27 2 —
528 152 74 28 Prop.
618 151 45 23 N:o
678 152 23 21 4.

171 221 31 21 let
223 221 47 21 icke
293 221 48 20 haft
363 220 123 29 skyldighet
501 223 31 18 att
546 219 126 23 annorledes
688 222 26 19 än
730 223 57 18 emot
803 220 122 21 erhållande

172 255 24 21 af
216 255 99 21 säkerhet
329 255 70 21 lemna
417 255 187 28 fordringsegaren
619 255 137 28 godtgörelse
773 255 40 21 och
828 255 7 20 i
850 262 75 14 senare

172 289 117 22 händelsen
314 289 143 28 borgenärens
483 289 157 22 uraktlätenhet
663 292 32 19 att
715 291 53 26 göra
789 290 33 21 sin
837 289 88 22 fordran

171 324 99 28 gällande
285 324 82 21 kunnat
382 324 61 28 gifva
459 324 46 21 skäl
520 324 35 21 för
570 323 41 22 den
627 323 112 22 förmodan
755 326 31 19 att
796 323 130 29 gäldenären

173 358 54 28 egde
256 358 96 29 päräkna
381 360 56 19 ännu
467 358 72 28 längre
569 358 91 22 anständ
676 358 48 21 med
740 358 142 28 betalningen.
898 371 27 3 —

172 392 109 29 Pätagligt
302 400 64 20 synes
389 392 118 22 emellertid
529 400 51 14 vara
595 395 31 18 att
640 392 141 21 meddelande
797 392 23 21 af
835 392 91 22 särskild

172 427 155 22 underrättelse
358 435 34 13 om
421 427 121 28 utmätning
570 430 24 18 är
614 426 100 22 förenadt
728 426 49 21 med
793 426 77 29 mänga
885 427 41 21 och

172 461 128 22 tidsödande
331 461 136 28 olägenheter
495 461 35 22 för
554 461 160 22 vederbörande
740 462 186 27 utmätningsman,

172 495 102 22 särskildt
296 496 12 21 å
323 496 73 21 landet
411 497 7 20 i
433 496 157 22 vidsträcktare
605 496 92 26 distrikt,
712 499 51 18 utan
779 499 32 18 att
825 496 101 28 gäldenä-

172 539 49 13 rens
236 531 90 21 intresse
342 531 23 21 af
380 531 59 28 dylik
455 531 154 21 underrättelse
624 531 42 21 kan
681 531 100 21 tillmätas
798 531 66 21 sådan
880 531 47 28 vigt

172 568 32 18 att
229 565 95 28 antydda
349 565 132 28 svårigheter
502 565 45 22 helt
562 565 40 22 och
617 565 65 21 hållet
697 565 67 22 borde
779 565 80 22 lemnas
876 565 51 22 obe-

172 599 84 22 aktade.
286 599 75 22 Också
383 600 104 28 förtjenar
509 600 37 21 det
561 603 31 18 att
607 602 88 19 nämnas
711 603 37 23 att,
762 601 7 20 i
785 600 141 21 betraktande

172 634 24 21 af
211 634 194 29 expeditionstiden
420 635 35 20 för
469 634 167 27 underrätterna,
652 635 26 21 de
693 635 38 21 fall
746 635 73 21 kunna
833 635 93 21 förutses

173 669 69 21 blifva
271 669 72 21 alltför
372 669 85 28 vanliga
487 669 28 22 då
530 669 73 22 domar
619 669 84 28 bringas
719 669 32 22 till
767 669 160 29 verkställighet

173 711 75 14 senare
260 704 27 20 än
303 711 38 13 sex
362 703 102 22 månader
479 704 55 21 efter
549 704 61 21 deras
626 703 146 22 meddelande.
802 704 53 21 Med
870 704 57 21 afse-

172 738 56 21 ende
252 738 52 21 härå
328 738 41 21 och
388 740 51 19 enär
453 738 27 22 de
495 738 52 27 skäl,
563 746 45 14 som
623 738 43 22 tala
680 738 35 22 för
731 746 26 14 en
771 738 156 22 underrättelse

172 772 24 22 af
220 780 28 14 nu
273 772 164 29 ifrågavarande
455 773 153 27 beskaffenhet,
624 775 36 19 äro
673 773 156 29 jemförelsevis
844 773 83 22 mindre

173 807 98 28 vägande
292 807 132 21 beträffande
439 809 121 27 utmätning
575 809 7 20 i
596 808 70 28 grund
682 808 23 21 af
719 808 56 28 dom,
791 816 45 13 som
851 809 77 21 vunnit

172 842 49 28 laga
245 842 64 26 kraft,
335 842 56 21 helst
409 842 131 28 gäldenären
554 843 113 28 rätteligen
683 842 72 22 städse
770 842 39 22 bör
824 850 51 14 vara
890 843 38 21 be-

173 876 54 22 redd
237 876 28 29 pä
278 884 26 14 en
315 876 59 30 dylik
383 877 167 29 verkställighet,
561 878 37 21 har
609 877 113 22 Utskottet
733 878 5 20 i
751 879 26 21 26
793 879 12 27 &
816 878 112 21 inskränkt

173 911 151 29 skyldigheten
345 912 34 21 för
399 913 183 27 utmätningsman
604 915 31 18 att
654 912 99 22 meddela
767 912 102 28 gäldenär
884 914 44 20 sär-

174 946 57 22 skild
245 946 156 22 underrättelse
417 954 34 14 om
467 946 136 22 förestående
618 948 121 28 utmätning
754 948 33 20 till
802 947 26 21 de
843 948 46 26 fall,
899 947 28 21 då

174 980 189 28 verkställigheten
385 981 94 28 grundas
494 981 13 21 å
522 981 56 27 dom,
593 989 45 14 som
653 984 56 19 ännu
725 982 48 21 icke
789 983 76 20 vunnit
879 982 49 28 laga

174 1015 63 22 kraft.
266 1010 74 27 Äfven
366 1016 7 20 i
397 1016 105 28 språkligt
517 1016 121 22 hänseende
653 1016 39 22 har
707 1016 127 29 paragrafen
849 1016 78 22 under-

173 1049 47 29 gått
235 1057 27 14 en
277 1049 82 22 mindre
371 1049 131 30 förändring.

241 1084 121 29 Angående
400 1086 27 21 28
456 1086 12 27 &
502 1085 38 22 har
569 1086 7 21 i
605 1085 105 22 utskottet
746 1085 114 28 anmärkts,
897 1089 31 19 att

174 1119 64 21 derur
257 1119 49 21 icke
321 1119 49 21 med
385 1119 66 28 nödig
465 1119 105 29 tydlighet
588 1120 93 28 framgår
696 1120 87 21 hvilken
799 1121 129 28 befogenhet

174 1153 129 21 tillkommer
324 1153 129 28 gäldenären
479 1155 8 20 i
512 1154 101 21 afseende
640 1154 13 21 &
673 1154 37 21 det
724 1154 61 29 gods,
800 1162 46 14 som
861 1155 67 28 enligt

174 1187 126 29 paragrafen
331 1187 73 22 blifvit
433 1191 43 18 satt
505 1189 69 21 under
592 1189 90 20 särskild
699 1189 59 26 vård,
773 1189 90 22 likasom
878 1190 49 21 icke

172 1222 68 21 heller
264 1221 57 22 hvad
336 1221 111 29 påföljden
463 1224 22 19 är
499 1222 35 21 för
548 1222 185 22 undanstickande
748 1223 23 21 af
783 1223 68 28 dylikt
866 1223 62 28 gods.

174 1256 113 21 Utskottet
301 1256 93 21 förbiser
410 1257 36 20 väl
457 1257 48 21 icke
518 1260 31 18 att
559 1257 113 21 osäkerhet
682 1257 129 21 härutinnan
822 1258 106 21 måhända

173 1289 43 21 kan
240 1291 52 26 göra
318 1290 34 27 sig
367 1289 105 28 gällande,
489 1292 51 19 enär
554 1290 78 28 godset
647 1291 17 27 ej
681 1290 43 21 kan
739 1298 62 13 anses
816 1299 51 13 vara
883 1294 44 18 satt

173 1323 69 21 under
266 1323 102 28 qvarstad
383 1323 52 22 eller
455 1318 207 34 skingringsförbud.
683 1325 52 21 Men
751 1325 28 21 då
794 1325 135 29 stadgandet,

173 1365 47 14 som
233 1365 63 21 synes
311 1357 66 22 hafva
387 1358 123 21 tillkommit
524 1360 95 20 närmast
634 1359 34 21 för
683 1359 28 21 de
725 1360 8 20 i
749 1360 26 21 83
790 1361 12 25 $
819 1359 23 22 af
856 1361 73 21 vexel-

173 1392 92 28 stadgan
287 1392 93 21 nämnda
403 1392 41 22 och
459 1392 67 22 andra
541 1393 104 21 likartade
662 1393 43 27 fall,
721 1394 169 29 uppenbarligen
905 1397 24 20 är

174 1427 73 21 afsedt
271 1430 31 18 att
329 1427 88 29 erbjuda
441 1428 83 20 tillfälle
546 1428 33 20 till
595 1431 31 18 ett
640 1428 92 22 faktiskt
746 1428 110 23 korrektiv
872 1433 57 19 emot

174 1462 152 28 förskingring,
350 1461 65 22 hvars
438 1462 136 21 verksamhet
596 1462 77 22 främst
687 1465 24 19 är
725 1463 108 22 beroende
849 1465 23 21 af
886 1465 43 21 den

242 1501 131 23 Lagutskottets
387 1501 110 19 betänkande
509 1502 37 18 N:o
559 1503 17 17 5.
