<?xml version="1.0" encoding="UTF-8"?>
<alto xmlns="http://www.loc.gov/standards/alto/ns-v3#" xmlns:xlink="http://www.w3.org/1999/xlink" xmlns:xsi="http://www.w3.org/2001/XMLSchema-instance" xsi:schemaLocation="http://www.loc.gov/standards/alto/ns-v3# http://www.loc.gov/alto/v3/alto-3-0.xsd">
	<Description>
		<MeasurementUnit>pixel</MeasurementUnit>
		<sourceImageInformation>
			<fileName>/tmp/tess_l04p29rg_input.PNG</fileName>
		</sourceImageInformation>
		<OCRProcessing ID="OCR_0">
			<ocrProcessingStep>
				<processingSoftware>
					<softwareName>tesseract 5.3.4</softwareName>
				</processingSoftware>
			</ocrProcessingStep>
		</OCRProcessing>
	</Description>
	<Layout>
		<Page WIDTH="1025" HEIGHT="1717" PHYSICAL_IMG_NR="0" ID="page_0">
			<PrintSpace HPOS="0" VPOS="0" WIDTH="1025" HEIGHT="1717">
				<ComposedBlock ID="cblock_0" HPOS="229" VPOS="151" WIDTH="500" HEIGHT="36">
					<TextBlock ID="block_0" HPOS="229" VPOS="151" WIDTH="500" HEIGHT="36">
						<TextLine ID="line_0" HPOS="229" VPOS="151" WIDTH="500" HEIGHT="36">
							<String ID="string_0" HPOS="229" VPOS="151" WIDTH="30" HEIGHT="36" WC="0.96" CONTENT="34"/><SP WIDTH="165" VPOS="151" HPOS="259"/>
							<String ID="string_1" HPOS="424" VPOS="154" WIDTH="30" HEIGHT="23" WC="0.88" CONTENT="U."/><SP WIDTH="15" VPOS="154" HPOS="454"/>
							<String ID="string_2" HPOS="469" VPOS="155" WIDTH="28" HEIGHT="21" WC="0.91" CONTENT="B."/><SP WIDTH="16" VPOS="155" HPOS="497"/>
							<String ID="string_3" HPOS="513" VPOS="167" WIDTH="27" HEIGHT="3" WC="0.90" CONTENT="—"/><SP WIDTH="15" VPOS="167" HPOS="540"/>
							<String ID="string_4" HPOS="555" VPOS="155" WIDTH="74" HEIGHT="27" WC="0.95" CONTENT="Prop."/><SP WIDTH="15" VPOS="155" HPOS="629"/>
							<String ID="string_5" HPOS="644" VPOS="154" WIDTH="46" HEIGHT="22" WC="0.93" CONTENT="N:o"/><SP WIDTH="16" VPOS="154" HPOS="690"/>
							<String ID="string_6" HPOS="706" VPOS="155" WIDTH="23" HEIGHT="21" WC="0.89" CONTENT="4."/>
						</TextLine>
					</TextBlock>
				</ComposedBlock>
				<ComposedBlock ID="cblock_1" HPOS="197" VPOS="221" WIDTH="770" HEIGHT="1298">
					<TextBlock ID="block_1" HPOS="198" VPOS="221" WIDTH="769" HEIGHT="510">
						<TextLine ID="line_1" HPOS="268" VPOS="221" WIDTH="686" HEIGHT="29">
							<String ID="string_7" HPOS="268" VPOS="222" WIDTH="34" HEIGHT="21" WC="0.96" CONTENT="De"/><SP WIDTH="15" VPOS="222" HPOS="302"/>
							<String ID="string_8" HPOS="317" VPOS="223" WIDTH="7" HEIGHT="20" WC="0.96" CONTENT="i"/><SP WIDTH="20" VPOS="223" HPOS="324"/>
							<String ID="string_9" HPOS="344" VPOS="223" WIDTH="12" HEIGHT="20" WC="0.95" CONTENT="7"/><SP WIDTH="14" VPOS="223" HPOS="356"/>
							<String ID="string_10" HPOS="370" VPOS="223" WIDTH="48" HEIGHT="27" WC="0.96" CONTENT="kap."/><SP WIDTH="18" VPOS="223" HPOS="418"/>
							<String ID="string_11" HPOS="436" VPOS="222" WIDTH="121" HEIGHT="27" WC="0.93" CONTENT="föreslagna"/><SP WIDTH="10" VPOS="222" HPOS="557"/>
							<String ID="string_12" HPOS="567" VPOS="221" WIDTH="147" HEIGHT="29" WC="0.92" CONTENT="stadgandena"/><SP WIDTH="12" VPOS="221" HPOS="714"/>
							<String ID="string_13" HPOS="726" VPOS="221" WIDTH="110" HEIGHT="28" WC="0.93" CONTENT="angående"/><SP WIDTH="11" VPOS="221" HPOS="836"/>
							<String ID="string_14" HPOS="847" VPOS="221" WIDTH="107" HEIGHT="28" WC="0.90" CONTENT="gvarstad,"/>
						</TextLine>
						<TextLine ID="line_2" HPOS="200" VPOS="255" WIDTH="755" HEIGHT="29">
							<String ID="string_15" HPOS="200" VPOS="256" WIDTH="206" HEIGHT="28" WC="0.92" CONTENT="skingringsförbud,"/><SP WIDTH="22" VPOS="256" HPOS="406"/>
							<String ID="string_16" HPOS="428" VPOS="256" WIDTH="125" HEIGHT="22" WC="0.91" CONTENT="reseförbud"/><SP WIDTH="24" VPOS="256" HPOS="553"/>
							<String ID="string_17" HPOS="577" VPOS="256" WIDTH="40" HEIGHT="21" WC="0.95" CONTENT="och"/><SP WIDTH="23" VPOS="256" HPOS="617"/>
							<String ID="string_18" HPOS="640" VPOS="263" WIDTH="69" HEIGHT="14" WC="0.91" CONTENT="annan"/><SP WIDTH="16" VPOS="263" HPOS="709"/>
							<String ID="string_19" HPOS="725" VPOS="255" WIDTH="168" HEIGHT="28" WC="0.90" CONTENT="handräckning,"/><SP WIDTH="15" VPOS="255" HPOS="893"/>
							<String ID="string_20" HPOS="908" VPOS="263" WIDTH="47" HEIGHT="14" WC="0.96" CONTENT="som"/>
						</TextLine>
						<TextLine ID="line_3" HPOS="199" VPOS="289" WIDTH="755" HEIGHT="30">
							<String ID="string_21" HPOS="199" VPOS="290" WIDTH="35" HEIGHT="21" WC="0.95" CONTENT="må"/><SP WIDTH="23" VPOS="290" HPOS="234"/>
							<String ID="string_22" HPOS="257" VPOS="291" WIDTH="23" HEIGHT="20" WC="0.92" CONTENT="af"/><SP WIDTH="22" VPOS="291" HPOS="280"/>
							<String ID="string_23" HPOS="302" VPOS="290" WIDTH="166" HEIGHT="22" WC="0.91" CONTENT="öfverexekutor"/><SP WIDTH="16" VPOS="290" HPOS="468"/>
							<String ID="string_24" HPOS="484" VPOS="291" WIDTH="77" HEIGHT="28" WC="0.92" CONTENT="gifvas,"/><SP WIDTH="16" VPOS="291" HPOS="561"/>
							<String ID="string_25" HPOS="577" VPOS="292" WIDTH="36" HEIGHT="20" WC="0.96" CONTENT="äro"/><SP WIDTH="15" VPOS="292" HPOS="613"/>
							<String ID="string_26" HPOS="628" VPOS="291" WIDTH="7" HEIGHT="20" WC="0.93" CONTENT="i"/><SP WIDTH="15" VPOS="291" HPOS="635"/>
							<String ID="string_27" HPOS="650" VPOS="289" WIDTH="124" HEIGHT="23" WC="0.90" CONTENT="hufvudsak"/><SP WIDTH="15" VPOS="289" HPOS="774"/>
							<String ID="string_28" HPOS="789" VPOS="289" WIDTH="165" HEIGHT="22" WC="0.91" CONTENT="öfverensstäm-"/>
						</TextLine>
						<TextLine ID="line_4" HPOS="199" VPOS="323" WIDTH="755" HEIGHT="30">
							<String ID="string_29" HPOS="199" VPOS="324" WIDTH="76" HEIGHT="22" WC="0.96" CONTENT="mande"/><SP WIDTH="21" VPOS="324" HPOS="275"/>
							<String ID="string_30" HPOS="296" VPOS="324" WIDTH="50" HEIGHT="21" WC="0.96" CONTENT="med"/><SP WIDTH="20" VPOS="324" HPOS="346"/>
							<String ID="string_31" HPOS="366" VPOS="324" WIDTH="58" HEIGHT="22" WC="0.96" CONTENT="hvad"/><SP WIDTH="20" VPOS="324" HPOS="424"/>
							<String ID="string_32" HPOS="444" VPOS="333" WIDTH="29" HEIGHT="13" WC="0.96" CONTENT="nu"/><SP WIDTH="22" VPOS="333" HPOS="473"/>
							<String ID="string_33" HPOS="495" VPOS="325" WIDTH="72" HEIGHT="28" WC="0.95" CONTENT="gäller."/><SP WIDTH="29" VPOS="325" HPOS="567"/>
							<String ID="string_34" HPOS="596" VPOS="324" WIDTH="12" HEIGHT="21" WC="0.96" CONTENT="I"/><SP WIDTH="22" VPOS="324" HPOS="608"/>
							<String ID="string_35" HPOS="630" VPOS="325" WIDTH="50" HEIGHT="20" WC="0.93" CONTENT="flere"/><SP WIDTH="16" VPOS="325" HPOS="680"/>
							<String ID="string_36" HPOS="696" VPOS="324" WIDTH="116" HEIGHT="21" WC="0.92" CONTENT="afseenden"/><SP WIDTH="16" VPOS="324" HPOS="812"/>
							<String ID="string_37" HPOS="828" VPOS="323" WIDTH="126" HEIGHT="29" WC="0.96" CONTENT="förtydligas"/>
						</TextLine>
						<TextLine ID="line_5" HPOS="200" VPOS="357" WIDTH="767" HEIGHT="29">
							<String ID="string_38" HPOS="200" VPOS="359" WIDTH="41" HEIGHT="21" WC="0.96" CONTENT="och"/><SP WIDTH="22" VPOS="359" HPOS="241"/>
							<String ID="string_39" HPOS="263" VPOS="359" WIDTH="127" HEIGHT="21" WC="0.96" CONTENT="bestämmes"/><SP WIDTH="22" VPOS="359" HPOS="390"/>
							<String ID="string_40" HPOS="412" VPOS="361" WIDTH="103" HEIGHT="25" WC="0.84" CONTENT="närmare,"/><SP WIDTH="22" VPOS="361" HPOS="515"/>
							<String ID="string_41" HPOS="537" VPOS="361" WIDTH="26" HEIGHT="18" WC="0.96" CONTENT="än"/><SP WIDTH="17" VPOS="361" HPOS="563"/>
							<String ID="string_42" HPOS="580" VPOS="358" WIDTH="57" HEIGHT="22" WC="0.94" CONTENT="hvad"/><SP WIDTH="16" VPOS="358" HPOS="637"/>
							<String ID="string_43" HPOS="653" VPOS="358" WIDTH="75" HEIGHT="21" WC="0.93" CONTENT="hittills"/><SP WIDTH="16" VPOS="358" HPOS="728"/>
							<String ID="string_44" HPOS="744" VPOS="359" WIDTH="56" HEIGHT="20" WC="0.96" CONTENT="varit"/><SP WIDTH="14" VPOS="359" HPOS="800"/>
							<String ID="string_45" HPOS="814" VPOS="357" WIDTH="66" HEIGHT="28" WC="0.93" CONTENT="fallet,"/><SP WIDTH="15" VPOS="357" HPOS="880"/>
							<String ID="string_46" HPOS="895" VPOS="359" WIDTH="72" HEIGHT="20" WC="0.64" CONTENT="inne-"/><SP WIDTH="-9" VPOS="359" HPOS="967"/>
							<String ID="string_47" HPOS="958" VPOS="353" WIDTH="13" HEIGHT="38" WC="0.64" CONTENT=":"/>
						</TextLine>
						<TextLine ID="line_6" HPOS="199" VPOS="392" WIDTH="755" HEIGHT="28">
							<String ID="string_48" HPOS="199" VPOS="393" WIDTH="81" HEIGHT="22" WC="0.92" CONTENT="börden"/><SP WIDTH="23" VPOS="393" HPOS="280"/>
							<String ID="string_49" HPOS="303" VPOS="393" WIDTH="41" HEIGHT="21" WC="0.96" CONTENT="och"/><SP WIDTH="21" VPOS="393" HPOS="344"/>
							<String ID="string_50" HPOS="365" VPOS="393" WIDTH="81" HEIGHT="22" WC="0.96" CONTENT="verkan"/><SP WIDTH="22" VPOS="393" HPOS="446"/>
							<String ID="string_51" HPOS="468" VPOS="393" WIDTH="23" HEIGHT="21" WC="0.96" CONTENT="af"/><SP WIDTH="20" VPOS="393" HPOS="491"/>
							<String ID="string_52" HPOS="511" VPOS="392" WIDTH="92" HEIGHT="22" WC="0.91" CONTENT="nämnda"/><SP WIDTH="15" VPOS="392" HPOS="603"/>
							<String ID="string_53" HPOS="618" VPOS="392" WIDTH="210" HEIGHT="28" WC="0.91" CONTENT="säkerhetsåtgärder"/><SP WIDTH="15" VPOS="392" HPOS="828"/>
							<String ID="string_54" HPOS="843" VPOS="395" WIDTH="54" HEIGHT="18" WC="0.95" CONTENT="samt"/><SP WIDTH="15" VPOS="395" HPOS="897"/>
							<String ID="string_55" HPOS="912" VPOS="392" WIDTH="42" HEIGHT="22" WC="0.96" CONTENT="den"/>
						</TextLine>
						<TextLine ID="line_7" HPOS="199" VPOS="426" WIDTH="755" HEIGHT="30">
							<String ID="string_56" HPOS="199" VPOS="427" WIDTH="131" HEIGHT="29" WC="0.95" CONTENT="myndighet,"/><SP WIDTH="22" VPOS="427" HPOS="330"/>
							<String ID="string_57" HPOS="352" VPOS="435" WIDTH="46" HEIGHT="14" WC="0.96" CONTENT="som"/><SP WIDTH="15" VPOS="435" HPOS="398"/>
							<String ID="string_58" HPOS="413" VPOS="428" WIDTH="7" HEIGHT="21" WC="0.96" CONTENT="i"/><SP WIDTH="16" VPOS="428" HPOS="420"/>
							<String ID="string_59" HPOS="436" VPOS="427" WIDTH="72" HEIGHT="29" WC="0.96" CONTENT="dylika"/><SP WIDTH="20" VPOS="427" HPOS="508"/>
							<String ID="string_60" HPOS="528" VPOS="427" WIDTH="38" HEIGHT="22" WC="0.96" CONTENT="fall"/><SP WIDTH="22" VPOS="427" HPOS="566"/>
							<String ID="string_61" HPOS="588" VPOS="427" WIDTH="130" HEIGHT="22" WC="0.93" CONTENT="tillkommer"/><SP WIDTH="14" VPOS="427" HPOS="718"/>
							<String ID="string_62" HPOS="732" VPOS="426" WIDTH="222" HEIGHT="23" WC="0.92" CONTENT="öfverexekutorerne."/>
						</TextLine>
						<TextLine ID="line_8" HPOS="200" VPOS="461" WIDTH="755" HEIGHT="29">
							<String ID="string_63" HPOS="200" VPOS="461" WIDTH="94" HEIGHT="22" WC="0.96" CONTENT="Sålunda"/><SP WIDTH="23" VPOS="461" HPOS="294"/>
							<String ID="string_64" HPOS="317" VPOS="462" WIDTH="57" HEIGHT="21" WC="0.95" CONTENT="löses"/><SP WIDTH="20" VPOS="462" HPOS="374"/>
							<String ID="string_65" HPOS="394" VPOS="461" WIDTH="77" HEIGHT="29" WC="0.96" CONTENT="frågan"/><SP WIDTH="21" VPOS="461" HPOS="471"/>
							<String ID="string_66" HPOS="492" VPOS="469" WIDTH="32" HEIGHT="14" WC="0.95" CONTENT="om"/><SP WIDTH="17" VPOS="469" HPOS="524"/>
							<String ID="string_67" HPOS="541" VPOS="461" WIDTH="110" HEIGHT="29" WC="0.96" CONTENT="omfånget"/><SP WIDTH="12" VPOS="461" HPOS="651"/>
							<String ID="string_68" HPOS="663" VPOS="462" WIDTH="23" HEIGHT="21" WC="0.96" CONTENT="af"/><SP WIDTH="15" VPOS="462" HPOS="686"/>
							<String ID="string_69" HPOS="701" VPOS="461" WIDTH="62" HEIGHT="22" WC="0.96" CONTENT="deras"/><SP WIDTH="16" VPOS="461" HPOS="763"/>
							<String ID="string_70" HPOS="779" VPOS="461" WIDTH="130" HEIGHT="28" WC="0.96" CONTENT="befogenhet"/><SP WIDTH="14" VPOS="461" HPOS="909"/>
							<String ID="string_71" HPOS="923" VPOS="464" WIDTH="32" HEIGHT="19" WC="0.96" CONTENT="att"/>
						</TextLine>
						<TextLine ID="line_9" HPOS="199" VPOS="495" WIDTH="756" HEIGHT="30">
							<String ID="string_72" HPOS="199" VPOS="496" WIDTH="98" HEIGHT="22" WC="0.92" CONTENT="meddela"/><SP WIDTH="23" VPOS="496" HPOS="297"/>
							<String ID="string_73" HPOS="320" VPOS="496" WIDTH="187" HEIGHT="28" WC="0.91" CONTENT="vräkningsbeslut"/><SP WIDTH="20" VPOS="496" HPOS="507"/>
							<String ID="string_74" HPOS="527" VPOS="496" WIDTH="28" HEIGHT="29" WC="0.96" CONTENT="på"/><SP WIDTH="15" VPOS="496" HPOS="555"/>
							<String ID="string_75" HPOS="570" VPOS="496" WIDTH="37" HEIGHT="21" WC="0.96" CONTENT="det"/><SP WIDTH="14" VPOS="496" HPOS="607"/>
							<String ID="string_76" HPOS="621" VPOS="498" WIDTH="49" HEIGHT="25" WC="0.96" CONTENT="sätt,"/><SP WIDTH="15" VPOS="498" HPOS="670"/>
							<String ID="string_77" HPOS="685" VPOS="499" WIDTH="32" HEIGHT="18" WC="0.96" CONTENT="att"/><SP WIDTH="15" VPOS="499" HPOS="717"/>
							<String ID="string_78" HPOS="732" VPOS="495" WIDTH="59" HEIGHT="30" WC="0.96" CONTENT="dylik"/><SP WIDTH="15" VPOS="495" HPOS="791"/>
							<String ID="string_79" HPOS="806" VPOS="497" WIDTH="42" HEIGHT="20" WC="0.93" CONTENT="rätt"/><SP WIDTH="14" VPOS="497" HPOS="848"/>
							<String ID="string_80" HPOS="862" VPOS="495" WIDTH="93" HEIGHT="22" WC="0.91" CONTENT="tillkom-"/>
						</TextLine>
						<TextLine ID="line_10" HPOS="198" VPOS="530" WIDTH="756" HEIGHT="29">
							<String ID="string_81" HPOS="198" VPOS="538" WIDTH="46" HEIGHT="14" WC="0.95" CONTENT="mer"/><SP WIDTH="15" VPOS="538" HPOS="244"/>
							<String ID="string_82" HPOS="259" VPOS="531" WIDTH="54" HEIGHT="26" WC="0.96" CONTENT="dem,"/><SP WIDTH="15" VPOS="531" HPOS="313"/>
							<String ID="string_83" HPOS="328" VPOS="531" WIDTH="7" HEIGHT="21" WC="0.96" CONTENT="i"/><SP WIDTH="16" VPOS="531" HPOS="335"/>
							<String ID="string_84" HPOS="351" VPOS="530" WIDTH="101" HEIGHT="21" WC="0.96" CONTENT="händelse"/><SP WIDTH="16" VPOS="530" HPOS="452"/>
							<String ID="string_85" HPOS="468" VPOS="530" WIDTH="97" HEIGHT="22" WC="0.92" CONTENT="bestämd"/><SP WIDTH="14" VPOS="530" HPOS="565"/>
							<String ID="string_86" HPOS="579" VPOS="530" WIDTH="81" HEIGHT="29" WC="0.91" CONTENT="legotid"/><SP WIDTH="14" VPOS="530" HPOS="660"/>
							<String ID="string_87" HPOS="674" VPOS="530" WIDTH="136" HEIGHT="28" WC="0.93" CONTENT="tilländagått"/><SP WIDTH="16" VPOS="530" HPOS="810"/>
							<String ID="string_88" HPOS="826" VPOS="530" WIDTH="51" HEIGHT="21" WC="0.93" CONTENT="eller"/><SP WIDTH="20" VPOS="530" HPOS="877"/>
							<String ID="string_89" HPOS="897" VPOS="530" WIDTH="57" HEIGHT="29" WC="0.92" CONTENT="skyl-"/>
						</TextLine>
						<TextLine ID="line_11" HPOS="199" VPOS="564" WIDTH="755" HEIGHT="29">
							<String ID="string_90" HPOS="199" VPOS="565" WIDTH="74" HEIGHT="28" WC="0.96" CONTENT="dighet"/><SP WIDTH="15" VPOS="565" HPOS="273"/>
							<String ID="string_91" HPOS="288" VPOS="567" WIDTH="31" HEIGHT="19" WC="0.93" CONTENT="att"/><SP WIDTH="15" VPOS="567" HPOS="319"/>
							<String ID="string_92" HPOS="334" VPOS="565" WIDTH="82" HEIGHT="28" WC="0.92" CONTENT="afflytta"/><SP WIDTH="16" VPOS="565" HPOS="416"/>
							<String ID="string_93" HPOS="432" VPOS="565" WIDTH="81" HEIGHT="22" WC="0.92" CONTENT="inträdt"/><SP WIDTH="14" VPOS="565" HPOS="513"/>
							<String ID="string_94" HPOS="527" VPOS="566" WIDTH="7" HEIGHT="20" WC="0.96" CONTENT="i"/><SP WIDTH="15" VPOS="566" HPOS="534"/>
							<String ID="string_95" HPOS="549" VPOS="565" WIDTH="54" HEIGHT="28" WC="0.96" CONTENT="följd"/><SP WIDTH="15" VPOS="565" HPOS="603"/>
							<String ID="string_96" HPOS="618" VPOS="565" WIDTH="23" HEIGHT="21" WC="0.96" CONTENT="af"/><SP WIDTH="14" VPOS="565" HPOS="641"/>
							<String ID="string_97" HPOS="655" VPOS="565" WIDTH="135" HEIGHT="28" WC="0.96" CONTENT="uppsägning"/><SP WIDTH="16" VPOS="565" HPOS="790"/>
							<String ID="string_98" HPOS="806" VPOS="565" WIDTH="51" HEIGHT="21" WC="0.93" CONTENT="eller"/><SP WIDTH="19" VPOS="565" HPOS="857"/>
							<String ID="string_99" HPOS="876" VPOS="564" WIDTH="78" HEIGHT="21" WC="0.91" CONTENT="under-"/>
						</TextLine>
						<TextLine ID="line_12" HPOS="199" VPOS="599" WIDTH="754" HEIGHT="28">
							<String ID="string_100" HPOS="199" VPOS="599" WIDTH="95" HEIGHT="28" WC="0.90" CONTENT="låtenhet"/><SP WIDTH="15" VPOS="599" HPOS="294"/>
							<String ID="string_101" HPOS="309" VPOS="602" WIDTH="30" HEIGHT="19" WC="0.96" CONTENT="att"/><SP WIDTH="16" VPOS="602" HPOS="339"/>
							<String ID="string_102" HPOS="355" VPOS="599" WIDTH="85" HEIGHT="28" WC="0.96" CONTENT="erlägga"/><SP WIDTH="15" VPOS="599" HPOS="440"/>
							<String ID="string_103" HPOS="455" VPOS="599" WIDTH="66" HEIGHT="28" WC="0.96" CONTENT="hyran"/><SP WIDTH="16" VPOS="599" HPOS="521"/>
							<String ID="string_104" HPOS="537" VPOS="599" WIDTH="51" HEIGHT="22" WC="0.93" CONTENT="eller"/><SP WIDTH="15" VPOS="599" HPOS="588"/>
							<String ID="string_105" HPOS="603" VPOS="599" WIDTH="101" HEIGHT="28" WC="0.92" CONTENT="afgälden"/><SP WIDTH="16" VPOS="599" HPOS="704"/>
							<String ID="string_106" HPOS="720" VPOS="599" WIDTH="69" HEIGHT="28" WC="0.95" CONTENT="enligt"/><SP WIDTH="13" VPOS="599" HPOS="789"/>
							<String ID="string_107" HPOS="802" VPOS="599" WIDTH="34" HEIGHT="28" WC="0.95" CONTENT="lag"/><SP WIDTH="16" VPOS="599" HPOS="836"/>
							<String ID="string_108" HPOS="852" VPOS="599" WIDTH="51" HEIGHT="21" WC="0.93" CONTENT="eller"/><SP WIDTH="14" VPOS="599" HPOS="903"/>
							<String ID="string_109" HPOS="917" VPOS="599" WIDTH="36" HEIGHT="21" WC="0.90" CONTENT="be-"/>
						</TextLine>
						<TextLine ID="line_13" HPOS="199" VPOS="633" WIDTH="755" HEIGHT="29">
							<String ID="string_110" HPOS="199" VPOS="634" WIDTH="120" HEIGHT="21" WC="0.92" CONTENT="stämmelse"/><SP WIDTH="15" VPOS="634" HPOS="319"/>
							<String ID="string_111" HPOS="334" VPOS="635" WIDTH="7" HEIGHT="19" WC="0.93" CONTENT="i"/><SP WIDTH="15" VPOS="635" HPOS="341"/>
							<String ID="string_112" HPOS="356" VPOS="633" WIDTH="73" HEIGHT="29" WC="0.92" CONTENT="hyres-"/><SP WIDTH="23" VPOS="633" HPOS="429"/>
							<String ID="string_113" HPOS="452" VPOS="634" WIDTH="50" HEIGHT="21" WC="0.93" CONTENT="eller"/><SP WIDTH="21" VPOS="634" HPOS="502"/>
							<String ID="string_114" HPOS="523" VPOS="634" WIDTH="198" HEIGHT="27" WC="0.90" CONTENT="brukningsaftalet,"/><SP WIDTH="18" VPOS="634" HPOS="721"/>
							<String ID="string_115" HPOS="739" VPOS="633" WIDTH="40" HEIGHT="21" WC="0.93" CONTENT="och"/><SP WIDTH="21" VPOS="633" HPOS="779"/>
							<String ID="string_116" HPOS="800" VPOS="633" WIDTH="154" HEIGHT="29" WC="0.91" CONTENT="hyresmannen"/>
						</TextLine>
						<TextLine ID="line_14" HPOS="199" VPOS="668" WIDTH="755" HEIGHT="28">
							<String ID="string_117" HPOS="199" VPOS="668" WIDTH="51" HEIGHT="21" WC="0.96" CONTENT="eller"/><SP WIDTH="21" VPOS="668" HPOS="250"/>
							<String ID="string_118" HPOS="271" VPOS="668" WIDTH="107" HEIGHT="21" WC="0.96" CONTENT="brukaren"/><SP WIDTH="23" VPOS="668" HPOS="378"/>
							<String ID="string_119" HPOS="401" VPOS="669" WIDTH="17" HEIGHT="27" WC="0.96" CONTENT="ej"/><SP WIDTH="22" VPOS="669" HPOS="418"/>
							<String ID="string_120" HPOS="440" VPOS="668" WIDTH="65" HEIGHT="28" WC="0.95" CONTENT="gitter"/><SP WIDTH="14" VPOS="668" HPOS="505"/>
							<String ID="string_121" HPOS="519" VPOS="669" WIDTH="46" HEIGHT="21" WC="0.96" CONTENT="visa"/><SP WIDTH="16" VPOS="669" HPOS="565"/>
							<String ID="string_122" HPOS="581" VPOS="668" WIDTH="111" HEIGHT="21" WC="0.96" CONTENT="sannolika"/><SP WIDTH="16" VPOS="668" HPOS="692"/>
							<String ID="string_123" HPOS="708" VPOS="668" WIDTH="46" HEIGHT="21" WC="0.96" CONTENT="skäl"/><SP WIDTH="14" VPOS="668" HPOS="754"/>
							<String ID="string_124" HPOS="768" VPOS="668" WIDTH="36" HEIGHT="20" WC="0.96" CONTENT="för"/><SP WIDTH="14" VPOS="668" HPOS="804"/>
							<String ID="string_125" HPOS="818" VPOS="668" WIDTH="34" HEIGHT="21" WC="0.96" CONTENT="sin"/><SP WIDTH="13" VPOS="668" HPOS="852"/>
							<String ID="string_126" HPOS="865" VPOS="669" WIDTH="43" HEIGHT="20" WC="0.96" CONTENT="rätt"/><SP WIDTH="15" VPOS="669" HPOS="908"/>
							<String ID="string_127" HPOS="923" VPOS="670" WIDTH="31" HEIGHT="18" WC="0.96" CONTENT="att"/>
						</TextLine>
						<TextLine ID="line_15" HPOS="199" VPOS="703" WIDTH="195" HEIGHT="28">
							<String ID="string_128" HPOS="199" VPOS="703" WIDTH="103" HEIGHT="28" WC="0.92" CONTENT="qvarsitta"/><SP WIDTH="15" VPOS="703" HPOS="302"/>
							<String ID="string_129" HPOS="317" VPOS="703" WIDTH="35" HEIGHT="27" WC="0.91" CONTENT="(15"/><SP WIDTH="16" VPOS="703" HPOS="352"/>
							<String ID="string_130" HPOS="368" VPOS="703" WIDTH="26" HEIGHT="27" WC="0.89" CONTENT="$)."/>
						</TextLine>
					</TextBlock>
					<TextBlock ID="block_2" HPOS="199" VPOS="736" WIDTH="756" HEIGHT="132">
						<TextLine ID="line_16" HPOS="268" VPOS="736" WIDTH="687" HEIGHT="29">
							<String ID="string_131" HPOS="268" VPOS="736" WIDTH="171" HEIGHT="22" WC="0.96" CONTENT="Föreskrifterna"/><SP WIDTH="15" VPOS="736" HPOS="439"/>
							<String ID="string_132" HPOS="454" VPOS="737" WIDTH="8" HEIGHT="20" WC="0.96" CONTENT="i"/><SP WIDTH="14" VPOS="737" HPOS="462"/>
							<String ID="string_133" HPOS="476" VPOS="737" WIDTH="114" HEIGHT="28" WC="0.96" CONTENT="förslagets"/><SP WIDTH="15" VPOS="737" HPOS="590"/>
							<String ID="string_134" HPOS="605" VPOS="737" WIDTH="14" HEIGHT="21" WC="0.93" CONTENT="8"/><SP WIDTH="15" VPOS="737" HPOS="619"/>
							<String ID="string_135" HPOS="634" VPOS="737" WIDTH="54" HEIGHT="27" WC="0.91" CONTENT="kap.,"/><SP WIDTH="16" VPOS="737" HPOS="688"/>
							<String ID="string_136" HPOS="704" VPOS="744" WIDTH="34" HEIGHT="14" WC="0.96" CONTENT="om"/><SP WIDTH="14" VPOS="744" HPOS="738"/>
							<String ID="string_137" HPOS="752" VPOS="736" WIDTH="92" HEIGHT="22" WC="0.96" CONTENT="kostnad"/><SP WIDTH="16" VPOS="736" HPOS="844"/>
							<String ID="string_138" HPOS="860" VPOS="737" WIDTH="6" HEIGHT="20" WC="0.93" CONTENT="i"/><SP WIDTH="15" VPOS="737" HPOS="866"/>
							<String ID="string_139" HPOS="881" VPOS="736" WIDTH="74" HEIGHT="22" WC="0.92" CONTENT="utsök-"/>
						</TextLine>
						<TextLine ID="line_17" HPOS="199" VPOS="770" WIDTH="756" HEIGHT="29">
							<String ID="string_140" HPOS="199" VPOS="771" WIDTH="111" HEIGHT="28" WC="0.92" CONTENT="ningsmål,"/><SP WIDTH="23" VPOS="771" HPOS="310"/>
							<String ID="string_141" HPOS="333" VPOS="771" WIDTH="106" HEIGHT="21" WC="0.96" CONTENT="innefatta"/><SP WIDTH="15" VPOS="771" HPOS="439"/>
							<String ID="string_142" HPOS="454" VPOS="771" WIDTH="48" HEIGHT="21" WC="0.96" CONTENT="icke"/><SP WIDTH="22" VPOS="771" HPOS="502"/>
							<String ID="string_143" HPOS="524" VPOS="771" WIDTH="66" HEIGHT="28" WC="0.93" CONTENT="några"/><SP WIDTH="22" VPOS="771" HPOS="590"/>
							<String ID="string_144" HPOS="612" VPOS="771" WIDTH="142" HEIGHT="28" WC="0.91" CONTENT="väsentligare"/><SP WIDTH="22" VPOS="771" HPOS="754"/>
							<String ID="string_145" HPOS="776" VPOS="770" WIDTH="117" HEIGHT="22" WC="0.92" CONTENT="afvikelser"/><SP WIDTH="14" VPOS="770" HPOS="893"/>
							<String ID="string_146" HPOS="907" VPOS="770" WIDTH="48" HEIGHT="22" WC="0.96" CONTENT="från"/>
						</TextLine>
						<TextLine ID="line_18" HPOS="199" VPOS="805" WIDTH="756" HEIGHT="29">
							<String ID="string_147" HPOS="199" VPOS="806" WIDTH="36" HEIGHT="21" WC="0.96" CONTENT="det"/><SP WIDTH="15" VPOS="806" HPOS="235"/>
							<String ID="string_148" HPOS="250" VPOS="813" WIDTH="46" HEIGHT="14" WC="0.96" CONTENT="som"/><SP WIDTH="15" VPOS="813" HPOS="296"/>
							<String ID="string_149" HPOS="311" VPOS="806" WIDTH="68" HEIGHT="21" WC="0.96" CONTENT="måste"/><SP WIDTH="16" VPOS="806" HPOS="379"/>
							<String ID="string_150" HPOS="395" VPOS="813" WIDTH="61" HEIGHT="14" WC="0.96" CONTENT="anses"/><SP WIDTH="16" VPOS="813" HPOS="456"/>
							<String ID="string_151" HPOS="472" VPOS="814" WIDTH="51" HEIGHT="13" WC="0.96" CONTENT="vara"/><SP WIDTH="14" VPOS="814" HPOS="523"/>
							<String ID="string_152" HPOS="537" VPOS="805" WIDTH="100" HEIGHT="29" WC="0.96" CONTENT="gällande"/><SP WIDTH="14" VPOS="805" HPOS="637"/>
							<String ID="string_153" HPOS="651" VPOS="808" WIDTH="48" HEIGHT="24" WC="0.96" CONTENT="rätt,"/><SP WIDTH="15" VPOS="808" HPOS="699"/>
							<String ID="string_154" HPOS="714" VPOS="809" WIDTH="52" HEIGHT="18" WC="0.96" CONTENT="utan"/><SP WIDTH="10" VPOS="809" HPOS="766"/>
							<String ID="string_155" HPOS="776" VPOS="808" WIDTH="75" HEIGHT="26" WC="0.93" CONTENT="utgöra"/><SP WIDTH="10" VPOS="808" HPOS="851"/>
							<String ID="string_156" HPOS="861" VPOS="806" WIDTH="94" HEIGHT="21" WC="0.91" CONTENT="hufvud-"/>
						</TextLine>
						<TextLine ID="line_19" HPOS="199" VPOS="840" WIDTH="619" HEIGHT="28">
							<String ID="string_157" HPOS="199" VPOS="840" WIDTH="97" HEIGHT="28" WC="0.91" CONTENT="sakligen"/><SP WIDTH="13" VPOS="840" HPOS="296"/>
							<String ID="string_158" HPOS="309" VPOS="840" WIDTH="56" HEIGHT="21" WC="0.96" CONTENT="blott"/><SP WIDTH="15" VPOS="840" HPOS="365"/>
							<String ID="string_159" HPOS="380" VPOS="848" WIDTH="26" HEIGHT="13" WC="0.96" CONTENT="en"/><SP WIDTH="15" VPOS="848" HPOS="406"/>
							<String ID="string_160" HPOS="421" VPOS="840" WIDTH="73" HEIGHT="21" WC="0.96" CONTENT="vidare"/><SP WIDTH="16" VPOS="840" HPOS="494"/>
							<String ID="string_161" HPOS="510" VPOS="840" WIDTH="125" HEIGHT="28" WC="0.96" CONTENT="utveckling"/><SP WIDTH="15" VPOS="840" HPOS="635"/>
							<String ID="string_162" HPOS="650" VPOS="840" WIDTH="22" HEIGHT="20" WC="0.96" CONTENT="af"/><SP WIDTH="19" VPOS="840" HPOS="672"/>
							<String ID="string_163" HPOS="691" VPOS="840" WIDTH="127" HEIGHT="21" WC="0.95" CONTENT="densamma."/>
						</TextLine>
					</TextBlock>
					<TextBlock ID="block_3" HPOS="197" VPOS="874" WIDTH="758" HEIGHT="612">
						<TextLine ID="line_20" HPOS="267" VPOS="874" WIDTH="688" HEIGHT="28">
							<String ID="string_164" HPOS="267" VPOS="874" WIDTH="104" HEIGHT="21" WC="0.92" CONTENT="Deremot"/><SP WIDTH="21" VPOS="874" HPOS="371"/>
							<String ID="string_165" HPOS="392" VPOS="874" WIDTH="108" HEIGHT="22" WC="0.96" CONTENT="innehålla"/><SP WIDTH="24" VPOS="874" HPOS="500"/>
							<String ID="string_166" HPOS="524" VPOS="876" WIDTH="13" HEIGHT="20" WC="0.96" CONTENT="9"/><SP WIDTH="19" VPOS="876" HPOS="537"/>
							<String ID="string_167" HPOS="556" VPOS="874" WIDTH="39" HEIGHT="22" WC="0.96" CONTENT="och"/><SP WIDTH="14" VPOS="874" HPOS="595"/>
							<String ID="string_168" HPOS="609" VPOS="876" WIDTH="28" HEIGHT="19" WC="0.96" CONTENT="10"/><SP WIDTH="16" VPOS="876" HPOS="637"/>
							<String ID="string_169" HPOS="653" VPOS="875" WIDTH="48" HEIGHT="27" WC="0.96" CONTENT="kap."/><SP WIDTH="18" VPOS="875" HPOS="701"/>
							<String ID="string_170" HPOS="719" VPOS="874" WIDTH="107" HEIGHT="28" WC="0.96" CONTENT="åtskilliga"/><SP WIDTH="14" VPOS="874" HPOS="826"/>
							<String ID="string_171" HPOS="840" VPOS="882" WIDTH="42" HEIGHT="20" WC="0.93" CONTENT="nya"/><SP WIDTH="15" VPOS="882" HPOS="882"/>
							<String ID="string_172" HPOS="897" VPOS="874" WIDTH="58" HEIGHT="22" WC="0.91" CONTENT="stad-"/>
						</TextLine>
						<TextLine ID="line_21" HPOS="200" VPOS="908" WIDTH="754" HEIGHT="30">
							<String ID="string_173" HPOS="200" VPOS="908" WIDTH="91" HEIGHT="28" WC="0.93" CONTENT="ganden,"/><SP WIDTH="15" VPOS="908" HPOS="291"/>
							<String ID="string_174" HPOS="306" VPOS="916" WIDTH="46" HEIGHT="14" WC="0.96" CONTENT="som"/><SP WIDTH="16" VPOS="916" HPOS="352"/>
							<String ID="string_175" HPOS="368" VPOS="908" WIDTH="71" HEIGHT="29" WC="0.96" CONTENT="åsyfta"/><SP WIDTH="15" VPOS="908" HPOS="439"/>
							<String ID="string_176" HPOS="454" VPOS="912" WIDTH="32" HEIGHT="18" WC="0.96" CONTENT="att"/><SP WIDTH="14" VPOS="912" HPOS="486"/>
							<String ID="string_177" HPOS="500" VPOS="908" WIDTH="112" HEIGHT="30" WC="0.95" CONTENT="påskynda"/><SP WIDTH="15" VPOS="908" HPOS="612"/>
							<String ID="string_178" HPOS="627" VPOS="916" WIDTH="115" HEIGHT="21" WC="0.96" CONTENT="processen"/><SP WIDTH="15" VPOS="916" HPOS="742"/>
							<String ID="string_179" HPOS="757" VPOS="909" WIDTH="7" HEIGHT="21" WC="0.93" CONTENT="i"/><SP WIDTH="15" VPOS="909" HPOS="764"/>
							<String ID="string_180" HPOS="779" VPOS="908" WIDTH="175" HEIGHT="29" WC="0.70" CONTENT="utsökningsmäl."/>
						</TextLine>
						<TextLine ID="line_22" HPOS="199" VPOS="942" WIDTH="756" HEIGHT="30">
							<String ID="string_181" HPOS="199" VPOS="943" WIDTH="33" HEIGHT="21" WC="0.92" CONTENT="De"/><SP WIDTH="23" VPOS="943" HPOS="232"/>
							<String ID="string_182" HPOS="255" VPOS="944" WIDTH="115" HEIGHT="27" WC="0.87" CONTENT="vigtigaste"/><SP WIDTH="22" VPOS="944" HPOS="370"/>
							<String ID="string_183" HPOS="392" VPOS="945" WIDTH="36" HEIGHT="19" WC="0.96" CONTENT="äro"/><SP WIDTH="24" VPOS="945" HPOS="428"/>
							<String ID="string_184" HPOS="452" VPOS="943" WIDTH="26" HEIGHT="21" WC="0.96" CONTENT="de"/><SP WIDTH="25" VPOS="943" HPOS="478"/>
							<String ID="string_185" HPOS="503" VPOS="944" WIDTH="7" HEIGHT="20" WC="0.96" CONTENT="i"/><SP WIDTH="24" VPOS="944" HPOS="510"/>
							<String ID="string_186" HPOS="534" VPOS="944" WIDTH="26" HEIGHT="20" WC="0.96" CONTENT="10"/><SP WIDTH="23" VPOS="944" HPOS="560"/>
							<String ID="string_187" HPOS="583" VPOS="943" WIDTH="48" HEIGHT="29" WC="0.95" CONTENT="kap."/><SP WIDTH="18" VPOS="943" HPOS="631"/>
							<String ID="string_188" HPOS="649" VPOS="943" WIDTH="182" HEIGHT="21" WC="0.93" CONTENT="förekommande."/><SP WIDTH="29" VPOS="943" HPOS="831"/>
							<String ID="string_189" HPOS="860" VPOS="942" WIDTH="95" HEIGHT="23" WC="0.87" CONTENT="Utöfver"/>
						</TextLine>
						<TextLine ID="line_23" HPOS="197" VPOS="976" WIDTH="757" HEIGHT="30">
							<String ID="string_190" HPOS="197" VPOS="977" WIDTH="58" HEIGHT="21" WC="0.95" CONTENT="hvad"/><SP WIDTH="16" VPOS="977" HPOS="255"/>
							<String ID="string_191" HPOS="271" VPOS="978" WIDTH="6" HEIGHT="20" WC="0.96" CONTENT="i"/><SP WIDTH="17" VPOS="978" HPOS="277"/>
							<String ID="string_192" HPOS="294" VPOS="977" WIDTH="70" HEIGHT="21" WC="0.96" CONTENT="denna"/><SP WIDTH="20" VPOS="977" HPOS="364"/>
							<String ID="string_193" HPOS="384" VPOS="977" WIDTH="135" HEIGHT="29" WC="0.96" CONTENT="redogörelse"/><SP WIDTH="20" VPOS="977" HPOS="519"/>
							<String ID="string_194" HPOS="539" VPOS="977" WIDTH="67" HEIGHT="21" WC="0.93" CONTENT="redan"/><SP WIDTH="15" VPOS="977" HPOS="606"/>
							<String ID="string_195" HPOS="621" VPOS="977" WIDTH="85" HEIGHT="28" WC="0.92" CONTENT="antydts"/><SP WIDTH="16" VPOS="977" HPOS="706"/>
							<String ID="string_196" HPOS="722" VPOS="978" WIDTH="7" HEIGHT="20" WC="0.96" CONTENT="i"/><SP WIDTH="15" VPOS="978" HPOS="729"/>
							<String ID="string_197" HPOS="744" VPOS="976" WIDTH="62" HEIGHT="29" WC="0.96" CONTENT="fråga"/><SP WIDTH="15" VPOS="976" HPOS="806"/>
							<String ID="string_198" HPOS="821" VPOS="985" WIDTH="33" HEIGHT="13" WC="0.93" CONTENT="om"/><SP WIDTH="16" VPOS="985" HPOS="854"/>
							<String ID="string_199" HPOS="870" VPOS="977" WIDTH="84" HEIGHT="28" WC="0.92" CONTENT="lagsök-"/>
						</TextLine>
						<TextLine ID="line_24" HPOS="199" VPOS="1011" WIDTH="755" HEIGHT="29">
							<String ID="string_200" HPOS="199" VPOS="1012" WIDTH="140" HEIGHT="27" WC="0.91" CONTENT="ningsmålen,"/><SP WIDTH="21" VPOS="1012" HPOS="339"/>
							<String ID="string_201" HPOS="360" VPOS="1012" WIDTH="61" HEIGHT="21" WC="0.96" CONTENT="torde"/><SP WIDTH="15" VPOS="1012" HPOS="421"/>
							<String ID="string_202" HPOS="436" VPOS="1012" WIDTH="38" HEIGHT="21" WC="0.96" CONTENT="här"/><SP WIDTH="15" VPOS="1012" HPOS="474"/>
							<String ID="string_203" HPOS="489" VPOS="1012" WIDTH="52" HEIGHT="21" WC="0.96" CONTENT="böra"/><SP WIDTH="14" VPOS="1012" HPOS="541"/>
							<String ID="string_204" HPOS="555" VPOS="1012" WIDTH="98" HEIGHT="28" WC="0.96" CONTENT="tilläggas"/><SP WIDTH="16" VPOS="1012" HPOS="653"/>
							<String ID="string_205" HPOS="669" VPOS="1014" WIDTH="37" HEIGHT="24" WC="0.96" CONTENT="att,"/><SP WIDTH="15" VPOS="1014" HPOS="706"/>
							<String ID="string_206" HPOS="721" VPOS="1011" WIDTH="90" HEIGHT="22" WC="0.96" CONTENT="likasom"/><SP WIDTH="15" VPOS="1011" HPOS="811"/>
							<String ID="string_207" HPOS="826" VPOS="1012" WIDTH="128" HEIGHT="27" WC="0.95" CONTENT="gäldenären"/>
						</TextLine>
						<TextLine ID="line_25" HPOS="198" VPOS="1046" WIDTH="757" HEIGHT="28">
							<String ID="string_208" HPOS="198" VPOS="1048" WIDTH="24" HEIGHT="19" WC="0.92" CONTENT="är"/><SP WIDTH="22" VPOS="1048" HPOS="222"/>
							<String ID="string_209" HPOS="244" VPOS="1046" WIDTH="142" HEIGHT="28" WC="0.88" CONTENT="ovilkorligen"/><SP WIDTH="21" VPOS="1046" HPOS="386"/>
							<String ID="string_210" HPOS="407" VPOS="1046" WIDTH="120" HEIGHT="27" WC="0.96" CONTENT="berättigad"/><SP WIDTH="24" VPOS="1046" HPOS="527"/>
							<String ID="string_211" HPOS="551" VPOS="1048" WIDTH="31" HEIGHT="19" WC="0.93" CONTENT="att"/><SP WIDTH="21" VPOS="1048" HPOS="582"/>
							<String ID="string_212" HPOS="603" VPOS="1046" WIDTH="125" HEIGHT="27" WC="0.92" CONTENT="öfverklaga"/><SP WIDTH="22" VPOS="1046" HPOS="728"/>
							<String ID="string_213" HPOS="750" VPOS="1046" WIDTH="92" HEIGHT="21" WC="0.96" CONTENT="beslutet"/><SP WIDTH="15" VPOS="1046" HPOS="842"/>
							<String ID="string_214" HPOS="857" VPOS="1046" WIDTH="52" HEIGHT="21" WC="0.93" CONTENT="eller"/><SP WIDTH="14" VPOS="1046" HPOS="909"/>
							<String ID="string_215" HPOS="923" VPOS="1046" WIDTH="32" HEIGHT="21" WC="0.93" CONTENT="åt-"/>
						</TextLine>
						<TextLine ID="line_26" HPOS="199" VPOS="1079" WIDTH="754" HEIGHT="30">
							<String ID="string_216" HPOS="199" VPOS="1079" WIDTH="79" HEIGHT="28" WC="0.91" CONTENT="gärden"/><SP WIDTH="17" VPOS="1079" HPOS="278"/>
							<String ID="string_217" HPOS="295" VPOS="1081" WIDTH="6" HEIGHT="20" WC="0.96" CONTENT="i"/><SP WIDTH="16" VPOS="1081" HPOS="301"/>
							<String ID="string_218" HPOS="317" VPOS="1080" WIDTH="69" HEIGHT="29" WC="0.96" CONTENT="dylikt"/><SP WIDTH="14" VPOS="1080" HPOS="386"/>
							<String ID="string_219" HPOS="400" VPOS="1080" WIDTH="42" HEIGHT="21" WC="0.96" CONTENT="mål"/><SP WIDTH="16" VPOS="1080" HPOS="442"/>
							<String ID="string_220" HPOS="458" VPOS="1080" WIDTH="41" HEIGHT="21" WC="0.96" CONTENT="och"/><SP WIDTH="15" VPOS="1080" HPOS="499"/>
							<String ID="string_221" HPOS="514" VPOS="1079" WIDTH="90" HEIGHT="22" WC="0.96" CONTENT="sålunda"/><SP WIDTH="15" VPOS="1079" HPOS="604"/>
							<String ID="string_222" HPOS="619" VPOS="1080" WIDTH="42" HEIGHT="21" WC="0.96" CONTENT="kan"/><SP WIDTH="14" VPOS="1080" HPOS="661"/>
							<String ID="string_223" HPOS="675" VPOS="1079" WIDTH="115" HEIGHT="29" WC="0.92" CONTENT="uppehålla"/><SP WIDTH="11" VPOS="1079" HPOS="790"/>
							<String ID="string_224" HPOS="801" VPOS="1080" WIDTH="152" HEIGHT="21" WC="0.89" CONTENT="exekutionens"/>
						</TextLine>
						<TextLine ID="line_27" HPOS="198" VPOS="1114" WIDTH="756" HEIGHT="29">
							<String ID="string_225" HPOS="198" VPOS="1114" WIDTH="129" HEIGHT="25" WC="0.95" CONTENT="fullbordan,"/><SP WIDTH="23" VPOS="1114" HPOS="327"/>
							<String ID="string_226" HPOS="350" VPOS="1114" WIDTH="64" HEIGHT="21" WC="0.92" CONTENT="äfven"/><SP WIDTH="22" VPOS="1114" HPOS="414"/>
							<String ID="string_227" HPOS="436" VPOS="1114" WIDTH="132" HEIGHT="27" WC="0.90" CONTENT="borgenären"/><SP WIDTH="23" VPOS="1114" HPOS="568"/>
							<String ID="string_228" HPOS="591" VPOS="1114" WIDTH="12" HEIGHT="21" WC="0.92" CONTENT="å"/><SP WIDTH="23" VPOS="1114" HPOS="603"/>
							<String ID="string_229" HPOS="626" VPOS="1115" WIDTH="33" HEIGHT="20" WC="0.96" CONTENT="sin"/><SP WIDTH="27" VPOS="1115" HPOS="659"/>
							<String ID="string_230" HPOS="686" VPOS="1114" WIDTH="46" HEIGHT="21" WC="0.95" CONTENT="sida"/><SP WIDTH="27" VPOS="1114" HPOS="732"/>
							<String ID="string_231" HPOS="759" VPOS="1114" WIDTH="74" HEIGHT="27" WC="0.95" CONTENT="måste,"/><SP WIDTH="26" VPOS="1114" HPOS="833"/>
							<String ID="string_232" HPOS="859" VPOS="1114" WIDTH="28" HEIGHT="29" WC="0.95" CONTENT="på"/><SP WIDTH="25" VPOS="1114" HPOS="887"/>
							<String ID="string_233" HPOS="912" VPOS="1116" WIDTH="42" HEIGHT="19" WC="0.96" CONTENT="sätt"/>
						</TextLine>
						<TextLine ID="line_28" HPOS="197" VPOS="1147" WIDTH="756" HEIGHT="30">
							<String ID="string_234" HPOS="197" VPOS="1148" WIDTH="59" HEIGHT="21" WC="0.95" CONTENT="förut"/><SP WIDTH="25" VPOS="1148" HPOS="256"/>
							<String ID="string_235" HPOS="281" VPOS="1147" WIDTH="123" HEIGHT="27" WC="0.89" CONTENT="framhållit,"/><SP WIDTH="26" VPOS="1147" HPOS="404"/>
							<String ID="string_236" HPOS="430" VPOS="1155" WIDTH="40" HEIGHT="20" WC="0.92" CONTENT="ega"/><SP WIDTH="27" VPOS="1155" HPOS="470"/>
							<String ID="string_237" HPOS="497" VPOS="1149" WIDTH="118" HEIGHT="26" WC="0.95" CONTENT="rättmätigt"/><SP WIDTH="28" VPOS="1149" HPOS="615"/>
							<String ID="string_238" HPOS="643" VPOS="1148" WIDTH="93" HEIGHT="29" WC="0.92" CONTENT="anspråk"/><SP WIDTH="29" VPOS="1148" HPOS="736"/>
							<String ID="string_239" HPOS="765" VPOS="1148" WIDTH="71" HEIGHT="28" WC="0.91" CONTENT="derpä,"/><SP WIDTH="23" VPOS="1148" HPOS="836"/>
							<String ID="string_240" HPOS="859" VPOS="1151" WIDTH="32" HEIGHT="18" WC="0.93" CONTENT="att"/><SP WIDTH="27" VPOS="1151" HPOS="891"/>
							<String ID="string_241" HPOS="918" VPOS="1148" WIDTH="35" HEIGHT="21" WC="0.89" CONTENT="be-"/>
						</TextLine>
						<TextLine ID="line_29" HPOS="198" VPOS="1182" WIDTH="755" HEIGHT="28">
							<String ID="string_242" HPOS="198" VPOS="1182" WIDTH="119" HEIGHT="22" WC="0.89" CONTENT="svärstiden"/><SP WIDTH="26" VPOS="1182" HPOS="317"/>
							<String ID="string_243" HPOS="343" VPOS="1190" WIDTH="55" HEIGHT="20" WC="0.94" CONTENT="noga"/><SP WIDTH="23" VPOS="1190" HPOS="398"/>
							<String ID="string_244" HPOS="421" VPOS="1182" WIDTH="114" HEIGHT="28" WC="0.96" CONTENT="begränsas"/><SP WIDTH="27" VPOS="1182" HPOS="535"/>
							<String ID="string_245" HPOS="562" VPOS="1183" WIDTH="41" HEIGHT="20" WC="0.96" CONTENT="och"/><SP WIDTH="27" VPOS="1183" HPOS="603"/>
							<String ID="string_246" HPOS="630" VPOS="1183" WIDTH="18" HEIGHT="27" WC="0.96" CONTENT="ej"/><SP WIDTH="22" VPOS="1183" HPOS="648"/>
							<String ID="string_247" HPOS="670" VPOS="1184" WIDTH="63" HEIGHT="26" WC="0.96" CONTENT="göres"/><SP WIDTH="23" VPOS="1184" HPOS="733"/>
							<String ID="string_248" HPOS="756" VPOS="1182" WIDTH="106" HEIGHT="21" WC="0.96" CONTENT="beroende"/><SP WIDTH="20" VPOS="1182" HPOS="862"/>
							<String ID="string_249" HPOS="882" VPOS="1182" WIDTH="23" HEIGHT="21" WC="0.96" CONTENT="af"/><SP WIDTH="22" VPOS="1182" HPOS="905"/>
							<String ID="string_250" HPOS="927" VPOS="1191" WIDTH="26" HEIGHT="13" WC="0.95" CONTENT="en"/>
						</TextLine>
						<TextLine ID="line_30" HPOS="197" VPOS="1216" WIDTH="757" HEIGHT="29">
							<String ID="string_251" HPOS="197" VPOS="1216" WIDTH="277" HEIGHT="29" WC="0.91" CONTENT="kommunikationsåtgärd,"/><SP WIDTH="21" VPOS="1216" HPOS="474"/>
							<String ID="string_252" HPOS="495" VPOS="1217" WIDTH="86" HEIGHT="21" WC="0.96" CONTENT="hvilken"/><SP WIDTH="24" VPOS="1217" HPOS="581"/>
							<String ID="string_253" HPOS="605" VPOS="1224" WIDTH="26" HEIGHT="13" WC="0.93" CONTENT="en"/><SP WIDTH="19" VPOS="1224" HPOS="631"/>
							<String ID="string_254" HPOS="650" VPOS="1216" WIDTH="130" HEIGHT="22" WC="0.91" CONTENT="tredskande"/><SP WIDTH="16" VPOS="1216" HPOS="780"/>
							<String ID="string_255" HPOS="796" VPOS="1217" WIDTH="106" HEIGHT="28" WC="0.92" CONTENT="gäldenär,"/><SP WIDTH="15" VPOS="1217" HPOS="902"/>
							<String ID="string_256" HPOS="917" VPOS="1225" WIDTH="37" HEIGHT="20" WC="0.91" CONTENT="ge-"/>
						</TextLine>
						<TextLine ID="line_31" HPOS="197" VPOS="1250" WIDTH="756" HEIGHT="27">
							<String ID="string_257" HPOS="197" VPOS="1257" WIDTH="50" HEIGHT="13" WC="0.96" CONTENT="nom"/><SP WIDTH="22" VPOS="1257" HPOS="247"/>
							<String ID="string_258" HPOS="269" VPOS="1252" WIDTH="32" HEIGHT="18" WC="0.93" CONTENT="att"/><SP WIDTH="18" VPOS="1252" HPOS="301"/>
							<String ID="string_259" HPOS="319" VPOS="1250" WIDTH="74" HEIGHT="21" WC="0.92" CONTENT="afvika"/><SP WIDTH="23" VPOS="1250" HPOS="393"/>
							<String ID="string_260" HPOS="416" VPOS="1251" WIDTH="51" HEIGHT="19" WC="0.96" CONTENT="eller"/><SP WIDTH="21" VPOS="1251" HPOS="467"/>
							<String ID="string_261" HPOS="488" VPOS="1251" WIDTH="57" HEIGHT="20" WC="0.95" CONTENT="hålla"/><SP WIDTH="21" VPOS="1251" HPOS="545"/>
							<String ID="string_262" HPOS="566" VPOS="1251" WIDTH="33" HEIGHT="26" WC="0.96" CONTENT="sig"/><SP WIDTH="18" VPOS="1251" HPOS="599"/>
							<String ID="string_263" HPOS="617" VPOS="1250" WIDTH="79" HEIGHT="26" WC="0.96" CONTENT="undan,"/><SP WIDTH="18" VPOS="1250" HPOS="696"/>
							<String ID="string_264" HPOS="714" VPOS="1251" WIDTH="33" HEIGHT="20" WC="0.96" CONTENT="till"/><SP WIDTH="15" VPOS="1251" HPOS="747"/>
							<String ID="string_265" HPOS="762" VPOS="1251" WIDTH="41" HEIGHT="20" WC="0.96" CONTENT="och"/><SP WIDTH="15" VPOS="1251" HPOS="803"/>
							<String ID="string_266" HPOS="818" VPOS="1251" WIDTH="48" HEIGHT="20" WC="0.96" CONTENT="med"/><SP WIDTH="15" VPOS="1251" HPOS="866"/>
							<String ID="string_267" HPOS="881" VPOS="1251" WIDTH="72" HEIGHT="20" WC="0.96" CONTENT="kunde"/>
						</TextLine>
						<TextLine ID="line_32" HPOS="198" VPOS="1283" WIDTH="755" HEIGHT="28">
							<String ID="string_268" HPOS="198" VPOS="1284" WIDTH="138" HEIGHT="27" WC="0.95" CONTENT="omöjliggöra"/><SP WIDTH="23" VPOS="1284" HPOS="336"/>
							<String ID="string_269" HPOS="359" VPOS="1283" WIDTH="51" HEIGHT="21" WC="0.96" CONTENT="eller"/><SP WIDTH="22" VPOS="1283" HPOS="410"/>
							<String ID="string_270" HPOS="432" VPOS="1283" WIDTH="127" HEIGHT="21" WC="0.96" CONTENT="åtminstone"/><SP WIDTH="22" VPOS="1283" HPOS="559"/>
							<String ID="string_271" HPOS="581" VPOS="1283" WIDTH="68" HEIGHT="21" WC="0.96" CONTENT="under"/><SP WIDTH="15" VPOS="1283" HPOS="649"/>
							<String ID="string_272" HPOS="664" VPOS="1284" WIDTH="110" HEIGHT="21" WC="0.96" CONTENT="obestämd"/><SP WIDTH="16" VPOS="1284" HPOS="774"/>
							<String ID="string_273" HPOS="790" VPOS="1283" WIDTH="32" HEIGHT="22" WC="0.96" CONTENT="tid"/><SP WIDTH="15" VPOS="1283" HPOS="822"/>
							<String ID="string_274" HPOS="837" VPOS="1284" WIDTH="116" HEIGHT="21" WC="0.95" CONTENT="förhindra."/>
						</TextLine>
						<TextLine ID="line_33" HPOS="197" VPOS="1317" WIDTH="756" HEIGHT="29">
							<String ID="string_275" HPOS="197" VPOS="1317" WIDTH="35" HEIGHT="22" WC="0.95" CONTENT="Då"/><SP WIDTH="22" VPOS="1317" HPOS="232"/>
							<String ID="string_276" HPOS="254" VPOS="1317" WIDTH="37" HEIGHT="21" WC="0.95" CONTENT="det"/><SP WIDTH="23" VPOS="1317" HPOS="291"/>
							<String ID="string_277" HPOS="314" VPOS="1317" WIDTH="109" HEIGHT="22" WC="0.95" CONTENT="dessutom"/><SP WIDTH="22" VPOS="1317" HPOS="423"/>
							<String ID="string_278" HPOS="445" VPOS="1317" WIDTH="35" HEIGHT="22" WC="0.93" CONTENT="för"/><SP WIDTH="21" VPOS="1317" HPOS="480"/>
							<String ID="string_279" HPOS="501" VPOS="1317" WIDTH="129" HEIGHT="29" WC="0.90" CONTENT="sakegarene"/><SP WIDTH="23" VPOS="1317" HPOS="630"/>
							<String ID="string_280" HPOS="653" VPOS="1317" WIDTH="67" HEIGHT="22" WC="0.96" CONTENT="måste"/><SP WIDTH="18" VPOS="1317" HPOS="720"/>
							<String ID="string_281" HPOS="738" VPOS="1325" WIDTH="51" HEIGHT="14" WC="0.96" CONTENT="vara"/><SP WIDTH="15" VPOS="1325" HPOS="789"/>
							<String ID="string_282" HPOS="804" VPOS="1318" WIDTH="44" HEIGHT="27" WC="0.96" CONTENT="lätt,"/><SP WIDTH="15" VPOS="1318" HPOS="848"/>
							<String ID="string_283" HPOS="863" VPOS="1318" WIDTH="90" HEIGHT="21" WC="0.96" CONTENT="likasom"/>
						</TextLine>
						<TextLine ID="line_34" HPOS="197" VPOS="1351" WIDTH="755" HEIGHT="30">
							<String ID="string_284" HPOS="197" VPOS="1351" WIDTH="37" HEIGHT="22" WC="0.96" CONTENT="det"/><SP WIDTH="22" VPOS="1351" HPOS="234"/>
							<String ID="string_285" HPOS="256" VPOS="1351" WIDTH="41" HEIGHT="22" WC="0.96" CONTENT="ock"/><SP WIDTH="22" VPOS="1351" HPOS="297"/>
							<String ID="string_286" HPOS="319" VPOS="1353" WIDTH="23" HEIGHT="20" WC="0.96" CONTENT="är"/><SP WIDTH="26" VPOS="1353" HPOS="342"/>
							<String ID="string_287" HPOS="368" VPOS="1351" WIDTH="61" HEIGHT="22" WC="0.96" CONTENT="deras"/><SP WIDTH="23" VPOS="1351" HPOS="429"/>
							<String ID="string_288" HPOS="452" VPOS="1351" WIDTH="127" HEIGHT="30" WC="0.96" CONTENT="skyldighet,"/><SP WIDTH="20" VPOS="1351" HPOS="579"/>
							<String ID="string_289" HPOS="599" VPOS="1355" WIDTH="32" HEIGHT="18" WC="0.96" CONTENT="att"/><SP WIDTH="21" VPOS="1355" HPOS="631"/>
							<String ID="string_290" HPOS="652" VPOS="1353" WIDTH="8" HEIGHT="20" WC="0.96" CONTENT="i"/><SP WIDTH="21" VPOS="1353" HPOS="660"/>
							<String ID="string_291" HPOS="681" VPOS="1352" WIDTH="141" HEIGHT="23" WC="0.96" CONTENT="förevarande"/><SP WIDTH="21" VPOS="1352" HPOS="822"/>
							<String ID="string_292" HPOS="843" VPOS="1353" WIDTH="38" HEIGHT="21" WC="0.96" CONTENT="fall"/><SP WIDTH="20" VPOS="1353" HPOS="881"/>
							<String ID="string_293" HPOS="901" VPOS="1356" WIDTH="51" HEIGHT="18" WC="0.96" CONTENT="utan"/>
						</TextLine>
						<TextLine ID="line_35" HPOS="198" VPOS="1387" WIDTH="755" HEIGHT="28">
							<String ID="string_294" HPOS="198" VPOS="1387" WIDTH="73" HEIGHT="21" WC="0.96" CONTENT="vidare"/><SP WIDTH="16" VPOS="1387" HPOS="271"/>
							<String ID="string_295" HPOS="287" VPOS="1387" WIDTH="84" HEIGHT="21" WC="0.93" CONTENT="erinran"/><SP WIDTH="15" VPOS="1387" HPOS="371"/>
							<String ID="string_296" HPOS="386" VPOS="1387" WIDTH="95" HEIGHT="28" WC="0.91" CONTENT="iakttaga"/><SP WIDTH="16" VPOS="1387" HPOS="481"/>
							<String ID="string_297" HPOS="497" VPOS="1387" WIDTH="36" HEIGHT="21" WC="0.95" CONTENT="allt"/><SP WIDTH="15" VPOS="1387" HPOS="533"/>
							<String ID="string_298" HPOS="548" VPOS="1387" WIDTH="58" HEIGHT="22" WC="0.95" CONTENT="hvad"/><SP WIDTH="15" VPOS="1387" HPOS="606"/>
							<String ID="string_299" HPOS="621" VPOS="1387" WIDTH="32" HEIGHT="22" WC="0.95" CONTENT="till"/><SP WIDTH="14" VPOS="1387" HPOS="653"/>
							<String ID="string_300" HPOS="667" VPOS="1387" WIDTH="122" HEIGHT="22" WC="0.95" CONTENT="bevarande"/><SP WIDTH="16" VPOS="1387" HPOS="789"/>
							<String ID="string_301" HPOS="805" VPOS="1388" WIDTH="23" HEIGHT="21" WC="0.96" CONTENT="af"/><SP WIDTH="12" VPOS="1388" HPOS="828"/>
							<String ID="string_302" HPOS="840" VPOS="1387" WIDTH="60" HEIGHT="22" WC="0.96" CONTENT="deras"/><SP WIDTH="11" VPOS="1387" HPOS="900"/>
							<String ID="string_303" HPOS="911" VPOS="1389" WIDTH="42" HEIGHT="20" WC="0.96" CONTENT="rätt"/>
						</TextLine>
						<TextLine ID="line_36" HPOS="197" VPOS="1421" WIDTH="755" HEIGHT="29">
							<String ID="string_304" HPOS="197" VPOS="1423" WIDTH="23" HEIGHT="20" WC="0.92" CONTENT="är"/><SP WIDTH="20" VPOS="1423" HPOS="220"/>
							<String ID="string_305" HPOS="240" VPOS="1421" WIDTH="81" HEIGHT="29" WC="0.90" CONTENT="nödigt,"/><SP WIDTH="22" VPOS="1421" HPOS="321"/>
							<String ID="string_306" HPOS="343" VPOS="1421" WIDTH="42" HEIGHT="22" WC="0.96" CONTENT="kan"/><SP WIDTH="21" VPOS="1421" HPOS="385"/>
							<String ID="string_307" HPOS="406" VPOS="1421" WIDTH="71" HEIGHT="28" WC="0.93" CONTENT="någon"/><SP WIDTH="21" VPOS="1421" HPOS="477"/>
							<String ID="string_308" HPOS="498" VPOS="1421" WIDTH="57" HEIGHT="23" WC="0.92" CONTENT="våda"/><SP WIDTH="21" VPOS="1421" HPOS="555"/>
							<String ID="string_309" HPOS="576" VPOS="1422" WIDTH="47" HEIGHT="21" WC="0.96" CONTENT="icke"/><SP WIDTH="21" VPOS="1422" HPOS="623"/>
							<String ID="string_310" HPOS="644" VPOS="1429" WIDTH="51" HEIGHT="15" WC="0.93" CONTENT="vara"/><SP WIDTH="19" VPOS="1429" HPOS="695"/>
							<String ID="string_311" HPOS="714" VPOS="1422" WIDTH="35" HEIGHT="22" WC="0.93" CONTENT="för"/><SP WIDTH="21" VPOS="1422" HPOS="749"/>
							<String ID="string_312" HPOS="770" VPOS="1422" WIDTH="48" HEIGHT="22" WC="0.95" CONTENT="dem"/><SP WIDTH="15" VPOS="1422" HPOS="818"/>
							<String ID="string_313" HPOS="833" VPOS="1425" WIDTH="31" HEIGHT="19" WC="0.95" CONTENT="att"/><SP WIDTH="15" VPOS="1425" HPOS="864"/>
							<String ID="string_314" HPOS="879" VPOS="1423" WIDTH="73" HEIGHT="21" WC="0.96" CONTENT="befara"/>
						</TextLine>
						<TextLine ID="line_37" HPOS="198" VPOS="1456" WIDTH="755" HEIGHT="30">
							<String ID="string_315" HPOS="198" VPOS="1457" WIDTH="22" HEIGHT="21" WC="0.96" CONTENT="af"/><SP WIDTH="21" VPOS="1457" HPOS="220"/>
							<String ID="string_316" HPOS="241" VPOS="1457" WIDTH="114" HEIGHT="28" WC="0.96" CONTENT="förslagets"/><SP WIDTH="23" VPOS="1457" HPOS="355"/>
							<String ID="string_317" HPOS="378" VPOS="1456" WIDTH="118" HEIGHT="28" WC="0.95" CONTENT="stadgande"/><SP WIDTH="24" VPOS="1456" HPOS="496"/>
							<String ID="string_318" HPOS="520" VPOS="1457" WIDTH="78" HEIGHT="26" WC="0.96" CONTENT="derom,"/><SP WIDTH="21" VPOS="1457" HPOS="598"/>
							<String ID="string_319" HPOS="619" VPOS="1460" WIDTH="32" HEIGHT="19" WC="0.97" CONTENT="att"/><SP WIDTH="21" VPOS="1460" HPOS="651"/>
							<String ID="string_320" HPOS="672" VPOS="1456" WIDTH="60" HEIGHT="23" WC="0.96" CONTENT="tiden"/><SP WIDTH="22" VPOS="1456" HPOS="732"/>
							<String ID="string_321" HPOS="754" VPOS="1457" WIDTH="35" HEIGHT="21" WC="0.91" CONTENT="för"/><SP WIDTH="13" VPOS="1457" HPOS="789"/>
							<String ID="string_322" HPOS="802" VPOS="1458" WIDTH="78" HEIGHT="28" WC="0.96" CONTENT="klagan"/><SP WIDTH="16" VPOS="1458" HPOS="880"/>
							<String ID="string_323" HPOS="896" VPOS="1460" WIDTH="57" HEIGHT="19" WC="0.96" CONTENT="emot"/>
						</TextLine>
					</TextBlock>
					<TextBlock ID="block_4" HPOS="265" VPOS="1496" WIDTH="332" HEIGHT="23">
						<TextLine ID="line_38" HPOS="265" VPOS="1496" WIDTH="332" HEIGHT="23">
							<String ID="string_324" HPOS="265" VPOS="1496" WIDTH="131" HEIGHT="23" WC="0.90" CONTENT="Lagutskottets"/><SP WIDTH="13" VPOS="1496" HPOS="396"/>
							<String ID="string_325" HPOS="409" VPOS="1497" WIDTH="110" HEIGHT="17" WC="0.96" CONTENT="betänkande"/><SP WIDTH="12" VPOS="1497" HPOS="519"/>
							<String ID="string_326" HPOS="531" VPOS="1499" WIDTH="36" HEIGHT="15" WC="0.91" CONTENT="N:o"/><SP WIDTH="12" VPOS="1499" HPOS="567"/>
							<String ID="string_327" HPOS="579" VPOS="1498" WIDTH="18" HEIGHT="16" WC="0.94" CONTENT="5."/>
						</TextLine>
					</TextBlock>
				</ComposedBlock>
			</PrintSpace>
		</Page>
	</Layout>
</alto>
