1067 1723
225 149 14 21 6
395 148 81 23 Ständ.
492 149 38 22 Sv.
546 162 26 2 —
586 149 72 27 Prop.
674 149 41 22 N:o
730 149 22 22 4.

528 224 14 21 3
556 223 63 22 KAP.

151 285 32 22 78
266 285 72 27 Enligt
353 286 69 21 denna
437 286 101 27 paragraf
552 293 49 20 eger
616 286 170 26 öfverexekutor,
798 287 38 21 der
846 287 31 21 lös
888 293 62 20 egen-

197 319 56 26 dom,
268 325 45 16 som
328 321 65 26 tagits
408 321 7 20 i
431 323 44 19 mät
490 321 28 27 pä
531 321 69 27 grund
611 321 23 21 af
642 320 125 22 underrätts
777 321 47 22 icke
834 321 48 27 laga
891 321 59 21 kraft

197 360 70 15 vunna
281 354 56 27 dom,
353 357 24 18 är
386 355 145 22 underkastad
541 355 152 27 förskämning,
705 361 50 16 snar
764 355 124 22 förstörelse
899 355 51 22 eller

197 388 81 27 hastigt
299 389 92 22 fallande
406 390 6 20 i
428 389 64 22 värde
514 390 51 21 eller
588 390 39 21 ock
646 389 107 22 erfordrar
768 390 72 21 alltför
855 390 95 22 kostsam

196 423 59 26 värd,
278 422 101 23 förordna
400 430 34 15 om
457 425 140 26 egendomens
611 424 131 27 försäljning,
757 424 46 22 ifall
818 424 132 26 borgenären

197 458 37 21 det
249 457 63 22 äskar
327 457 39 22 och
382 459 76 21 sädant
472 459 67 21 finnes
553 459 104 27 lämpligt.
687 459 49 20 Men
753 459 87 21 emedan
851 459 100 26 stadgan-

197 493 37 20 det
249 492 46 21 icke
310 495 25 18 är
349 492 23 22 af
385 493 98 26 praktisk
504 493 109 27 betydelse
628 494 7 20 i
650 494 66 21 andra
731 493 43 27 fall,
791 496 27 19 än
834 493 27 22 dä
883 493 67 21 öfver-

196 527 104 21 exekutor
315 529 24 19 är
353 529 51 20 nära
419 527 34 21 till
467 528 75 27 hands,
558 529 54 20 samt
626 527 130 28 gäldenären
771 534 76 21 genom
857 527 94 28 antydda

196 561 135 27 bestämning
352 561 42 22 kan
408 562 8 21 i
430 562 56 21 vissa
508 562 37 21 fall
559 563 85 20 komma
660 564 32 19 att
707 562 43 22 lida
765 562 82 27 förlust,
864 568 35 16 om
913 562 37 21 do-

196 602 48 15 men
267 596 120 22 sedermera
408 596 32 21 till
462 597 54 21 hans
537 597 82 21 förmän
642 597 85 26 ändras,
750 597 64 21 hafva
832 596 119 22 Ständerna

197 630 72 28 tillagt
284 631 179 27 utmätningsman
479 631 129 27 befogenhet
622 633 34 20 att
671 631 106 27 medgifva
791 631 124 27 försäljning
931 631 22 22 af

197 664 140 22 omförmälda
352 666 56 26 slags
424 666 108 27 egendom,
548 666 54 21 dock
618 667 75 20 endast
709 668 46 19 mot
770 666 37 21 det
822 665 130 31 uttryckliga

195 699 68 22 vilkor
279 701 33 20 att
326 700 112 27 borgenär,
454 707 45 15 som
518 701 65 21 sädan
605 700 126 27 försäljning
746 701 69 26 äskar,
832 701 73 21 ställer
920 703 31 19 sä-

196 733 75 22 kerhet
285 734 34 21 för
333 735 91 21 kostnad
440 736 39 21 och
494 735 72 27 skada,
586 735 39 22 och
640 736 40 20 har
694 741 77 16 senare
787 735 60 21 delen
862 735 7 21 i
884 735 68 22 första

197 771 116 19 momentet
328 770 7 21 i
351 770 218 22 öfverensstämmelse
583 770 88 22 härmed
686 770 178 22 omformulerats.

140 805 21 16 14
173 804 10 22 $
265 804 10 21 I
291 804 13 22 2
320 810 63 16 mom.
399 804 23 21 af
434 805 70 21 denna
522 805 101 27 paragraf
636 805 86 27 stadgas
738 806 33 20 att
790 804 162 28 verkställighet

197 839 23 22 af
233 840 56 26 dom,
311 839 137 27 hvarigenom
471 839 91 22 brukare
581 839 23 22 af
620 846 80 15 annans
713 840 50 27 jord
778 840 69 27 ålagts
863 841 33 19 att
911 840 40 20 den

196 874 90 26 afträda,
303 875 46 20 icke
365 874 34 21 må
413 875 7 20 i
435 874 51 27 följd
502 875 22 21 af
537 880 74 15 senare
621 874 128 21 tillkommet
767 873 73 22 beslut
854 874 27 27 gå
898 875 53 26 åter,

196 910 65 21 innan
283 909 94 21 beslutet
399 909 73 21 vunnit
495 909 48 27 laga
565 909 58 21 kraft
646 908 51 21 eller
713 908 72 27 slutlig
801 909 48 21 dom
864 909 7 20 i
887 909 65 21 saken

197 944 62 21 fallit.
289 943 116 22 Enahanda
428 944 137 27 synpunkter,
582 949 45 16 som
642 944 7 20 i
665 943 60 22 detta
747 943 38 21 fall
808 943 45 21 tala
871 942 34 22 för
920 945 32 19 ett

197 979 109 27 undantag
320 978 47 22 från
384 978 39 21 den
439 978 105 22 allmänna
559 979 73 26 regeln
647 979 33 20 att
696 978 27 21 då
739 978 54 26 dom,
809 983 46 16 som
870 978 18 27 ej
899 984 53 15 vun-

198 1013 33 21 nit
244 1013 49 27 laga
307 1012 65 28 kraft,
388 1019 47 15 men
456 1013 65 22 likväl
536 1013 121 21 befordrats
671 1013 34 21 till
720 1013 168 26 verkställighet,
904 1012 48 21 blif-

198 1048 31 21 vit
251 1047 23 22 af
293 1048 66 27 högre
374 1049 44 20 rätt
432 1048 81 21 ändrad
528 1047 52 22 eller
594 1047 101 28 upphäfd,
712 1047 190 26 verkställigheten
917 1053 34 20 ge-

197 1084 50 20 nast
268 1082 40 21 bör
330 1082 80 27 återgå,
435 1088 33 15 om
491 1082 39 21 ock
550 1082 76 27 klagan
643 1081 58 22 öfver
717 1082 36 21 det
769 1088 74 15 senare
858 1082 94 21 beslutet

197 1117 64 26 föres,
276 1117 73 21 kunna
363 1117 133 27 synbarligen
512 1116 61 22 äfven
588 1117 104 26 åberopas
707 1117 7 20 i
729 1116 61 27 fråga
805 1122 34 15 om
849 1116 103 21 verkstäl-

198 1151 67 27 lighet
281 1151 22 21 af
317 1151 49 21 dom
388 1151 109 26 angående
520 1151 100 26 flyttning
639 1156 25 15 ur
679 1151 47 21 hus.
756 1149 119 23 Ständerna
889 1149 64 22 hafva

199 1185 70 21 derför
285 1187 70 19 ansett
369 1186 74 26 nödigt
457 1187 52 25 göra
524 1187 32 19 ett
570 1185 74 26 tillägg
654 1185 80 24 härom,
745 1185 56 21 helst
811 1186 32 19 ett
853 1185 99 21 liknande

199 1220 118 26 stadgande
332 1219 66 22 redan
420 1219 60 27 ingår
495 1221 7 20 i
517 1219 150 26 förordningen
686 1219 24 21 af
723 1219 41 21 den
781 1219 26 21 15
824 1219 57 21 Mars
897 1218 55 22 1892

199 1261 34 12 om
256 1254 160 25 verkställighet
431 1255 7 19 i
453 1255 56 20 vissa
531 1253 37 21 fall
590 1254 23 20 af
626 1254 45 20 icke
687 1254 48 25 laga
750 1253 59 21 kraft
823 1254 82 25 egande
921 1255 33 19 ut-

199 1287 45 26 slag
259 1287 109 26 angående
383 1287 99 26 flyttning
498 1293 25 14 ur
537 1287 47 21 hus.

141 1324 22 19 25
176 1324 10 23 $
268 1321 11 21 I
295 1321 70 21 denna
379 1321 102 26 paragraf
498 1321 39 20 har
552 1321 87 26 intagits
654 1322 32 19 ett
701 1320 157 27 förtydligande
874 1321 78 26 derom,

199 1358 34 19 att
249 1358 88 19 utevaro
352 1355 23 22 af
389 1356 25 21 de
429 1361 107 21 personer,
552 1361 45 16 som
613 1355 92 26 tillsagts
720 1357 33 20 att
768 1357 91 20 närvara
875 1354 34 22 vid
919 1357 35 19 ut-

199 1391 102 27 mätning,
325 1391 46 21 icke
392 1392 62 25 utgör
470 1390 74 22 hinder
559 1390 33 22 för
606 1389 167 29 förrättningens
789 1390 163 22 verkställande.

143 1430 22 17 26
177 1428 10 24 $
269 1426 48 21 Den
339 1425 76 27 nådiga
438 1425 157 27 propositionen
617 1425 118 27 uppställer
756 1425 70 22 såsom
848 1424 59 28 regel
922 1426 32 21 att

199 1460 121 27 utmätning
341 1461 7 21 i
369 1460 112 27 gäldenärs
504 1460 97 22 frånvaro
624 1460 42 22 kan
689 1460 37 22 ske
741 1462 53 20 utan
814 1462 33 20 att
862 1460 91 22 särskild
