1039 1725
173 144 53 22 VIII
368 144 28 23 U.
412 145 28 21 B.
458 158 26 2 —
500 145 73 28 Prop.
589 145 45 22 N:o
649 144 23 22 4.

212 212 114 29 Förslaget
348 212 118 23 innehåller
488 207 40 27 ock
544 203 44 43 att
603 213 69 21 denna
697 212 26 22 ed
746 214 41 20 kan
802 212 38 28 gås
856 212 38 21 hos

145 247 174 27 Ofverexekutor;
341 248 40 21 och
403 248 59 20 detta
476 248 68 20 skulle
559 248 7 20 i
581 247 53 29 följd
650 246 23 22 af
687 246 208 29 utsökningsmälens

145 282 153 27 beskaffenhet,
320 282 68 22 blifva
406 282 36 21 det
463 282 58 21 aldra
536 282 123 29 vanligaste.
688 282 44 21 Det
746 282 39 21 har
799 281 23 22 af
837 289 60 21 gam-

145 317 52 21 malt
218 317 56 21 varit
295 317 42 28 god
360 317 38 21 sed
420 317 39 21 hos
475 324 34 14 oss
525 319 30 19 att
571 317 50 21 eder
636 317 23 21 af
673 316 163 29 ifrägavarande
852 317 46 28 slag

146 351 92 28 afläggas
261 351 57 22 inför
339 351 107 27 domaren,
467 351 106 27 hvarföre,
594 351 67 28 enligt
683 351 48 21 värt
752 351 145 26 förmenande,

148 385 84 29 edgäng
252 386 39 21 hos
314 385 165 22 öfverexekutor
499 386 34 21 väl
555 386 49 21 icke
627 386 67 21 skulle
716 386 47 21 visa
785 387 33 27 sig
832 385 65 22 ända-

145 420 116 29 mälsenlig.

214 455 35 22 Dä
264 463 48 14 man
327 455 33 21 till
375 455 83 22 förmän
473 456 34 21 för
522 455 111 22 införande
645 455 22 21 af
677 455 70 22 denna
758 455 26 21 ed
794 455 104 29 äberopar

145 491 33 28 sig
199 490 29 29 pä
250 493 32 19 att
304 490 131 28 borgenären
456 491 21 28 ju
492 492 7 20 i
514 490 41 21 alla
569 490 39 21 fall
622 490 39 21 har
676 493 91 26 utvägen
783 493 32 18 att
829 490 69 21 förmä

147 525 129 28 gäldenären
298 525 32 21 till
352 525 70 21 denna
443 525 83 29 edgäng
545 532 77 21 genom
638 528 31 18 att
684 526 74 27 tvinga
773 525 79 21 honom
866 525 32 20 till

147 559 100 27 konkurs,
262 559 24 22 sä
300 559 50 22 ville
367 560 21 20 vi
404 559 74 22 anföra
493 560 58 22 detta
566 559 133 22 förhällande
715 562 31 18 att
761 559 73 22 bevisa
847 559 52 21 raka

148 597 125 19 motsatsen:
290 594 28 22 dä
332 594 106 28 nämligen
455 594 136 29 borgenären,
606 595 7 20 i
628 594 102 21 händelse
745 594 23 21 af
782 594 117 21 misstanke

147 636 34 14 om
203 629 124 28 tillgängars
351 628 173 29 undandöljande
545 629 36 22 vid
603 630 124 27 utmätning,
743 628 56 22 dock
813 628 39 22 har
866 629 34 28 sig

147 663 101 29 obetaget
270 666 31 19 att
315 664 73 21 kunna
402 664 75 28 tvinga
491 664 101 28 gäldenär
606 664 33 21 till
653 664 129 27 konkursed,
797 663 23 21 sä
836 671 62 21 synes

147 706 35 13 oss
198 698 89 28 onödigt
302 701 32 19 att
349 698 23 21 af
385 698 182 29 lämplighetsskäl
583 698 50 22 eller
648 698 23 22 af
686 706 85 21 omsorg
786 700 30 20 att
826 698 73 21 kunna

148 732 89 29 bespara
252 733 72 28 nägon
338 732 273 22 konkursomkostnaderna
625 733 71 21 införa
712 741 26 14 en
753 733 24 21 sä
787 732 113 22 allvarsam

148 767 38 21 sak
202 775 44 13 som
262 767 70 22 denna
346 767 198 22 manifestationsed
558 769 7 20 i
580 768 73 28 hvarje
669 768 37 21 fall
722 770 28 19 är.
773 768 127 21 Konkurser

148 801 68 25 skulle
238 801 57 22 dock
314 802 48 22 icke
384 802 29 21 bli
436 810 26 13 en
481 802 24 22 sä
519 802 102 28 alldaglig
635 802 37 21 sak
689 810 45 14 som
750 802 69 22 denna
834 803 65 20 mani-

148 836 146 22 festationsed.
324 836 113 22 Utskottet
458 836 83 22 fruktar
559 837 36 21 för
614 836 27 22 de
656 836 77 29 mänga
748 837 152 26 konkurserna,

147 873 22 20 vi
184 871 72 22 frukta
272 873 26 19 än
313 879 45 14 mer
372 872 34 21 för
421 871 26 22 de
463 872 76 28 mänga
555 872 140 28 edgängarne.

217 905 74 22 Ocksä
306 907 7 20 i
328 906 96 29 Sverige,
439 906 36 21 vid
490 907 102 21 stiftande
608 907 23 20 af
646 907 53 20 1877
716 906 33 21 ärs
765 907 136 28 utsöknings-

148 941 41 28 lag,
204 947 45 14 som
264 941 58 28 legat
336 941 33 21 till
382 941 70 28 grund
467 941 36 22 vid
518 941 139 22 utarbetande
673 941 23 21 af
711 941 40 21 den
762 941 78 28 nädiga
851 948 49 21 pro-

150 975 127 28 positionen,
300 975 49 21 ville
370 975 158 22 riksständerna
547 976 48 21 icke
609 975 69 22 införa
694 975 69 22 denna
778 975 124 22 manifesta-

149 1009 95 26 tionsed;
266 1009 41 22 och
321 1009 161 22 förhällandena
497 1011 36 20 äro
549 1010 35 21 väl
598 1010 39 21 hos
653 1017 34 14 oss
703 1010 6 20 i
725 1009 59 22 detta
799 1009 102 22 afseende

151 1046 95 19 närmare
261 1043 27 22 de
304 1044 97 27 svenska,
416 1046 26 19 än
456 1044 26 22 de
496 1045 69 27 tyska,
579 1044 88 21 franska
683 1051 18 14 o.
717 1051 15 14 s.
747 1052 20 13 v.

215 1078 46 23 Vid
283 1087 28 12 nu
334 1079 90 21 anförda
447 1079 133 22 förhällande
601 1079 68 21 skulle
685 1079 21 21 vi
723 1079 28 21 dä
765 1079 65 21 hellre
845 1079 57 28 välja

150 1116 31 18 att
202 1113 106 22 bibehälla
326 1113 145 28 bysättnings-
486 1113 40 21 och
541 1113 166 28 arbetstvänget,
723 1113 75 22 hvaraf
813 1121 35 14 oss
864 1121 37 13 ve-

151 1148 90 28 terligen
256 1147 128 22 ätminstone
400 1149 49 27 inga
464 1148 79 28 sedliga
557 1147 68 23 vädor
635 1148 110 29 försports,
756 1156 34 13 om
800 1148 41 22 ock
852 1147 48 22 dess

149 1183 110 28 stränghet
272 1182 61 22 faller
347 1183 7 20 i
370 1184 89 26 ögonen.

218 1217 43 21 Om
282 1216 24 22 sä
321 1224 57 20 vore,
394 1220 31 18 att
441 1217 144 29 bysättnings-
600 1217 40 21 och
655 1217 171 27 arbetstvängets
842 1217 61 21 bibe-

149 1251 98 21 hällande
263 1250 89 27 ansäges
363 1251 138 28 nödvändigt,
511 1251 68 22 skulle
589 1252 139 27 lagförslaget
738 1252 163 20 äterremitteras

149 1284 32 20 till
203 1284 139 28 lagutskottet
364 1284 33 20 för
420 1287 32 17 att
470 1284 96 28 undergä
587 1284 42 21 den
645 1284 90 28 ändring
749 1284 153 28 förordningen

150 1318 23 21 af
195 1318 41 21 den
258 1319 26 20 23
306 1317 44 22 Juli
370 1319 55 20 1868
446 1326 34 13 om
496 1318 145 28 bysättnings-
657 1318 40 21 och
712 1318 138 28 arbetstväng
866 1318 36 21 det

148 1352 100 29 päkallar.

220 1386 29 23 Vi
270 1387 34 21 för
325 1386 38 23 vär
382 1386 35 22 del
432 1387 50 29 vilja
497 1387 56 21 dock
569 1387 18 28 ej
603 1386 79 22 föreslä
696 1387 65 27 detta,
776 1386 88 22 emedan
880 1388 21 20 vi

149 1422 57 22 hålla
226 1422 53 27 före,
294 1424 31 19 att
339 1422 48 21 vårt
402 1422 46 21 folk
463 1422 42 21 kan
520 1422 96 22 undvara
631 1422 55 21 både
702 1422 144 29 bysättnings-
861 1422 41 22 och

151 1457 160 28 arbetstvänget
326 1457 40 21 och
376 1456 65 22 äfven
452 1457 184 28 edgängstvänget
646 1457 55 21 efter
711 1457 102 22 fruktlöst
823 1457 80 29 aflupet

217 1497 130 22 Lagutskottets
360 1497 109 18 betänkande
481 1499 36 16 N:o
530 1498 17 17 5.
