1025 1717
219 128 13 20 2
524 128 44 23 N:o
588 130 23 21 4.

259 195 23 27 4)
297 194 143 27 Förordning,
459 194 150 21 innefattande
625 194 91 28 ändring
732 194 22 21 af
768 194 57 22 vissa
840 194 25 27 $$
881 195 6 20 i
903 194 44 21 för-

191 229 119 27 ordningen
327 228 23 22 af
363 229 40 21 den
420 230 12 20 9
449 228 114 22 november
580 229 53 21 1868
650 235 33 15 om
698 229 142 27 borgenärers
851 230 45 20 rätt
907 228 38 22 och

190 263 109 22 företräde
314 263 34 22 för
362 263 123 22 hvarandra
500 263 32 22 till
541 263 112 27 betalning
663 270 27 15 ur
700 263 110 28 egendom,
822 269 45 15 som
877 262 67 22 blifvit

190 299 33 21 till
238 299 96 21 konkurs
350 298 98 27 afträdd;

259 334 22 25 5)
296 333 142 26 Förordning,
461 332 149 22 innefattande
633 332 92 27 ändring
740 331 23 22 af
776 332 106 22 särskilda
897 332 26 27 88
939 332 6 21 i

190 367 153 27 förordningen
368 367 22 21 af
407 367 40 21 den
464 368 12 20 9
492 367 114 21 november
623 367 54 20 1868
693 373 34 15 om
742 367 124 26 inteckning
881 367 7 20 i
903 366 43 21 fast

192 402 113 27 egendom;

261 437 21 27 6)
297 436 143 27 Förordning,
463 436 148 21 innefattande
635 435 83 22 ändrad
736 435 80 27 lydelse
832 435 23 22 af
868 436 11 27 &
898 437 22 19 11
939 436 5 21 i

190 471 153 27 förordningen
360 470 23 22 af
396 471 40 21 den
454 471 25 20 19
496 470 109 22 december
622 471 60 26 1864,
700 470 110 27 angående
823 469 122 22 förändrin-

191 512 39 21 gar
245 506 39 21 och
299 505 75 27 tillägg
391 505 35 21 vid
442 505 107 21 allmänna
563 504 74 28 lagens
653 505 135 26 stadganden
804 510 34 15 om
852 504 93 27 förmyn-

191 540 114 26 darevård;

260 575 21 27 7)
296 574 142 27 Förordning,
455 574 110 27 angående
581 573 91 28 ändring
688 573 22 22 af
724 575 12 20 6
753 573 9 28 $
775 573 6 22 i
792 573 151 28 förordningen

192 609 22 22 af
228 610 40 21 den
286 610 25 20 10
335 609 115 21 november
475 610 59 25 1892,
557 608 151 22 innehällande
730 609 57 21 vissa
810 609 134 26 stadganden

190 644 93 21 rörande
298 643 48 27 lega
362 642 23 22 af
394 643 52 27 jord
460 644 29 26 pä
503 642 84 28 landet;

259 678 22 27 8)
297 677 142 27 Förordning,
462 677 109 28 angående
595 677 92 27 ändring
710 677 23 21 af
747 677 11 28 &
776 678 26 20 15
817 677 7 21 i
839 676 104 28 sjölagen:

191 714 56 20 samt

261 747 23 26 9)
299 746 142 27 Förordning,
458 746 110 27 angäende
584 746 91 27 ändring
691 745 23 25 af
728 746 12 28 $
756 746 26 21 23
798 745 7 22 i
823 745 122 22 förordnin-

190 788 41 20 gen
247 787 35 15 om
297 781 172 27 skeppsregister
484 780 23 22 af
521 781 40 21 den
579 781 23 21 11
620 780 114 22 november
752 781 59 21 1889.

259 815 45 22 Och
314 816 86 21 komma
410 815 27 21 de
448 815 171 22 administrativa
628 814 141 28 stadganden,
781 820 46 16 som
837 814 107 22 erfordras

190 851 33 21 för
238 850 186 28 kompletterande
440 850 23 21 af
475 849 164 28 ifrägavarande
654 849 142 27 lagstiftning,
812 850 34 20 att
858 849 7 21 i
875 850 69 21 sinom

191 885 32 21 tid
239 884 23 22 af
273 885 62 21 Hans
351 884 118 28 Kejserliga
483 884 102 28 Majestät
600 884 104 22 utfärdas.

259 919 69 22 Ofvan
339 920 142 27 uppräknade
491 919 221 27 författningsförslag
722 919 40 21 har
771 918 61 23 Hans
842 919 102 28 Majestät

190 954 89 22 härmed
293 954 58 22 velat
366 954 130 22 öfverlemna
510 954 32 22 till
557 954 133 22 Ständernas
706 954 128 27 antagande.

392 1093 123 27 Förslag
535 1092 30 22 till
580 1092 162 28 Utsökningslag.

515 1168 9 20 1
548 1166 74 22 Kar.

247 1237 36 19 Om
299 1235 26 22 de
340 1235 158 28 myndigheter,
514 1242 45 15 som
574 1235 49 22 med
638 1235 170 28 utsökningsmäl
822 1235 64 22 hafva

503 1269 126 26 befattning.

545 1331 46 28 18.

257 1371 178 27 Utsökningsmål
458 1372 107 26 upptagas
581 1370 39 23 och
635 1371 87 27 pröfvas
738 1371 24 22 af
775 1371 168 28 öfverexekutor,

189 1412 46 16 som
258 1408 24 20 är
299 1406 34 22 för
348 1405 74 23 landet
436 1405 103 28 Kejsaren
555 1406 40 22 och
610 1405 145 23 Storfurstens
770 1405 173 29 befallningshaf-

189 1441 76 27 vande,
280 1441 53 22 hvar
349 1440 57 23 inom
422 1441 39 21 sitt
476 1441 43 26 län,
535 1441 40 22 och
589 1441 7 21 i
612 1441 50 22 stad
676 1442 149 27 magistraten.
