1073 1717
368 159 29 23 U.
412 160 28 22 B.
460 173 23 3 —
498 160 73 29 Prop.
587 162 43 22 N:o
645 162 21 21 1.
841 164 25 20 11

415 228 110 22 Meddelar
540 230 196 26 öfverexekutor
747 230 149 27 förordnande

347 269 34 14 om
403 262 166 28 verkställighet,
590 264 39 20 och
651 265 26 19 är
697 264 20 27 e
738 264 65 21 saken
825 264 71 22 sådan

346 298 33 19 att
393 296 200 28 ändringssökande
608 298 77 20 varder
695 298 95 28 onyttigt
802 305 35 14 om
847 298 47 28 för-

346 330 121 22 ordnandet
496 331 42 28 gär
565 331 10 21 i
603 331 135 28 fullbordan,
767 332 129 28 föreskrifve

346 365 216 27 öfverexekutor
582 366 73 20 tillika
669 368 38 25 att,
723 366 38 21 der
771 368 60 26 pant
845 367 52 20 eller

347 399 78 28 borgen
446 400 36 27 för
504 400 91 21 kostnad
616 400 38 21 och
669 401 67 20 skada
751 401 80 25 ställes,
846 400 48 27 för-

346 434 120 21 ordnandet
490 435 37 20 mä
549 434 92 28 utföras,
665 434 57 21 ändä
744 436 34 19 att
799 435 95 28 ändring

345 468 47 21 deri
406 469 64 20 sökes.

599 578 46 27 78.

413 645 204 28 Bestämningarna
639 646 9 21 i
670 646 73 21 denna
763 646 131 28 förordning

345 681 76 21 beröra
443 681 20 26 e
485 681 57 20 hvad
562 687 47 15 som
626 680 73 28 finnes
713 680 105 22 särskildt
832 682 61 20 stad-

343 715 53 28 gadt
415 715 112 27 angående
547 715 161 28 verkställighet
727 715 28 28 af
773 715 50 22 dom
839 717 56 19 emot

345 750 54 27 dem,
422 750 75 21 hvilka
514 750 55 21 höra
584 750 35 21 till
633 750 58 27 rysk,
710 750 5 20 i
729 749 101 22 Finland
844 749 47 28 för-

346 785 50 28 lagd
410 785 92 21 militär.

208 853 143 28 Helsingfors,
366 853 41 22 den
424 854 26 20 16
466 853 45 29 Maj
528 854 60 21 1894.

207 1007 12 21 1
234 1008 99 21 ärendets
349 1007 129 30 behandling
493 1008 65 21 hafva
569 1008 90 27 deltagit
669 1007 144 22 ordföranden
821 1007 73 22 Mont-

138 1049 88 21 gomery
241 1046 55 18 samt
310 1042 144 22 ledamöterna
468 1043 128 20 friherrarne
611 1042 26 21 R.
651 1043 27 21 A.
695 1042 78 22 Wrede
789 1042 40 21 och
837 1042 58 21 Lan-

138 1077 119 28 genskiöld,
273 1077 20 21 J.
309 1077 128 26 Grotenfelt,
452 1077 19 22 J.
486 1077 110 25 Forsman,
610 1076 23 22 G.
640 1076 127 27 Johansson,
776 1076 118 22 Schwartz-

138 1111 59 28 berg,
218 1111 29 22 H.
262 1111 26 22 E.
303 1111 138 27 Schroderus,
461 1111 99 26 Jusélius,
578 1103 105 35 Äkesson,
698 1111 96 26 Kumlin,
809 1111 85 28 Elving,

139 1145 108 27 Koivisto,
262 1146 123 28 Leppänen,
400 1145 110 22 Teittinen
525 1146 41 21 och
581 1145 136 22 Tensikkala.

210 1506 129 24 Lagutskoiteis
351 1506 110 18 betänkande
473 1508 37 16 N:o
526 1507 15 18 7.
