1042 1723
449 119 44 24 N:o
513 120 21 23 8.
811 118 27 20 47

467 198 12 29 8
495 200 19 21 6.

172 246 142 28 Afhandling
325 247 90 21 emellan
425 246 99 22 enskilda
534 246 56 21 samt
595 246 137 27 förbindelse
743 245 38 21 och
792 252 76 14 annan

114 280 74 28 skrift,
203 288 45 14 som
267 281 31 27 af
312 281 85 21 sådana
411 281 111 27 utfärdas,
537 281 36 21 mä
588 280 86 22 affattas
689 280 30 27 pä
734 279 133 28 ostämpladt

114 320 90 22 papper,
226 320 49 16 men
295 315 45 26 bör,
357 315 27 21 dä
399 315 41 21 den
455 315 79 21 företes
549 314 36 22 vid
601 314 92 22 domstol
708 314 52 22 eller
775 314 92 22 embets-

114 349 130 27 myndighet,
266 349 69 22 förses
357 350 48 21 med
427 350 69 22 sädan
518 350 98 27 stämpel,
631 355 46 16 som
692 349 40 21 här
747 349 71 22 nedan
833 348 35 22 för

113 383 74 29 hvarje
201 382 37 23 fall
253 383 68 22 finnes
337 386 76 24 utsatt,
429 384 90 22 säframt
533 384 41 22 slik
588 383 103 28 handling
706 383 46 22 icke
766 383 34 22 för
812 382 55 23 visst

114 418 94 27 angifvet
231 418 99 22 ändamäl
353 420 24 20 är
399 420 110 26 upptagen
531 419 72 22 säsom
625 418 129 28 stämpelfri;
770 418 98 22 börande

114 452 54 22 dock
183 452 76 26 aktier,
276 453 141 28 obligationer
432 454 39 21 och
485 454 72 22 vexlar
570 455 56 20 samt
636 453 7 21 i
654 452 165 23 nedannämnda
829 452 37 22 fall

110 487 79 27 jemväl
211 487 95 27 checker,
330 488 191 28 depositionsbevis
544 488 38 22 och
601 487 182 27 försäkringsbref
798 486 67 22 redan

113 521 36 22 vid
171 521 134 28 utgifvandet
327 522 104 28 stämplas
448 522 33 22 till
499 522 84 28 belopp,
604 528 46 16 som
668 522 8 21 i
693 520 86 23 tariffen
798 520 69 23 finnes

113 556 109 28 stadgadt.
245 556 197 29 Stämpelbeloppet
458 559 24 20 är
491 557 109 22 bestämdt
609 556 34 23 för
653 556 48 22 hela
712 556 154 27 afhandlingen

114 590 51 24 eller
187 591 96 27 skriften,
306 594 54 20 utan
383 592 99 22 afseende
502 593 13 21 &
532 592 48 22 dess
599 592 55 27 vidd,
671 592 73 21 derest
758 591 8 21 i
780 590 86 22 tariffen

112 626 47 22 icke
174 626 144 28 uttryckligen
333 629 62 25 säges
411 628 33 20 att
459 626 91 28 stämpel
564 627 108 22 beräknas
687 626 33 22 för
734 625 74 28 hvarje
820 625 46 26 ark,

113 660 77 22 hvaraf
203 660 90 22 skriften
308 661 74 21 bestär
397 661 51 22 eller
463 662 55 21 efter
533 668 72 15 annan
620 661 77 27 grund.

129 869 118 26 Aktiebref
261 869 7 21 i
283 869 85 28 handel,
391 869 77 28 fartyg,
491 869 57 22 bank
571 869 39 22 och
631 869 114 22 industriel
827 890 1 3 !

296 904 127 27 inrättning,
445 904 51 22 eller
511 905 67 20 annat
593 903 90 28 företag,
698 910 46 15 som
827 897 2 37 |

297 941 25 19 är
336 939 109 27 grundadt
460 939 29 27 på
504 939 75 26 aktier,
594 938 105 28 stämplas
709 938 36 22 vid

298 973 147 28 utgifvandet
435 969 14 37 :

261 1014 28 22 dä
307 1014 49 22 hela
377 1015 97 21 insatsen
496 1014 32 22 för
551 1014 73 28 hvarje
644 1014 58 22 aktie
721 1015 24 20 är

297 1049 98 22 bestämd
406 1049 32 22 till
449 1050 41 21 200
501 1049 61 22 mark
570 1049 51 22 eller
629 1049 115 26 derunder,

296 1084 49 22 med
381 1101 4 4 .
416 1100 40 5 sc
489 1101 38 4 os
560 1078 19 37 so
599 1078 22 37 co
671 1078 93 37 LL]
785 1095 19 3 —
822 1078 36 37 120

261 1118 130 28 derutöfver,
406 1118 34 23 för
454 1119 73 28 hvarje
542 1118 53 22 fulla
612 1119 40 21 100
666 1119 76 21 mark
732 1113 30 39 .|
780 1129 26 3 —
833 1117 25 21 |10

177 1155 13 37 äi
260 1165 46 16 som
321 1159 98 28 utgifvits
433 1159 46 22 före
495 1160 40 21 den
552 1161 9 19 1
578 1158 92 24 Januari
682 1159 61 26 1895,

295 1194 46 27 bör,
357 1194 28 21 dä
400 1194 37 22 det
451 1194 79 22 företes
540 1194 39 21 hos
590 1194 92 21 domstol
693 1193 51 21 eller

295 1228 130 28 myndighet,
440 1228 68 22 förses
523 1228 48 22 med
586 1228 102 27 stämpel:
861 1234 2 19 H

114 1264 1 14 |
261 1268 28 22 dä
303 1268 48 22 hela
366 1269 96 22 insatsen
477 1268 34 22 för
521 1268 73 28 hvarje
604 1268 58 22 aktie
673 1270 25 20 är
707 1268 37 21 be-

331 1304 71 21 stämd
424 1303 33 21 till
479 1304 41 21 200
542 1303 62 22 mark
626 1302 50 22 eller
696 1302 48 22 der-

330 1338 69 21 under
418 1354 2 5 .
451 1337 407 22 LL]
785 1333 15 36 —
824 1333 36 36 20

260 1371 130 27 derutöfver,
405 1370 34 22 för
453 1371 73 27 hvarje
540 1370 53 22 fulla
610 1371 40 21 100
665 1370 77 21 mark
733 1366 30 36 .|
780 1382 27 2 —
833 1370 25 20 110

129 1411 120 28 Anvisning
264 1411 105 27 stämplas
384 1411 71 22 säsom
470 1410 153 28 Förskrifning.
