1045 1711
454 125 45 24 N:o
517 126 22 23 8.
817 126 25 20 19

122 190 13 22 å
149 190 33 21 för
205 190 122 24 ändamålet
350 192 103 22 särskildt
475 192 123 22 tillverkadt
619 199 89 21 papper,
727 192 82 23 försedt
824 194 49 21 med

119 224 134 22 valörsiffran
269 226 7 20 i
290 227 144 27 vattentryck,
450 228 57 21 samt
521 229 35 19 att
571 228 32 20 till
617 227 53 28 följd
679 228 64 21 häraf
750 228 122 22 kostnaden

119 258 33 22 för
174 261 104 25 papprets
300 260 140 22 anskaffande
459 261 69 21 skulle
545 262 104 26 betydligt
664 262 53 21 ökas
730 262 24 26 ju
769 262 52 21 flere
835 268 37 15 va-

118 293 58 21 lörer
195 293 38 21 och
249 293 25 28 ju
293 294 83 21 mindre
390 295 82 26 partier
487 295 23 22 af
523 295 73 28 hvarje
610 295 60 22 valör
684 296 85 21 komme
785 296 33 21 till
833 302 38 15 an-

118 327 115 28 vändning.
264 327 29 22 Af
308 328 67 21 sådan
396 329 115 28 anledning
525 335 52 16 vore
592 329 35 22 det
643 330 117 21 önskvärdt
777 331 40 26 att,
834 330 38 21 der

119 361 78 22 sådant
216 363 54 20 utan
286 362 112 27 olägenhet
413 363 43 22 kan
472 364 44 26 ske,
531 364 216 27 stämpelvalörernas
765 364 59 21 antal
839 364 33 21 in-

118 396 111 22 skränkes.
260 396 44 22 Och
326 397 48 22 med
397 397 99 22 afseende
518 398 51 22 derå
587 400 38 25 att,
645 399 66 26 enligt
726 398 145 27 lagförslaget,

119 431 77 21 endast
211 431 80 27 domar,
307 431 79 28 utslag,
401 433 142 22 resolutioner
558 433 38 22 och
605 433 207 27 protokollsutdrag,
824 439 46 16 som

119 464 23 22 af
154 465 85 22 landets
255 466 123 27 domstolar,
394 467 133 22 embetsverk
543 468 39 21 och
596 467 68 28 öfriga
678 468 149 27 myndigheter
837 469 35 20 ut-

117 499 80 27 färdas,
212 499 67 23 borde
294 499 87 23 affattas
392 501 13 21 å
415 502 179 27 stämpelpapper,
605 502 78 21 medan
694 502 98 21 deremot
802 501 69 28 öfriga

118 534 147 27 expeditioner
288 535 39 21 och
349 535 128 28 handlingar
501 536 55 28 finge
581 537 82 21 åsättas
681 537 189 26 stämpelmärken,

117 568 40 23 har
180 569 36 21 det
238 569 68 21 blifvit
324 570 82 26 möjligt
424 571 33 20 att
471 571 80 21 föreslå
565 571 77 21 endast
656 571 42 21 fem
715 571 57 21 olika
787 571 85 21 valörer

118 602 23 22 af
154 602 181 28 stämpelpapper,
350 604 78 21 hvaraf
440 604 33 21 för
488 604 134 22 närvarande
636 604 110 22 tillverkas
762 604 110 28 tjugufyra

117 637 90 22 valörer.
237 637 109 28 Derjemte
369 638 39 21 och
430 638 27 22 då
480 645 26 15 en
529 639 34 21 del
582 646 28 14 nu
629 639 100 27 brukliga
748 639 85 21 valörer
850 638 24 22 af

115 671 190 27 stämpelmärken,
329 672 66 28 enligt
417 672 56 22 hvad
495 672 148 22 erfarenheten
662 674 89 26 utvisar,
771 674 54 20 utan
841 672 30 22 af-

117 706 84 20 saknad
213 706 42 21 kan
270 706 114 27 undvaras,
396 706 40 22 har
450 707 82 21 antalet
543 707 22 21 af
573 707 297 27 stämpelmärkesvalörerna,

118 745 46 15 som
176 738 33 22 för
219 740 136 21 närvarande
365 742 64 25 utgör
440 741 101 27 tjugusju,
553 741 84 21 kunnat
647 742 95 21 minskas
753 741 33 21 till
800 741 71 27 tjugu-

119 774 38 21 ett.
180 773 73 22 Skulle
268 774 117 22 emellertid
395 774 99 23 behofvet
505 775 22 22 af
536 777 32 20 ett
579 775 65 22 ökadt
655 775 60 22 antal
725 775 83 22 valörer
818 777 54 25 göra

117 807 33 28 sig
164 808 105 27 gällande,
285 809 79 26 kunde,
380 809 47 21 med
443 809 40 22 den
498 809 139 28 formulering
652 810 11 27 $
679 810 93 26 erhållit,
788 810 83 21 sådana

118 843 53 21 utan
194 843 72 22 vidare
289 845 91 26 omgång
402 844 87 27 införas,
509 845 67 27 jemte
595 845 36 21 det
648 845 68 26 sagda
731 844 139 27 formulering

117 876 112 28 möjliggör
251 878 142 22 användande
416 878 23 22 af
460 879 25 21 de
507 879 74 21 förråd
597 878 24 22 af
637 878 176 28 stämpelpapper
832 878 39 22 och

117 911 187 28 stämpelmärken,
326 912 60 22 äfven
406 912 24 22 af
447 913 68 21 andra
532 913 89 27 valörer,
638 915 27 19 än
682 913 25 21 de
724 913 7 21 i
747 913 11 27 8
775 912 96 28 uppräk-

117 946 62 27 nade,
195 953 45 15 som
255 947 67 22 redan
337 947 70 22 finnas
422 948 132 22 tillverkade.

186 981 70 22 Bland
271 982 69 27 öfriga
354 982 69 21 under
438 982 60 22 detta
512 982 82 28 kapitel
607 982 91 27 intagna
709 982 162 27 bestämningar

117 1016 35 20 må
166 1016 103 21 särskildt
283 1016 124 22 framhållas
422 1018 33 20 att
470 1017 130 27 stadgandet
615 1017 7 21 i
637 1023 30 15 nu
677 1016 100 28 gällande
786 1016 84 21 förord-

117 1050 52 27 ning
184 1050 73 22 derom
273 1052 33 20 att
320 1051 8 21 i
342 1051 73 27 hvarje
430 1052 77 21 socken
521 1052 67 21 borde
603 1052 91 26 antagas
711 1058 26 14 en
753 1051 51 21 eller
819 1050 51 22 flere

117 1084 186 28 försäljningsmän
325 1084 69 22 blifvit
410 1086 92 21 ändradt
517 1086 90 22 sålunda
625 1087 40 25 att,
681 1085 54 22 efter
755 1084 69 27 behof,
844 1091 26 15 en

117 1119 51 21 eller
190 1119 51 22 flere
263 1119 187 28 försäljningsmän
472 1120 61 22 skola
552 1122 90 25 antagas
657 1120 8 21 i
679 1120 75 27 hvarje
770 1119 100 27 tingslag.

117 1153 77 22 Denna
207 1153 126 28 förändring
347 1153 40 22 har
402 1154 102 28 vidtagits
519 1155 59 21 såväl
592 1154 48 22 med
653 1154 82 27 hänsyn
748 1153 77 27 dertill,
837 1154 35 21 att

116 1188 214 27 landsbefolkningen
344 1189 64 26 högst
423 1189 67 22 sällan
507 1191 24 19 är
541 1189 7 21 i
558 1189 65 21 behof
631 1188 23 22 af
661 1189 106 26 stämplar
778 1189 13 20 å
801 1187 69 22 andra

116 1223 57 21 tider
192 1223 39 21 och
250 1223 35 21 vid
300 1223 69 21 andra
384 1223 96 22 tillfällen
497 1225 27 20 än
539 1223 69 22 under
622 1223 117 21 infallande
755 1223 53 26 ting,
824 1228 45 15 som

117 1257 40 22 ock
171 1257 48 22 med
235 1257 99 22 afseende
350 1258 57 26 derå,
424 1259 33 20 att
472 1258 131 27 svårigheter
617 1259 56 20 mött
689 1259 34 20 att
739 1257 57 21 inom
810 1257 60 21 kom-

117 1297 82 21 muner,
222 1292 37 21 der
278 1292 46 27 ting
342 1291 46 22 icke
403 1291 104 22 förrättas
522 1292 39 21 och
575 1292 88 21 hvarest
677 1291 98 27 utsigten
791 1291 33 21 till
840 1289 29 22 af-

117 1325 97 27 sättning
235 1325 34 22 för
291 1325 105 27 stämplar
417 1325 57 27 förty
497 1328 24 19 är
539 1326 67 26 ringa,
624 1325 59 21 finna
699 1325 32 21 till
746 1325 123 26 uppdraget

117 1359 71 27 villiga
203 1359 39 21 och
256 1359 102 27 lämpliga
372 1365 109 21 personer.
506 1359 67 22 Detta
585 1359 120 26 stadgande
714 1359 90 20 hindrar
815 1358 54 21 dock

116 1392 46 22 icke
182 1394 32 20 att
229 1393 7 21 i
251 1392 37 22 fall
307 1392 23 22 af
347 1392 65 22 behof
425 1394 80 27 antaga
519 1392 186 28 försäljningsmän
722 1392 59 21 inom
796 1392 74 26 hvarje

117 1427 108 22 kommun.
254 1427 43 22 För
319 1428 33 21 att
374 1427 117 22 emellertid
509 1427 124 22 underlätta
649 1427 135 22 anställande
801 1426 23 22 af
837 1427 33 21 ett
