1023 1717
224 155 24 19 12

262 224 20 24 5)
305 223 25 20 då
352 223 66 25 någon
440 223 65 20 blifvit
527 223 106 26 förpligtad
654 225 29 18 att
704 223 76 20 afträda
796 224 38 19 fast
850 223 98 25 egendom

195 257 47 20 eller
257 257 69 20 dömdt
340 260 22 17 är
378 264 31 13 om
425 258 95 25 flyttning
535 258 5 19 i
556 258 48 20 eller
618 265 24 12 ur
657 258 49 22 hus;
722 258 37 19 och

262 292 20 25 6)
298 291 26 20 då
338 292 72 19 domen
425 293 57 24 eljest
497 292 110 20 innehåller
616 292 133 25 förpligtande
762 292 29 20 för
801 292 38 19 den
849 292 101 26 tappande

194 329 30 16 att
238 326 62 25 något
314 326 89 25 fullgöra,
420 327 33 18 vid
468 327 95 24 äfventyr
577 329 29 17 att
621 327 39 24 det,
675 332 32 14 om
718 327 39 18 han
765 327 97 24 tredskas,
872 326 33 20 må
915 333 34 19 ge-

195 367 47 13 nom
257 361 142 25 vederpartens
415 361 154 20 föranstaltande
584 361 82 19 utföras.

264 395 58 19 Huru
338 395 51 24 dom,
407 401 43 14 som
465 395 7 19 i
489 396 9 19 1
516 395 36 20 och
568 397 12 18 3
591 395 111 26 punkterna
713 397 22 18 är
745 396 79 25 nämnd,
836 395 49 20 skall
893 395 57 20 verk-

199 429 73 26 ställas,
289 429 56 26 skiljs
360 429 6 20 i
381 430 18 24 4,
416 431 11 18 5
443 430 37 19 och
497 431 10 18 6
524 432 52 17 samt
591 430 6 19 i
614 431 10 18 7
641 430 44 25 kap.

551 517 11 19 3
574 513 23 33 8.

262 568 45 19 Kan
329 568 45 25 laga
396 569 51 19 kraft
463 569 75 24 egande
553 569 46 19 dom
614 569 48 24 icke,
677 569 51 19 efter
742 571 22 22 ty
780 569 7 19 i
804 569 11 19 2
832 570 10 23 8
858 571 22 17 är
896 569 54 19 stad-

196 603 53 24 gadt,
267 603 19 18 af
301 603 172 24 utmätningsman
495 605 49 17 utan
559 603 85 19 särskild
660 603 99 19 föreskrift
775 603 124 24 verkställas,
915 609 35 13 an-

195 637 79 18 komme
289 636 26 25 pä
330 637 151 19 öfverexekutor
495 639 30 17 att
536 642 30 14 om
580 637 176 24 verkställigheten
767 637 36 19 och
814 639 61 17 sättet
885 637 66 19 derför

196 670 97 24 förordna,
309 670 64 20 under
387 671 127 25 iakttagande
529 671 19 19 af
563 671 52 19 hvad
629 671 7 19 i
651 672 13 18 4
680 671 36 19 och
732 672 12 18 5
761 672 24 23 $$
803 673 52 23 sägs.

261 700 28 24 Är
304 711 32 13 om
351 705 175 25 verkställigheten
543 706 2 18 i
562 706 71 19 domen
648 706 126 19 föreskrifvet
788 706 48 19 eller
846 706 7 18 i
864 706 32 24 lag
907 707 41 17 sär-

196 739 60 19 skildt
272 739 98 26 stadgadt,
385 740 58 18 lände
459 740 36 19 ock
510 740 33 19 det
558 740 30 19 till
603 740 139 20 efterrättelse.

549 828 10 18 4
572 828 24 23 8.

265 878 113 20 Innehåller
400 879 47 19 dom
469 879 5 19 i
495 879 41 23 fall,
558 885 43 13 som
623 879 6 19 i
646 880 12 18 3
675 880 10 23 $
702 879 58 25 afses,
775 878 131 26 förpligtande
921 878 31 20 för

198 912 38 20 den
258 913 100 25 tappande
379 916 29 16 att
430 913 61 25 nägot
513 913 89 25 fullgöra,
625 913 37 19 och
677 913 38 19 kan
730 913 34 19 det
778 914 58 18 äfven
851 913 20 19 af
885 919 66 13 annan

198 947 83 25 utföras;
298 953 36 19 ege
349 947 152 20 öfverexekutor
516 948 119 24 bemyndiga
647 947 39 19 den
696 947 99 19 vinnande
807 949 29 17 att
846 947 26 26 pä
883 947 68 19 veder-

198 982 80 24 partens
303 982 90 24 kostnad,
416 981 43 25 sjelf
481 982 49 19 eller
552 988 73 19 genom
646 988 70 18 annan,
739 982 113 19 utförandet
867 981 83 26 besörja.

199 1016 42 19 Kan
256 1016 34 19 det
305 1016 69 20 endast
389 1016 20 19 af
423 1016 39 20 den
477 1016 99 26 tappande
591 1017 82 24 utföras,
688 1016 60 20 varde
763 1017 39 19 han
817 1022 72 20 genom
905 1016 47 24 vite,

198 1050 145 25 sammanlagdt
358 1051 50 19 dock
423 1051 16 25 ej
457 1051 55 19 öfver
526 1053 80 18 ettusen
621 1051 61 24 mark,
699 1051 47 20 eller
757 1058 71 18 genom
839 1051 58 19 häkte
908 1051 43 19 der-

198 1084 30 19 till
243 1083 73 21 hållen.

264 1115 28 24 Är
314 1119 66 25 någon
401 1119 67 26 ålagdt
483 1122 29 17 att
526 1121 80 18 utfärda
621 1121 87 18 salubref
722 1121 48 19 eller
785 1126 65 14 annan
866 1120 86 26 skriftlig

199 1153 101 26 handling,
315 1153 48 20 eller
377 1156 29 17 att
421 1155 73 24 afgifva
509 1155 108 24 samtycke,
632 1155 146 24 godkännande
788 1155 48 19 eller
847 1155 56 24 dylik
913 1155 38 19 för-

200 1187 82 26 klaring,
298 1188 58 19 hafve
371 1189 76 24 domen,
463 1188 22 20 så
501 1191 55 17 snart
572 1189 38 19 den
626 1189 71 19 vunnit
712 1189 44 25 laga
767 1189 57 25 kraft,
835 1189 62 20 sådan
908 1195 43 14 ver-

199 1222 44 24 kan,
259 1228 43 13 som
318 1228 48 13 vore
380 1223 137 25 förpligtelsen
531 1223 101 25 fullgjord.

557 1309 11 18 5
586 1309 17 22 8.

266 1355 28 24 Är
310 1365 71 20 genom
397 1359 46 20 dom
458 1359 39 20 den
512 1359 100 27 tappande
626 1359 100 26 förbjudet
736 1362 29 18 att
776 1359 61 26 något
848 1362 48 23 göra
906 1359 48 21 eller

199 1396 30 17 att
243 1394 72 20 hindra
329 1400 65 13 annan
409 1396 29 18 att
453 1394 61 25 nägot
530 1395 69 26 utföra,
615 1395 36 19 och
667 1395 68 24 bryter
749 1395 39 20 han
804 1395 97 25 deremot;
917 1401 36 19 ege

200 1429 158 24 öfverexekutor,
380 1429 67 25 hvarje
469 1429 55 25 gång
546 1429 84 20 sålunda
646 1429 50 25 sker,
712 1429 46 20 fälla
772 1430 73 19 honom
861 1429 30 20 till
907 1429 46 26 vite,

200 1463 58 26 högst
279 1463 122 25 fyrahundra
423 1464 64 25 mark;
511 1464 116 20 föreskrifve
650 1464 41 24 ock,
706 1464 36 20 der
757 1464 22 20 sä
794 1464 109 26 lämpligen
918 1464 35 21 ske
