1064 1720
305 131 82 24 Ständ.
403 131 38 23 Sv.
456 144 28 2 —
499 131 73 27 Prop.
587 131 42 23 N:o
644 131 22 22 4.
818 132 12 21 7

108 196 156 22 underrättelse
279 202 34 15 om
329 196 41 21 den
391 195 134 21 förestående
540 196 147 26 utmätningen
703 194 60 28 ågått
776 195 83 26 honom,

107 237 49 15 men
171 232 38 25 gör
231 230 109 26 undantag
362 230 33 20 för
410 230 26 20 de
451 229 37 21 fall
503 231 33 19 att
551 230 116 20 domslutet
681 232 57 18 ännu
753 229 18 27 ej
785 230 76 20 vunnit

107 266 50 25 laga
171 264 59 21 kraft
245 264 51 21 eller
311 264 40 21 ock
366 266 33 18 att
414 264 49 26 laga
477 263 58 21 kraft
550 264 81 25 egande
647 264 47 20 dom
706 263 109 21 befordras
827 263 34 21 till

107 298 162 26 verkställighet
284 304 74 15 senare
373 300 27 18 än
416 304 37 14 sex
468 297 101 21 månader
584 297 53 21 efter
653 298 48 20 dess
723 297 138 21 meddelande

108 333 51 21 eller
174 332 55 21 efter
244 332 40 21 den
301 332 44 21 deri
360 333 83 20 utsatta
465 331 185 27 betalningstiden.
680 331 124 22 Emellertid
819 332 42 21 kan

108 367 138 21 meddelande
261 366 24 22 af
299 366 90 22 särskild
402 366 155 22 underrättelse
572 372 34 16 om
620 366 119 27 utmätning
753 373 52 14 vara
819 367 42 21 för-

109 402 66 21 enadt
196 401 49 21 med
267 401 76 27 många
366 401 39 21 och
419 400 126 22 tidsödande
561 400 136 28 olägenheter
712 400 33 22 för
760 401 101 21 vederbö-

107 436 66 21 rande
195 435 188 26 utmätningsman,
403 435 102 21 särskildt
519 435 12 21 å
546 435 73 21 landet
633 435 7 21 i
654 435 154 21 vidsträcktare
831 435 30 22 di-

109 471 71 25 strikt,
196 470 123 27 hvarjemte,
334 470 8 21 i
357 469 142 22 betraktande
522 469 23 21 af
565 469 192 26 expeditionstiden
775 469 34 21 för
823 476 38 15 un-

109 505 140 26 derrätterna,
265 504 26 21 de
306 504 37 21 fall
358 504 72 21 kunna
444 503 92 22 förutses
551 503 66 22 blifva
632 504 81 26 ganska
728 505 90 26 vanliga,
835 505 26 20 då

110 539 73 21 domar
206 539 86 26 bringas
315 539 34 21 till
370 539 163 26 verkställighet
555 544 74 15 senare
653 540 27 18 än
703 545 36 14 sex
761 539 101 21 månader

110 574 55 21 efter
187 574 62 21 deras
271 573 146 21 meddelande.
447 573 49 21 Med
520 572 99 22 afseende
641 573 52 21 härå
715 574 39 20 och
769 576 51 19 enär
835 574 27 21 de

109 608 52 26 skäl,
185 614 44 15 som
252 608 45 21 tala
311 607 34 22 för
359 614 25 14 en
400 608 157 21 underrättelse
571 607 23 21 af
607 614 29 14 nu
651 607 160 27 ifrågavarande
826 608 36 21 be-

110 642 125 27 skaffenhet,
251 644 37 20 äro
301 642 153 27 jemförelsevis
476 642 81 22 mindre
571 642 96 27 vägande
681 642 131 22 beträffande
828 644 34 20 ut-

112 678 95 26 mätning
222 677 6 21 i
243 677 69 27 grund
326 676 23 22 af
363 677 55 27 dom,
434 683 45 15 som
493 678 76 20 vunnit
583 677 49 26 laga
647 676 64 28 kraft,
727 676 55 22 helst
791 677 72 27 gälde-

110 714 66 20 nären
198 712 113 26 rätteligen
335 712 71 21 städse
428 711 39 21 bör
486 718 51 15 vara
551 711 81 22 beredd
646 712 28 26 pä
689 718 26 14 en
731 711 58 28 dylik
802 712 60 21 verk-

111 747 116 27 ställighet,
249 747 39 21 har
311 746 147 28 skyldigheten
473 747 34 21 för
525 747 179 27 utmätningsman
720 748 31 20 att
766 746 97 22 meddela

110 782 103 27 gäldenär
235 781 91 22 särskild
349 781 156 22 underrättelse
528 787 34 15 om
587 781 134 22 förestående
743 782 120 26 utmätning

110 816 125 22 inskränkts
255 816 34 21 till
313 816 26 21 de
361 815 44 27 fall,
428 816 27 21 då
469 816 188 27 verkställigheten
671 816 94 27 grundas
779 816 13 21 å
807 816 55 26 dom,

111 858 45 15 som
171 853 56 19 ännu
242 851 46 20 icke
303 851 75 20 vunnit
392 850 49 27 laga
455 850 65 21 kraft.

178 885 58 21 Enär
250 885 38 21 fall
302 885 72 21 kunna
388 885 131 21 förekomma
534 884 27 21 då
575 884 137 27 företagande
727 885 24 21 af
759 885 103 21 verkstäl-

109 919 154 28 lighetsåtgärd
285 925 51 15 vore
357 919 134 27 synnerligen
506 919 115 21 önskvärdt
643 918 62 21 äfven
719 919 13 21 å
747 925 70 15 annan
832 919 32 21 tid

113 956 27 19 än
157 954 40 21 den
212 954 7 21 i
233 954 28 21 29
276 954 13 25 &
304 953 117 27 bestämda,
445 959 48 16 men
515 955 32 19 ett
569 953 135 21 inhemtande
719 953 24 21 af
756 953 107 21 öfverexe-

111 989 75 20 kutors
201 988 97 21 tillständ
314 987 71 22 dertill
400 988 96 26 vanligen
511 987 18 27 ej
545 987 42 22 kan
602 989 52 19 utan
665 987 144 27 tidsuppehäll
819 987 44 27 ske,

114 1023 39 21 har
168 1022 125 27 pröfningen
315 1021 24 22 af
359 1022 26 21 de
400 1022 186 26 omständigheter,
602 1022 67 20 under
684 1021 72 22 hvilka
771 1028 27 15 en
813 1022 51 21 afvi-

111 1058 59 21 kelse
193 1058 31 21 uti
245 1056 161 28 ifrägavarande
425 1056 99 22 afseende
546 1056 35 22 mä
595 1063 40 20 ega
650 1062 53 21 rum,
719 1058 58 25 synts
792 1056 72 22 kunna

111 1094 52 20 utan
190 1092 112 26 olägenhet
327 1091 139 22 öfverlemnas
491 1092 24 21 ät
542 1092 185 26 utmätningsman.
757 1091 107 26 Dörjemte

110 1126 65 22 hafva
190 1126 125 27 Ständerna,
331 1127 6 21 i
353 1126 218 22 öfverensstämmelse
585 1126 49 20 med
643 1122 55 24 hvad
709 1125 62 21 äfven
781 1125 7 21 i
798 1126 66 21 andra

111 1160 152 28 författningar
287 1160 108 27 angäende
415 1160 59 21 tiden
491 1160 34 21 för
541 1159 285 27 verkställigshetsätgärder
841 1162 24 19 är

111 1195 108 27 stadgadt,
235 1197 71 19 ansett
321 1195 68 21 denna
409 1195 78 27 jemväl
501 1194 132 22 beträffande
655 1194 160 26 verkställighet
831 1201 33 14 en-

111 1230 40 27 ligt
165 1229 187 27 utsökningslagen
375 1230 72 20 kunna
469 1228 135 28 framskjutas
626 1228 33 22 till
673 1228 93 22 klockan
780 1228 42 22 fem
837 1228 28 27 pä

112 1270 123 21 morgonen.

181 1298 38 21 Ett
233 1297 158 28 förtydligande
407 1297 23 22 af
438 1297 138 27 paragrafens
587 1297 93 21 innehäll
689 1297 40 21 har
738 1298 80 20 ansetts
828 1298 36 19 nö-

113 1334 46 25 digt
173 1334 7 20 i
195 1333 54 26 syfte
265 1335 32 19 att
312 1333 36 20 det
363 1332 55 26 väld,
435 1339 44 14 som
495 1332 179 26 utmätningsman
689 1332 128 25 berättigats
833 1333 33 20 att

112 1367 33 20 för
168 1367 38 20 det
220 1366 7 21 i
242 1365 125 28 paragrafen
389 1365 95 27 antydda
505 1365 38 21 fall
565 1365 104 26 använda,
692 1364 46 21 icke
760 1364 33 21 får
815 1370 51 15 vara

114 1400 71 29 gröfre
201 1402 26 19 än
242 1406 45 15 som
303 1402 24 19 är
341 1399 74 28 nödigt
429 1399 32 22 till
478 1399 141 22 motständets
635 1399 170 21 öfvervinnande.
