1031 1720
317 144 30 25 U.
362 144 28 24 B.
406 158 27 4 —
447 145 75 29 Prop.
537 146 43 23 N:o
596 146 22 23 2.
803 147 12 20 3

160 212 76 30 Enligt
250 215 13 21 3
278 214 12 27 $
306 215 7 21 i
328 216 159 28 propositionen
503 215 68 22 skulle
585 214 140 29 jordområde,
742 214 56 22 ändå
812 216 32 20 att

92 247 38 22 det
144 248 121 28 öfverstege
280 249 30 21 tio
326 248 103 28 hektarer,
444 249 23 21 få
482 249 111 22 afsöndras
608 249 33 21 till
655 249 86 29 parcell,
756 248 89 22 såframt

92 282 118 22 detsamma
232 282 18 29 ej
272 282 67 29 enligt
359 284 12 21 1
387 284 12 27 &
415 283 72 22 kunde
501 284 33 20 till
549 283 134 29 sjelfständig
696 283 101 28 lägenhet
810 285 35 19 ut-

92 316 79 30 brytas.
200 316 36 22 Då
257 317 114 22 Utskottet
390 325 93 20 numera,
504 318 7 21 i
533 318 68 21 likhet
615 317 48 22 med
678 317 167 29 propositionen,

92 351 112 29 föreslagit
226 352 44 22 viss
292 352 155 29 mantalsgräns
469 352 34 22 för
523 352 99 29 klyfning
637 352 41 22 och
693 352 114 28 styckning
823 351 22 21 af

91 385 54 29 jord,
167 386 39 22 har
225 386 115 22 Utskottet
362 388 71 20 ansett
452 386 77 29 jemväl
551 386 156 23 ofvananförda
727 385 118 29 stadgande

93 420 51 21 böra
158 420 49 22 från
218 420 160 29 propositionen
388 423 111 26 upptagas,
509 420 99 22 hvarföre
619 420 112 22 Utskottet
740 421 7 20 i
766 421 3 20 I
783 427 62 14 mom.

92 454 24 22 af
131 456 13 20 3
160 455 12 27 &
188 455 56 22 efter
258 455 67 22 orden
342 456 42 21 »tio
399 455 110 22 hektarer»
525 455 72 28 tillagt
613 455 102 21 »såframt
729 454 59 22 detta
803 454 42 21 kan

92 489 83 28 jemlikt
190 491 12 20 2
218 490 12 27 &
245 489 33 21 till
293 489 136 29 sjelfständig
444 489 99 29 lägenhet
553 489 142 29 fränskiljas».
719 488 80 22 Tillika
807 488 39 22 har

92 523 115 23 Utskottet
228 523 34 22 för
283 523 139 22 undvikande
444 524 23 21 af
489 523 149 22 missförständ
657 525 8 20 i
686 531 81 14 samma
784 531 62 14 mom.

93 558 71 28 utbytt
180 558 61 22 ordet
262 558 91 21 »ofvan»
370 561 45 19 mot
429 558 108 29 uttrycket
553 559 20 20 »i
589 559 11 21 1
617 558 32 28 8».

161 592 61 22 Enär
237 593 11 21 7
265 593 13 27 $
293 593 6 20 i
310 593 167 28 propositionen,
487 592 48 22 med
547 592 88 22 hvilken
645 592 123 22 Utskottets
778 592 69 22 första

93 626 298 29 sammanjemkningsförslag
412 627 90 21 rörande
523 634 80 14 samma
626 628 12 26 &
660 628 7 20 i
682 627 40 21 sak
736 626 111 22 öfverens-

94 663 106 24 stämmer,
218 662 18 28 ej
252 661 119 22 innehåller
385 661 72 29 någon
472 661 160 29 mantalsgräns,
647 661 85 22 beröres
748 661 70 22 denna
834 662 12 26 &

92 696 49 21 icke
156 695 24 21 af
193 695 126 22 Utskottets
334 702 29 15 nu
377 695 126 23 framstälda
516 696 81 28 förslag
611 697 8 20 i
634 695 61 29 fräga
707 703 34 15 om
753 697 92 27 gränsen

93 730 35 21 för
142 729 174 30 jorddelningens
331 729 70 22 frihet.

162 764 53 21 Med
236 764 116 28 anledning
373 764 22 21 af
409 764 173 22 Bondeständets
598 764 70 22 beslut
682 764 165 22 vidkommande

94 799 26 21 17
143 800 13 27 &
179 798 41 22 och
244 798 28 22 dä
291 806 77 21 genom
384 798 77 30 utdrag
475 807 26 14 ur
515 798 155 30 mantalslängd
685 799 115 29 tillräcklig
814 802 34 18 ut-

93 833 91 28 redning
198 833 48 22 icke
262 833 60 22 alltid
338 833 42 22 kan
395 833 158 23 ästadkommas
568 834 133 22 beträffande
716 841 90 21 egarene
815 834 33 21 till

94 867 40 22 och
156 867 107 22 storleken
285 867 23 22 af
326 867 27 22 de
368 867 58 22 olika
441 867 113 23 andelarne
569 869 7 20 i
592 876 27 14 en
633 868 105 29 lägenhet,
753 868 38 21 har
806 867 42 23 Ut-

93 902 83 22 skottet
204 902 94 29 vidtagit
323 910 27 14 en
374 903 82 22 mindre
481 903 174 29 omformulering
677 903 23 21 af
722 904 12 21 2
757 910 62 14 mom.
841 904 8 20 i

93 937 93 33 nämnda
201 938 19 27 8.

162 966 77 33 Öfriga
254 972 7 21 i
271 971 126 22 Utskottets
407 971 69 22 första
486 971 297 29 sammanjemkningsförslag
795 979 54 22 upp-

93 1008 66 26 tagna
174 1007 27 27 $$
216 1006 52 22 eller
283 1007 33 26 18,
332 1007 33 26 19,
379 1007 28 21 24
422 1006 41 22 och
477 1007 28 21 43
520 1007 27 27 88
562 1006 71 22 tarfva
645 1007 64 27 ingen
719 1006 74 22 vidare
803 1013 46 14 om-

93 1040 128 29 redigering.

162 1074 177 23 Vidkommande
363 1076 26 21 33
413 1076 12 27 &
446 1075 66 23 hafva
533 1075 159 29 Ridderskapet
714 1075 41 21 och
777 1074 71 22 Adeln

94 1112 56 20 samt
170 1109 184 28 Borgareständet
375 1109 93 27 beslutit,
486 1112 31 20 att
532 1110 66 22 orden
615 1110 86 22 »vidare
717 1111 27 20 än
759 1110 32 21 till
807 1108 42 23 den

94 1144 42 27 del,
158 1152 46 14 som
223 1144 48 22 icke
292 1146 24 20 är
335 1144 35 21 för
390 1144 138 28 lägenhetens
543 1144 149 22 bestämmelse
708 1144 138 28 erforderlig»

94 1179 69 22 skulle
187 1187 25 13 ur
227 1179 35 27 &:n
276 1178 110 28 uteslutas,
401 1179 111 22 hvaremot
525 1179 86 22 Preste-
625 1179 41 21 och
680 1178 168 22 Bondestånden

96 1214 35 21 för
146 1214 35 27 $n
195 1213 97 29 godkänt
304 1213 42 21 den
361 1213 23 21 af
398 1213 113 23 Utskottet
525 1214 121 28 föreslagna
660 1213 103 29 lydelsen.
791 1212 60 22 Enär

95 1247 91 23 sålunda
200 1250 80 20 tvenne
294 1246 65 23 stånd
372 1250 77 24 ansett,
464 1250 33 19 att
509 1247 178 29 parcellägenhet,
698 1254 46 15 som
755 1247 95 23 hufvud-

96 1282 99 28 sakligen
211 1281 158 22 användesstill
383 1282 110 28 tomtplats
509 1282 50 21 eller
571 1282 35 21 för
615 1281 122 22 industrielt
746 1281 105 27 ändamål,

96 1317 6 20 i
129 1317 65 27 ingen
216 1315 103 22 händelse
341 1315 67 22 borde
430 1318 51 19 utan
503 1323 88 21 egarens
611 1316 110 28 samtycke
743 1315 73 22 kunna
842 1316 7 21 i

96 1350 184 27 skiftesreglering
298 1349 107 28 indragas,
420 1350 41 20 och
483 1350 64 20 dessa
569 1350 74 20 stånds
665 1350 70 21 beslut
756 1351 94 20 närmast

96 1383 202 22 öfverensstämmer
321 1382 49 21 med
389 1382 101 28 gällande
510 1383 41 27 lag,
574 1383 66 27 enligt
654 1382 88 21 hvilken
756 1383 93 28 lagligen

96 1416 128 23 afsöndradt
245 1416 87 22 område
346 1416 48 22 icke
409 1416 34 22 får
457 1423 77 22 genom
549 1416 229 29 storskiftesreglering
793 1417 57 22 inom

165 1492 50 22 Lag-
228 1492 32 18 och
272 1490 181 19 Ekonomiutskottets
465 1491 110 18 betänkande
586 1490 38 19 N:o
635 1492 16 17 1.
