1036 1717
272 142 27 19 94

598 209 46 27 81

312 266 33 21 Då
364 266 136 22 konkursmål
518 266 88 29 afgöres,
622 272 38 21 ege
676 266 122 27 domstolen,
814 266 53 21 efter
882 266 114 22 nedanföre

243 301 109 21 faststälda
374 301 97 27 grunder,
492 302 73 27 pröfva
586 301 39 21 och
641 300 115 22 bestämma
771 300 41 22 den
826 300 96 28 ordning,
937 301 59 21 hvari

244 335 165 27 borgenärernes
431 335 118 28 fordringar
572 335 58 21 skola
654 342 25 14 ur
701 335 25 21 de
749 335 95 21 afträdda
858 335 138 28 tillgångarne

245 369 56 27 utgå,
315 370 7 20 i
337 370 99 21 händelse
452 370 61 21 dessa
528 370 18 27 ej
562 369 64 21 förslå
641 369 32 21 till
687 369 39 21 full
742 369 108 27 betalning
865 369 21 21 åt
900 370 47 20 alla.

312 404 106 27 Fastighet
443 404 53 22 äsatt
520 404 85 27 utskyld
630 403 52 21 eller
703 410 79 14 annan
805 404 95 21 likartad
921 404 76 27 utlaga

245 441 58 18 samt
323 438 98 27 fordran,
441 438 36 27 för
491 438 87 21 hvilken
593 437 105 28 fastighet
711 438 61 27 eljest
786 439 26 20 är
826 439 131 27 underpant,
972 438 25 21 så

245 473 37 20 ock
303 472 99 28 fordran,
424 472 36 28 för
482 473 86 21 hvilken
584 473 70 27 pant-
676 472 38 21 och
733 472 146 27 förmånsrätt
897 473 12 20 i
922 472 74 29 fartyg

245 507 51 21 eller
313 507 53 28 gods
386 507 9 21 i
414 507 75 28 fartyg
502 507 75 28 gäller,
593 507 85 21 utsökes
693 507 38 21 och
747 509 82 26 uttages
844 507 119 22 oberoende
978 508 21 20 af

246 542 127 27 konkursen,
388 541 26 28 på
429 543 40 20 sätt
484 542 72 21 därom
571 544 23 18 är
608 541 97 21 särskildt
720 541 102 28 stadgadt.

600 628 11 27 8
629 629 17 20 3.

315 685 46 21 Har
378 685 69 27 någon
463 685 7 20 i
485 685 80 21 händer
579 685 31 20 lös
625 686 60 26 pant;
701 685 59 27 njute
775 685 41 21 han
832 685 88 21 derutur
934 685 66 21 betal-

247 719 52 27 ning
313 719 87 21 framför
415 719 40 22 alla
471 719 70 22 andra.
571 719 85 21 Samma
671 721 39 20 rätt
722 719 62 22 hafve
798 720 38 20 ock
846 720 154 21 handtverkare

247 754 33 21 för
295 753 35 21 sitt
345 753 70 22 arbete
431 754 12 21 å
458 754 35 21 det
508 754 57 27 gods,
580 760 46 14 som
641 754 37 20 hos
694 754 77 21 honom
788 760 52 21 gvar
851 756 27 19 är.
908 753 92 22 Innehar

247 788 70 27 nägon
342 788 60 27 eljest
426 795 81 14 annans
528 788 46 21 lösa
596 788 52 27 gods
670 788 47 21 med
740 788 98 27 rättighet
860 790 29 19 att
911 789 36 20 det
969 789 31 20 till

249 822 96 22 säkerhet
359 823 32 20 för
406 823 84 20 fordran
507 822 112 28 gvarhälla,
635 829 38 21 ege
688 823 77 26 jämväl
781 822 45 22 deri
838 823 110 21 enahanda
959 823 42 21 för-

248 857 107 21 mänsrätt.

317 891 40 22 Om
380 891 40 21 den
443 891 139 28 förmänsrätt,
604 891 113 28 förlagslän
740 891 31 21 till
794 891 54 22 bruk
867 892 52 21 eller
932 892 68 21 fabrik

249 925 87 26 medför,
351 925 65 28 gäller
431 926 54 20 hvad
501 926 97 21 särskildt
612 925 68 21 finnes
695 925 102 28 stadgadt.

602 1011 12 27 S
624 1011 24 27 6.

317 1068 115 28 Jordegare
447 1069 59 27 njute
520 1069 32 20 för
568 1069 64 26 afrad,
648 1068 36 21 der
699 1069 41 20 den
756 1069 18 28 ej
792 1069 77 21 utestär
884 1069 32 20 för
928 1069 72 28 längre

249 1103 30 20 tid
300 1105 27 18 än
341 1103 8 20 i
364 1103 142 21 Jordabalken
521 1105 53 26 sägs,
589 1103 134 21 förmänsrätt
738 1104 7 19 i
759 1103 104 21 landbons
879 1103 51 22 eller
944 1103 57 28 lego-

249 1139 97 26 tagarens
361 1137 88 27 lösören,
465 1138 23 21 sä
504 1137 42 22 vidt
562 1138 25 21 de
603 1137 12 21 å
630 1137 68 22 stället
712 1137 75 28 finnas,
803 1137 22 21 sä
836 1138 39 20 ock
885 1138 7 20 i
902 1137 99 28 byggnad

250 1171 55 28 derä,
320 1178 45 14 som
380 1172 22 21 af
416 1172 133 27 legotagaren
565 1171 95 28 uppförts
675 1172 51 21 eller
741 1171 61 28 eljest
818 1172 76 21 honom
909 1171 91 22 tillfallit.

249 1205 44 28 Lag
308 1212 80 15 samma
403 1212 48 14 vare
467 1213 35 14 om
517 1207 115 26 ersättning
647 1206 32 21 för
689 1206 85 21 husröta
784 1206 52 21 eller
845 1206 98 27 vanhäfd,
956 1213 45 14 som

249 1240 125 27 jordegaren
389 1241 33 20 för
436 1240 51 21 flere
503 1240 50 21 eller
568 1241 54 20 färre
638 1240 22 21 är
674 1241 134 20 tillkommer.

603 1324 12 28 8
632 1325 17 21 7.

318 1382 97 22 Derefter
436 1382 53 28 utgå
512 1382 50 22 sista
584 1382 40 22 och
645 1383 89 27 löpande
758 1383 54 22 årets
834 1383 106 22 allmänna
962 1384 40 21 och

249 1417 136 21 kommunala
400 1417 115 28 utskylder,
530 1424 45 14 som
589 1418 18 27 ej
620 1419 36 20 äro
669 1417 119 22 beräknade
798 1418 33 21 för
841 1418 41 22 fast
893 1418 109 28 egendom.

253 1452 89 29 (Utesl)
