1031 1717
223 152 26 19 58

194 219 64 19 bättre
280 221 39 18 rätt
341 219 31 19 till
393 219 51 19 visst
465 219 56 25 gods,
543 220 29 18 att
593 218 94 26 gäldenär
702 218 89 25 tillhörig
805 218 29 19 lös
849 217 98 26 egendom

193 253 50 19 eller
263 253 34 19 det
319 253 56 25 gods,
397 253 82 19 hvarom
501 252 56 26 fråga
581 255 26 21 är,
622 252 33 20 må
670 252 68 20 ställas
753 252 64 20 under
831 252 72 20 förbud
917 252 30 19 att

193 287 60 25 säljas
268 287 49 20 eller
332 287 101 25 skingras;
450 287 25 19 då
491 286 33 20 må
539 286 72 21 sådant
625 286 77 25 förbud,
718 288 35 18 när
768 286 41 20 skäl
825 286 66 22 dertill
907 288 39 22 äro,

193 322 19 18 af
227 322 152 20 öfverexekutor
392 322 87 24 beviljas.

261 356 72 20 Finnes
348 356 103 25 egendom,
467 355 60 19 hvarå
543 355 184 25 skingringsförbud
738 355 87 25 begäres,
835 354 37 20 hos
883 354 63 25 tredje

192 396 52 18 man,
258 390 34 20 må
306 390 65 20 denne
386 390 98 25 förbjudas
499 391 29 18 att
543 390 38 20 den
596 390 82 24 utgifva.

547 495 12 19 3
570 491 23 33 8.

260 558 157 25 Öfverexekutor
439 569 36 19 ege
497 563 42 25 ock,
560 563 62 19 under
637 563 24 19 de
676 563 6 18 i
700 563 8 18 1
727 563 36 19 och
779 563 12 19 2
809 563 23 24 $$
849 562 96 25 stadgade

192 597 70 25 vilkor,
284 597 55 20 makt
353 599 29 18 att
397 599 52 18 sätta
464 597 39 20 fast
518 597 97 26 egendom
631 597 37 20 och
683 597 53 19 hvad
751 597 65 20 dertill
832 597 34 20 hör
881 597 65 19 under

191 632 70 19 förbud
282 633 30 18 att
333 632 59 25 säljas
412 632 48 19 eller
482 633 95 24 skingras.
602 631 22 20 så
647 632 35 19 ock
699 633 30 18 att
744 631 115 20 derutöfver
874 631 72 26 bevilja

191 666 95 25 qvarstad
302 666 12 19 &
329 667 39 19 rätt
388 666 29 20 till
434 666 60 25 afrad,
509 667 50 24 hyra
574 664 48 21 eller
637 668 61 22 ränta,
715 672 42 13 som
772 667 20 18 af
807 665 62 20 sådan
883 671 61 20 egen-

191 701 45 19 dom
247 701 61 19 faller.
331 696 28 24 Är
369 701 102 25 synnerlig
482 702 45 24 fara,
539 703 29 18 att
578 701 102 25 egendom,
691 707 42 13 som
745 701 64 20 under
819 700 125 25 skingrings-

190 735 72 20 förbud
284 737 69 23 sättes,
375 741 71 20 genom
470 735 88 20 vanvård
580 735 49 20 eller
650 735 117 20 annorledes
785 735 6 20 i
813 737 62 18 större
897 735 47 20 mån

190 771 113 24 försämras,
319 776 46 14 vare
379 770 33 25 lag
427 776 43 13 som
485 771 5 18 i
507 771 13 19 4
535 771 44 24 kap.
595 771 26 19 25
638 771 10 24 $
666 771 11 18 2
694 776 57 13 mom.
767 773 22 16 är
803 770 64 25 sagdt.

259 804 65 19 Sedan
340 805 39 19 fast
393 804 97 25 egendom
505 805 84 19 kommit
603 805 63 19 under
681 804 191 26 skingringsförbud,
883 804 32 19 må
925 805 18 24 ej

189 839 117 24 inteckning
320 839 41 20 deri
377 839 105 25 meddelas,
498 839 81 20 såframt
594 839 42 20 icke
651 839 108 25 anspråket
773 839 26 25 på
809 839 56 24 dylik
876 839 67 20 säker-

190 873 34 19 het
246 873 89 25 grundas
351 873 11 20 å
377 873 83 25 tidigare
483 873 56 26 gjord
560 873 87 20 ansökan
669 873 48 20 eller
734 873 11 20 &
761 873 135 25 stadgandena
911 879 33 14 om

190 907 87 25 ogulden
299 907 142 26 köpeskillings
460 909 45 22 rätt,
526 907 49 20 eller
589 908 36 19 ock
640 907 11 20 &
666 907 114 26 upplåtelse
801 907 20 20 af
835 902 107 31 nyttjande-

188 942 40 18 rätt
242 941 44 19 eller
299 947 68 14 annan
376 941 94 26 rättighet
480 942 48 19 eller
543 941 4 20 å
557 941 97 20 domstols
661 942 136 22 förordnande,
809 947 42 14 som
859 942 85 25 tidigare

190 977 33 23 egt
240 981 50 14 rum.
320 975 66 20 Under
403 976 137 19 förbudstiden
556 976 61 20 skedd
632 975 129 26 öfverlätelse,
778 976 22 19 sä
815 977 36 19 ock
865 976 77 19 inteck-

189 1009 55 25 ning,
269 1015 44 14 som
334 1010 6 19 i
363 1009 51 20 strid
434 1010 89 19 häremot
543 1010 116 24 meddelats,
682 1017 45 13 vare
748 1012 48 18 utan
819 1011 79 24 verkan,
920 1010 23 20 sä

190 1043 42 20 vidt
247 1043 17 26 ej
280 1045 6 18 i
302 1045 13 19 8
331 1045 10 24 $
359 1045 12 18 3
387 1050 58 14 mom.
461 1044 123 20 annorlunda
600 1047 53 23 sägs.

542 1131 13 19 4
568 1127 22 33 5.

256 1191 42 20 Har
319 1192 30 19 arf
370 1192 81 19 tillfallit
472 1193 53 24 flere,
545 1193 38 20 och
598 1195 61 18 sätter
674 1194 31 24 sig
720 1193 65 26 någon
799 1195 20 18 af
833 1195 44 19 dem
893 1196 49 18 utan

188 1225 24 20 de
227 1226 72 25 öfriges
316 1226 103 25 samtycke
435 1226 6 19 i
456 1227 56 20 boets
527 1227 104 25 egendom,
645 1227 49 20 eller
708 1228 35 19 har
758 1228 57 26 eljest
830 1229 92 25 delegare
934 1229 6 20 i

188 1259 93 19 samfäldt
302 1259 56 24 gods,
377 1260 81 18 hvilken
476 1261 37 18 har
526 1261 72 24 godset
612 1261 6 18 i
634 1261 80 24 händer,
730 1262 31 18 sin
776 1264 39 17 rätt
830 1263 111 24 märkligen

188 1292 135 26 Ofverskridit;
346 1299 35 19 ege
403 1294 156 24 öfverexekutor,
581 1296 36 17 när
639 1295 43 19 skäl
705 1295 65 20 dertill
792 1298 39 22 äro,
849 1296 92 20 förordna

187 1326 114 25 syssloman
323 1328 29 19 att
373 1328 46 19 boet
441 1328 154 25 omhändertaga
617 1328 37 20 och
676 1329 82 19 förvalta
781 1329 52 25 eller,
852 1330 3 19 i
871 1336 69 14 senare

186 1361 60 25 fallet,
262 1363 52 18 sätta
328 1362 73 25 godset
415 1362 7 19 i
437 1362 94 26 gvarstad
546 1362 49 20 eller
607 1363 63 20 under
684 1364 71 20 förbud
769 1366 29 18 att
816 1364 59 26 säljas
892 1364 48 21 eller

187 1396 98 26 skingras,
300 1396 49 20 efter
364 1399 23 23 ty
405 1397 3 19 i
425 1397 10 19 1
452 1397 37 19 och
505 1398 11 19 2
534 1398 24 24 $$
575 1398 72 19 samti
663 1399 12 19 3
692 1399 10 23 $
719 1400 21 18 är
755 1399 63 25 sagdt.

397 1461 24 25 (5
435 1459 15 28 $
464 1461 7 19 i
486 1461 45 20 nåd.
547 1467 56 20 prop.
618 1462 107 25 utesluten.)
