1028 1717
436 123 43 23 N:o
499 125 22 21 4.
802 123 24 21 13

175 189 62 22 Huru
254 189 55 27 dom,
326 195 44 15 som
386 190 7 21 i
411 191 8 19 1
437 190 39 20 och
491 191 13 20 3
519 190 124 26 punkterna
658 192 25 19 är
698 190 85 26 nämnd,
801 190 53 21 skall

103 224 135 25 verkställas,
254 224 59 27 skiljs
328 224 7 20 i
351 225 19 21 4,
387 226 13 19 5
416 224 38 21 och
470 226 12 20 6
498 226 55 20 samt
569 224 7 21 i
592 225 11 20 7
620 225 48 26 kap.

457 312 12 20 3
485 311 18 27 8.

171 349 48 22 Kan
242 350 49 27 laga
313 350 58 22 kraft
394 351 81 27 egande
499 351 48 21 dom
569 351 51 26 icke,
644 350 54 22 efter
713 352 23 26 ty
751 351 7 21 i
774 352 13 20 2
803 351 11 27 &
830 353 24 19 är

103 384 109 27 stadgadt,
236 384 22 21 af
278 385 185 27 utmätningsman
486 386 53 20 utan
562 385 92 21 särskild
669 384 110 22 föreskrift
793 385 61 21 verk-

103 418 81 27 ställas,
208 419 113 22 ankomme
343 420 29 26 på
390 419 163 22 öfverexekutor
568 421 33 20 att
616 425 34 16 om
665 419 188 28 verkställigheten

103 453 39 21 och
165 455 67 20 sättet
254 453 71 22 derför
344 454 109 27 förordna,
473 455 70 20 under
556 454 141 28 iakttagande
713 454 23 21 af
748 454 56 21 hvad
819 455 6 20 i
841 455 13 20 4

103 488 39 21 och
158 489 12 20 5
187 488 25 28 $$
228 491 55 24 sägs.

171 518 30 26 Är
216 529 34 16 om
266 523 189 28 verkställigheten
470 524 7 21 i
493 524 75 21 domen
584 523 135 22 föreskrifvet
735 523 51 22 eller
801 524 7 21 i
818 523 35 28 lag

102 557 103 22 särskildt
220 558 109 27 stadgadt,
345 558 64 21 lände
425 559 38 20 ock
479 559 36 20 det
531 558 31 21 till
579 558 149 22 efterrättelse.

455 642 12 19 4
483 640 18 27 8.

171 680 120 21 Innehäller
307 680 48 21 dom
360 676 14 36 i
392 680 43 27 fall,
451 687 46 15 som
511 681 7 21 i
534 682 12 20 3
563 681 11 27 $
591 680 60 27 afses,
666 680 145 27 förpligtande
821 680 32 21 för

100 714 44 21 den
160 715 110 26 tappande
291 715 33 21 att
343 715 66 27 något
422 715 99 27 fullgöra,
537 715 39 22 och
591 715 43 21 kan
650 715 37 21 det
702 715 61 21 äfven
779 714 23 21 af
816 721 36 15 an-

102 755 42 15 nan
161 749 93 27 utföras;
270 755 38 21 ege
324 749 161 22 öfverexekutor
501 749 125 28 bemyndiga
642 749 39 22 den
698 749 107 22 vinnande
820 750 34 20 att

101 785 29 26 på
145 784 154 27 vederpartens
318 785 101 26 kostnad,
435 784 48 28 sjelf
501 784 50 22 eller
569 790 77 21 genom
661 791 79 20 annan,
757 783 96 22 utföran-

102 818 37 21 det
153 818 91 27 besörja.
270 819 49 21 Kan
336 819 36 21 det
387 819 76 21 endast
479 818 23 22 af
515 819 41 21 den
566 819 110 27 tappande
687 818 90 27 utföras,
787 818 65 22 varde

101 853 42 21 han
167 859 76 21 genom
265 853 49 26 vite,
334 853 157 27 sammanlagdt
507 853 53 22 dock
575 853 18 28 ej
610 853 58 22 öfver
683 854 86 21 ettusen
785 853 66 26 mark,

101 887 52 22 eller
168 893 75 22 genom
259 887 66 22 häkte
341 887 71 22 dertill
426 887 76 22 hållen.

170 917 30 26 Är
215 923 70 26 någon
302 922 74 27 ålagdt
391 923 34 20 att
434 922 87 21 utfärda
531 922 96 21 salubref
636 922 50 21 eller
697 929 72 14 annan
780 921 72 22 skrift-

101 956 28 27 lig
152 956 108 27 handling,
276 957 51 20 eller
350 957 33 20 att
406 956 77 27 afgifva
498 957 115 26 samtycke,
628 956 159 28 godkännande
802 956 50 22 eller

102 991 57 26 dylik
174 991 124 27 förklaring,
315 991 61 22 hafve
392 991 82 26 domen,
483 992 25 21 så
518 993 62 20 snart
591 991 40 22 den
641 991 77 21 vunnit
728 991 50 26 laga
787 990 64 27 kraft,

101 1025 67 22 sådan
184 1025 87 26 verkan,
287 1032 45 15 som
348 1032 50 15 vore
413 1025 146 28 förpligtelsen
575 1025 105 28 fullgjord.

453 1119 12 20 5
481 1119 18 26 8.

169 1154 30 25 Är
214 1165 76 20 genom
307 1159 48 20 dom
371 1159 40 20 den
427 1159 110 26 tappande
552 1158 108 27 förbjudet
676 1160 32 19 att
724 1159 66 26 något
799 1161 53 24 göra

99 1193 52 21 eller
175 1195 33 19 att
229 1193 78 21 hindra
330 1199 72 15 annan
424 1194 34 20 att
481 1193 66 27 något
569 1192 78 27 utföra,
664 1193 39 21 och
721 1193 74 26 bryter
809 1193 42 21 han

101 1227 104 26 deremot;
225 1233 38 22 ege
278 1227 170 26 öfverexekutor,
464 1227 73 28 hvarje
552 1227 57 27 gång
623 1227 96 21 sålunda
730 1227 55 26 sker,
801 1227 51 22 fälla

100 1262 79 21 honom
193 1262 32 21 till
240 1262 50 26 vite,
306 1262 64 27 högst
384 1262 132 27 fyrahundra
531 1262 72 25 mark;
617 1261 125 22 föreskrifve
758 1262 45 26 ock,
815 1261 37 22 der

100 1297 25 21 så
146 1296 115 27 lämpligen
280 1296 38 22 ske
333 1297 49 26 kan,
398 1296 130 28 vidtagande
543 1296 23 21 af
579 1296 67 21 sådan
662 1296 83 27 åtgärd,
761 1297 32 20 att
809 1296 42 21 för-

99 1331 79 21 budets
194 1330 166 22 öfverträdande
375 1331 130 26 förebygges.

168 1364 65 22 Låter
255 1364 43 22 han
321 1364 32 27 sig
372 1364 17 28 ej
410 1364 23 22 af
448 1364 43 22 vite
506 1366 77 24 rättas,
599 1364 101 22 förordne
715 1364 135 22 öfverexeku-

100 1400 41 25 tor,
165 1400 33 20 att
219 1398 43 22 han
284 1399 35 21 må
341 1398 35 22 vid
395 1398 92 22 domstol
502 1398 99 27 tilltalas;
625 1398 39 22 och
678 1405 38 21 ege
732 1398 119 22 domstolen

99 1434 6 20 i
122 1434 22 26 ty
160 1432 36 22 fall
212 1433 62 21 döma
289 1433 78 22 honom
384 1433 31 21 till
431 1432 100 28 fängelse,
547 1432 18 28 ej
582 1432 58 22 öfver
655 1439 36 16 sex
707 1433 107 22 månader.
