1034 1714
316 135 29 22 U.
360 135 27 23 B.
403 149 28 2 —
445 135 75 29 Prop.
536 136 45 23 N:o
597 136 23 22 2.
805 137 12 20 3

92 203 70 29 pande
184 203 70 22 såsom
277 204 80 28 parcell
379 204 85 28 erbjöde
482 204 114 28 tillräcklig
610 206 66 26 utväg
692 206 7 19 i
714 212 28 14 nu
758 205 88 21 berördt

92 238 114 25 afseende;
224 245 49 14 men
288 238 97 21 häremot
398 238 42 21 kan
455 238 123 22 framhållas
594 238 45 21 dels
654 241 32 19 att
700 239 145 28 parcellinsti-

92 272 97 20 tutionen
204 271 34 21 för
252 271 213 29 jordbruksändamål
480 272 48 22 icke
543 272 89 21 kommit
646 273 33 21 till
690 273 108 28 synnerlig
808 280 38 14 an-

92 305 116 29 vändning,
223 305 46 22 dels
285 308 32 18 att
325 306 70 21 denna
408 308 65 26 utväg
482 306 76 22 varder
572 306 35 21 för
622 306 125 28 jordegaren
762 306 83 28 dyrare,

92 340 65 21 äfven
172 339 49 22 med
235 340 83 28 hänsyn
333 339 71 22 dertill
416 343 31 18 att
461 340 42 22 han
512 342 19 28 ej
540 341 43 21 kan
598 342 7 20 i
619 340 102 22 afseende
737 340 13 22 å
764 341 80 28 parcell

91 374 150 29 tillgodonjuta
263 374 128 28 stadgandet
412 376 7 20 i
440 376 27 20 34
489 376 12 26 &
524 375 110 28 angående
655 375 146 28 beräkningen
822 375 23 22 af

91 408 203 29 röktalsafgifterna.
323 409 12 21 I
350 409 140 22 betraktande
505 409 62 22 häraf
582 410 38 21 har
637 409 111 22 Utskottet
762 410 33 20 till
808 411 12 20 2
832 410 12 26 8

91 443 61 28 fogat
172 446 32 18 ett
218 443 125 28 stadgande,
357 443 138 29 hvarigenom
510 445 7 19 i
532 452 28 13 nu
576 443 94 29 antydda
684 444 38 20 fall
738 444 34 21 för
785 444 58 28 jord-

92 484 77 21 egaren
192 484 27 14 en
241 477 138 28 arrondering
401 478 22 20 af
441 477 52 22 hans
509 477 111 29 lägenhets
636 485 50 21 egor
700 478 144 28 möjliggöres.

160 511 49 21 Den
231 511 123 28 föreslagna
377 514 91 26 gränsen
487 512 35 21 för
534 512 163 28 jorddelningen
712 512 38 21 har
764 512 79 28 jemväl

90 546 8 22 i
120 547 18 25 3,
160 547 18 25 7,
201 547 33 25 17,
249 547 33 25 18,
301 546 32 26 19,
349 546 40 21 och
404 548 27 20 24
447 547 26 27 $$
488 546 96 29 påkallat
598 546 114 28 ändringar
727 547 7 20 i
749 546 94 22 hufvud-

90 580 69 29 saklig
174 580 222 22 öfverensstämmelse
414 580 49 22 med
478 580 78 29 nädiga
572 581 165 29 propositionen,
752 580 91 22 hvarvid

92 614 57 22 dock
163 615 7 21 i
187 616 25 20 17
229 616 12 27 8
257 614 66 22 orden
341 615 49 21 vder
406 615 113 28 utredning
534 623 35 13 om
584 615 96 21 delarnes
702 615 80 21 storlek
797 615 48 21 icke

91 649 111 22 företetts»
224 649 83 29 utbytts
323 652 57 19 emot
395 649 36 21 det
446 649 122 29 lämpligare
583 649 108 29 uttrycket
708 649 50 21 »der
772 649 73 21 utred-

91 685 52 27 ning
158 684 78 22 saknas
252 684 89 21 allenast
357 692 33 14 om
406 684 97 22 delarnes
519 684 100 22 storlek».

160 718 52 22 Ifall
233 726 27 14 en
283 718 126 22 oinskränkt
429 718 66 22 frihet
516 721 32 18 att
568 718 48 22 dela
630 718 76 29 jorden
720 718 48 22 icke
785 718 60 21 med-

91 753 77 28 gifves,
190 753 85 21 komma
298 754 11 20 7
333 754 12 26 &
368 754 26 20 12
415 753 48 29 kap.
486 748 148 26 Ärfdabalken
653 753 41 21 och
714 754 12 20 3
742 753 12 27 $
770 754 13 20 6
798 752 49 29 kap.

91 787 153 27 Jordabalken,
258 786 81 22 sädana
354 787 62 22 dessa
431 788 80 27 lagrum
527 786 49 29 lyda
592 788 7 20 i
609 786 53 22 hvar
674 787 33 21 sin
717 786 128 28 förordning

93 822 23 20 af
138 821 42 22 den
203 822 26 20 27
252 821 52 21 Juni
327 822 62 26 1878,
411 824 31 18 att
463 821 135 21 fortfarande
612 824 52 18 utan
679 821 91 28 ändring
785 820 62 29 gälla,

93 856 100 22 hvarföre
208 856 115 22 Utskottet
337 864 26 13 ur
377 857 26 20 43
420 857 12 27 &
447 856 97 21 uteslutit
558 855 67 29 sagda
640 856 87 28 lagrum.

159 890 71 22 Jemte
251 890 37 22 det
310 890 113 22 Utskottet
446 890 79 22 tilläter
547 891 33 27 sig
600 890 113 21 framhälla
734 892 37 24 att,
794 891 51 20 enär

92 925 86 22 Preste-
200 925 41 21 och
255 924 169 22 Bondeständen
439 927 56 19 ännu
510 926 48 20 icke
573 925 33 21 till
621 924 129 28 behandling
764 924 81 21 företa-

92 960 55 28 tagit
169 959 242 29 författningsförslaget
433 960 7 20 i
463 958 48 22 dess
533 959 77 26 helhet,
625 958 123 22 Utskottets
763 958 82 28 förslag

92 994 33 22 till
147 994 206 28 sammanjemkning
375 993 69 21 denna
465 993 58 29 gäng
538 993 106 29 sjelffallet
659 993 82 21 kunnat
755 992 90 22 omfatta

95 1028 144 22 betänkandet
254 1028 55 22 blott
321 1028 71 21 sävidt
407 1028 117 21 detsamma
539 1028 23 21 af
576 1028 98 27 samtliga
688 1027 74 21 ständs
779 1026 70 22 beslut

94 1062 90 27 berörts,
204 1062 34 21 får
261 1062 113 22 Utskottet
394 1062 27 28 pä
435 1062 70 28 grund
520 1062 23 21 af
558 1061 36 21 det
609 1061 157 21 ofvananförda
781 1060 72 22 vörd-'

94 1099 56 19 samt
164 1096 87 22 föreslä:

369 1150 32 19 att
421 1148 125 22 Ständerna
567 1148 51 21 ville
641 1147 36 28 för
699 1148 17 26 1,
740 1148 21 26 2,
784 1147 20 26 3,
831 1146 18 27 7,

298 1183 35 27 17,
351 1183 35 27 18,
405 1183 34 26 19,
456 1184 29 20 24
500 1183 39 21 och
554 1182 30 22 43
598 1182 31 27 $$
643 1181 9 21 i
664 1181 42 21 den
720 1181 128 28 föreslagna

299 1217 158 28 förordningen
479 1217 111 27 angående
612 1216 89 27 delning
721 1215 29 28 af
756 1215 91 28 jordlä-

297 1252 101 27 genheter
413 1253 82 26 antaga
509 1251 97 28 följande
622 1250 93 29 lydelse:

547 1315 11 20 1
573 1313 21 29 $.

367 1375 88 22 Frälse-
467 1376 39 21 och
515 1375 179 26 skattehemman,
704 1381 48 14 som
764 1373 84 21 under
837 1369 14 37 -

297 1410 49 29 gått
359 1409 109 29 storskifte
489 1409 51 22 eller
554 1409 29 28 af
597 1408 61 21 ålder
676 1407 60 22 varit
749 1407 100 28 enstaka,

299 1445 26 22 sä
347 1445 36 22 ock
404 1451 78 22 genom
504 1443 103 29 klyfning
626 1443 52 21 eller
691 1442 117 29 styckning
823 1441 30 29 af

162 1487 48 22 Lag-
223 1486 32 18 och
267 1485 181 19 Ekonomiutskottets
460 1484 110 19 betänkande
582 1483 38 19 N:o
632 1484 15 17 1.
