1039 1717
299 125 76 23 Ständ.
390 125 34 23 Sv.
440 138 27 3 —
483 126 64 28 Prop,
563 126 38 23 N:o
616 126 17 22 7.
804 129 11 19 7

93 190 62 22 helst
169 190 46 22 den
230 190 89 22 mindre
334 191 133 22 bemedlade
482 191 73 22 oftast
569 195 25 18 är
609 199 27 14 ur
651 192 68 22 stånd
734 194 35 20 att
784 191 61 29 sjelf-

93 224 106 29 ständigt
220 225 95 22 bedöma
337 225 190 29 aktieföretagets
548 226 112 28 ställning
679 226 44 22 och
742 228 35 20 att
795 226 49 22 deri

94 259 88 21 bevaka
206 260 51 21 sina
279 259 138 29 rättigheter
439 261 75 21 såsom
529 260 113 22 aktionär.
676 260 83 28 Enligt
777 261 66 21 Stän-

90 292 86 22 dernas
201 294 70 21 tanke
293 293 69 22 borde
388 294 199 29 minimibeloppet
608 294 37 22 för
667 294 62 22 aktie
747 295 97 21 bestäm-

92 334 49 15 mas
164 328 38 21 till
221 330 40 20 100
279 328 72 26 mark,
369 328 41 22 der
424 328 177 29 aktiekapitalet
616 328 137 30 öfverstiger
768 331 75 25 50,000

90 362 73 22 mark.

161 397 77 21 Jemte
257 396 39 23 det
316 397 130 23 Ständerna
464 398 94 29 utbedja
576 398 36 29 sig
630 400 35 20 att
679 398 24 22 få
718 398 37 22 för
769 398 76 28 öfriga

92 439 62 15 mera
170 432 131 29 betydande
317 432 124 29 ändringar
456 432 9 22 i
479 432 151 30 lagförslaget
644 432 111 30 redogöra
765 432 40 22 vid
815 432 29 22 de

92 466 77 22 skilda
184 466 169 29 paragraferna,
371 466 71 23 hafva
453 468 128 22 Ständerna
591 470 58 19 trott
663 468 36 28 sig
709 468 54 22 böra
773 468 70 21 redan

91 501 42 22 här
155 501 128 28 framhålla,
306 504 35 19 att
361 503 29 27 på
410 502 114 22 särskilda
542 502 84 22 ställen
643 503 9 21 i
669 503 174 29 propositionen

93 536 118 28 språkliga
231 536 168 29 förbättringar
417 536 79 22 blifvit
511 536 118 30 vidtagna,
644 536 97 23 hvarvid
755 537 9 21 i
780 545 64 14 sven-

92 570 42 22 ska
149 572 80 20 texten
242 571 72 28 några
324 578 96 15 numera
429 571 89 22 mindre
529 571 107 29 brukliga
647 572 46 28 ord,
705 574 49 20 mot
763 572 81 22 hvilka

89 606 182 28 anmärkningar
294 605 40 22 vid
358 609 50 19 1891
434 606 36 22 års
492 606 111 28 landtdag
622 606 119 29 försports,
765 606 80 22 blifvit

90 642 87 20 ersatta
192 640 52 22 med
259 640 136 29 lämpligare
410 640 100 29 uttryck.
527 640 103 23 Sålunda
641 645 38 18 äro
691 641 69 22 bland
773 641 70 22 andra

91 674 73 22 orden
186 675 80 29 ,lägga
288 675 82 29 bolag"
396 675 94 29 utbytta
508 678 50 20 mot
577 675 79 30 ,stifta
675 676 86 28 bolag*,
777 676 66 22 hvar-

91 709 95 29 igenom
198 710 86 28 jemväl
294 710 44 21 den
350 709 76 23 fördel
436 710 99 28 beredts,
547 712 34 20 att
590 710 37 22 för
637 710 51 28 alla,
700 718 49 14 som
759 711 85 28 grund-

91 744 70 28 lägga
180 744 76 29 bolag,
279 744 104 22 erhållits
402 752 29 14 en
449 744 105 30 enhetlig
568 744 142 30 beteckning
726 745 115 27 ,stiftare*

90 778 9 21 i
114 780 98 20 motsats
228 779 37 21 till
280 779 140 27 ,tecknare”.

159 814 192 27 Propositionens
378 816 12 19 2
417 815 13 25 &
456 813 60 22 afser
538 816 35 19 att
593 814 88 28 stadga,
704 814 81 22 hvilka
807 814 37 21 be-

90 848 145 28 stämningar
253 848 56 22 böra
326 848 9 21 i
352 848 183 28 bolagsordning
552 848 155 28 ovilkorligen
723 850 119 26 upptagas.

89 882 48 22 Det
152 890 69 20 synes
236 882 78 22 derför
329 890 55 14 vara
400 883 129 28 oegentligt
537 882 49 22 atti
597 886 24 18 10
629 883 106 28 punkten
746 882 26 22 af
779 890 64 21 para-

91 916 82 30 grafen
181 917 85 21 införts
275 917 44 22 den
328 917 125 29 vilkorliga
458 916 145 29 föreskiften,
609 916 235 30 attibolagsordning

87 952 89 28 jemväl
198 952 42 21 bör
261 952 63 28 ingå,
347 959 48 21 ,om
414 951 44 23 och
478 952 7 21 i
504 951 61 23 hvad
580 952 53 21 mån
649 952 128 28 afsättning
791 950 53 23 från

91 986 74 28 årliga
186 986 94 22 vinsten
303 986 41 22 bör
366 986 41 22 ske
426 986 55 22 eller
500 986 57 30 eljes
575 985 36 23 får
628 986 26 22 af
667 986 178 29 bolagsstämma

90 1021 125 21 beslutas”.
246 1020 130 22 Ständerna
396 1020 70 23 hafva
485 1021 64 29 förty
567 1020 108 22 uteslutit
693 1020 151 22 omförmälda

90 1055 129 29 stadgande
233 1063 28 14 ur
276 1056 76 21 denna
367 1055 109 29 paragraf
482 1056 43 22 och
535 1056 9 22 i
552 1056 78 21 stället
638 1056 72 21 insatt
718 1056 125 21 detsamma

91 1090 76 22 såsom
187 1092 34 20 ett
240 1092 55 26 nytt
315 1092 103 20 moment
437 1090 73 22 under
529 1093 11 20 3
557 1092 20 26 &,
592 1090 96 22 hvilken
703 1090 64 22 förut
781 1090 63 22 inne-

90 1124 73 22 håller
179 1124 71 22 andra
264 1124 114 22 likartade
391 1124 152 22 föreskrifter.
559 1124 86 22 Tillika
655 1125 41 21 har
707 1124 137 29 stadgandet

90 1158 70 23 äfven
176 1160 8 20 i
198 1160 72 28 öfrigt
280 1160 191 27 omformulerats,
482 1159 114 23 beroende
606 1160 31 28 på
646 1160 44 21 den
701 1159 142 29 förändring,

91 1200 49 16 som
157 1194 113 28 vidtagits
286 1194 8 21 i
309 1196 27 20 20
351 1196 13 25 $
380 1195 36 27 (22
432 1195 14 26 8
461 1194 8 21 i
485 1194 140 22 Ständernas
640 1194 104 28 förslag).

159 1228 35 22 Ur
214 1232 12 18 4
245 1230 13 26 $
277 1228 41 22 har
341 1228 66 22 ordet
431 1246 7 10 ,
444 1228 146 30 bolagsman"
607 1229 125 25 uteslutits,
749 1228 95 22 emedan

91 1262 139 29 stadgandet
244 1264 8 20 i
264 1262 76 23 denna
349 1262 110 30 paragraf
466 1263 143 29 följdriktigt
619 1263 41 21 bör
671 1263 96 22 omfatta
775 1263 68 22 äfven

90 1297 41 22 det
146 1297 48 28 fall,
210 1298 29 21 då
254 1297 101 23 fördelar
369 1297 141 23 förbehållas
525 1305 76 15 annan
617 1301 28 18 än
661 1297 140 29 bolagsman.

160 1332 68 21 Efter
242 1332 188 28 propositionens
446 1335 12 18 4
474 1334 12 25 $
502 1332 41 22 har
558 1332 84 21 införts
656 1340 29 13 en
695 1339 32 21 ny
737 1331 110 29 paragraf

91 1366 22 27 (5
129 1366 30 26 8),
176 1365 65 22 hvari
256 1365 29 29 på
300 1365 63 22 förut
378 1364 97 23 anförda
490 1366 51 21 skäl
555 1365 98 28 intagits
669 1365 127 29 stadgande
807 1372 37 15 om

90 1399 202 29 minimibeloppet
306 1399 36 22 för
357 1400 69 21 aktie.
455 1400 12 21 I
482 1406 86 15 samma
582 1399 110 29 paragraf
705 1400 40 21 har
757 1399 87 29 jemväl

91 1434 128 30 upptagits,
238 1436 35 20 att
288 1434 108 29 samtliga
411 1434 75 22 aktier
501 1434 54 22 böra
570 1441 55 15 vara
639 1434 48 22 lika
703 1436 67 25 stora,
787 1434 58 22 hvil-
