1025 1720
304 127 29 23 U.
349 128 28 23 B.
393 141 28 2 —
437 128 74 29 Prop.
526 129 43 21 N:o
584 129 24 22 4.
776 129 26 21 57

80 195 150 28 eganderätten
256 184 187 41 blifvit/slutligen
459 196 97 29 pröfvad,
571 204 51 14 vara
637 197 69 28 egnad
722 199 31 19 att
767 197 66 21 fram-

78 229 56 21 kalla
160 230 111 33 obehörigt
285 230 107 31 dröjsmål
415 232 8 19 i
445 231 61 28 fråga
529 238 33 14 om
578 232 158 29 utmätningens
752 231 81 28 skynd-

78 271 80 22 samma
183 259 139 29 slutförande.
351 265 34 22 Ur
409 265 135 28 synpunkten
570 265 39 21 af/
608 265 64 26 hvad
688 262 139 36 borgenärens
840 273 8 8 7
871 260 5 18 i

78 298 90 23 intresse
191 299 87 21 kräfver
300 299 42 21 kan
366 302 30 18 ett
415 299 76 21 sådant
505 299 74 28 längre
594 295 95 45 uppskof
703 296 129 31 näppeligen

78 330 50 23 med
143 333 47 20 skäl
205 333 113 27 försvaras,
332 333 90 22 likasom
438 341 25 14 en
479 333 59 29 dylik
554 333 92 28 omgång
660 334 18 27 ej
694 333 67 21 heller
775 334 8 20 i
798 333 35 21 öf-

78 367 42 27 rigt
135 374 63 21 synes
214 375 50 14 vara
279 367 101 29 påkallad
395 368 49 21 med
458 367 86 28 hänsigt
555 367 31 22 till
598 367 26 22 de
636 368 105 21 allmänna
753 367 80 28 grund-

79 404 68 18 satser
165 409 33 13 om
215 409 26 14 en
257 402 116 29 skyndsam
387 402 168 28 verkställighet,
570 409 46 14 som
631 401 147 22 öfverhufvud
795 403 39 20 äro

77 435 141 22 utmärkande
239 436 36 21 för
296 436 144 28 lagförslaget.
475 436 113 22 Utskottet
608 436 38 21 har
668 436 72 21 derför
762 439 72 19 ansett

78 469 100 29 pröfning
201 470 22 21 af
246 470 151 28 eganderätten
413 471 7 21 i
435 478 27 14 en
477 470 187 22 domstolsinstans
679 478 52 14 vara
746 470 34 22 för
795 473 37 19 än-

79 503 93 22 damälet
194 504 190 30 tillfyllesgörande
407 505 40 21 och
463 506 32 20 till
509 505 129 29 paragrafen
652 505 61 28 fogat
728 508 31 19 ett
774 505 59 21 stad-

78 538 70 29 gande
173 539 23 21 af
220 540 94 22 innehåll
335 543 38 24 att,
388 540 28 22 då
431 540 67 28 tredje
513 548 59 13 mans
588 540 92 28 anspråk
696 540 28 28 på
739 540 93 28 egande-

77 575 43 20 rätt
144 574 33 21 till
202 576 77 20 utmätt
303 575 137 29 lösegendom
466 575 72 21 blifvit
552 582 78 20 genom
645 574 121 22 underrätts
783 574 49 22 dom

77 608 127 27 förkastadt,
219 610 189 28 verkställigheten
423 609 34 21 får
472 610 107 26 slutföras,
594 616 34 14 om
640 609 39 21 ock
691 609 76 21 domen
778 613 55 17 mot-

79 643 81 29 vädjas,
179 643 111 22 äfvensom
313 644 133 28 borgenären
470 652 39 20 ega
530 646 42 19 rätt
593 647 31 18 att
645 644 53 29 lyfta
713 644 120 21 utfallande

79 677 69 22 medel
163 680 45 19 mot
223 681 52 25 pant
290 678 51 22 eller
356 679 85 27 borgen.

146 712 13 20 I
185 714 12 20 2
222 720 63 14 mom,
309 713 40 21 har
376 713 119 27 Utskottet,
524 713 34 21 för
588 712 107 22 vinnande
717 713 23 21 af
761 712 73 22 öfver-

80 746 160 22 ensstämmelse
261 747 49 21 med
325 747 57 22 hvad
397 748 6 20 i
421 749 11 20 1
448 756 62 13 mom.
525 748 6 20 i
547 747 102 21 liknande
665 747 56 29 syfte
737 749 23 19 är
775 747 58 21 stad-

81 780 58 29 gadt,
164 784 71 18 ansett
261 782 75 28 nödigt
359 784 51 26 göra
426 784 31 20 ett
471 782 74 28 tillägg
560 782 72 22 derom
648 785 32 18 att
694 782 67 28 tredje
777 790 57 19 man,

80 823 45 14 som
147 816 55 21 efter
221 818 147 26 utmätningen
384 816 95 22 kommer
493 817 49 21 med
558 816 92 30 anspråk
664 816 29 30 på
708 817 125 28 eganderätt

79 850 33 21 till
128 852 76 20 utmätt
218 851 32 21 lös
262 851 103 28 egendom
382 851 41 21 och
434 851 23 22 af
466 852 166 21 öfverexekutor
643 851 77 21 varder
727 851 105 21 hänvisad

80 887 32 19 att
130 886 40 39 sin
195 885 58 22 talan
266 885 70 47 efter
351 887 106 39 stämning
472 885 76 27 utföra,
564 893 62 32 eger,
628 886 42 40 vid
687 886 106 40 äfventyr.
801 888 32 19 att

80 962 211 56 mätningemannen.
294 990 58 23 inom
367 989 42 22 den
424 990 7 20 i
446 997 62 14 mom.
524 991 80 19 utsatta
619 989 65 30 tiden.
700 1004 2 6 ;

119 1018 4 5 *
148 1023 70 21 Bland
240 1023 26 22 de
288 1024 6 20 i
318 1023 58 22 detta
401 1019 79 32 kapitel
505 1020 106 31 ingående
637 1023 133 28 stadganden
795 1024 39 21 fin-

79 1065 38 14 nes
142 1058 48 21 icke
215 1057 71 28 nägon
310 1057 111 22 föreskrift
443 1065 34 14 om
492 1057 134 22 förfarandet
640 1058 37 21 vid
693 1059 118 26 utmätning
826 1059 7 20 i

81 1092 105 21 särskilda
204 1092 37 21 fall
257 1093 23 20 af
295 1092 252 28 egendomsgemenskap,
562 1099 51 14 vare
628 1093 33 27 sig
676 1095 32 18 att
723 1092 66 21 sädan
799 1092 34 21 fö-

80 1127 93 28 religger
187 1127 7 20 i
210 1126 102 22 afseende
327 1127 13 21 &
355 1129 31 19 ett
401 1127 94 21 enskildt
509 1126 90 21 föremäl
614 1126 51 21 eller
680 1127 42 21 ock
737 1129 31 19 att
779 1135 56 13 sam-

80 1161 124 22 manlefnad
228 1163 7 20 i
260 1161 106 22 oskiftadt
387 1161 29 22 bo
431 1169 50 20 eger
494 1169 52 14 rum.
576 1161 109 28 Pätagligt
699 1169 62 20 synes
778 1161 56 22 dock

80 1203 52 14 vara
156 1199 37 22 att,
216 1196 71 21 derest
307 1197 96 20 närmare
419 1195 158 28 bestämningar
592 1195 128 22 ätminstone
735 1197 8 19 i
758 1196 77 21 sistan-

80 1229 68 30 tydda
169 1229 95 29 riktning
279 1229 49 22 icke
342 1230 74 28 inflyta
431 1231 8 19 i
454 1229 41 22 den
510 1229 111 22 blifvande
636 1229 198 28 utsökningslagen,

82 1264 113 22 osäkerhet
214 1264 121 26 framdeles,
356 1263 88 22 likasom
467 1264 138 21 härförinnan
628 1265 55 20 varit
698 1263 67 27 fallet,
780 1263 55 22 skall

80 1298 54 21 räda
148 1298 74 21 derom
239 1297 106 22 huruvida
361 1298 39 20 och
415 1297 28 29 pä
459 1298 55 20 hvad
531 1299 43 19 sätt
588 1298 121 27 utmätning
725 1297 22 21 af
761 1297 75 27 gälde-

80 1334 49 19 närs
145 1332 63 21 andel
222 1333 7 19 i
246 1334 30 19 ett
291 1331 105 22 oskiftadt
411 1332 28 20 bo
455 1332 40 20 bör
509 1331 101 28 försiggä.
633 1331 105 21 Gällande
754 1332 34 26 lag
803 1332 33 20 in-

82 1366 96 20 nehäller
192 1365 48 21 icke
255 1365 66 27 nägra
336 1364 141 27 föreskrifter,
493 1372 44 13 som
554 1364 132 21 omedelbart
700 1364 88 21 hänföra
803 1365 34 27 sig

80 1400 33 20 till
140 1399 60 21 detta
221 1398 117 30 spörjsmäl.
367 1398 84 22 Endast
473 1398 132 22 beträffande
626 1400 119 27 utmätning
760 1398 23 22 af
797 1398 39 22 bo-

81 1434 151 28 lagsegendom
258 1434 41 22 och
321 1433 54 29 gods
398 1434 7 20 i
427 1433 84 22 makars
526 1433 28 22 bo
569 1432 113 22 äterfinnas
697 1432 66 29 nägra
778 1432 59 22 stad-

151 1474 130 23 Lagutskottets
294 1474 110 18 betänkande
416 1473 36 19 N:o
465 1475 16 17 5.
