1048 1714
352 120 24 23 U.
392 120 25 23 B.
432 134 28 3 —
474 121 65 30 Prop.
553 122 38 23 N:o
607 121 20 23 8.
810 125 26 20 53

112 188 24 20 är
157 186 85 28 oriktig,
263 187 35 21 mä
313 187 42 21 han
370 187 65 27 klaga
451 187 97 23 deröfver
563 188 40 22 hos
619 189 41 22 den
675 189 131 28 myndighet,
827 195 40 16 un-

112 221 38 21 der
165 220 86 23 hvilken
265 221 173 27 tjenstemannen
453 223 65 27 lyder.

180 255 43 22 Vil
244 255 71 27 nägon
338 256 77 22 tilltala
438 257 204 28 stämpelförsäljare
664 257 33 22 för
712 257 29 22 fel
756 257 7 22 i
779 258 40 21 och
833 257 34 22 för

112 289 51 22 dess
178 289 125 28 befattning,
319 291 85 22 anmäle
420 291 79 22 sädant
514 291 39 22 hos
569 292 40 21 den
625 291 131 28 myndighet,
772 297 46 16 som
828 291 38 22 ho-

110 330 51 16 nom
176 323 117 24 förordnat.

462 401 12 26 8
490 401 33 20 40.

179 455 116 28 Angäende
311 456 137 27 tillverkning
469 456 39 23 och
524 457 158 27 utkreditering
696 457 23 21 af
734 459 55 20 samt
804 457 63 22 redo-

111 489 84 28 visning
217 489 33 22 för
272 490 176 29 stämpelpapper
471 491 39 22 och
534 491 180 28 stämpelmärken
737 491 67 22 finnes
820 493 45 20 sär-

111 524 67 22 skildt
194 525 108 26 stadgadt.

462 600 11 27 $
488 600 34 27 41.

180 656 75 22 Denna
277 656 125 27 förordning
422 657 76 22 länder
520 657 32 21 till
575 656 144 23 efterrättelse
734 656 46 22 från
797 657 40 21 den
855 659 10 19 1

110 690 89 22 Januari
218 692 52 21 1895
288 691 32 21 till
336 691 109 27 utgången
460 691 22 21 af
496 692 24 21 är
537 694 60 19 1897.

180 880 42 22 För
237 880 40 22 den
293 880 104 22 händelse
412 882 33 20 att
460 880 119 22 Ständerna
591 880 115 28 godkänna
714 880 152 23 ofvanstäende

111 915 82 28 förslag
215 915 32 22 till
269 915 223 28 stämpelförordning,
516 915 80 22 tillåter
618 915 32 27 sig
674 916 107 21 utskottet
800 916 66 27 ytter-

111 951 68 26 ligare
194 949 91 23 föreslå:

387 1026 33 20 att
436 1024 125 22 Ständerna
578 1024 49 22 ville
647 1025 69 21 säsom
734 1024 93 22 inkomst
842 1025 28 27 af

317 1059 234 28 stämpelbevillningen
577 1059 70 22 under
671 1059 150 22 instundande
841 1059 25 27 fi-

317 1093 135 28 nansperiod
472 1092 147 23 1995—1897
641 1093 95 23 beräkna
751 1094 29 22 ett
794 1093 71 27 belopp

319 1130 26 26 af
363 1128 122 27 1,650,000
507 1127 61 23 mark
586 1135 43 21 per
650 1128 28 22 är
700 1128 49 22 eller
770 1128 35 27 för
818 1128 48 22 hela

319 1162 104 23 trienniet
436 1162 160 29 sammanlagat
610 1162 125 29 4,950,000
749 1163 67 22 mark.

181 1254 43 21 Det
246 1260 50 16 vore
319 1254 22 21 af
363 1254 108 27 synnerlig
493 1254 45 22 vikt
559 1256 33 20 att
613 1254 35 22 vid
671 1254 67 22 slutet
752 1254 23 22 af
787 1254 79 22 finans-

112 1288 103 27 perioden
239 1290 140 20 1895—1897
404 1289 74 21 kunna
496 1289 49 21 med
560 1288 37 22 full
612 1288 150 26 noggrannhet
776 1288 91 27 uppvisa

113 1322 40 22 och
175 1322 92 22 bedöma
290 1323 38 21 det
348 1322 114 22 finansiela
483 1323 115 22 resultatet
620 1322 23 22 af
661 1322 26 22 de
703 1322 106 22 särskilda
823 1322 43 22 för-

113 1356 95 21 ändrade
231 1357 40 21 och
293 1363 41 20 nya
354 1355 183 28 stämpelafgifter,
561 1356 71 21 hvilka
647 1356 119 21 utskottets
782 1355 84 22 författ-

112 1389 143 28 ningsförslag
269 1390 126 27 innehäller,
408 1401 25 4 —
443 1390 73 21 derest
531 1390 26 21 de
573 1390 85 21 komma
672 1389 31 22 till
716 1389 63 22 ständ
791 1401 25 4 —
826 1390 40 21 och

113 1427 34 19 att
169 1425 121 27 derigenom
313 1425 68 22 tillika
404 1425 63 22 vinna
490 1431 25 16 en
539 1425 63 22 säker
624 1424 86 28 ledning
730 1424 35 22 vid
780 1425 86 22 utarbe-
