1031 1714
789 144 25 18 57

91 209 102 25 betalning
216 210 61 25 njuta,
300 210 35 20 der
357 210 17 26 ej
397 210 26 26 på
441 211 66 25 grund
522 211 19 19 af
556 211 118 25 stadgandet
689 212 5 19 i
712 212 25 20 19
755 213 10 23 &
782 211 62 21 sådan

90 244 57 18 ränta
159 243 33 19 må
206 244 72 19 honom
294 244 168 25 tillgodokomma.

158 277 42 19 Har
221 278 66 25 någon
310 278 38 20 fått
369 278 52 25 lyfta
438 278 212 26 köpeskillingsmedel,
665 280 61 19 innan
741 279 56 25 fråga
811 286 32 14 om

89 311 64 19 bättre
168 313 40 17 rätt
223 312 29 19 till
267 312 45 19 dem
328 312 65 19 blifvit
408 312 95 25 slutligen
512 312 89 26 pröfvad,
611 313 37 19 och
659 313 64 19 finnes
733 313 40 19 han
783 313 60 19 sedan

89 344 73 26 pligtig
176 347 30 17 att
221 346 34 19 det
270 346 75 24 lyftade
360 346 49 19 eller
423 346 66 26 någon
504 346 31 20 del
546 346 55 20 deraf
610 346 95 26 återbära,
718 346 57 26 gälde
785 349 58 17 ränta

91 379 51 20 efter
157 385 36 14 sex
208 380 29 19 för
251 380 104 20 hundrade
370 386 31 13 om
417 380 42 20 året
469 380 48 25 från
531 380 36 20 den
578 380 36 26 dag
624 380 25 20 då
658 381 73 19 medlen
743 380 70 26 lyftats.

437 483 26 20 25
480 484 17 23 8.

158 545 99 20 Förhåller
272 546 172 25 utmätningsman
455 547 63 19 medel
528 547 31 19 för
569 547 164 26 fordringsegare,
743 547 26 20 då
778 547 65 20 denne

88 586 48 19 eger
150 582 40 18 rätt
204 582 30 17 att
249 580 45 20 dem
310 580 44 20 utfå
369 581 37 19 och
421 581 30 19 till
467 581 57 19 deras
539 581 90 25 lyftande
639 582 30 25 sig
679 581 93 25 anmäler,
785 581 58 26 gälde

89 616 58 19 ränta
162 615 49 19 efter
227 621 35 13 sex
278 615 29 19 för
321 615 104 20 hundrade
440 621 32 14 om
487 615 42 20 året
544 615 36 20 och
595 621 85 14 ansvare
695 616 103 19 dessutom
813 617 30 18 för

88 649 128 25 tjenstefelet.

428 760 10 19 7
453 759 51 20 Kar.

128 848 43 22 Om
187 849 122 28 gvarstad,
325 849 230 28 skingringsförbud
572 851 62 22 samt
649 850 153 28 reseförbud,

170 882 26 23 sä
212 883 44 22 ock
272 889 80 16 annan
368 883 194 28 handräckning,
577 891 50 16 som
644 884 27 23 af
683 884 77 23 &fver-

327 918 121 23 exekutor
463 918 39 23 mä
517 918 84 29 gifvas.

443 990 10 18 1
466 977 22 41 $.

158 1051 65 25 Begär
245 1052 97 24 borgenär
363 1051 37 19 hos
423 1052 156 23 öfverexekutor,
602 1051 29 19 till
654 1052 92 19 säkerhet
765 1051 30 19 för
809 1052 32 19 sin

88 1085 86 24 fordran,
190 1085 95 25 gvarstad
300 1085 12 20 &
327 1085 22 20 sä
365 1086 79 24 mycket
459 1086 20 18 af
493 1086 130 25 gäldenärens
633 1085 43 20 lösa
685 1085 102 25 egendom,
798 1092 43 13 som

88 1119 40 20 kan
150 1121 42 18 mot
214 1120 37 19 den
273 1120 79 20 fordran
375 1126 62 18 svara,
460 1120 47 20 eller
522 1120 59 20 äskar
595 1126 46 13 man
656 1120 94 25 gvarstad
764 1119 12 20 å
791 1120 52 19 visst

89 1154 56 26 gods,
168 1160 42 13 som
233 1160 65 14 annan
319 1154 83 20 innehar
421 1154 38 20 och
474 1154 79 20 hvartill
568 1160 46 14 man
629 1154 70 26 pästär
713 1154 64 20 bättre
792 1156 48 18 rätt:

89 1188 36 20 har
148 1188 100 20 sökanden
269 1188 81 20 företett
372 1188 103 20 sannolika
497 1189 42 19 skäl
561 1189 29 19 för
610 1194 75 14 samma
700 1188 79 19 fordran
794 1188 49 20 eller

89 1224 45 23 rätt,
149 1222 37 20 och
200 1223 80 24 pröfvar
295 1222 158 25 öfverexekutor,
468 1223 33 19 det
515 1223 42 19 fara
572 1224 21 18 är
607 1224 30 17 att
652 1222 72 25 godset
738 1222 20 19 af
773 1222 69 20 veder-

90 1258 70 24 parten
183 1256 140 21 undanstickes
346 1256 47 20 eller
408 1257 104 24 förstöres;
529 1256 60 20 varde
603 1256 26 20 dä
643 1256 93 26 gvarstad
751 1256 91 25 beviljad.

445 1352 46 24 28.

160 1414 83 21 Pröfvar
264 1413 151 21 öfverexekutor
436 1413 36 20 full
495 1414 108 25 anledning
625 1414 17 25 ej
666 1420 46 13 vara
728 1416 29 18 att
772 1413 71 26 bevilja

92 1449 93 27 qvarstad
207 1449 49 20 efter
273 1449 9 19 1
301 1449 18 24 &,
334 1447 48 21 eller
405 1448 58 20 äskar
485 1448 97 26 borgenär
596 1448 49 20 eller
659 1449 44 24 den,
718 1455 41 14 som
775 1448 69 27 påstår
