1025 1714
230 160 26 20 18
425 158 29 22 U.
470 158 27 22 B.
514 171 27 3 —
557 158 73 28 Prop.
646 158 42 22 N:o
703 159 24 21 4.

200 225 106 29 beloppet.
336 225 97 21 Emedan
455 225 127 28 gäldenären
606 226 24 21 af
649 226 134 27 löngifvaren
805 225 83 28 uppbär
903 224 52 21 aflö-

200 261 79 27 ningen
295 259 76 21 endast
392 263 45 17 mot
451 259 73 21 derför
545 260 77 28 ätagna
637 260 151 28 skyldigheter,
810 259 87 21 kräfver
911 258 43 21 till-

201 294 67 28 börlig
283 294 83 28 hänsyn
387 294 32 21 till
435 293 42 21 den
495 294 142 22 sistnämndes
652 296 49 25 rätt,
724 296 32 19 att
770 294 47 21 utaf
832 293 121 27 aflöningen

200 328 47 22 icke
263 336 57 13 mera
343 328 34 20 fär
391 331 61 25 tagas
468 328 7 20 i
490 328 92 29 anspräk
598 328 24 22 af
636 328 42 21 den
694 328 68 21 förres
779 328 132 28 borgenärer,
926 328 27 20 än

200 365 32 19 att
246 362 41 22 han
303 362 48 22 med
373 362 122 29 ätnjutande
511 363 23 21 af
555 362 121 22 äterstoden
692 362 113 22 förblifver
820 363 7 20 i
843 362 63 21 ständ
922 364 32 18 att

200 397 115 28 behörigen
330 397 93 28 fullgöra
438 398 46 20 sina
499 396 212 29 tjensteäligganden.
734 397 12 21 I
756 396 61 29 fråga
827 397 73 21 härom
911 396 42 21 kan

200 432 37 21 det
251 432 107 28 nämligen
372 432 47 21 icke
435 431 103 27 betviflas,
554 434 32 19 att
600 432 135 28 gäldenären,
753 432 66 21 ehuru
834 431 53 21 hans
903 430 52 22 aflö-

199 467 53 27 ning
266 466 6 21 i
289 467 31 20 sin
336 466 72 21 helhet
423 466 48 21 icke
485 468 63 26 utgör
563 474 44 14 mer
622 468 26 19 än
664 474 27 14 en
707 466 54 22 efter
776 466 75 21 måttet
863 466 40 21 och
917 465 38 21 be-

200 500 147 23 skaffenheten
363 501 23 21 af
399 500 53 22 hans
467 500 129 29 åligganden
615 500 100 29 afpassad
731 500 167 29 vedergällning,
913 500 41 21 lik-

200 535 35 22 väl
249 543 77 20 genom
342 537 31 19 att
387 536 78 21 inrätta
480 537 46 20 sina
540 535 149 22 förhållanden
704 537 8 20 i
727 535 96 28 enlighet
837 535 49 22 med
896 534 57 22 hvad

199 570 53 21 hans
268 570 54 28 pligt
336 569 69 21 under
419 569 80 22 sådana
511 570 181 27 omständigheter
701 569 85 22 fordrar
797 569 66 22 måste
874 569 80 27 kunna,

200 603 64 22 äfven
286 603 48 22 med
351 603 103 22 afsaknad
477 604 23 21 af
516 604 69 29 någon
607 604 81 21 mindre
704 604 35 21 del
759 604 23 21 af
797 603 65 27 sagda
877 603 77 22 veder-

199 638 101 29 gällning,
315 638 97 29 uppfylla
432 639 46 20 sina
493 638 146 29 skyldigheter
656 641 45 18 mot
715 638 141 29 löngifvaren.
885 637 68 22 Hvad

200 673 45 21 åter
258 674 122 27 utmätning
395 672 22 21 af
432 673 89 28 pension
536 672 105 27 beträffar,
657 673 23 21 så
695 673 62 21 torde
768 680 79 14 samma
857 673 98 26 intresse,

200 715 45 14 som
261 707 75 29 bjuder
355 709 31 19 att
401 714 25 13 en
443 708 7 20 i
465 707 77 21 allmän
560 707 51 21 eller
629 707 84 21 enskild
727 708 66 28 tjenst
807 706 83 22 anstäld
906 714 48 21 per-

200 749 38 14 son
262 741 141 22 tillförsäkras
429 742 90 27 pension
546 742 55 21 efter
626 742 44 21 viss
684 741 118 28 tjenstetid,
818 741 65 21 äfven
901 741 51 22 böra

198 775 117 26 föranleda,
339 778 32 19 att
395 775 70 22 denna
490 777 90 27 pension
604 775 34 22 får
662 775 23 22 af
699 776 77 21 honom
792 775 162 29 tillgodonjutas

198 811 68 21 under
281 810 128 21 åtminstone
425 811 18 26 ej
457 811 67 20 sämre
534 810 71 22 vilkor
615 812 27 19 än
653 810 68 21 lönen.
737 809 123 22 Omordade
870 809 83 22 undan-

198 843 132 30 tagsförmån
353 844 41 21 kan
417 843 107 29 sjelffallet
537 845 56 27 gälla
616 844 75 21 endast
707 844 41 21 den
763 844 35 21 del
813 844 24 21 af
851 844 36 20 lön
902 844 53 21 eller

198 879 96 28 pension,
312 885 46 14 som
374 878 88 28 belöper
477 879 33 26 sig
525 879 27 28 på
567 878 60 21 tiden
644 878 89 21 emellan
748 879 147 26 utmätningen
911 878 43 21 och

198 915 62 19 nästa
274 912 208 28 betalningstermin:
497 911 39 23 har
550 912 129 29 gäldenären
694 912 37 22 vid
747 912 206 28 utmätningstillfäl-

198 947 30 21 let
252 946 124 22 derutöfver
400 946 66 28 något
490 946 23 22 af
537 947 63 21 lönen
616 947 51 21 eller
681 948 118 27 pensionen
815 948 6 20 i
837 946 77 26 behåll,
929 946 27 21 så

198 981 67 22 måste
281 988 26 14 en
322 980 66 22 sådan
405 981 119 28 besparing,
540 982 100 28 antingen
656 981 42 21 den
712 981 95 21 innestår
823 980 82 29 olyftad
921 981 32 21 el-

198 1016 32 22 ler
243 1015 66 22 redan
331 1015 73 21 blifvit
426 1018 94 25 uttagen,
542 1015 112 22 oafkortad
676 1016 29 28 gå
719 1016 33 20 till
770 1015 53 21 hans
839 1015 60 28 gälds
914 1015 40 21 be-

198 1051 82 27 talning
294 1051 20 27 (6
330 1050 26 28 8).

267 1084 71 22 Jemte
361 1084 118 28 stadgande
497 1085 8 21 i
520 1084 136 22 förenämndt
677 1084 102 22 afseende
801 1084 38 21 har
854 1085 7 20 i
875 1084 77 21 försla-

198 1121 36 26 get
248 1119 110 28 upptagits
373 1118 79 21 förbud
467 1121 44 19 mot
525 1118 123 22 utmätande
664 1118 23 22 af
697 1118 93 28 aflöning
801 1118 50 22 eller
861 1119 90 28 pension

198 1154 64 20 innan
276 1152 129 29 gäldenären
421 1154 23 19 är
459 1152 119 28 berättigad
599 1155 31 19 att
646 1152 41 22 den
702 1152 59 28 lyfta.
791 1152 66 21 Detta
872 1152 79 22 förbud

197 1187 89 21 innebär
300 1186 70 21 tillika
385 1189 31 18 ett
436 1186 153 29 upphäfvande
605 1187 22 20 af
648 1186 41 22 den
704 1187 127 27 borgenärer
846 1186 104 22 härintills

197 1220 110 28 medgifna
328 1220 129 28 rättigheten
480 1223 31 19 att
530 1221 66 21 vinna
618 1220 95 22 säkallad
733 1221 90 21 införsel
837 1221 7 20 i
860 1220 93 22 embets-

197 1255 41 21 och
253 1256 138 27 tjenstemäns
406 1254 65 21 löner.
500 1254 59 21 Enär
574 1255 41 20 den
630 1254 22 20 ät
672 1254 129 28 gäldenären
818 1255 81 21 utfästa
915 1254 36 21 lön

198 1288 50 22 eller
270 1288 89 28 pension
382 1289 62 26 utgör
467 1295 26 14 en
509 1287 23 21 af
554 1288 78 21 honom
651 1288 111 27 verkligen
777 1288 125 21 förvärfvad
918 1289 34 20 in-

197 1322 71 22 komst
282 1322 56 21 först
352 1321 36 22 vid
405 1321 42 22 den
461 1321 107 29 tidpunkt,
584 1321 28 22 dä
626 1322 63 22 lönen
706 1322 51 22 eller
767 1322 117 28 pensionen
897 1322 53 22 skall

196 1358 32 21 till
243 1357 78 22 honom
336 1356 112 28 utbetalas,
463 1356 44 23 står
522 1356 48 23 dess
586 1357 123 22 utmätande
725 1356 136 23 derförinnan
877 1358 6 21 i
897 1357 53 22 strid

196 1392 49 22 med
267 1391 148 30 grundsatsen,
438 1394 31 19 att
492 1391 76 22 endast
588 1392 140 28 gäldenärens
750 1392 148 29 förmögenhet
915 1392 36 22 fär

197 1427 68 22 blifva
279 1426 91 21 föremäl
384 1425 35 22 för
434 1426 121 22 exekution.
584 1427 107 21 Införseln
711 1427 118 22 innehäller
843 1427 107 29 nämligen

196 1463 7 20 i
219 1461 77 30 sjelfva
311 1461 76 22 verket
401 1468 26 14 en
443 1462 119 27 utmätning
584 1461 22 22 af
620 1461 140 29 gäldenärens
775 1461 101 22 framtida
891 1462 60 21 löne-

264 1501 131 22 Lagutskotlets
407 1501 110 18 betänkande
530 1502 38 17 N:o
581 1502 17 17 5.
