1028 1717
781 146 27 20 45

87 217 39 18 rätt
143 215 31 20 till
192 216 87 20 afkomst
297 216 49 20 eller
360 222 66 13 annan
440 215 82 25 förmån,
544 221 43 14 som
609 215 21 20 åt
651 215 66 25 någon
739 214 98 26 upplåtits

86 251 31 18 att
135 250 20 19 af
177 250 123 24 egendomen
318 250 53 25 utgå,
387 250 60 20 varde
466 250 123 25 egendomen
608 249 30 20 till
652 249 117 25 försäljning
784 251 54 18 utro-

86 284 40 25 pad
149 284 45 20 med
219 284 97 20 förbehåll
341 290 32 14 om
391 284 129 26 rättighetens
543 283 89 21 bestånd.
668 283 72 20 Finnes
769 283 69 19 härvid

86 319 29 19 att
130 318 70 26 någon,
215 324 43 14 som
273 324 47 20 eger
335 319 63 19 bättre
411 320 45 23 rätt,
472 318 17 25 ej
505 318 38 19 kan
558 324 24 13 ur
596 318 38 19 den
649 317 75 26 bjudna
738 316 99 26 köpeskil-

86 352 68 26 lingen
169 352 74 21 erhålla
257 353 37 19 full
309 353 135 25 godtgörelse;
468 352 26 20 då
513 352 55 25 skall,
591 352 66 20 derest
671 352 17 25 ej
704 352 66 20 denne
785 358 50 13 sam-

86 387 71 25 tycker
177 388 30 19 att
232 387 33 20 vid
287 387 34 20 det
345 387 74 20 skedda
440 389 81 23 utropet
544 386 32 20 mä
597 386 95 24 förblifva,
714 386 122 25 egendomen

87 423 82 24 utropas
189 421 59 25 ånyo,
268 423 49 18 utan
335 421 95 20 förbehåll
451 427 32 14 om
502 421 130 25 rättighetens
653 420 91 20 bestånd.
773 420 65 25 Stiger

87 455 156 26 köpeskillingen
257 455 26 20 då
297 456 67 25 högre,
379 456 37 19 och
430 455 96 20 inbetalar
541 455 17 26 ej
570 455 129 25 rättighetens
709 455 128 19 innehafvare

86 491 71 24 genast
172 490 52 20 hvad
239 491 38 19 den
292 491 65 19 bättre
376 492 39 18 rätt
430 490 76 25 egande
525 496 24 13 ur
566 489 129 20 öfverskottet
713 489 124 24 tillkommer,

87 524 51 25 gälle
153 524 49 20 sista
216 525 152 25 försäljningen;
384 525 6 19 i
405 526 61 18 annat
480 524 34 20 fall
530 523 71 21 stånde
616 523 34 20 vid
664 523 39 20 den
717 523 61 20 första
793 523 44 20 fast.

432 629 26 19 39
475 629 18 24 8.

156 697 72 20 Finnes
244 697 12 20 å
271 697 101 25 egendom,
394 697 25 20 då
441 697 39 20 den
502 697 49 20 skall
574 696 64 25 säljas,
660 696 91 19 växande
772 696 67 25 gröda,

89 731 38 20 och
141 731 67 21 tillhör
222 731 67 20 denna
303 731 17 25 ej
336 731 84 20 brukare
434 731 49 20 eller
497 737 71 18 annan,
583 737 43 13 som
640 731 36 19 har
693 730 145 25 nyttjanderätt

90 765 30 20 till
141 765 134 26 egendomen;
299 765 64 25 gånge
379 765 73 25 grödan
467 766 6 19 i
489 771 75 14 samma
578 767 59 23 utrop
652 770 44 14 som
710 764 128 25 egendomen,

89 800 38 20 och
143 800 59 19 varde
216 800 34 20 det
265 800 40 20 före
320 801 79 24 utropet
414 800 114 25 kungjordt.

157 834 58 20 Hvad
235 835 20 19 af
276 835 133 25 egendomens
431 835 50 19 efter
498 834 139 25 utmätningen
652 834 60 19 fallna
726 833 112 25 afkastning

89 871 56 18 ännu
161 871 22 18 är
197 869 7 19 i
219 868 64 21 behåll
298 869 55 24 skall,
369 869 60 20 sedan
444 869 123 25 egendomen
582 868 65 20 blifvit
659 867 49 26 såld,
718 867 121 20 omedelbart

89 903 37 20 ock
140 903 101 26 föryttras.

434 978 26 19 40
478 979 16 23 8.

157 1046 33 20 Nu
211 1047 36 19 har
268 1047 58 24 inrop
341 1046 57 25 skett,
414 1047 36 18 och
466 1047 70 19 varder
550 1046 33 19 det
597 1046 51 19 efter
662 1048 23 23 ty
699 1046 6 19 i
721 1046 26 19 41
765 1047 11 23 $
792 1048 47 23 sägs

89 1083 85 23 antaget,
196 1081 56 24 gälde
274 1081 86 25 köparen
380 1083 76 22 genast,
478 1081 93 24 antingen
585 1080 7 19 i
607 1080 46 19 reda
667 1080 111 25 penningar
792 1080 47 19 eller

90 1115 36 20 ock
142 1115 84 20 medelst
241 1115 122 20 aflemnande
378 1115 19 19 af
412 1115 118 23 skuldebref,
545 1121 42 13 som
603 1116 23 18 är
640 1114 6 19 i
660 1114 39 20 den
714 1113 56 21 sålda
780 1120 58 19 egen-

90 1150 72 19 domen
185 1149 120 25 intecknadt,
319 1155 26 14 en
360 1149 92 25 sjettedel
466 1149 21 20 af
500 1149 45 20 hela
560 1149 162 25 köpeskillingen,
736 1149 51 19 dock
801 1149 16 25 ej
834 1149 5 18 i

90 1184 66 25 någon
178 1184 94 19 händelse
294 1183 77 20 mindre
392 1186 26 17 än
440 1184 37 19 den
499 1183 90 24 kostnad,
612 1189 44 14 som
678 1183 50 19 skall
742 1189 26 14 ur
782 1183 57 25 köpe-

92 1219 107 25 skillingen
221 1218 74 25 gäldas,
310 1218 37 20 och
362 1218 16 25 ej
394 1218 62 20 heller
470 1224 54 13 mera
538 1220 26 17 än
579 1217 34 20 det
628 1217 76 26 belopp,
720 1223 43 14 som
778 1217 62 26 enligt

90 1253 257 25 borgenärsförteckningen
362 1253 35 19 bör
410 1253 7 18 i
432 1253 109 25 penningar
555 1251 101 20 inbetalas.
682 1251 116 20 Skuldebref
808 1251 32 20 må

91 1287 66 19 såsom
176 1287 100 25 betalning
291 1286 116 26 godkännas
420 1286 71 20 endast
506 1286 23 20 så
544 1286 42 19 vidt
601 1286 47 19 dess
662 1286 117 19 hufvudstol
793 1286 48 19 eller

90 1321 61 25 nödig
165 1321 33 20 del
212 1321 55 19 deraf
281 1327 24 13 ur
319 1320 157 26 köpeskillingen
492 1320 64 25 utgår.
585 1320 40 19 Vill
640 1320 86 25 köparen
740 1320 61 19 hellre
811 1320 30 19 för

91 1355 39 23 det,
145 1361 44 12 som
206 1354 84 19 sålunda
304 1354 35 19 bör
353 1354 73 24 gäldas,
442 1354 58 18 ställa
514 1356 49 22 pant
578 1354 48 18 eller
640 1354 74 24 borgen
729 1353 67 19 såsom
811 1354 30 18 för

91 1394 51 19 egen
157 1388 64 24 skuld,
236 1393 47 14 vare
298 1388 34 18 det
347 1387 36 19 ock
398 1387 42 25 gilt.

159 1421 64 20 Gitter
237 1421 17 25 ej
270 1421 73 25 köpare
352 1420 58 26 gälda
420 1420 48 20 eller
480 1420 90 20 säkerhet
583 1420 58 20 ställa
651 1426 43 14 som
705 1426 28 14 nu
744 1422 23 18 är
778 1420 62 26 sagdt,

91 1457 60 20 varde
166 1456 122 26 egendomen
303 1457 70 25 genast
387 1455 52 26 ånyo
454 1456 91 26 utropad.
