1028 1717
216 142 27 19 46

534 210 26 18 41
577 210 18 23 8.

257 277 61 20 Göres
333 277 12 20 å
358 278 107 19 auktionen
488 277 22 20 så
530 277 48 26 högt
593 277 45 25 bud,
654 279 28 18 att
698 277 33 20 det
746 277 62 25 enligt
823 278 116 25 borgenärs-

192 312 149 25 förteckningen
360 312 30 20 får
411 315 88 22 antagas,
521 313 50 19 skall
592 312 115 26 försäljning
722 312 20 19 af
756 312 123 25 egendomen
899 312 40 25 ske,

189 349 55 17 utom
259 346 35 20 der
307 347 159 26 köpeskillingen
480 347 44 19 icke
538 347 69 20 förslår
622 347 31 19 till
667 346 121 20 betäckande
798 347 19 19 af
827 347 112 20 sökandens

188 381 79 19 fordran
282 381 37 19 och
334 381 142 26 försäljningen
490 382 20 18 af
524 381 73 20 honom
612 381 104 20 bestrides.

257 415 66 25 Stiger
337 416 87 19 anbudet
438 416 44 20 icke
497 415 23 20 så
533 416 53 25 högt,
601 421 43 14 som
661 422 27 13 nu
698 417 23 18 är
733 415 63 26 sagdt,
807 415 32 20 må
850 416 17 25 ej
878 422 60 19 egen-

189 450 71 19 domen
282 450 67 25 säljas,
371 450 35 19 der
427 451 17 25 ej
467 450 150 20 innehafvarene
638 451 20 18 af
675 450 24 19 de
714 450 6 19 i
736 450 64 25 lägsta
814 451 67 24 budet,
895 457 44 13 som

188 484 33 25 får
243 486 86 23 antagas,
353 485 133 20 inberäknade
507 485 116 25 fordringar,
638 485 66 19 hvilka
719 485 43 19 icke
777 485 77 20 komme
869 487 30 18 att
914 491 25 14 ur

189 519 38 19 den
241 519 75 26 bjudna
330 519 157 26 köpeskillingen
502 519 45 20 fullt
562 519 54 25 utgå,
631 519 31 20 till
673 519 142 26 försäljningen
825 520 66 19 bifalla
902 520 37 19 och

190 547 114 26 densamma
319 553 16 25 ej
352 553 61 20 heller
428 548 108 31 motsäges
542 553 20 20 af
577 553 43 25 den,
635 559 44 14 som
695 554 31 19 sin
743 554 79 19 fordran
837 554 73 20 utsökt.

532 640 27 19 42
576 641 17 22 8.

257 696 94 20 Kommer
357 691 13 35 ä
391 696 62 20 första
474 697 106 19 auktionen
595 696 116 26 försäljning
726 697 17 25 ej
759 697 30 19 till
804 696 65 25 stånd,
884 697 54 25 förty

190 732 29 21 att
241 730 41 20 bud
304 731 43 19 icke
368 732 56 23 göres
447 730 48 20 eller
516 733 90 23 antages;
630 730 25 20 då
670 731 56 25 skall,
741 738 31 13 om
788 731 101 20 sökanden
903 732 36 20 det

190 765 62 25 äskar,
275 771 28 19 ny
325 765 82 19 auktion
428 764 62 20 hållas
506 765 11 19 å
532 772 75 13 samma
623 765 62 25 ställe
707 772 37 13 sex
762 766 72 19 veckor
848 766 91 25 derefter,

190 799 80 19 hvarom
292 799 210 20 auktionsförrättaren
522 802 70 23 genast
614 800 50 19 skall
678 800 90 20 meddela
783 800 154 24 underrättelse;

191 834 36 19 och
246 834 46 25 foge
312 834 39 19 han
373 834 79 24 anstalt,
474 836 29 18 att
523 834 120 26 kungörelse
664 840 32 14 om
718 834 54 20 tiden
794 835 29 19 för
845 834 38 20 den
898 840 41 19 nya

189 868 107 20 auktionen
312 868 69 20 varder
395 868 63 20 minst
468 868 73 26 fjorton
556 869 60 25 dagar
630 869 53 19 förut
698 869 64 19 införd
777 869 7 19 i
800 869 82 25 tidning,
896 875 43 13 som

189 903 7 19 i
210 905 56 17 orten
281 902 48 20 eller
344 903 118 25 närbelägen
477 904 44 18 stad
536 904 116 23 utkommer,
667 905 51 17 samt
728 904 82 24 uppläst
820 904 6 19 i
837 903 102 25 kyrkorna

190 937 36 20 och
241 937 100 25 anslagen,
356 938 49 19 efter
420 939 22 23 ty
456 938 7 18 i
479 938 25 19 18
522 939 10 23 $
549 940 60 23 sagts.

531 1036 27 19 43
576 1036 16 23 $.

257 1097 48 20 Sker
319 1097 18 25 ej
353 1097 115 26 försäljning
488 1097 12 20 &
514 1098 61 19 första
597 1098 108 19 auktionen
728 1098 38 19 och
787 1098 59 25 yrkas
869 1099 17 24 ej
909 1105 28 18 ny

188 1132 87 21 auktion,
290 1131 48 21 eller
353 1132 70 19 varder
437 1132 123 25 egendomen
574 1133 17 24 ej
607 1132 61 20 heller
680 1132 11 20 å
702 1133 39 19 den
751 1138 68 14 senare
828 1133 109 20 auktionen

189 1166 49 25 såld,
253 1165 65 26 gånge
333 1167 138 25 utmätningen
486 1167 48 20 åter.

531 1259 27 18 44
574 1259 18 22 8.

254 1313 65 20 Innan
333 1313 81 19 auktion
428 1313 90 26 afslutas,
534 1313 88 20 meddele
637 1314 208 20 auktionsförrättaren
865 1315 72 20 under-

187 1347 80 20 rättelse
283 1354 31 13 om
329 1347 60 25 tiden,
405 1347 25 20 dä
444 1349 51 19 efter
506 1349 11 20 6
528 1348 44 26 kap.
585 1349 12 19 9
609 1349 9 24 $
630 1349 111 26 fördelning
750 1349 20 20 af
780 1349 157 26 köpeskillingen

188 1382 49 20 skall
252 1389 37 19 ega
304 1389 49 18 rum,
369 1382 22 19 så
406 1383 36 18 ock
457 1389 33 13 om
505 1383 66 20 stället
586 1383 70 20 derför.

255 1417 40 20 Der
315 1417 23 20 så
355 1417 34 20 ske
404 1417 38 20 kan
458 1418 36 19 och
509 1418 25 20 de
549 1418 114 25 rättegande
678 1420 33 18 äro
727 1425 32 14 om
774 1420 61 19 sättet
851 1419 29 20 för
895 1419 39 20 för-

188 1451 107 26 delningen
309 1458 53 19 ense,
377 1451 32 20 må
424 1452 39 20 den
478 1454 70 23 genast
564 1453 122 20 verkställas.
