1025 1720
319 126 29 23 U.
364 127 28 22 B.
409 140 26 2 —
450 127 73 28 Prop.
539 127 42 23 N:o
597 127 24 22 4.
790 128 27 21 23

90 195 42 22 den
148 195 118 22 sistnämda
281 195 93 22 skeende
397 196 123 22 realisation
535 196 67 21 mäste
624 196 80 28 frigöra
719 199 79 26 panten
813 195 32 22 äf-

90 237 43 14 ven
148 229 49 22 frän
212 229 26 22 de
254 229 148 29 efterföljande
419 233 152 25 panträtterna.

159 263 61 21 Blott
235 263 129 29 derigenom,
378 267 32 18 att
422 272 27 13 nu
460 264 140 21 omförmälda
611 264 129 27 verkningar
750 264 24 21 af
784 267 60 25 pant-

91 299 69 19 rätten
175 297 23 22 fä
214 301 50 18 utan
280 298 65 27 nägra
361 298 164 29 sidoinflytelser
540 300 51 27 göra
607 299 32 27 sig
650 298 105 27 gällande,
766 297 79 22 förmär

91 334 79 26 panten
185 335 108 18 motsvara
308 333 38 20 sitt
358 332 98 21 ändamäl
471 336 31 17 att
518 334 75 27 utgöra
610 335 30 19 ett
655 332 72 21 säkert
742 332 103 28 underlag

89 365 35 22 för
140 365 103 22 krediten.
274 367 45 20 Der
334 366 59 21 detta
408 367 47 21 icke
477 369 22 18 är
514 367 67 25 fallet,
596 366 66 21 måste
678 367 41 20 den
735 367 108 20 kreditbe-

90 400 110 21 höfvande
223 401 64 21 anlita
303 401 71 26 andra,
395 401 35 21 för
445 401 76 21 honom
545 400 136 29 betungande
702 402 94 27 utvägar,
811 400 33 21 sä-

88 442 48 14 som
152 434 138 22 anskaffande
313 434 22 22 af
349 435 108 28 personlig
472 435 51 21 eller
542 435 43 21 reel
600 434 199 30 fyllnadssäkerhet,
814 435 30 21 el-

88 469 33 21 ler
136 469 41 21 ock
192 469 81 28 nödgas
288 469 42 21 han
346 470 6 20 i
368 469 55 21 form
439 470 22 20 af
476 470 65 28 högre
556 471 59 20 ränta
631 469 70 21 betala
711 469 133 29 längifvaren

90 511 27 13 en
133 504 79 27 premie
227 503 34 21 för
277 503 41 21 den
335 506 67 18 större
417 504 49 25 risk,
488 504 69 21 denne
572 504 61 28 löper
655 504 36 20 vid
708 504 136 28 placerandet

89 538 24 20 af
128 538 37 21 sitt
180 538 81 28 kapital
285 541 56 18 emot
357 546 24 12 en
398 541 57 25 pant,
477 538 87 22 hvilken
585 538 47 21 icke
652 538 98 28 erbjuder
764 538 78 21 honom

88 580 82 13 samma
185 572 100 28 trygghet
307 575 45 18 mot
366 572 77 21 förlust
465 572 52 21 eller
533 580 69 14 annan
621 572 119 28 olägenhet,
755 580 45 13 som
816 572 27 28 pä

88 609 67 19 annat
169 606 43 22 häll
227 606 61 22 stode
299 606 77 22 honom
390 607 33 21 till
438 606 60 22 buds.
519 606 50 22 Med
585 606 102 22 afseende
702 606 13 21 &
730 606 41 22 den
786 607 58 22 fasta

89 641 143 28 egendomens
248 642 7 21 i
271 641 114 22 allmänhet
400 642 65 27 högre
481 641 65 22 värde
562 641 40 22 och
615 641 27 21 dä
655 641 66 21 sädan
732 641 111 28 egendom,

88 675 71 22 säsom
176 676 81 21 mindre
280 677 26 20 än
322 684 69 13 annan
415 675 143 22 underkastad
580 675 156 28 förändringar,
754 676 89 21 företrä-

88 710 73 22 desvis
178 712 23 19 är
216 710 69 29 egnad
300 711 34 20 för
350 711 102 27 belåning
466 711 28 28 pä
509 711 72 28 längre
603 710 38 26 tid,
656 710 67 21 måste
740 710 37 21 det
791 718 51 14 vara

89 745 134 28 lagstiftaren
239 745 112 28 angeläget
366 748 31 18 att
412 745 24 21 sä
451 745 86 29 mycket
552 753 45 14 som
615 745 82 28 möjligt
711 745 131 28 undanrödja

88 779 28 21 de
132 780 77 21 brister
223 781 7 20 i
245 779 281 29 fastighetslagstiftningen,
541 779 72 22 hvilka
627 779 96 28 förringa
733 779 42 21 den
786 779 56 21 fasta

88 814 143 27 egendomens
255 814 64 21 värde
335 814 71 22 säsom
427 814 130 28 pantobjekt.
586 813 146 29 Uppnäendet
747 813 21 21 af
783 813 59 22 detta

88 849 43 21 mäl
147 848 110 22 befordras
272 849 48 21 icke
336 849 66 21 minst
416 856 77 20 genom
504 848 109 28 sakenliga
624 848 40 21 och
674 848 100 28 lämpliga
786 848 56 21 före-

87 882 88 22 skrifter
190 883 111 29 angäende
317 882 118 29 ordningen
451 883 40 21 och
506 884 65 20 sättet
585 882 34 21 för
629 882 126 28 försäljning
766 882 22 21 af
798 882 43 22 fast

87 918 112 28 egendom,
214 926 45 13 som
274 918 35 21 för
323 918 50 28 gäld
387 918 65 28 tagits
468 918 7 20 i
490 919 48 20 mät.

156 952 75 28 Enligt
245 952 75 22 hittills
336 952 100 28 gällande
451 952 135 21 föreskrifter
600 951 67 21 mäste
683 951 126 29 försäljning
818 952 24 21 af

86 988 8 20 i
110 989 43 19 mät
168 986 64 22 dömd
254 986 103 29 fastighet
380 994 38 21 ega
440 995 47 13 rum
502 989 51 19 utan
575 986 102 22 afseende
697 986 28 28 pä
740 986 37 21 det
791 987 50 28 pris,

86 1030 47 13 som
148 1021 75 22 dervid
239 1022 42 21 kan
297 1021 67 22 ernäs.
394 1020 45 23 Väl
461 1020 118 22 innehäller
593 1020 152 28 förordningen
762 1021 22 21 af
799 1020 40 22 den

86 1058 28 20 23
129 1056 37 28 juli
187 1057 54 21 1868
257 1056 34 21 för
305 1056 73 21 landet
400 1059 37 23 att,
452 1057 7 19 i
473 1056 38 21 fall
532 1055 37 21 det
583 1055 37 21 vid
636 1054 116 22 auktionen
766 1055 74 29 gjorda

86 1091 76 27 högsta
178 1090 94 22 anbudet
287 1091 17 27 ej
321 1090 83 29 uppgär
425 1090 32 21 till
472 1092 32 19 tre
519 1089 128 29 fjerdedelar
667 1090 23 20 af
705 1088 135 29 värderings-

85 1132 104 19 summan,
205 1124 37 22 der
257 1124 114 28 värdering
393 1124 119 28 försiggätt,
537 1124 116 21 detsamma
668 1124 48 21 icke
731 1123 35 21 mä
780 1127 60 17 anta-

85 1166 39 21 gas
140 1166 34 14 om
189 1158 129 29 gäldenären
333 1158 70 22 dertill
420 1160 76 26 vägrar
511 1159 37 21 sitt
564 1157 114 29 samtycke,
694 1158 90 21 likasom
798 1157 42 22 ock

86 1196 32 18 att
133 1193 126 29 försäljning
275 1194 18 27 ej
309 1192 67 22 heller
390 1192 34 22 får
439 1193 43 26 ske,
498 1200 34 14 om
547 1192 242 28 utmätningssökanden
799 1192 41 22 och

85 1228 185 21 tillstädeskomne
285 1227 224 29 inteckningshafvare
520 1226 73 27 önska,
606 1229 31 19 att
648 1234 27 21 ny
688 1226 86 22 auktion
786 1226 54 22 skall

86 1262 107 22 anställas.
221 1262 54 22 Men
289 1261 29 22 då
341 1262 18 28 ej
375 1262 7 20 i
398 1262 69 27 någon
491 1261 102 22 händelse
615 1261 50 21 flere
680 1263 28 19 än
726 1260 62 28 högst
802 1260 38 22 två

85 1304 42 21 nya
142 1296 114 21 auktioner
270 1295 24 22 få
308 1295 74 26 hållas,
396 1296 62 27 följer
468 1295 62 22 deraf
541 1298 37 23 att,
589 1302 34 14 om
634 1294 109 22 sökanden
754 1295 19 28 ej
784 1295 56 20 åter-

86 1330 67 21 kallar
168 1331 38 20 sitt
220 1329 95 29 yrkande
331 1329 27 29 på
369 1329 133 29 försäljning,
515 1329 69 22 denna
595 1328 56 22 dock
661 1329 101 27 slutligen
772 1328 67 22 måste

85 1371 41 20 ega
141 1372 46 12 rum
201 1364 32 20 till
248 1363 83 21 hvilket
347 1364 43 27 pris
406 1370 45 14 som
466 1363 61 21 helst.

153 1397 77 21 Redan
241 1398 6 20 i
259 1398 93 20 motiven
362 1396 34 21 till
410 1398 14 19 4
439 1396 90 29 kapitlet
543 1396 38 21 har
596 1396 145 26 beredningen
756 1396 7 20 i
778 1395 61 28 fråga

84 1439 36 14 om
142 1432 32 21 lös
197 1431 104 29 egendom
323 1430 115 22 framhållit
458 1430 101 22 hurusom
583 1437 25 14 en
624 1430 125 28 utmätning,
764 1429 76 22 hvaraf

155 1472 130 22 Lagutskottets
297 1471 110 18 betänkande
420 1472 36 16 N:o
468 1472 18 17 5.
