1031 1720
216 141 12 20 8
528 141 45 24 N:o
594 143 21 21 3.

186 208 37 21 det
247 210 33 20 att
303 208 34 22 till
359 208 83 21 fienden
464 207 92 28 öfvergå,
580 208 51 21 eller
654 207 34 21 till
711 213 79 21 uppror
806 207 51 21 eller
873 213 71 15 annan

187 242 111 26 trolöshet,
322 243 53 21 eller
397 243 23 21 åt
439 241 84 23 fienden
538 242 84 21 värfvar
638 241 52 21 eller
706 241 107 22 anskaffar
828 241 115 27 krigsfolk
933 237 12 36 ;

256 278 21 27 3)
300 277 34 21 för
348 276 83 22 fienden
446 277 138 27 uppenbarar
598 276 160 27 krigsmaktens
774 276 99 27 ställning
890 276 54 22 eller

188 312 96 26 rörelser,
300 312 54 21 eller
368 311 91 27 rådslag,
475 312 51 21 ellet
541 311 111 22 meddelar
666 311 79 21 honom
760 311 70 27 karta,
842 311 102 27 teckning

186 346 53 21 eller
247 346 133 27 beskrifning
388 346 58 21 öfver
454 346 152 26 försvarsverk,
617 341 58 36 hamn,
686 346 66 26 farled
768 346 53 21 eller
831 347 49 25 väg;
892 345 53 22 eller

257 381 22 27 4)
301 380 56 21 läter
380 380 69 22 säsom
471 381 109 26 vägvisare
603 380 53 21 eller
679 380 84 27 spejare
787 380 69 21 bruka
875 380 33 28 sig
922 380 24 22 af

187 414 92 27 fienden,
302 416 53 20 eller
379 414 22 21 ät
422 415 78 21 honom
523 414 107 22 anskaffar
652 415 109 27 vägvisare
781 415 53 21 eller
849 415 94 27 spejare,

188 450 52 22 eller
256 449 74 27 bistär,
347 449 62 28 hyser
424 450 53 21 eller
493 449 67 28 döljer
575 449 94 22 fiendens
686 449 94 28 spejare;

256 485 86 22 straffes
365 484 33 21 för
420 485 168 21 landsförräderi
611 485 48 20 med
682 484 118 21 dödsstraff
821 484 52 22 eller
895 483 49 22 med

188 520 90 22 tukthus
292 519 28 28 pä
335 519 68 22 lifstid
418 519 53 22 eller
486 519 48 22 från
551 519 39 22 och
601 519 48 22 med
660 525 37 16 sex
707 519 34 21 till
752 519 40 22 och
802 519 47 21 med
861 518 42 22 tolf
912 518 30 22 är.

257 554 83 21 Försök
356 556 24 19 är
395 554 117 22 straffbart.

403 622 6 3 5
540 619 12 20 3
569 617 19 28 8.

256 658 67 21 Finsk
339 664 49 15 man
403 658 51 21 eller
470 664 70 15 annan
555 658 73 27 Ryska
639 658 75 21 Rikets
724 657 122 28 undersäte,
857 657 86 22 hvilken

187 692 134 26 annorledes,
337 693 28 20 än
381 699 29 14 nu
426 693 63 26 sagdt
504 694 30 25 är,
549 692 135 28 uppsätligen
700 692 68 21 bistär
782 691 91 28 fienden,
889 692 54 21 eller

188 726 82 22 fienden
293 727 33 21 till
348 727 70 21 fördel
440 727 80 21 skadar
535 727 71 27 Ryska
621 727 65 21 Riket
701 727 52 20 eller
769 726 47 22 dess
831 726 113 22 bundsför-

189 761 65 21 vandt
270 761 7 20 i
292 761 76 27 kriget,
384 761 85 22 straffes
484 761 34 21 för
528 761 77 22 sådant
615 760 167 22 landsförräderi
794 761 48 22 med
853 761 89 22 tukthus

188 796 28 27 på
232 795 68 22 lifstid
316 796 52 21 eller
384 795 46 22 från
447 795 38 27 och
501 796 47 21 med
564 802 37 15 sex
616 795 33 21 till
664 795 40 21 och
718 795 49 21 med
783 795 41 22 tolf
838 795 30 21 år.

257 830 82 21 Försök
354 832 24 19 är
394 830 118 21 strafibart.

540 894 47 26 48.

256 933 70 27 Begås
351 933 78 21 sådant
451 932 65 29 brott,
539 940 45 14 som
603 933 7 21 i
627 934 18 26 1,
662 934 12 20 2
690 933 51 21 eller
763 934 5 20 3
785 933 11 27 $
812 934 94 26 nämnes,
922 932 24 22 af

188 967 133 22 främmande
341 970 54 19 stats
410 967 121 27 undersäte,
548 974 46 15 som
609 968 68 20 under
692 968 70 27 kriget
778 969 142 26 gvarstannat
936 967 7 21 i

188 1002 91 22 Finland
302 1002 52 22 eller
369 1004 24 19 är
408 1002 7 21 i
430 1002 56 22 finsk
508 1003 67 26 tjenst
598 1002 96 27 anstäld;
710 1003 64 21 varde
791 1002 72 21 derför
878 1002 66 27 enligt

189 1043 81 15 samma
286 1038 82 26 lagrum
384 1037 96 21 straffad.

541 1101 47 27 58.

257 1141 65 21 Finsk
346 1146 50 15 man
418 1142 52 20 eller
494 1148 70 14 annan
580 1140 73 28 Ryska
667 1141 76 21 Rikets
758 1140 122 28 undersäte,
897 1146 45 16 som

260 1175 20 27 1)
303 1181 117 20 uppmanar
435 1176 133 20 främmande
584 1176 97 26 regering
697 1178 33 19 att
746 1175 60 27 börja
821 1175 53 21 eller
889 1175 53 22 fort-

189 1211 58 19 sätta
269 1209 48 27 krig
340 1209 52 21 eller
415 1216 70 15 annan
500 1209 82 28 fientlig
596 1210 103 27 handling
714 1211 58 20 emot
786 1209 71 27 Ryska
872 1210 70 27 Riket,

189 1243 53 20 eller
258 1243 62 26 bryta
336 1244 47 20 med
398 1244 107 26 Ryssland
520 1244 103 21 afslutadt
638 1244 158 26 krigsförbund,
808 1244 52 21 eller
870 1244 73 27 afböja

189 1277 103 25 ingäende
308 1277 22 20 af
344 1277 78 21 sädant
437 1277 101 25 förbund;
555 1277 57 26 eller,

258 1311 22 26 2)
303 1310 71 22 förrän
398 1310 178 28 krigsförklaring
593 1311 63 27 skett,
672 1310 33 22 för
721 1311 33 27 sig
770 1311 51 21 eller
837 1312 68 21 andra
921 1311 23 22 ät

189 1344 132 22 främmande
337 1346 97 27 regering
449 1345 93 22 utlofvar
557 1345 85 22 biträde
657 1346 7 21 i
675 1346 47 21 dess
733 1345 142 29 krigsföretag
885 1348 58 20 emot

189 1380 71 27 Ryska
275 1380 75 27 Riket;
715 1403 5 3 ,

258 1415 84 22 straffes
364 1416 48 21 med
435 1416 90 21 tukthus
548 1415 46 22 frän
617 1416 40 21 och
677 1416 47 21 med
739 1416 36 21 tvä
790 1416 33 22 till
840 1417 39 21 och
895 1417 47 22 med

190 1450 44 22 ätta
250 1451 30 21 är.
