1042 1717
220 144 27 20 20
392 142 76 22 Ständ.
484 142 35 22 Sv.
535 156 24 2 —
577 143 64 27 Prop.
657 142 37 23 N:o
709 141 18 22 7.

192 207 40 22 der
246 208 109 21 tecknare
370 207 52 21 icke
437 206 87 28 fullgör
539 207 45 21 den
599 207 8 21 i
625 210 22 18 11
665 208 13 26 &
693 206 141 22 föreskrifna
845 206 98 21 inbetal-

192 242 63 28 ning,
272 244 34 19 att
321 241 44 22 den
380 241 42 21 hos
438 241 85 22 honom
538 241 90 22 utsöka.

258 276 72 28 Ingår
352 276 76 28 någon
450 275 50 22 före
515 276 104 28 bolagets
638 275 147 29 inskrifning
803 274 140 23 förbindelse

191 311 7 20 i
216 310 51 22 dess
290 318 76 18 namn,
390 317 65 14 svare
474 310 46 22 han
539 310 36 22 för
593 310 45 21 den
656 309 143 23 förbindelse
817 310 75 20 såsom
907 309 37 22 för

191 352 61 20 egen
276 344 78 27 skuld;
376 348 39 18 äro
438 344 28 22 de
488 345 60 27 flere,
573 352 64 14 svare
660 344 27 22 de
711 344 78 22 derför
804 352 29 13 en
847 344 37 21 för
899 344 46 22 alla

192 380 43 21 och
250 380 46 21 alla
310 378 37 22 för
362 386 35 14 en.

536 514 24 19 15
577 512 19 26 8.

260 579 76 23 Sedan
360 579 132 29 aktiebolag
514 579 139 28 inskrifvits,
672 587 41 21 ege
737 579 134 29 bolagsman
892 580 51 21 icke

193 615 151 28 undandraga
366 615 36 28 sig
424 616 35 20 att
481 615 36 21 sin
538 614 279 29 insättningsskyldighet
835 614 108 29 fullgöra,

191 649 60 22 ändå
269 651 35 19 att
321 648 129 23 sedermera
464 649 74 22 skulle
553 649 110 26 befinnas,
679 651 35 20 att
729 649 178 29 aktiekapitalet
922 649 21 28 ej

190 684 61 22 varit
266 683 37 22 till
318 682 60 23 fullo
392 683 130 28 öfvertaget
533 683 56 22 eller
599 686 34 19 att
644 683 164 28 bolagsaftalet
818 684 57 21 eller
885 683 58 22 hans

190 719 113 28 teckning
318 719 21 28 ej
356 718 62 22 skett
433 718 8 21 i
457 717 156 23 föreskrifven
623 718 60 22 form
694 718 56 21 eller
761 720 34 20 att
805 719 56 28 eljes
872 719 72 28 något

190 753 143 28 uraktlåtits,
349 760 49 15 som
412 753 37 22 för
464 753 104 29 bolagets
585 753 109 22 bildande
709 757 25 18 är
750 753 114 29 stadgadt.

537 889 24 19 16
578 887 19 26 8.

260 961 109 21 Befinnes
391 960 59 21 efter
473 960 144 28 aktiebolags
636 960 145 29 inskrifning
799 963 34 19 att
852 961 92 28 bolaget

192 995 54 22 lidit
263 995 72 22 skada
350 995 139 28 derigenom,
506 997 34 20 att
555 995 40 21 vid
610 995 121 27 förbehåll,
747 1002 50 15 som
813 995 74 28 enligt
902 997 14 20 4
931 997 13 26 &

191 1030 81 29 gjorts,
296 1029 135 28 afsigtligen
454 1029 55 22 eller
526 1036 84 22 genom
631 1029 64 28 groft
710 1029 106 22 vållande
831 1029 113 29 egendom

190 1064 80 22 blifvit
292 1063 37 23 för
350 1063 59 29 högt
430 1063 141 30 uppskattad
589 1063 56 22 eller
664 1064 91 29 oskälig
773 1063 75 23 fördel
867 1065 77 28 någon

190 1099 92 28 tillagd,
296 1099 56 20 eller
367 1100 35 19 att
416 1098 56 29 eljes
488 1099 32 21 fel
535 1098 40 21 vid
590 1098 105 29 bolagets
705 1099 110 21 bildande
825 1098 118 29 förelupit,

191 1140 65 15 svare
277 1132 121 22 stiftarene
418 1140 29 13 en
465 1132 37 21 för
518 1133 45 21 alla
578 1132 44 21 och
637 1133 45 21 alla
696 1132 37 22 för
748 1140 29 14 en
792 1132 37 23 för
844 1133 99 22 skadans

191 1167 120 29 gäldande.
344 1166 66 22 Visar
427 1167 78 28 någon
522 1167 26 22 af
564 1167 58 27 dem,
642 1169 35 20 att
695 1167 52 27 han,
767 1170 57 19 utan
839 1167 42 22 sitt
896 1167 48 22 vål-

191 1201 74 27 lande,
289 1208 37 14 om
349 1200 70 23 sådan
436 1201 141 28 felaktighet
595 1201 83 22 saknat
693 1201 114 28 kunskap,
823 1209 53 14 vare
891 1201 53 22 från

192 1235 47 22 slik
254 1234 150 29 ansvarighet
417 1235 37 21 fri.

260 1269 42 20 Om
322 1268 207 28 styrelsemedlems
547 1269 150 27 ansvarighet
715 1269 8 20 i
742 1269 49 26 fall,
808 1275 48 15 som
872 1276 32 14 nu
920 1272 24 18 är

190 1302 103 28 nämndt,
310 1301 92 29 stadgas
418 1302 8 21 i
442 1305 24 19 41
484 1304 20 25 $.

258 1337 50 21 Har
318 1336 180 30 bolagsstämma
508 1339 81 26 vägrat
598 1337 47 22 låta
655 1337 77 22 utföra
743 1337 64 23 talan
817 1345 37 15 om
863 1338 80 22 skade-

192 1371 68 23 stånd
274 1372 9 21 i
299 1371 169 23 ofvannämndt
490 1370 67 30 syfte,
581 1371 81 23 stånde
687 1371 93 23 enskild
802 1372 140 29 bolagsman,

191 1414 49 15 som
256 1406 20 30 ej
293 1406 37 22 till
345 1407 101 21 beslutet
461 1406 78 22 derom
554 1406 109 30 bidragit,
673 1409 71 27 öppet
754 1410 35 19 att
799 1408 70 22 sådan
880 1408 63 21 talan

190 1441 37 23 för
250 1441 94 30 bolaget
365 1440 78 23 utföra
460 1441 63 22 inom
538 1443 35 20 ett
588 1441 25 22 år
629 1440 59 23 efter
703 1441 112 23 beslutets
831 1442 110 22 fattande.
