1025 1717
210 150 26 19 22
406 148 28 22 U.
450 149 28 21 B.
494 161 26 2 —
536 148 73 28 Prop.
625 148 42 22 N:o
683 148 23 22 4.

181 216 38 21 har
233 217 7 20 i
256 216 103 28 förslaget
373 216 82 21 träffats
469 216 79 22 sådana
559 216 148 28 anordningar,
718 216 139 28 hvarigenom
868 215 65 21 ända-

181 250 65 22 målet
260 252 82 24 vinnes,
357 253 50 18 utan
424 254 31 17 att
469 250 146 28 stadgandena
635 250 110 28 angående
760 250 44 21 fast
819 249 114 29 egendoms

181 284 126 29 försäljning
323 285 92 21 behöfva
431 284 73 22 vidare
520 287 27 19 än
562 286 6 20 i
584 284 65 28 några
667 284 125 28 tillämpliga
803 284 58 21 delar
871 284 62 28 följas

181 320 34 25 (10
231 320 25 26 8).

249 353 97 21 Emedan
367 354 30 20 uti
412 353 109 28 förslaget,
542 354 6 20 i
563 353 61 28 fråga
643 360 33 14 om
693 353 101 21 exekutiv
809 352 126 28 försäljning

182 387 23 21 af
220 387 43 21 fast
278 387 109 28 egendom,
408 387 132 28 genomförts
555 387 144 28 grundsatser,
714 387 73 21 hvilka
802 387 133 27 väsentligen

181 421 74 22 afvika
270 422 48 20 från
334 422 26 20 de
376 422 37 21 vid
428 421 59 29 dylik
502 422 126 28 försäljning
643 422 74 21 hittills
733 421 73 28 följda,
817 428 61 14 anser
895 420 39 22 Ut-

182 456 80 21 skottet
277 456 97 28 lämpligt
388 459 31 18 att
434 456 38 21 här
487 456 6 21 i
509 456 49 22 dess
574 456 71 21 helhet
666 457 73 27 intaga
753 456 42 20 den
811 455 123 21 omständli-

181 498 50 20 gare
248 490 125 28 utläggning
387 490 23 21 af
425 490 62 22 dessa
501 490 143 29 grundsatser,
659 490 191 28 lagberedningens
866 490 68 21 motiv

182 524 112 22 innehålla.
323 525 150 28 Beredningen
487 528 75 25 yttrar:

253 558 124 29 »Sjelffallet
391 561 23 19 är
429 562 31 18 att
475 559 37 21 vid
528 559 100 21 exekutiv
643 559 127 28 försäljning
785 558 23 22 af
817 559 44 21 fast
871 566 64 20 egen-

182 593 49 21 dom
242 593 48 21 icke
300 593 90 21 allenast
400 593 42 21 den
452 593 93 26 fordran,
561 593 87 21 hvarför
657 594 121 27 utmätning
788 606 25 2 —
828 606 26 2 —
868 606 26 2 —
909 606 26 2 —

182 628 8 20 i
206 627 131 28 egendomen
353 628 92 26 vunnits,
460 631 50 17 utan
525 628 75 28 jemväl
617 628 73 27 hvarje
706 635 76 19 annan,
799 627 34 21 för
848 627 88 21 hvilken

183 661 130 28 egendomen
329 662 143 28 tilläfventyrs
485 664 62 26 utgör
557 665 57 25 pant,
627 662 54 20 skall
692 670 24 12 ur
727 661 176 29 köpeskillingen,
912 661 24 21 så

183 695 47 22 vidt
245 696 41 21 den
301 695 82 27 förslår,
398 696 84 27 gäldas;
498 696 58 21 detta
571 696 63 28 följer
646 696 106 28 nämligen
763 696 23 20 af
796 694 140 22 omförmälda

183 732 52 20 rätts
246 730 99 21 innehåll.
367 730 34 21 De
416 730 144 28 grundsatser,
572 730 66 28 enligt
653 730 72 21 hvilka
737 738 26 13 en
775 730 66 21 sådan
851 730 86 28 försälj-

183 766 52 27 ning
250 764 112 26 anordnas,
372 764 50 21 böra
434 765 84 21 derföre
529 765 33 21 stå
570 766 6 20 i
584 765 221 21 öfverensstämmelse
816 764 47 21 med
876 767 60 25 pant-

183 801 80 19 rättens
274 802 67 18 natur.
360 799 125 21 Panträtten
496 799 38 21 har
543 800 33 20 till
586 799 98 21 ändamål
695 802 31 18 att
735 801 52 26 göra
799 799 136 28 betalningen

183 834 35 21 för
225 834 142 28 borgenärens
372 833 86 22 fordran
466 834 120 21 oberoende
592 834 23 21 af
625 834 137 28 gäldenärens
773 833 164 28 förmögenhets-

184 868 148 21 förhållanden
342 868 8 20 i
360 868 71 27 öfrigt,
441 869 7 19 i
459 868 36 21 det
507 871 31 18 att
551 868 130 28 borgenären
696 868 90 21 erhåller
798 875 25 14 en
834 868 56 20 rätti
901 867 36 21 det

183 902 33 21 till
231 905 50 25 pant
296 902 60 28 gifna
371 902 117 25 föremålet,
503 903 7 20 i
525 902 57 21 kraft
597 902 76 21 hvaraf
688 902 40 21 han
741 910 49 20 eger
801 909 77 21 genom
891 902 46 20 det-

184 944 90 14 sammas
290 936 125 28 försäljning
430 938 51 26 göra
496 937 33 27 sig
540 936 71 21 betald
622 936 34 21 för
666 937 32 20 sin
710 936 93 21 fordran.
826 936 31 21 Af
867 936 70 21 denna

185 972 132 27 panträttens
333 970 136 28 sakrättsliga
484 970 147 22 beskaffenhet
647 971 68 28 följer,
730 970 45 22 dels
791 973 32 18 att
837 970 101 29 panthaf-

184 1012 76 14 varens
276 1005 131 27 befogenhet
421 1008 32 18 att
467 1005 99 21 realisera
581 1008 79 25 panten
672 1005 48 21 icke
733 1005 84 21 beröres
830 1004 23 22 af
862 1004 75 22 inträf-

185 1039 65 22 fande
266 1039 85 29 ombyte
367 1040 22 20 af
405 1047 61 20 egare
483 1040 32 21 till
531 1039 69 21 denna
615 1039 40 21 och
671 1042 30 18 att
716 1039 42 21 han
774 1047 49 21 eger
838 1039 49 29 sjelf
900 1039 36 21 be-

184 1075 89 20 stämma
290 1074 39 21 den
352 1074 105 28 tidpunkt,
478 1074 28 21 då
521 1074 41 21 han
583 1074 38 21 vill
637 1074 33 21 för
691 1074 102 21 utfående
808 1074 23 22 af
846 1075 32 21 sin
894 1074 44 21 for-

185 1108 58 27 dran,
258 1108 38 21 der
311 1108 42 21 den
368 1108 96 27 förfallit,
477 1108 51 29 sälja
544 1111 84 26 panten,
636 1108 45 21 dels
698 1112 31 17 att
743 1109 53 21 hans
811 1110 42 20 rätt
868 1109 70 21 härtill

184 1142 90 21 likasom
290 1145 31 18 att
335 1142 90 21 framför
447 1143 40 21 alla
503 1142 66 22 andra
584 1142 78 21 erhålla
682 1143 110 27 betalning
807 1151 25 13 ur
846 1146 90 26 pantens

185 1177 65 21 värde
272 1177 48 21 icke
336 1177 39 20 bör
396 1177 72 21 kunna
484 1177 87 28 betagas
592 1177 77 21 honom
686 1177 51 21 eller
752 1177 93 21 minskas
861 1184 76 21 genom

185 1215 141 24 pantegarens
342 1211 69 27 öfriga
425 1211 139 28 borgenärers
580 1211 219 28 betalningsanspråk.
815 1211 66 21 Detta
892 1212 47 27 gäl-

185 1245 31 20 ler
231 1245 40 21 ock
293 1246 6 19 i
315 1244 144 21 förhållandet
481 1245 75 21 mellan
580 1245 68 21 skilde
671 1245 142 27 panthafvare
835 1246 7 20 i
858 1246 80 20 samma

185 1278 111 27 egendom,
318 1278 24 20 så
357 1280 32 18 att
410 1285 74 14 senare
500 1280 95 26 panträtt
614 1278 13 20 å
643 1286 39 13 ena
698 1278 61 21 sidan
774 1278 117 28 berättigar
905 1279 33 20 till

186 1312 108 28 betalning
310 1320 25 12 ur
350 1314 78 26 panten
443 1312 54 21 först
513 1312 54 21 efter
581 1312 88 21 fordran
685 1312 47 21 med
743 1312 90 29 tidigare
844 1314 95 27 panträtt

185 1346 41 22 och
242 1346 12 21 å
269 1346 66 21 andra
351 1346 60 21 sidan
427 1346 47 22 icke
489 1346 42 22 kan
547 1346 23 22 af
584 1346 156 29 panthafvaren
759 1346 86 22 utöfvas
860 1354 77 21 genom

186 1383 90 26 pantens
291 1380 126 29 försäljning
432 1380 132 22 annorlunda
580 1383 26 19 än
621 1381 48 21 med
685 1381 41 21 den
742 1381 90 29 tidigare
845 1384 94 26 panträt-

185 1418 48 19 tens
249 1415 109 22 orubbade
374 1415 154 27 bibehållande,
544 1416 76 21 medan
636 1416 95 21 deremot
747 1424 26 14 en
789 1416 27 29 på
831 1416 69 29 grund
916 1417 23 21 af

254 1490 129 22 Lagutskottets
395 1490 110 18 betänkande
518 1492 36 16 N:o
566 1491 18 17 5.
