1036 1714
201 145 27 19 88

173 211 127 26 borgenärer
314 208 32 22 till
361 208 89 27 förfång,
464 207 47 22 från
525 207 145 22 konkursboet
684 208 31 20 till
731 214 68 15 annan
813 207 110 27 öfverlåtit,

173 243 67 29 gånge
256 243 32 21 till
303 243 49 21 boet
367 242 44 21 åter
425 244 52 19 utan
491 242 65 21 lösen.

242 277 20 28 b)
287 277 47 21 Har
355 276 100 28 gäldenär
469 282 76 22 genom
560 275 62 28 gåfva
637 275 86 22 afhändt
738 275 32 28 sig
785 275 103 28 egendom
904 275 21 21 af

173 312 75 21 sådant
263 311 64 22 värde
342 312 30 19 att
386 310 154 27 borgenärerne
556 310 59 21 deraf
629 309 102 28 märkelig
745 309 65 22 skada
825 310 49 27 haft,
885 310 39 21 och

173 349 36 18 äro
224 347 44 20 före
283 346 132 21 konkursens
431 345 74 27 början
520 345 18 27 ej
553 351 47 15 mer
614 346 26 19 än
656 344 69 21 trettio
740 344 65 27 dagar
819 344 105 27 förflutna,

174 381 64 21 sedan
260 380 63 27 gåfva
345 379 20 21 af
388 379 135 28 lösegendom
538 378 126 26 fullbordad,
679 378 52 21 eller
745 378 76 28 lagfart
837 378 11 21 å
863 378 62 28 gåfva

173 415 22 21 af
215 415 99 27 fastighet
333 413 46 22 sökt
393 413 80 27 blifvit;
489 413 66 28 gånge
571 413 39 21 den
627 412 61 29 gåfva
703 413 50 22 åter.
784 412 84 22 Samma
891 413 34 28 lag

173 456 56 21 vare,
250 449 37 21 der
308 448 130 27 försäljning,
457 447 56 28 byte,
528 448 47 27 lega
590 447 51 21 eller
655 449 64 19 annat
733 447 76 22 sådant
824 447 50 21 aftal
890 453 34 15 om

174 484 69 27 någon
258 483 139 28 gäldenärens
412 482 103 27 egendom
530 482 61 27 skett,
605 482 40 21 och
660 482 21 20 af
695 481 173 22 förekommande
881 488 44 15 om-

173 518 143 27 ständigheter
331 517 84 27 skönjas
430 517 42 20 kan
487 518 30 19 att
531 516 72 21 aftalet
617 515 177 28 hufvudsakligen
809 516 38 21 har
862 522 64 21 egen-

174 553 51 27 skap
240 552 22 21 af
276 551 62 28 gäfva
352 551 51 21 eller
419 551 79 28 åsyftar
512 551 147 21 förnärmande
671 551 21 20 af
704 550 164 29 borgenärernes
878 552 46 19 rätt.

173 586 33 22 Då
221 587 104 27 egendom
340 585 89 22 sålunda
444 585 124 27 återvinnes,
581 585 61 28 gälde
652 585 143 21 konkursboet
806 585 49 21 derå
865 585 60 28 gjord

174 621 65 28 nödig
253 620 96 28 kostnad,
364 621 115 26 äfvensom,
496 620 36 21 der
550 619 63 28 något
628 619 12 21 å
654 619 66 21 andra
734 619 61 22 sidan
810 619 69 22 blifvit
894 625 32 15 er-

173 655 65 28 lagdt,
253 656 36 20 det
303 655 89 21 sålunda
407 655 82 27 utgifna
505 654 51 22 eller
571 654 47 21 dess
633 654 70 21 värde.

244 689 18 28 c)
287 689 47 21 Har
355 689 68 21 under
437 689 26 20 de
478 689 50 20 sista
543 689 69 20 trettio
628 688 91 27 dagarne
735 688 44 21 före
794 689 132 20 konkursens

175 723 73 28 början
264 723 126 28 gäldenären
406 722 67 27 ingätt
488 722 55 28 aftal,
558 722 137 27 hvarigenom
709 722 48 27 han,
772 722 154 27 borgenärerne

173 758 33 21 till
227 757 89 28 förfäng,
338 757 67 21 iklädt
425 757 33 27 sig
479 756 127 21 förbindelse
622 756 68 21 under
703 756 79 21 sädane
797 757 130 27 omständig-

173 793 60 20 heter
253 793 30 20 att
298 791 47 27 den,
360 791 49 21 med
424 791 86 21 hvilken
525 791 72 21 aftalet
610 791 87 27 ingicks,
713 791 44 21 haft
772 791 67 28 skälig
854 791 72 21 anled-

173 826 53 27 ning
240 828 30 19 att
284 825 38 22 hos
338 825 127 28 gäldenären
485 827 76 26 antaga
576 825 80 27 oredlig
671 825 67 28 afsigt,
754 825 67 28 gänge
837 825 39 21 ock
892 825 35 21 det

174 860 51 21 aftal
240 860 49 21 åter.

242 894 25 27 d)
288 893 46 22 Har
355 893 68 22 under
437 893 26 22 de
479 893 49 22 sista
543 894 69 21 trettio
627 893 92 28 dagarne
734 894 45 21 före
794 894 132 21 konkursens

175 929 73 27 början
268 928 127 28 gäldenären
419 928 64 21 betalt
497 928 68 27 skuld,
586 935 46 14 som
647 929 44 20 före
705 929 133 20 konkursens
853 929 73 27 början

174 963 46 21 icke
242 963 54 20 varit
311 962 32 21 till
358 962 109 28 betalning
481 962 108 27 förfallen
586 958 12 37 ;
604 963 69 27 gänge
688 963 42 20 den
745 963 109 27 betalning
868 963 57 24 åter;

173 997 185 27 fordringsegaren
381 997 54 20 dock
458 997 96 27 obetaget
569 999 29 19 att
616 997 4 20 i
634 997 122 21 konkursen
771 999 50 25 göra
837 997 32 20 sin
884 997 42 21 for-

174 1031 52 22 dran
242 1031 102 27 gällande.
373 1031 11 20 I
399 1031 60 28 fråga
473 1037 34 15 om
523 1031 67 26 vexel,
606 1037 45 15 som
666 1031 26 28 pä
707 1031 128 28 gäldenären
847 1031 79 27 dragen

174 1067 28 25 är,
217 1065 35 21 mä
266 1065 65 21 likväl
346 1065 18 27 ej
381 1065 55 21 talan
452 1071 35 15 om
502 1065 118 27 äterbäring
635 1065 22 20 af
666 1065 65 21 redan
742 1065 106 22 verkstäld
861 1065 65 21 betal-

173 1100 53 26 ning
247 1099 73 20 kunna
342 1099 99 20 anställas
463 1101 44 19 mot
522 1105 69 15 annan
606 1101 27 18 än
652 1099 45 27 den,
713 1099 32 21 för
760 1099 61 21 hvars
837 1099 89 28 räkning

174 1133 76 22 vexeln
274 1133 78 27 dragen
373 1135 28 25 är,
416 1133 58 27 eller,
489 1139 33 15 om
538 1133 70 22 denne
622 1135 24 19 är
660 1133 127 28 gäldenären
802 1133 53 28 sjelf,
870 1136 58 19 emot

174 1168 66 21 första
254 1169 149 26 emottagaren.

243 1201 17 28 €)
286 1198 32 24 Är
339 1201 68 21 under
430 1201 26 22 de
478 1202 50 21 sista
543 1201 69 22 trettio
628 1202 91 27 dagarne
734 1202 44 21 före
794 1202 134 21 konkursens

174 1236 74 27 början
263 1237 51 26 pant
329 1236 21 20 af
365 1235 126 28 gäldenären
506 1235 84 22 lemnad
606 1236 32 20 för
653 1236 68 27 skuld,
736 1243 46 14 som
796 1237 66 20 innan
874 1237 53 20 kon-

174 1269 89 20 kursens
286 1269 72 26 början
381 1269 46 20 icke
449 1268 86 21 förfallit
557 1269 40 20 och
617 1269 35 20 vid
668 1269 61 21 hvars
745 1269 101 22 tillkomst
861 1269 65 22 sädan

175 1303 97 20 säkerhet
294 1303 18 27 ej
336 1302 53 21 varit
405 1303 104 27 betingad,
524 1309 49 14 vare
588 1303 171 27 pantsättningen
774 1306 52 18 utan
841 1304 85 20 verkan.

242 1337 18 27 f)
279 1337 46 21 Har
339 1337 68 21 under
423 1337 102 27 sistsagda
540 1337 28 21 tid
584 1337 33 21 för
631 1337 68 27 någon
717 1337 112 28 borgenärs
840 1338 86 21 fordran

173 1371 104 28 fastighet,
299 1378 45 15 som
365 1371 70 21 derför
449 1371 48 22 icke
511 1372 54 21 varit
580 1371 124 28 underpant,
719 1372 51 21 eller
784 1372 143 29 lösegendom,

172 1406 60 22 hvari
254 1406 131 32 borgenären
401 1406 18 28 ej
435 1406 45 31 haft
494 1408 97 30 panträtt,
606 1406 70 22 blifvit
694 1407 2 20 i
711 1409 43 20 mät
769 1409 74 26 tagen;
859 1407 68 28 gänge

173 1441 37 22 det
231 1443 89 20 utmätta
342 1441 51 21 eller
415 1441 55 21 hvad
493 1448 75 21 genom
591 1439 124 31 försäljning
730 1442 59 21 deraf
803 1442 85 29 influtit,
903 1443 23 21 sä
