1061 1714
242 153 14 21 6
409 152 82 23 Ständ.
508 152 37 23 Sv.
560 165 29 3 —
603 153 73 26 Prop.
691 152 42 22 N:o
748 152 21 22 4.

567 218 46 27 28.

282 265 30 26 Är
322 270 86 21 fordran
419 270 114 21 intecknad
543 271 6 20 i
560 269 42 22 fast
612 269 109 28 egendom,
734 269 53 22 eller
796 271 24 20 är
830 269 66 22 sådan
904 275 62 20 egen-

214 305 48 21 dom
278 305 61 26 eljest
353 304 120 27 underpant
488 304 33 21 för
535 305 94 26 fordran,
645 304 39 21 och
699 305 36 21 vill
746 304 131 27 borgenären
887 303 33 22 för
930 304 36 21 be-

213 340 108 26 talningen
343 339 57 22 hålla
422 339 32 26 sig
476 339 89 22 allenast
587 339 32 21 till
641 339 142 26 egendomen;
801 345 50 15 vare
870 339 42 20 han
927 339 40 21 ock

214 374 121 27 berättigad
357 376 32 19 att
410 374 39 21 hos
468 373 163 22 öfverexekutor
649 374 52 21 söka
717 374 47 21 dess
780 373 140 22 användande
935 373 32 21 till

214 409 87 26 gäldens
323 408 113 27 betalning.
467 408 69 21 Sådan
555 407 124 28 lagsökning
697 408 83 21 utföres
795 410 56 19 emot
866 407 101 28 fastighe-

213 445 47 19 tens
279 448 73 21 egare;
375 442 55 21 dock
452 443 34 21 må
509 442 132 22 öfverlåtelse
659 443 24 20 af
696 443 136 26 egendomen,
848 442 63 21 innan
927 448 39 21 nye

215 483 76 20 egaren
307 477 48 22 sökt
370 476 84 27 lagfart,
470 477 46 21 icke
531 479 76 25 utgöra
621 477 75 22 hinder
711 477 33 21 för
758 476 56 22 förre
826 483 87 20 egarens
923 476 44 28 lag-

215 511 103 22 sökande.
347 511 87 26 Styrkes
448 512 39 21 hos
504 511 170 26 öfverexekutor,
690 511 75 22 medan
781 511 152 27 lagsökningen
944 513 23 19 är

215 546 37 21 der
274 546 111 27 anhängig,
403 547 32 20 att
458 545 133 22 öfverlätelse
609 546 24 21 af
649 546 131 26 egendomen
795 545 102 28 lagfarits,
913 545 54 22 skall

212 581 77 26 jemväl
305 580 40 21 den
360 587 39 20 nye
415 587 77 20 egaren
507 581 7 21 i
529 580 65 22 saken
610 580 69 22 höras.

565 660 46 27 38.

286 711 189 27 Lagsökningsmäl
490 712 104 26 upptagas
605 711 23 22 af
638 711 162 22 öfverexekutor
810 712 7 20 i
828 712 40 20 den
879 713 39 25 ort,
930 711 37 21 der

214 746 128 27 gäldenären
357 746 39 20 har
411 746 37 21 sitt
463 746 26 21 bo
505 746 39 21 och
560 746 92 21 hemvist
667 746 51 20 eller
734 746 69 26 nägon
818 746 31 21 tid
860 746 31 27 sig
901 752 66 21 uppe-

215 780 73 26 häller,
304 780 59 26 eller,
379 780 27 21 dä
421 780 109 27 betalning
544 781 62 21 sökes
621 780 90 21 allenast
721 786 26 14 ur
757 780 43 22 fast
810 780 108 28 egendom,
931 780 36 22 der

216 814 129 26 egendomen
359 814 74 27 ligger.
456 814 48 21 Den
518 815 135 27 ingenstädes
664 820 50 20 eger
725 814 81 27 stadigt
816 815 96 26 hemvist,
923 815 43 26 lag-

215 849 63 21 sökes
294 850 36 20 der
345 849 40 21 han
401 848 67 22 finnes
484 849 57 27 eller,
557 855 34 15 om
606 849 42 21 han
663 849 46 21 icke
720 849 40 21 bor
770 849 7 21 i
787 849 79 25 landet,
878 850 37 20 der
925 849 42 22 han

214 884 57 20 inom
287 884 72 21 landet
373 885 73 20 senast
460 890 37 15 var
512 884 88 22 boende.
623 883 107 22 Utländsk
745 890 49 15 man
805 884 62 21 sökes
878 884 36 21 der
924 884 42 21 han

214 917 74 22 träffas
303 918 52 21 eller
369 918 53 27 gods
437 918 7 21 i
458 918 73 22 landet
545 924 55 22 eger.
626 918 43 21 För
683 918 91 27 löpande
785 918 138 27 förskrifning
932 919 34 21 mä

214 952 128 26 gäldenären
358 952 39 22 ock
412 953 64 21 sökas
490 953 53 21 hvar
557 953 42 21 han
613 952 80 22 träffas.

564 1028 12 20 4
588 1011 23 48 8.

284 1078 114 27 Angäende
413 1078 125 28 lagsökning
548 1079 38 21 hos
598 1079 164 22 öfverexekutor
773 1079 33 21 för
816 1079 93 27 fordran,
921 1086 45 15 som

214 1113 39 21 bör
276 1113 48 21 med
346 1112 137 22 förmänsrätt
504 1114 51 26 utgä
577 1120 26 14 ur
620 1113 76 27 fartyg,
714 1113 58 22 frakt
790 1113 52 21 eller
856 1114 48 26 last,
921 1116 23 19 är
959 1114 7 21 i

214 1147 41 21 241
272 1146 11 28 $
298 1147 93 27 sjölagen
408 1147 106 27 stadgadt.

566 1204 12 21 5
596 1204 17 28 8.

282 1255 134 27 Lagsökning
438 1256 55 20 skall
514 1257 63 25 göras
595 1255 129 27 skriftligen;
743 1255 39 20 och
797 1256 48 25 foge
860 1256 106 26 borgenär

214 1289 35 21 vid
264 1289 32 21 sin
311 1289 70 26 inlaga
396 1289 40 21 den
452 1289 51 21 eller
519 1289 25 21 de
559 1288 125 27 handlingar
695 1289 7 21 i
711 1288 145 22 hufvudskrift
869 1290 51 20 eller
930 1290 36 21 be-

214 1322 83 22 sannad
313 1322 89 27 afskrift,
422 1322 72 22 hvilka
516 1322 42 22 han
572 1322 34 22 för
621 1323 32 21 sin
669 1323 58 21 talan
742 1322 110 28 äberopar.
883 1323 82 22 Under-

213 1357 55 22 läter
289 1357 43 22 han
352 1357 41 28 det,
417 1357 52 22 eller
490 1357 67 22 finner
575 1357 163 22 öfverexekutor
752 1357 87 22 fordran
854 1358 46 21 icke
915 1364 51 16 vara

213 1399 76 20 genom
313 1391 26 22 de
360 1392 81 27 ingifna
462 1391 155 29 handlingarna
636 1392 86 22 bevisad
740 1392 53 22 eller
810 1393 33 21 till
856 1393 109 27 betalning

213 1427 106 27 förfallen,
339 1427 64 22 varde
422 1427 144 27 ansökningen
585 1427 18 27 ej
623 1429 113 25 upptagen,
753 1427 39 22 och
807 1427 76 22 teckne
898 1427 68 22 öfver-

214 1462 103 21 exekutor
332 1462 36 21 det
383 1461 12 22 å
410 1461 91 27 inlagan.
