1036 1720
233 149 26 18 90

204 214 69 22 komst
287 214 49 22 med
352 214 153 28 borgenärerne
521 215 39 21 och
574 215 132 27 gäldenären,
722 221 35 14 om
772 214 41 22 den
825 214 131 22 återstående

205 249 142 27 egendomens
369 249 130 27 försäljning,
520 249 100 21 hvarmed
643 248 90 28 uppskof
755 249 18 27 ej
796 248 34 22 må
851 255 38 20 ega
904 255 53 20 rum,

206 283 86 21 såframt
315 284 19 26 ej
357 283 41 21 alla
420 283 35 21 vid
479 283 192 21 sammankomsten
687 283 130 21 närvarande
833 283 125 27 borgenärer

206 324 34 14 om
256 318 125 27 uppskofvet
396 320 35 18 äro
447 324 50 15 ense
513 320 55 18 samt
582 317 78 28 jemväl
674 318 128 27 gäldenären
820 315 69 23 dertill
904 324 54 14 sam-

206 352 78 27 tycker.

274 386 107 28 Fastighet
403 386 34 21 må
459 388 19 26 ej
500 386 62 28 säljas
585 386 124 21 annorledes
731 388 26 19 än
773 392 76 22 genom
865 386 95 27 offentlig

206 421 94 27 auktion,
322 421 37 20 der
381 421 18 27 ej
423 422 40 20 alla
479 421 33 20 vid
529 420 192 21 sammankomsten
739 420 130 21 närvarande
885 420 74 27 borge-

206 457 62 19 närer
290 455 38 21 och
351 455 126 27 gäldenären
493 455 35 21 det
542 455 117 27 medgifva;
682 455 37 21 och
735 455 64 21 varde
814 456 90 26 panträtt
920 455 39 20 och

206 496 71 14 annan
292 489 107 28 rättighet,
415 490 33 21 för
463 489 84 22 hvilken
562 489 125 28 fastigheten
697 490 73 27 häftar,
778 491 54 19 samt
839 491 41 20 rätt
887 489 32 21 till
927 492 32 18 ut-

206 524 62 27 skyld
284 524 40 21 och
338 523 131 28 lönebelopp,
484 531 45 14 som
544 524 88 21 framför
647 524 39 21 den
703 524 37 21 har
750 523 110 28 företräde,
872 524 36 21 vid
918 524 42 21 för-

207 559 118 27 säljningen
348 558 69 22 städse
440 558 124 21 bibehällna.
594 558 56 28 Vilja
673 559 160 26 sysslomännen
854 558 66 21 hellre
939 557 21 22 få

207 593 126 27 fastigheten
351 592 45 22 såld
412 593 168 27 utmätningsvis,
595 599 38 22 ege
644 595 29 19 att
683 593 7 20 i
699 593 76 22 sådant
782 593 98 21 afseende
892 592 68 21 vända

207 629 32 27 sig
260 628 32 21 till
308 628 156 21 vederbörande
482 628 186 27 utmätningsman,
684 628 85 21 hvilken
785 627 35 22 det
835 628 79 27 åligger
930 630 29 19 att

206 665 48 25 taga
269 663 124 27 fastigheten
409 663 6 20 i
431 664 43 19 mät
489 662 68 21 såsom
573 669 34 15 om
623 663 119 27 utmätning
756 662 27 28 på
798 663 68 27 grund
878 663 21 20 af
910 662 49 21 dom

208 699 23 19 är
244 697 145 26 föreskrifvet;
406 697 40 20 och
457 697 62 20 lände
534 697 7 20 i
556 698 23 26 ty
595 697 36 20 fall
650 697 62 20 äfven
727 697 33 20 för
775 697 62 27 öfrigt
852 697 32 20 till
898 696 62 21 efter-

207 731 84 22 rättelse
313 731 54 21 hvad
390 738 35 14 om
447 731 125 28 försäljning
589 732 21 20 af
624 731 42 21 fast
682 731 103 27 egendom
801 733 54 19 samt
870 738 34 14 om
919 731 41 21 för-

208 766 86 27 delning
309 766 21 21 af
345 765 166 28 köpeskillingen
526 765 71 22 derför
611 766 7 20 i
633 765 194 29 Utsökningslagen
842 765 89 28 stadgas.

276 800 41 21 Lös
333 800 103 27 egendom
452 799 53 22 skall
520 800 6 20 i
542 801 116 20 allmänhet
672 806 78 21 genom
765 801 94 26 offentlig
874 800 87 21 auktion

208 835 68 27 säljas,
292 835 37 20 der
344 835 18 26 ej
379 835 40 20 alla
435 834 34 21 vid
485 835 192 20 sammankomsten
692 835 131 21 närvarande
835 835 127 26 borgenärer

208 869 48 21 med
279 869 138 28 gäldenärens
439 868 58 21 bifall
513 868 131 22 annorlunda
660 868 87 22 besluta.
776 868 60 22 Dock
851 868 34 22 må
900 875 62 15 varu-

208 904 58 27 lager
289 903 68 21 under
377 903 56 21 hand
453 903 103 27 föryttras,
579 909 34 15 om
632 903 26 21 de
675 903 132 28 borgenärer,
823 903 81 21 hvilkas
919 903 42 21 for-

209 938 85 28 dringar
315 940 74 25 utgöra
411 939 76 19 största
509 938 102 27 beloppet,
627 944 50 14 anse
693 938 36 21 det
743 938 49 21 med
807 938 67 21 fördel
888 938 74 21 kunna

210 972 36 21 ske
268 973 39 21 och
323 972 35 21 det
373 972 18 27 ej
407 972 22 20 af
443 972 128 27 gäldenären
587 972 107 20 bestrides.
725 972 45 21 Har
784 972 104 28 borgenär
902 976 60 24 pant-

210 1008 40 20 rätt
271 1007 7 21 i
294 1006 141 27 lösegendom,
451 1007 34 21 må
500 1006 18 28 ej
534 1008 45 20 mot
593 1006 53 21 hans
661 1006 50 28 vilja
727 1006 124 28 försäljning
865 1006 97 22 annorle-

210 1041 37 21 des
263 1043 25 19 än
305 1041 12 21 å
331 1041 86 21 auktion
433 1047 39 21 ega
486 1048 52 14 rum.

278 1075 78 28 Fartyg
379 1075 52 21 eller
452 1076 52 27 gods
518 1076 8 20 i
541 1076 69 27 fartyg
626 1075 35 21 må
676 1076 17 27 ej
710 1076 22 20 af
747 1076 160 26 sysslomännen
922 1075 41 21 säl-

210 1111 32 26 jas
264 1110 133 20 annorlunda
418 1112 27 19 än
460 1110 47 21 med
524 1110 146 21 bibehållande
686 1110 21 21 af
722 1110 40 21 den
775 1111 69 26 pant-
861 1110 38 20 och
914 1110 47 27 för-

212 1144 115 27 månsrätt,
347 1150 46 14 som
409 1144 44 22 deri
469 1145 65 27 enligt
548 1144 99 28 Sjölagen
662 1144 41 21 kan
719 1151 50 14 vara
784 1144 106 27 gällande;
913 1144 50 27 vilja

211 1179 18 27 ej
246 1178 162 27 sysslomännen
423 1179 41 26 det,
479 1179 50 20 söke
544 1178 107 28 fartygets
666 1179 51 20 eller
729 1178 86 28 godsets
828 1178 135 28 försäljning

212 1213 8 20 i
234 1213 42 20 den
291 1212 94 27 ordning
405 1213 197 27 Utsökningslagen
615 1213 96 27 stadgar.

280 1247 40 20 Om
342 1247 71 26 tvistig
435 1247 87 26 tillgång
544 1247 36 20 må
600 1247 199 26 förlikningsanbud
814 1247 33 20 för
861 1247 103 20 konkurs-

212 1286 84 14 massan
318 1281 87 25 antagas
427 1280 21 20 af
471 1280 25 20 de
511 1279 133 27 borgenärer,
659 1279 82 21 hvilkas
756 1279 119 27 fordringar
889 1281 75 19 största

212 1314 98 27 beloppet
332 1314 79 27 utgöra,
434 1314 37 21 der
493 1314 125 27 gäldenären
639 1313 35 21 det
695 1313 89 21 bifaller.
819 1314 83 27 Vägrar
924 1313 40 21 han

211 1348 72 26 bifall;
307 1348 27 21 då
348 1348 35 21 må
397 1348 42 21 han
455 1348 48 28 sjelf
518 1348 76 22 tvisten
610 1348 74 25 utföra,
700 1348 38 21 der
752 1348 42 21 han
809 1348 71 22 ställer
894 1348 70 22 säker-

212 1384 36 21 het
262 1383 32 21 för
308 1383 56 21 hvad
378 1383 7 21 i
401 1383 115 28 förlikning
523 1382 80 29 bjudes.
627 1382 47 22 Kan
682 1383 41 21 han
732 1382 35 22 det
775 1383 32 28 ej;
816 1383 112 22 ankomme
934 1383 30 22 åt-

213 1418 78 28 gärden
306 1417 27 29 på
347 1418 165 28 borgenärernes
526 1418 104 28 pröfning.
