1045 1717
213 136 28 20 64
518 135 45 24 N:o
582 136 23 23 8.

532 202 12 28 8
560 203 34 21 32.

254 242 106 22 Beträdes
382 242 187 28 försäljningsman
589 242 48 22 med
651 241 148 22 försummelse
815 241 51 22 eller
880 241 58 22 visar

184 276 43 22 han
251 276 93 28 ogenhet
366 276 50 22 eller
431 276 61 22 beter
506 276 33 28 sig
554 276 143 28 otillständigt
713 277 57 21 emot
785 276 151 26 allmänheten,

185 311 66 21 varde
272 310 48 22 från
338 310 149 28 befattningen
503 311 61 21 skild.
595 306 139 26 Öfverträder
748 310 189 28 försäljningsman

184 346 102 22 förbudet
307 346 7 21 i
335 346 11 28 $
370 347 34 27 24,
421 352 91 16 ansvare
526 346 42 21 han
585 345 71 23 derför
671 346 71 21 såsom
756 344 34 23 för
805 345 63 27 olaga
882 350 55 22 upp-

184 380 55 22 börd
255 380 38 22 och
308 387 51 15 vare
374 380 61 22 äfven
450 381 7 21 i
473 381 61 21 detta
547 380 38 22 fall
599 380 48 22 från
662 380 150 28 befattningen
827 380 62 21 skild.

532 443 11 28 8
560 444 33 21 33.

253 483 59 22 Hvar
335 489 51 21 som,
410 483 33 22 för
458 485 33 20 att
505 483 80 22 bereda
600 483 32 27 sig
647 483 51 21 eller
713 489 73 15 annan
801 483 69 26 nytta,
887 482 50 21 eller

184 517 69 22 skada
277 523 79 22 annan,
379 517 95 28 eftergör
497 517 51 22 eller
572 517 114 22 förfalskar
711 517 175 27 stämpelpapper
908 516 29 22 el-

184 552 32 21 ler
239 552 172 27 stämpelmärke,
434 552 84 22 straffes
536 552 49 22 med
600 552 90 21 tukthus
705 552 8 21 i
727 552 64 27 högst
806 552 37 21 två
859 552 24 21 är
898 551 39 22 och

184 586 79 22 förlust
288 587 23 22 af
333 587 166 28 medborgerligt
521 587 130 26 förtroende,
671 587 58 26 eller,
745 587 37 21 der
805 586 131 27 omständig-

184 621 91 22 heterna
297 623 37 20 äro
357 621 136 28 synnerligen
515 621 125 28 mildrande,
663 621 49 22 med
731 621 95 28 fängelse
844 621 18 27 ej
879 620 58 22 öfver

183 656 38 21 två
235 657 31 21 år.

253 691 80 27 Gjorde
355 691 42 21 han
420 691 57 21 bruk
498 691 23 22 af
538 691 41 22 den
594 691 132 27 eftergjorda
741 691 51 22 eller
806 690 130 22 förfalskade

184 725 114 27 stämpeln,
319 725 72 22 dömes
411 725 33 22 till
459 725 91 22 tukthus
565 725 8 22 i
587 725 64 28 högst
665 725 48 28 fyra
729 726 23 21 år
768 725 40 22 och
821 725 79 21 förlust
916 724 23 22 af

183 759 167 28 medborgerligt
364 759 131 28 förtroende,
512 760 51 21 eller
577 760 95 27 fängelse
687 760 18 27 ej
722 759 58 22 öfver
795 761 34 20 tre
844 760 31 21 år.

252 794 46 21 Har
314 800 71 15 annan
402 796 27 19 än
445 795 200 27 gerningsmannen,
662 794 8 21 i
685 794 71 27 afsigt,
772 800 46 15 som
828 793 64 22 ofvan
902 795 34 20 sä-

183 834 45 21 ges,
243 829 57 27 gjort
316 829 32 26 sig
364 828 50 22 eller
430 835 72 15 annan
517 829 169 27 förfalskningen
701 829 33 21 till
748 829 63 27 godo,
822 829 65 21 varde
898 835 38 14 an-

183 863 54 21 sedd
251 863 30 27 så,
298 869 46 16 som
359 863 55 22 hade
428 863 43 22 han
486 863 48 28 sjelf
547 863 92 22 föröfvat
654 863 129 22 densamma.

530 927 12 28 $
559 928 33 21 34.

252 967 45 22 Gör
319 967 71 28 någon
414 967 55 22 bruk
492 968 23 21 af
528 968 52 21 eller
594 969 70 20 sätter
682 968 3 21 i
701 968 86 27 omlopp
803 968 51 21 äkta
869 969 67 20 stäm-

183 1001 119 28 pelpapper
324 1001 52 22 eller
395 1002 171 27 stämpelmärke,
583 1009 46 15 som
643 1002 79 22 honom
736 1002 117 28 veterligen
868 1002 67 21 redan

183 1035 34 22 för
232 1036 39 21 sitt
287 1036 100 21 ändamål
402 1037 113 27 användts,
531 1036 84 23 straffes
630 1037 49 21 med
693 1037 96 27 fängelse
803 1037 6 21 i
825 1036 64 27 högst
898 1043 38 15 sex

183 1070 110 27 månader,
309 1070 51 22 eller
375 1071 68 27 böter,
460 1071 54 21 dock
528 1071 47 22 icke
590 1071 85 22 utöfver
690 1073 86 20 ettusen
791 1071 67 21 mark.

530 1134 12 27 8
558 1135 34 20 35.

250 1173 54 27 Den,
320 1180 46 15 som
381 1173 33 22 för
430 1175 33 20 att
477 1174 79 22 bereda
572 1175 31 26 sig
619 1174 50 21 eller
686 1181 71 14 annan
773 1175 69 26 nytta,
858 1180 76 21 genom

184 1208 80 27 oriktig
278 1207 86 28 uppgift
379 1208 51 22 eller
445 1210 68 20 annat
528 1209 57 26 svek,
597 1209 152 26 undandrager
760 1209 51 21 eller
821 1209 64 22 söker
895 1215 39 14 un-

181 1242 112 27 dandraga
307 1243 84 21 kronan
407 1243 158 26 stämpelskatt,
581 1243 50 21 böte
646 1243 64 26 högst
729 1243 120 21 trehundra
866 1243 67 21 mark.

251 1275 70 27 Stiger
344 1276 36 20 det
402 1277 164 20 undansnillade
589 1276 51 21 eller
662 1277 37 20 det
721 1283 49 14 man
786 1277 49 20 sökt
851 1277 83 20 undan-

182 1310 63 20 snilla
267 1310 32 20 till
322 1310 118 21 etthundra
462 1311 68 26 mark,
554 1310 51 22 eller
624 1310 129 28 derutöfver,
770 1311 51 21 eller
837 1312 37 20 äro
890 1317 44 15 om-

182 1344 177 27 ständigheterna
374 1344 61 28 eljest
449 1345 136 27 synnerligen
600 1344 146 28 försvårande,
755 1345 52 22 eller
817 1346 50 22 sker
877 1346 57 21 åter-

181 1378 44 27 fall,
241 1378 84 22 straffes
341 1379 41 21 den
398 1380 96 27 skyldige
509 1380 48 22 med
572 1380 62 21 böter
648 1380 17 28 ej
677 1380 69 22 under
756 1380 107 22 etthunda
873 1380 61 22 mark

184 1413 51 22 eller
249 1413 95 28 fängelse
358 1413 48 22 från
422 1414 39 21 och
476 1415 48 21 med
539 1415 37 21 två
591 1415 102 21 månader
703 1415 33 21 till
747 1415 39 21 och
796 1415 49 22 med
855 1416 37 20 två
902 1416 31 21 år.
