1045 1720
314 140 28 23 U.
359 140 27 22 B.
402 154 27 2 —
444 141 74 27 Prop.
534 141 44 21 N:o
594 140 22 22 4.
764 139 56 22 XIX

98 203 66 21 andra
186 203 90 27 lösören,
297 202 39 22 har
355 203 111 22 Utskottet
482 203 115 28 föreslagit,
612 206 31 18 att
657 203 45 21 alla
718 202 130 28 oumbärliga

98 236 170 29 arbetsredskap,
284 237 120 21 oberoende
419 237 23 21 af
457 237 61 22 deras
534 237 71 26 värde,
620 236 65 22 borde
701 237 28 28 gä
743 237 42 20 fria
800 236 48 21 frän

98 271 125 27 utmätning.

167 305 44 20 Det
232 305 112 28 själftalina
366 305 112 21 resultatet
499 305 61 21 häraf
575 312 50 14 vore
640 305 41 26 väl,
696 307 32 18 att
742 304 108 28 ifrägava-

98 338 66 22 rande
185 339 82 21 förmån
290 338 34 22 för
347 347 26 13 en
394 339 72 28 vanlig
484 339 100 26 arbetare,
603 339 64 21 hvars
685 338 164 29 arbetsredskap

98 373 67 21 sällan
180 376 146 25 representera
341 381 44 14 mer
400 375 28 19 än
442 373 64 28 högst
522 374 26 21 10
564 373 69 22 marks
649 373 65 22 värde
730 373 40 22 och
785 373 64 21 hvars

97 415 101 18 resurser,
218 410 31 18 att
270 408 91 28 försörja
384 409 32 26 sig
436 408 41 21 och
492 408 32 21 sin
540 407 66 29 familj
622 407 65 22 äfven
703 408 7 20 i
725 408 72 27 regeln
812 409 36 20 äro

99 441 27 22 de
147 445 54 18 mest
216 441 136 29 begränsade,
368 442 68 22 skulle
451 442 115 22 inskränka
581 443 32 27 sig
628 442 33 21 till
677 442 36 21 det
728 442 79 21 utfästa
823 443 26 20 30

99 476 32 22 till
147 478 26 20 75
188 476 65 26 mark,
269 476 27 22 då
311 476 95 22 deremot
421 484 26 14 en
463 476 103 27 snickare,
582 476 65 27 smed,
663 476 109 22 urmakare
787 484 27 14 m.
829 476 20 22 fl.

99 510 28 22 dl.
142 511 55 28 finge
213 511 82 21 ostördt
310 512 103 28 qvarsitta
427 512 48 20 med
492 511 103 29 egendom
605 511 32 21 till
648 514 30 18 ett
691 510 64 22 värde
766 510 23 22 af
799 510 50 22 flere

99 545 83 21 hundra
197 546 65 20 mark.
291 546 43 21 Det
350 546 119 28 oegentliga
484 546 46 21 häri
545 546 104 28 afhjelpes
664 545 116 28 ingalunda
795 545 55 21 deri-

99 587 77 21 genom
189 583 31 18 att
234 579 113 22 Utskottet
361 580 72 28 utbytt
448 580 60 21 ordet
525 580 162 27 »nödvändiga»
702 580 6 20 i
719 579 41 21 den
771 580 79 27 nådiga

99 615 160 28 propositionen
282 617 44 19 mot
347 615 169 28 »oumbärliga»,
538 617 23 26 ty
584 614 83 22 oafsedt
687 614 36 21 det
740 614 110 28 vanskliga

100 650 32 21 uti
146 652 31 18 att
193 649 80 26 utreda,
288 649 72 22 hvilka
375 649 91 26 redskap
479 657 46 14 som
539 649 45 21 icke
599 656 51 14 vore
665 649 7 20 i
687 651 31 19 ett
729 649 52 28 yrke
793 656 58 13 oum-

100 684 87 27 bärliga,
209 686 23 19 är
255 684 36 21 det
310 685 7 20 i
332 684 41 21 alla
388 684 38 21 fall
442 683 54 22 blott
510 685 232 26 utmätningsmannens
757 683 92 28 godtfin-

101 718 70 21 nande
195 726 45 13 som
262 718 75 22 härvid
359 718 84 21 komme
465 721 32 18 att
519 719 115 21 bestämma
649 717 110 29 omfånget
773 718 23 21 af
811 718 42 21 den

101 753 82 21 lättnad
199 753 133 28 lagstiftaren
347 753 57 20 velat
419 753 78 21 bereda
508 753 42 21 den
559 753 120 26 utmätning
689 751 162 22 underkastade.

169 787 94 21 Beaktar
285 795 48 13 man
356 786 107 22 dessutom
487 787 41 21 den
551 789 57 18 stora
629 786 79 28 mängd
731 785 23 22 af
772 786 80 21 kredit-

101 821 144 27 behöfvande,
259 821 84 22 hvilkas
358 821 48 21 hela
422 821 103 28 egendom
540 822 39 20 lätt
589 821 71 21 kunde
670 821 115 27 inrymmas
796 821 57 20 inom

101 863 73 14 ramen
197 856 22 20 af
241 856 36 20 det
300 862 45 14 som
367 862 28 14 nu
419 856 67 27 enligt
499 855 124 22 Utskottets
638 855 81 27 förslag
736 854 65 21 borde
816 854 38 21 vid

101 890 120 27 utmätning
242 890 81 20 lämnas
339 889 105 26 oberördt,
459 889 24 22 så
498 890 56 20 inses
570 889 38 20 lätt
623 891 31 18 att
669 896 48 13 man
731 895 77 21 genom
823 890 32 18 ett

103 924 70 28 dylikt
195 924 117 28 stadgande
334 924 47 21 icke
402 924 84 21 komme
508 926 31 18 att
560 930 75 21 gagna,
650 925 51 19 utan
715 924 93 20 tvärtom
824 925 31 17 att

103 959 68 21 skada
191 959 43 27 just
252 958 41 22 den
309 958 57 22 klass
381 958 23 21 af
420 958 144 28 medborgare,
579 957 62 21 hvars
657 956 70 22 fördel
741 964 49 14 man
806 956 47 21 der-

103 993 49 21 med
171 993 86 29 åsyftat.
286 993 48 21 Den
349 992 179 29 genomgripande
543 991 154 27 inskränkning
711 991 24 21 af
748 990 105 27 krediten,

104 1035 45 14 som
169 1028 61 21 häraf
244 1031 52 18 utan
310 1028 77 21 tvifvel
403 1027 72 22 blefve
490 1034 26 14 en
532 1026 54 28 följd
601 1026 68 21 skulle
685 1026 106 27 nämligen
806 1025 48 21 icke

103 1062 72 21 kunna
198 1062 72 28 undgå
292 1064 31 19 att
343 1061 132 22 förlamande
497 1061 89 21 invärka
607 1060 27 27 på
658 1059 194 29 företagsamheten

105 1097 65 21 bland
185 1097 41 21 den
241 1096 81 22 mindre
338 1096 125 22 bemedlade
479 1095 62 21 delen
556 1095 23 21 af
594 1094 158 28 befolkningen.

173 1131 32 21 På
228 1131 70 28 grund
320 1130 22 22 af
363 1130 35 22 det
420 1130 90 21 anförda
530 1130 34 20 får
579 1128 84 22 derföre
679 1127 174 22 undertecknade

106 1166 109 22 vördsamt
229 1166 89 20 föreslå:

380 1241 33 19 att
433 1239 83 21 landets
538 1237 125 29 Höglofliga
686 1237 95 21 Ständer
807 1236 51 21 ville

310 1274 49 21 med
379 1273 140 27 förkastande
542 1272 28 28 af
594 1272 113 21 Utskottets
722 1271 83 27 förslag
822 1271 35 20 till

312 1307 95 28 ändring
430 1307 28 27 af
476 1309 12 18 4
510 1307 46 27 kap.
582 1308 14 19 5
617 1306 15 27 $
648 1306 15 20 2
677 1312 66 15 mom.
779 1305 78 22 Utsök-

311 1342 136 26 ningslagen,
465 1341 36 27 för
515 1341 172 27 ifrågavarande
702 1341 97 19 moment
813 1345 43 15 an-

312 1378 50 25 taga
377 1376 41 20 den
434 1376 78 26 lydelse
522 1375 120 21 detsamma
652 1374 41 20 har
703 1374 9 20 i
722 1374 41 20 den
773 1373 83 27 nådiga

310 1409 171 29 propositionen.

179 1486 127 23 Lagutskottets
319 1484 109 18 betänkande
440 1483 37 18 N:o
490 1484 17 17 5.
