1045 1714
219 130 27 21 30
427 129 23 21 U.
466 128 24 21 B.
505 141 28 2 —
548 127 63 29 Prop.
627 127 38 22 N:o
681 126 20 23 8.

190 193 175 29 Stämpelafgift
377 193 37 21 för
424 193 134 21 fullmakter
568 199 21 15 o.

218 227 175 22 konstitutorial
412 244 1 4 .
444 243 3 5 .
481 243 2 5 .
514 243 4 4 .
551 243 4 5 .
585 243 4 4 .
605 226 65 21 Fmk.
702 226 143 25 27,820:51=
871 225 67 28 3,66%/,

191 261 174 30 Stämpelafgift
380 261 37 22 för
431 261 114 22 fastebref
585 277 4 6 .
638 277 9 11 ,
703 261 142 27 25,810:1=
871 261 60 26 3,40,

190 295 175 29 Stämpelafgift
384 295 36 21 uti
438 295 75 28 öfriga
528 295 63 22 kate-

220 331 76 28 gorier
307 347 4 4 .
412 346 5 5 a
704 330 85 26 44,762:
798 338 17 13 37
827 339 22 9 =
874 329 39 26 5,89
922 345 11 9 5

825 378 22 10 I

497 370 93 21 Summa
608 369 66 22 Fmk.
690 370 97 27 760,266:
796 378 18 13 47
832 365 15 36 =
859 369 41 22 100
915 369 27 26 %

260 433 79 23 Under
354 433 174 28 förutsättning,
545 436 34 19 att
598 433 42 21 här
655 432 100 23 nämnda
770 432 123 29 viktigare,
909 431 33 22 äf-

191 475 96 14 vensom
302 467 28 22 de
345 468 184 29 sammanslagna
541 468 89 22 mindre
640 467 131 29 betydande
781 467 162 28 kategorierna

191 503 116 28 framgent
322 503 75 20 säsom
412 502 85 21 hittills
513 503 66 21 skola
593 503 57 21 hvar
665 503 8 20 i
689 502 36 21 sin
736 502 53 21 män
799 501 97 28 bidraga
905 501 38 20 till

192 537 44 22 den
251 537 37 21 för
301 537 229 28 bevillningsfonden
545 537 73 22 under
632 536 187 29 finansperioden
830 536 111 21 1895—97

192 571 132 22 emotsedda
339 571 74 28 ärliga
423 571 206 22 medelinkomsten
640 571 26 21 af
675 571 112 27 1,165,466
797 569 71 27 mark,
878 569 65 22 torde

192 613 29 14 en
236 604 100 22 särskild
358 605 145 28 redogörelse
518 605 110 22 behöfvas
644 605 60 21 blott
719 604 36 22 för
771 604 123 22 sannolika
910 611 34 14 re-

192 640 96 21 sultatet
302 639 25 22 af
340 639 28 21 de
385 639 127 28 viktigaste
528 647 46 21 nya
589 640 55 21 eller
659 639 147 22 modifierade
823 637 121 22 föreskrif-

191 677 42 24 ter,
250 681 48 14 som
313 673 133 29 föreslagits
462 674 37 21 till
515 674 124 29 intagande
654 674 8 21 i
678 673 265 29 stämpelförordningen

192 708 44 22 och
254 708 79 21 hvilka
351 707 122 23 förutsatts
493 709 107 28 inbringa
618 710 34 20 ett
666 711 53 19 rent
734 708 103 21 tillskott
851 707 94 22 utöfver

192 743 144 22 sistnämnda
351 750 95 15 summa.

260 779 12 21 I
286 777 64 23 detta
375 777 108 23 afseende
507 778 89 22 märkes
620 778 88 28 främst,
732 780 35 20 att
791 777 45 22 den
859 777 86 28 nådiga

192 812 175 29 propositionen
387 819 83 22 genom
491 813 172 28 inskränkning
685 812 26 22 af
732 813 43 21 den
799 811 36 23 för
849 812 94 28 inlagor

193 847 43 22 och
246 847 114 28 utgående
371 847 159 28 expeditioner
540 848 9 21 i
562 847 109 22 brottmål
682 846 111 29 stadgade
804 846 140 29 stämpelfri-

192 881 40 21 het
245 881 54 22 sökt
311 883 70 20 vinna
393 889 28 13 en
434 881 120 28 stegring
545 877 13 37 i
565 881 264 28 stämpelbevillningen.
846 881 97 22 Utskot-

192 918 35 19 tet
236 915 47 26 har,
292 915 75 22 såsom
377 916 102 27 nämndt,
488 915 36 22 för
532 917 36 20 sin
577 915 37 22 del
624 915 80 22 funnit
713 916 37 28 sig
759 915 56 22 böra
826 915 119 28 tillstyrka

192 949 67 22 bifall
274 949 37 22 till
326 949 76 22 denna
416 949 142 29 förändring.
582 950 108 21 Deremot
704 949 41 22 har
755 950 62 21 inom
828 949 117 22 utskottet

193 983 270 29 meningsskiljaktighet
485 984 62 28 gjort
566 984 36 28 sig
624 983 107 29 gällande
747 983 142 22 beträffande
906 983 39 21 be-

192 1018 80 29 loppet
287 1017 26 22 af
325 1018 44 21 den
385 1018 89 29 ökning
489 1019 8 20 i
513 1018 173 29 stämpelafgift,
698 1025 49 15 som
763 1017 67 23 häraf
843 1025 54 14 vore
909 1020 36 19 att

192 1052 108 29 päräkna.
323 1045 22 28 Å
356 1060 43 14 ena
412 1053 65 21 sidan
491 1053 41 21 har
547 1053 117 28 nämligen
680 1052 127 29 åberopats,
819 1055 34 19 att
863 1052 40 21 vid
915 1059 29 14 en

192 1087 86 28 mängd
294 1086 125 22 domstolar
434 1091 55 18 nära
503 1094 47 21 nog
565 1087 89 22 hälften
664 1087 46 21 mäl
721 1087 98 28 tidigare
829 1087 30 28 pä
869 1086 76 29 grund

194 1120 26 22 af
232 1120 44 22 den
298 1120 36 22 för
357 1120 109 22 brottmål
488 1121 118 28 medgifna
628 1121 169 28 stämpelfrihet
812 1121 61 21 varit
892 1119 52 22 från

194 1154 168 29 stämpelafgift
376 1154 109 28 fritagen,
501 1155 91 22 hvadan
610 1155 88 21 säledes
714 1162 29 14 en
758 1154 131 29 betydande
905 1155 41 20 ök-

192 1189 60 27 ning
266 1189 9 20 i
290 1189 63 20 skatt
375 1195 84 21 genom
481 1188 154 29 undantagets
653 1189 156 28 begränsning
832 1195 55 14 vore
908 1192 36 17 att

194 1224 93 19 emotse.
317 1222 111 21 Häremot
449 1222 42 21 har
506 1221 58 23 dock
583 1223 13 21 &
618 1222 71 21 andra
710 1222 65 22 sidan
791 1221 88 23 anförts
895 1222 49 21 dels

194 1256 44 20 den
260 1256 70 20 redan
353 1255 40 21 vid
416 1255 190 22 remissdebatten
628 1256 8 20 i
659 1255 196 28 Borgareständet
876 1255 69 22 fram-

194 1289 78 22 hällna
287 1289 157 28 möjligheten,
460 1291 34 19 att
509 1297 28 13 en
553 1289 85 28 mängd
661 1289 88 21 mindre
769 1289 63 22 brott
846 1289 98 22 framde-

194 1323 33 22 les
250 1323 91 22 komme
363 1325 35 20 att
424 1323 37 22 till
483 1323 85 22 allmän
594 1323 105 26 åklagare
726 1323 159 28 öfverlemnas,
908 1324 37 21 för

194 1357 211 30 tillgodonjutande
420 1357 26 23 af
459 1357 44 22 den
520 1358 69 22 sedan
604 1359 110 28 gammalt
729 1359 94 29 vanliga
838 1359 107 28 stämpel-

194 1393 107 26 friheten,
313 1393 49 21 dels
378 1393 69 21 ocksä
463 1395 34 19 att
512 1401 28 13 en
556 1393 84 29 mängd
657 1393 134 29 obetydliga
807 1393 51 28 mäl,
870 1394 75 21 säsom

195 1428 68 22 äfven
277 1429 7 20 i
296 1428 175 29 propositionen
487 1427 142 28 förutsättes,
642 1428 90 22 komme
747 1431 34 19 att
795 1429 30 29 pä
838 1429 75 28 grund
922 1429 26 22 af

263 1468 214 23 Bevillningsutskottets
490 1468 114 18 betänkande
617 1469 36 18 N:o
666 1470 16 16 4.
