1031 1717
214 146 26 20 56

181 213 39 19 det
234 213 77 25 belopp,
326 213 79 19 hvarför
420 212 149 25 verkställighet
583 213 46 18 bort
644 212 41 24 ske,
702 212 35 19 der
751 212 40 19 han
806 211 16 25 ej
839 211 58 25 visar,
911 212 31 18 att

184 247 98 25 borgenär
296 247 75 19 lemnat
385 246 96 26 gäldenär
495 245 85 21 anstånd
595 246 45 19 med
655 245 135 26 hetalningen,
805 245 48 20 eller
867 247 30 18 att
911 245 32 20 för

185 281 114 25 utmätning
314 281 48 20 eller
380 281 117 25 försäljning
512 282 50 18 mött
577 280 74 19 hinder.
670 286 43 13 som
729 279 212 26 utmätningsmannen

185 315 17 25 ej
218 315 76 20 kunnat
308 315 125 20 förekomma.
457 315 64 20 Möter
536 314 70 21 sådant
621 315 77 24 hinder,
711 315 34 19 bör
755 314 40 25 det,
804 313 35 20 vid
848 314 94 25 äfventyr

184 351 30 18 att
234 349 34 20 det
289 349 58 26 eljest
361 349 17 26 ej
394 349 33 20 må
449 349 29 19 till
493 350 70 19 ursäkt
577 349 77 24 räknas,
669 351 72 23 genast
757 348 108 20 antecknas
879 348 8 19 i
901 348 40 20 den

184 384 83 25 dagbok,
282 390 43 13 som
340 384 20 19 af
374 384 209 25 utmätningsmannen
599 383 50 20 skall
666 383 69 20 hållas.

533 470 25 19 21
577 470 16 23 8.

254 532 54 20 Skall
322 534 74 18 utmätt
411 532 79 20 fordran
505 532 48 20 eller
568 532 95 25 rättighet
679 532 66 25 säljas,
763 532 37 19 och
816 532 45 20 sker
871 532 34 19 det
915 532 25 25 ej,

185 566 12 20 å
211 567 69 20 landet
301 567 53 19 inom
372 568 30 18 tre
417 566 94 20 månader
526 567 36 19 och
577 567 6 19 i
600 567 45 18 stad
662 567 53 18 inom
731 566 35 19 två
780 566 95 20 månader
889 566 52 19 efter

185 601 34 19 det
233 601 73 25 fogden
327 601 103 24 emottagit
445 601 24 19 de
483 601 7 18 i
506 601 11 19 3
532 601 45 25 kap.
594 601 25 19 21
636 601 36 19 och
688 601 26 18 22
731 601 25 24 8$
775 601 86 19 nämnda
876 600 63 19 hand-

184 635 75 25 lingar
256 631 11 33 ;
276 641 47 13 vare
337 641 32 13 om
384 635 49 19 hans
448 635 129 25 ansvarighet
591 635 32 24 lag
639 641 43 13 som
694 635 59 19 ofvan
765 635 5 18 i
783 635 25 19 20
821 636 10 23 $
842 637 22 17 är
875 635 64 25 sagdt.

252 665 29 23 Är
295 670 66 24 fartyg
380 668 49 20 eller
443 669 49 25 gods
507 669 7 19 i
528 669 68 25 fartyg
611 670 78 24 utmätt,
705 668 62 20 varde
784 669 33 19 det
832 669 37 19 ock
884 668 54 20 inom

184 710 28 13 nu
228 704 84 25 stadgad
327 703 29 20 tid
372 703 57 20 såldt.

529 767 26 19 22
572 768 18 23 8.

253 830 53 20 Skall
328 830 63 26 enligt
406 830 11 20 3
435 831 10 23 $
462 829 83 21 särskild
567 830 183 25 fördelningslängd
769 832 99 24 uppgöras
883 831 55 19 öfver

184 864 89 26 tillgång,
296 870 43 14 som
355 870 72 20 genom
442 864 112 25 utmätning
569 865 79 24 influtit,
664 870 46 14 vare
725 864 213 26 utmätningsmannen

183 899 72 26 pligtig
269 901 30 17 att
314 899 108 25 framlägga
436 899 86 25 längden
537 899 55 19 inom
607 899 72 25 fjorton
695 899 61 25 dagar
772 899 53 25 eller,
841 905 32 13 om
887 900 51 19 kun-

184 934 76 24 görelse
276 934 5 18 i
296 933 99 20 allmänna
416 934 125 24 tidningarna
556 933 104 25 erfordras,
675 933 53 19 inom
743 934 44 24 fyra
803 934 70 19 veckor
888 934 51 20 efter

183 968 34 20 det
231 968 123 25 egendomen
369 967 65 21 såldes
449 968 49 19 eller
513 967 108 25 tillgången
637 968 57 25 eljest
709 968 62 20 inflöt.

530 1072 25 19 23
573 1072 18 23 8.

251 1134 42 19 Har
314 1134 114 25 utmätning
443 1134 19 19 af
477 1134 40 19 fast
538 1133 97 26 egendom
659 1134 59 23 skett,
737 1133 50 20 skall
803 1134 135 25 utmätnings-

183 1173 86 15 mannen
284 1167 22 20 så
322 1167 119 26 skyndsamt
455 1167 80 26 vidtaga
549 1168 39 19 alla
603 1168 24 19 de
643 1167 98 26 åtgärder,
751 1167 68 20 hvilka
828 1167 26 27 på
863 1168 75 20 honom

182 1202 109 25 ankomma,
307 1203 29 18 att
351 1202 134 25 egendomens
501 1202 117 25 försäljning
629 1201 16 26 ej
658 1201 32 20 må
702 1207 72 20 genom
786 1202 50 20 hans
846 1201 93 20 vållande

182 1235 100 26 fördröjas,
302 1235 12 20 &
331 1235 68 20 landet
421 1236 54 19 öfver
496 1236 45 24 fyra
563 1235 96 20 månader
681 1236 37 19 och
739 1236 7 19 i
762 1236 46 19 stad
831 1237 55 19 öfver
907 1238 31 18 tre

182 1269 94 20 månader
290 1269 45 19 från
350 1269 136 24 mottagandet
500 1269 19 18 af
533 1269 25 19 de
573 1269 6 19 i
595 1269 12 19 3
623 1269 44 24 kap.
684 1269 25 19 21
727 1269 37 20 och
777 1269 26 19 22
817 1271 24 22 $$
853 1269 85 20 nämnda

181 1303 123 25 handlingar.

530 1361 26 19 24
573 1362 17 23 &.

250 1419 127 20 Försummar
391 1419 98 26 borgenär
503 1421 29 18 att
547 1425 25 14 ur
581 1421 74 18 utmätt
666 1420 98 25 egendom
775 1421 46 24 taga
830 1420 108 25 betalning,

181 1454 58 19 hafve
262 1454 17 25 ej
302 1455 41 18 rätt
366 1453 29 20 till
417 1455 57 18 ränta
496 1453 42 20 från
554 1454 38 20 den
609 1453 34 25 tid,
659 1454 32 20 det
707 1455 20 19 af
741 1455 72 19 honom
829 1455 65 20 berott
908 1456 30 19 att
