1031 1714
802 137 26 20 55

101 206 49 19 dom
172 205 48 21 eller
242 206 72 25 utslag,
337 212 43 14 som
395 206 17 25 ej
429 206 71 20 vunnit
514 207 45 24 laga
573 206 57 24 kraft,
646 212 45 14 vare
706 206 38 20 han
760 206 50 20 dock
824 206 34 20 be-

102 239 87 26 rättigad
210 241 30 18 att
262 240 92 25 beloppet
370 242 41 17 mot
425 242 49 24 pant
489 240 47 20 eller
551 240 74 25 borgen
639 240 55 25 lyfta.
724 240 10 19 I
748 242 61 18 annat
824 240 34 20 fall

101 274 108 19 ankomme
231 273 26 26 på
279 274 163 20 öfverexekutors
465 274 97 25 pröfning,
584 274 99 19 huruvida
704 274 61 19 afsatt
779 274 78 25 belopp,

101 308 64 19 innan
186 307 56 25 fråga
264 314 31 13 om
318 309 40 19 rätt
379 308 67 20 dertill
468 308 65 20 blifvit
547 308 82 25 afgjord,
643 308 33 19 må
692 310 41 17 mot
746 310 50 23 pant
810 308 48 19 eller

101 342 79 24 borgen
201 341 67 25 lyftas,
288 348 47 13 vare
358 342 31 25 sig
411 342 20 19 af
453 342 39 19 den
506 342 103 25 borgenär,
623 343 30 19 för
668 342 81 19 hvilken
764 342 94 25 beloppet

100 375 80 25 afsatts,
199 376 49 19 eller
262 376 20 19 af
296 382 72 17 annan,
388 376 81 20 hvilken
484 376 79 20 medlen
577 376 68 20 kunna
659 376 77 20 tillfalla
750 375 26 26 på
791 376 66 25 grund

100 410 22 19 af
136 410 132 25 bestämning,
283 410 82 20 hvarom
380 410 8 19 i
404 411 25 19 13
446 411 10 23 $
473 413 21 17 är
509 410 63 26 sagdt.

454 507 25 21 18
496 509 18 23 5.

154 603 2 2 —
170 577 70 23 Medel,
256 583 43 14 som
316 577 32 19 vid
364 577 142 26 köpeskillings
517 577 109 25 fördelning
636 576 12 19 ä
657 576 125 20 landskansli
792 576 64 20 blifvit

98 611 100 26 borgenär
213 611 86 26 tillagda,
316 617 46 14 men
376 611 44 20 icke
435 611 19 20 af
468 611 73 20 honom
557 611 67 25 lyftas,
640 611 56 20 skola
711 611 6 19 i
731 611 66 20 länets
812 613 44 17 rän-

100 646 38 19 teri
154 646 109 19 nedsättas.
288 645 43 26 Lag
345 651 75 14 samma
436 652 50 18 vare,
498 645 34 20 der
542 645 109 25 fördelning
662 645 53 20 skett
724 645 131 20 annorstädes

98 681 29 19 än
142 679 12 20 &
168 680 128 24 landskansli,
319 680 37 19 och
378 681 123 24 borgenären
515 680 17 25 ej
549 679 53 20 inom
624 680 44 24 fyra
686 680 71 19 veckor
772 679 85 20 derefter

100 714 80 20 medlen
195 714 67 25 lyftar.

170 745 28 23 Är
220 749 104 25 utdelning
347 749 105 23 beräknad,
474 750 48 18 utan
544 750 30 18 att
597 749 178 24 fordringsbeviset
789 748 67 19 blifvit

99 784 91 24 företedt,
212 783 36 20 och
270 783 90 20 anmäler
382 783 32 25 sig
428 784 17 25 ej
462 783 172 26 fordringsegaren
656 783 52 19 inom
724 784 42 18 natt
782 783 37 19 och
834 781 22 21 år

98 818 53 20 efter
166 818 34 19 det
214 818 108 20 auktionen
338 818 72 19 vunnit
425 817 44 26 laga
483 817 57 25 kraft,
555 817 33 20 må
602 817 78 20 medlen
696 819 42 18 mot
749 819 49 23 pant
808 817 48 20 eller

100 853 76 24 borgen
190 852 62 25 lyftas
267 852 20 19 af
301 858 71 19 annan,
388 858 45 14 som
448 853 24 19 de
486 852 63 25 enligt
566 853 25 19 13
608 853 10 23 $
635 852 67 19 kunna
716 851 82 20 tillfalla.

453 956 25 19 19
495 957 17 23 5.

171 1025 69 25 Medel,
262 1031 42 14 som
324 1024 78 26 jemlikt
425 1025 25 20 17
474 1025 36 19 och
533 1025 26 19 18
583 1025 24 23 $$
631 1024 55 20 skola
704 1024 6 20 i
725 1024 131 20 landtränteri

100 1060 109 25 nedsättas,
224 1059 38 25 mä,
285 1059 36 20 der
336 1058 66 26 nägon
417 1059 115 25 rättegande
547 1059 33 19 det
595 1059 63 24 äskar,
673 1058 85 20 insättas
773 1059 6 19 i
795 1058 60 20 bank-

100 1094 118 26 inrättning,
240 1100 45 14 som
306 1094 20 19 af
348 1093 154 20 öfverexekutor
523 1093 121 25 godkännes,
665 1093 31 20 för
717 1094 30 18 att
764 1093 36 19 der
814 1094 42 18 mot

100 1130 59 19 ränta
180 1128 80 21 innestä
281 1128 63 20 under
366 1128 40 20 den
429 1128 35 24 tid,
486 1128 152 20 öfverexekutor
663 1127 129 25 bestämmer;
818 1127 38 20 och

100 1164 80 19 komme
202 1165 70 18 räntan
289 1163 39 19 den
344 1162 30 20 till
390 1162 57 26 godo,
463 1169 43 13 som
520 1162 64 20 finnes
600 1162 31 20 till
645 1162 78 20 medlen
738 1161 117 26 berättigad.

450 1248 27 20 20
494 1249 17 23 5.

169 1307 29 24 Är
212 1311 16 25 ej
245 1311 115 25 utmätning
381 1310 95 20 förrättad
496 1310 44 24 och,
554 1310 36 19 der
603 1310 30 19 lös
648 1309 97 26 egendom
760 1310 20 18 af
794 1311 62 18 annat

98 1346 46 25 slag
165 1348 26 17 än
208 1346 6 18 i
230 1346 26 18 21
274 1346 10 23 $
301 1347 47 22 sägs
371 1344 61 25 tagits
447 1344 7 19 i
468 1345 46 22 mät,
536 1344 118 24 försäljning
670 1343 63 22 'deraf
754 1343 102 20 verkstäld

98 1379 56 20 inom
177 1378 35 20 tvä
234 1378 100 23 mänader,
358 1378 61 19 sedan
441 1377 120 25 kronofogde
576 1377 104 24 emottagit
694 1376 24 19 de
734 1376 122 25 handlingar,

100 1419 45 15 som
159 1413 7 19 i
182 1413 12 20 3
209 1412 45 27 kap.
271 1413 26 19 21
314 1411 37 21 och
367 1412 25 19 22
410 1411 25 25 $$
452 1413 90 23 nämnas,
558 1411 36 20 och
606 1411 53 19 inom
672 1416 26 15 en
709 1410 73 21 mänad
794 1411 62 20 sedan

98 1447 119 26 stadsfogde
237 1447 75 21 sädana
335 1447 117 24 handlingar
474 1445 115 26 emottagit;
608 1451 58 14 svare
680 1445 73 26 fogden
768 1445 45 26 sjelf
828 1445 29 20 för
