1025 1714
218 162 26 20 30

190 229 86 20 afkomst
299 229 49 20 eller
371 235 67 13 annan
460 227 81 25 förmån,
564 234 43 13 som
630 227 50 20 skall
702 227 21 19 af
742 227 123 25 egendomen
887 225 54 26 utgå.

190 263 42 20 Har
246 263 139 26 öfverexekutor
399 263 94 25 förklarat
502 262 40 25 fast
553 261 89 26 egendom
654 262 77 23 utmätt,
743 261 33 19 och
788 262 24 17 är
821 260 121 25 beskrifning

190 297 33 20 och
236 297 102 25 värdering
353 297 17 25 ej
384 297 26 25 af
420 297 69 24 nöden,
505 296 101 19 ankomme
622 295 12 20 å
648 295 209 25 utmätningsmannen
872 295 8 18 i
890 295 52 18 orten

189 333 27 18 att
230 331 111 25 förberörda
355 331 117 24 handlingar
487 330 117 25 gäldenären
618 329 89 26 affordra.

535 427 26 19 24
578 427 17 24 8.

259 485 39 20 Har
321 485 114 25 utmätning
452 485 19 19 af
485 485 40 19 fast
539 485 98 25 egendom
652 484 58 25 skett,
726 484 55 25 skall,
797 484 35 19 der
847 484 96 25 borgenär

189 519 35 20 det
245 519 65 25 yrkar,
333 519 60 24 afrad,
408 519 51 24 hyra
473 519 47 20 eller
535 520 61 23 ränta,
611 524 42 14 som
668 518 20 19 af
703 518 122 25 egendomen
840 518 57 19 faller
911 517 31 20 till

189 553 45 20 dess
256 553 39 20 den
317 553 70 20 varder
409 553 48 25 såld,
479 553 99 25 uppbäras
600 553 19 19 af
633 553 212 24 utmätningsmannen
860 552 49 19 eller
922 552 20 19 af

190 587 118 25 syssloman,
332 594 43 13 som
394 588 20 19 af
435 588 73 19 honom
523 587 109 20 förordnas.
671 587 206 25 Utmätningsmannen
891 587 50 19 kun-

189 624 46 23 göre
257 624 49 17 utan
328 622 95 25 dröjsmål
437 622 44 24 den,
497 621 80 20 hvilken
592 621 255 25 betalningsskyldigheten
861 620 81 25 åligger,

189 656 69 19 förbud
280 658 29 17 att
330 656 77 25 utgifva
425 655 61 26 något
500 655 30 20 till
546 661 65 14 annan
625 657 26 18 än
665 655 214 25 utmätningsmannen
894 655 48 19 eller

189 690 159 25 sysslomannen.

256 724 30 21 Då
310 725 151 19 öfverexekutor
483 724 93 20 förklarat
596 724 123 25 egendomen
738 725 78 23 utmätt,
831 723 51 20 skall
897 723 45 26 han,

189 759 35 20 der
238 759 96 26 borgenär
349 759 33 20 det
396 759 65 25 yrkar,
476 759 82 19 tillsätta
574 758 118 25 syssloman,
708 764 43 13 som
765 758 112 19 afkomsten
890 763 51 20 upp-

188 794 41 25 bär,
244 794 37 19 och
295 793 41 20 låta
348 794 70 19 förbud
433 793 97 26 kungöras
546 799 43 14 som
605 799 27 13 nu
647 795 22 17 är
684 793 64 25 sagdt.

256 828 177 25 Utmätningsman
455 827 48 20 eller
524 827 117 25 syssloman,
657 833 43 14 som
715 827 36 19 har
765 828 30 18 att
809 827 89 25 uppbära
912 827 29 19 af-

188 863 66 18 komst
269 862 19 19 af
303 862 129 25 egendomen,
446 868 41 19 ege,
503 862 34 19 der
551 862 109 19 afkomsten
676 861 17 25 ej
709 861 86 24 inflyter,
809 861 42 19 föra
863 861 38 19 den
911 862 30 18 ta-

188 897 39 24 lan,
241 897 80 18 hvartill
336 897 119 24 gäldenären
471 896 44 25 sjelf
528 897 8 18 i
551 898 22 23 ty
588 895 33 20 fall
638 901 46 14 vore
699 895 116 25 berättigad.

530 993 26 19 25
581 993 17 24 $.

256 1043 19 26 Å
297 1052 73 17 utmätt
384 1050 39 19 fast
437 1050 95 25 egendom
547 1049 33 20 må
594 1049 16 26 ej
628 1050 48 25 skog
692 1049 50 20 eller
755 1056 65 13 annan
835 1049 77 20 förmån
922 1049 19 20 af

188 1091 72 19 egaren
274 1085 78 19 utöfver
366 1084 99 20 husbehof
479 1085 105 25 begagnas.

256 1115 28 22 Är
298 1119 42 18 fara
355 1120 28 17 att
399 1119 121 24 egendomen
535 1119 20 18 af
569 1124 71 19 egaren
656 1124 72 19 genom
743 1118 89 19 vanvård
847 1118 47 19 eller
905 1124 35 13 an-

188 1153 91 19 norledes
299 1153 113 23 försämras,
434 1158 36 19 ege
485 1153 156 24 öfverexekutor,
657 1153 36 18 der
707 1153 96 24 borgenär
817 1152 34 19 det
867 1151 74 26 påstår,

188 1187 92 19 förordna
294 1187 115 24 syssloman
424 1188 29 18 att
467 1187 123 24 egendomen
606 1193 31 12 om
653 1187 75 18 händer
743 1188 45 23 taga
803 1186 37 19 och
851 1186 88 25 förvalta;

188 1221 50 18 dock
254 1226 45 13 vare
313 1221 7 18 i
335 1222 23 23 ty
373 1220 34 19 fall
422 1221 121 24 borgenären
559 1220 71 25 pligtig
644 1222 29 17 att
688 1220 95 25 förskjuta
797 1220 39 19 den
851 1219 89 24 kostnad,

188 1259 42 13 som
245 1254 30 18 för
290 1253 133 25 egendomens
438 1253 119 24 förvaltning
571 1253 39 18 kan
625 1259 47 12 vara
687 1253 65 24 nödig.

530 1338 26 19 26
579 1339 17 23 $.

256 1385 111 25 Öfverlåter
388 1389 66 26 någon
469 1390 32 20 sin
516 1390 50 19 fasta
580 1389 96 26 egendom
693 1388 30 21 till
738 1396 72 18 annan,
826 1389 37 26 må,
878 1389 61 20 innan

187 1431 40 19 nye
248 1431 73 19 egaren
344 1425 44 19 sökt
410 1425 77 25 lagfart,
509 1424 139 21 öfverlåtelsen
670 1425 43 19 icke
735 1426 70 24 utgöra
825 1424 72 20 hinder
911 1425 29 20 för

188 1460 132 25 egendomens
336 1459 114 20 utmätande
465 1459 30 20 för
509 1459 51 20 förre
575 1465 82 19 egarens
673 1459 52 25 gäld.
