1059 1714
295 115 83 24 Ständ.
393 116 38 23 Sv.
448 129 25 4 —
489 117 74 28 Prop.
580 118 43 22 N:o
638 118 22 21 4.
814 119 13 20 3

101 181 33 22 för
148 182 56 22 vissa
223 182 153 28 förrättningar
394 183 100 22 förordna
513 185 91 21 särskild
619 185 185 26 utmätningsman,
820 191 34 15 om

100 217 85 20 hvilken
195 217 7 20 i
212 218 23 25 ty
245 217 37 21 fall
292 217 68 27 gäller
370 218 56 21 hvad
436 218 132 23 beträffande
580 219 120 26 stadsfogde
710 219 144 22 föreskrifves.

169 251 161 27 Förordnande,
343 257 45 16 som
404 252 40 20 här
459 254 24 19 är
497 253 94 26 nämndt,
607 253 35 20 må
656 253 23 20 af
693 252 162 22 öfverexekutor

100 284 121 27 återkallas,
236 288 40 19 när
290 285 46 22 skäl
352 286 70 21 dertill
437 285 122 24 förefinnes.

454 385 12 20 6
482 384 18 27 8.

168 435 30 26 Är
217 441 7 21 i
242 441 48 22 stad
308 441 138 27 magistraten
464 442 186 27 utmätningsman,
666 448 50 15 vare
733 441 121 27 berättigad

99 476 32 21 att
149 475 67 22 under
234 475 111 29 enahanda
363 476 136 27 ansvarighet
514 476 40 21 och
569 476 48 21 med
632 476 36 21 det
682 476 110 26 förbehäll,
808 481 45 16 som

98 509 34 22 för
151 510 131 27 kronofogde
297 511 7 20 i
319 511 14 20 4
348 509 12 28 $
375 510 100 27 stadgats,
494 510 34 22 för
546 511 52 21 visst
614 509 38 22 fall
666 511 32 20 till
714 510 139 27 utmätnings-

98 550 49 15 man
151 540 15 36 i
184 545 38 21 sitt
236 545 62 21 ställe
313 546 56 20 sätta
384 551 69 15 annan
467 552 55 19 man,
538 551 46 15 som
598 544 24 21 af
631 545 101 26 Kejsaren
744 544 40 22 och
795 544 58 22 Stor-

99 578 92 22 furstens
206 578 233 28 befallningshafvande
455 581 23 19 är
493 579 107 27 godkänd.

168 613 44 22 Der
226 613 103 27 Kejsaren
340 613 40 22 och
390 613 143 22 Storfurstens
544 613 230 27 befallningshafvande
784 613 69 22 finner

100 647 35 22 det
149 647 103 27 lämpligt,
269 654 39 21 ege
323 647 42 22 han
381 649 47 20 med
444 655 28 14 nu
482 648 93 21 nämnda
584 647 104 22 förbehäll
698 647 101 22 förordna
810 648 42 21 viss

98 682 94 22 ledamot
210 681 22 22 af
250 682 136 27 magistraten
402 684 32 19 att
449 682 27 27 pä
492 684 48 25 eget
555 688 77 16 ansvar
646 689 50 14 vara
711 682 141 27 utmätnings-

98 723 49 15 man
162 717 8 21 i
184 717 150 26 magistratens
349 717 68 22 ställe.
440 717 82 21 Sädant
536 717 144 22 förordnande
696 717 40 26 mä,
751 718 39 20 när
804 717 48 22 skäl

99 751 71 22 dertill
185 753 31 24 är,
232 751 121 22 äterkallas.

452 813 45 27 78.

167 870 39 22 Om
222 871 113 26 magistrat
351 871 68 22 såsom
431 872 182 26 utmätningsman
624 871 40 21 och
674 877 33 15 om
719 871 133 27 magistrats-

98 905 100 27 ledamot,
214 911 44 16 som
274 906 28 27 på
317 907 49 26 eget
381 912 77 15 ansvar
472 906 98 21 handhar
582 905 270 27 utmätningsmansbefatt-

98 941 56 26 ning,
170 939 55 28 gälle
241 940 56 21 hvad
312 941 8 20 i
335 940 69 21 denna
419 940 34 26 lag
468 946 34 15 om
518 940 122 27 stadsfogde
656 942 54 25 sägs,
725 941 38 20 der
778 940 19 27 ej
808 941 44 20 sär-

98 975 65 21 skildt
178 974 131 22 annorlunda
324 974 92 27 stadgas.

450 1038 13 21 8
478 1037 19 27 &.

165 1094 64 21 Emot
240 1095 162 21 öfverexekutor
411 1095 55 26 gälle
477 1095 111 21 enahanda
598 1093 38 28 jäf,
647 1100 45 15 som
702 1095 7 20 i
719 1094 132 27 rättegångs-

97 1128 77 21 balken
191 1135 34 15 om
240 1129 86 21 domare
342 1131 70 24 sägas.

451 1192 12 21 9
475 1175 22 49 8.

166 1249 185 27 Utmätningsman
371 1249 35 22 må
424 1249 18 27 ej
460 1251 50 25 taga
528 1249 120 26 befattning
663 1249 48 21 med
726 1248 49 27 mål,
790 1248 61 22 hvari

96 1284 43 21 han
161 1286 24 19 är
198 1283 72 28 jäfvig.
300 1284 68 21 Dessa
387 1286 37 19 äro
442 1286 45 19 mot
504 1284 78 21 honom
600 1283 48 27 laga
661 1283 40 28 jäf:
720 1289 34 15 om
770 1283 41 21 han
827 1285 24 19 är

96 1319 49 21 med
159 1321 49 25 part
224 1319 6 20 i
246 1319 40 21 den
302 1318 115 27 skyldskap
432 1319 52 22 eller
500 1319 36 21 det
551 1318 114 28 svågerlag,
680 1324 45 16 som
742 1318 65 27 enligt
823 1319 27 20 13

96 1352 50 27 kap.
162 1353 11 20 1
189 1353 13 25 &
217 1352 202 26 rättegångsbalken
438 1355 23 18 är
474 1352 33 26 jäf
520 1354 46 19 mot
582 1353 94 23 domare;
692 1351 50 22 eller
758 1357 34 15 om
808 1351 42 21 han

96 1386 53 21 eller
163 1386 76 26 någon,
255 1392 46 15 som
322 1386 49 21 med
390 1386 79 20 honom
488 1385 90 22 sålunda
596 1388 24 19 är
637 1386 7 20 i
664 1385 114 27 skyldskap
799 1385 51 21 eller

96 1420 116 27 svågerlag,
227 1425 50 22 eger
292 1420 7 21 i
314 1420 65 21 målet
397 1419 35 22 del
450 1420 52 21 eller
521 1419 61 28 eljest
599 1419 42 22 kan
659 1419 23 22 af
694 1419 156 27 förrättningen
