1092 1714
208 188 13 20 2
484 172 3 1 |
512 187 45 24 N:o
577 189 22 22 1.

246 254 62 21 Efter
323 253 36 22 det
374 253 198 23 Justitieministern
588 253 7 22 i
611 253 162 27 Kejsaredömet
788 254 86 21 beredts
888 254 44 21 till-

179 288 52 21 fälle
246 290 33 19 att
293 287 70 22 uttala
379 287 34 27 sig
427 288 7 21 i
450 287 82 27 frågan,
548 288 39 21 har
602 288 98 21 bemälde
714 287 97 22 Minister
826 288 32 21 uti
869 287 62 27 afgif-

178 324 35 20 vet
228 321 106 28 yttrande,
359 322 62 21 bland
444 324 72 25 annat,
532 321 49 22 med
596 322 114 30 anledning
725 321 23 22 af
762 321 62 22 ofvan
841 321 91 22 berörda

177 357 76 26 tillägg
268 355 118 22 framhållit
401 358 38 25 att,
455 356 68 27 enligt
538 356 26 21 de
579 356 7 21 i
601 355 161 28 Kejsaredömet
772 356 100 27 gällande
883 362 48 21 pro-

178 391 114 26 cesslagar,
309 390 176 28 domstolsutslag
500 391 70 21 kunde
586 391 119 21 tillkomma
716 392 44 20 mot
771 391 160 26 svarandepart,

177 431 48 16 som
246 425 48 22 icke
313 431 77 21 genom
406 425 93 28 skriftlig
514 425 106 27 stämning
635 427 28 25 på
678 425 92 21 förhand
786 425 145 21 underrättats

177 466 35 15 om
235 462 45 19 mot
295 459 78 22 honom
393 459 177 28 anhängiggjordt
585 459 49 28 mål,
651 460 74 21 endast
740 460 8 21 i
763 460 36 21 det
815 459 44 28 fall,
875 459 33 26 då,
925 460 6 21 i

177 494 107 21 anseende
295 494 72 21 dertill
378 496 33 19 att
421 495 129 21 svarandens
562 494 125 27 boningsort
697 501 49 15 vore
756 495 87 20 alldeles
853 494 76 27 okänd,

177 529 133 26 stämningen
325 529 104 27 lagenligt
444 531 90 20 ersattes
549 535 75 21 genom
640 535 85 20 annons,
741 535 45 15 som
802 531 33 19 tre
851 529 80 27 gånger

177 563 94 26 infördes
286 563 7 20 i
309 563 148 28 tidningarna;
480 563 40 22 och
542 563 40 21 har
603 563 200 22 Justitieministern
818 563 29 27 på
861 563 70 27 grund

176 597 64 22 häraf
253 599 72 20 ansett
339 600 38 24 att,
393 598 6 20 i
416 598 72 21 stället
503 597 33 22 för
551 597 140 22 omförmälda
707 597 23 21 af
744 597 121 22 Ständerna
874 597 56 21 före-

177 633 76 26 slagna
267 632 82 27 tillägg,
365 632 6 20 i
388 632 121 27 åberopade
523 632 12 28 $
550 632 66 21 borde
634 632 84 27 intagas
734 632 39 20 den
789 632 140 26 bestämning,

177 668 32 20 att
231 666 164 27 verkställighet
417 666 57 22 inom
498 666 205 22 Storfurstendömet
724 666 91 21 Finland
834 665 23 21 af
871 666 58 21 dom-

177 701 53 21 stols
245 701 7 20 i
267 700 163 27 Kejsaredömet
452 700 137 22 tredskodom
613 700 18 27 ej
646 700 56 28 finge
718 700 88 27 beviljas
823 702 45 20 mot
882 706 48 21 per-

176 741 44 19 son,
243 734 72 22 bosatt
329 735 8 21 i
351 734 97 28 Finland,
471 741 34 15 om
528 735 134 27 stämningen
684 734 58 22 skett
758 740 74 22 genom
849 740 81 16 annons

176 769 7 21 i
198 769 135 27 tidningarna
355 769 40 21 och
418 769 42 21 han
482 769 103 27 derjemte
607 769 95 21 hvarken
724 769 135 27 personligen
879 768 52 22 eller

175 810 77 21 genom
267 804 80 21 ombud
361 804 8 21 i
384 804 67 22 målet
465 804 109 28 uppträdt.

244 838 59 22 Hans
317 838 123 28 Kejserliga
455 839 107 28 Majestät,
578 845 45 16 som
638 839 47 21 icke
701 839 56 21 velat
772 839 106 21 stadfästa
894 839 35 21 det

176 874 6 20 i
199 874 132 22 Ständernas
346 874 172 22 svarsskrifvelse
534 874 104 27 ingående
652 873 227 27 författningsförslag,
890 873 39 21 bar

176 908 48 22 låtit
247 910 96 26 uppgöra
365 910 48 26 nytt
435 909 79 27 förslag
537 909 33 21 till
588 908 124 28 förordning
726 908 8 21 i
750 910 83 24 ämnet;
849 908 81 22 hvilket

175 943 81 27 förslag
279 943 89 21 härmed
390 944 142 21 öfverlemnas
555 943 32 21 till
610 942 132 22 Ständernas
762 942 127 28 antagande,
905 942 24 22 så

175 974 102 35 lydande:
800 984 3 2 :

382 1052 102 28 Förslag
507 1053 29 21 till
559 1052 123 28 förordning,
705 1052 106 28 angående
831 1052 98 22 verkstäl-

312 1092 62 28 lighet
390 1093 5 21 i
412 1093 81 22 Finland
516 1094 21 21 af
556 1093 99 22 domstols
671 1093 5 21 i
693 1093 152 27 Kejsaredömet
862 1093 45 21 dom
924 1092 5 21 i

311 1133 110 22 tvistemål.

528 1174 46 28 18.

243 1208 62 27 Dom,
329 1208 110 22 meddelad
454 1208 7 21 i
477 1208 163 28 Kejsaredömet
662 1208 24 21 af
703 1208 97 25 domstol,
818 1214 44 15 som
879 1214 50 21 eger

175 1244 32 20 att
229 1242 63 22 döma
311 1242 7 21 i
337 1242 107 22 allmänna
466 1242 108 22 tvistemål
596 1243 53 21 eller
668 1243 7 20 i
690 1242 159 26 handelssaker,
873 1242 57 21 må
916 1238 17 35 i

175 1277 90 21 Finland
287 1276 134 28 verkställas,
445 1277 53 21 dock
518 1278 75 21 endast
609 1277 54 21 efter
679 1277 160 21 vederbörande
854 1283 75 21 guver-

174 1314 51 18 nörs
249 1311 106 22 särskilda
377 1311 142 23 förordnande
542 1312 39 21 och
600 1312 48 21 med
668 1312 139 27 iakttagande
823 1312 22 21 af
859 1312 69 22 nedan

175 1346 90 21 anförda
280 1346 143 21 föreskrifter.

526 1391 47 28 28.

242 1425 170 27 Verkställighet
427 1426 56 21 inom
499 1426 90 22 Finland
602 1426 24 22 af
634 1427 102 22 domstols
746 1427 8 22 i
764 1427 166 28 Kejsaredömet

177 1460 48 21 dom
249 1460 61 22 sökes
332 1460 121 28 skriftligen
476 1461 40 22 hos
534 1463 132 26 guvernören
681 1462 7 21 i
704 1462 37 23 det
756 1462 42 28 län,
815 1463 37 22 der
868 1463 60 22 verk-

174 1495 136 27 ställigheten
325 1495 40 22 bör
380 1502 39 21 ega
435 1502 54 16 rum.
