<?xml version="1.0" encoding="UTF-8"?>
<alto xmlns="http://www.loc.gov/standards/alto/ns-v3#" xmlns:xlink="http://www.w3.org/1999/xlink" xmlns:xsi="http://www.w3.org/2001/XMLSchema-instance" xsi:schemaLocation="http://www.loc.gov/standards/alto/ns-v3# http://www.loc.gov/alto/v3/alto-3-0.xsd">
	<Description>
		<MeasurementUnit>pixel</MeasurementUnit>
		<sourceImageInformation>
			<fileName>/tmp/tess_zqxo2nc0_input.PNG</fileName>
		</sourceImageInformation>
		<OCRProcessing ID="OCR_0">
			<ocrProcessingStep>
				<processingSoftware>
					<softwareName>tesseract 5.3.4</softwareName>
				</processingSoftware>
			</ocrProcessingStep>
		</OCRProcessing>
	</Description>
	<Layout>
		<Page WIDTH="1036" HEIGHT="1714" PHYSICAL_IMG_NR="0" ID="page_0">
			<PrintSpace HPOS="0" VPOS="0" WIDTH="1036" HEIGHT="1714">
				<ComposedBlock ID="cblock_0" HPOS="224" VPOS="131" WIDTH="532" HEIGHT="27">
					<TextBlock ID="block_0" HPOS="224" VPOS="131" WIDTH="532" HEIGHT="27">
						<TextLine ID="line_0" HPOS="224" VPOS="131" WIDTH="532" HEIGHT="27">
							<String ID="string_0" HPOS="224" VPOS="134" WIDTH="14" HEIGHT="21" WC="0.96" CONTENT="4"/><SP WIDTH="158" VPOS="134" HPOS="238"/>
							<String ID="string_1" HPOS="396" VPOS="132" WIDTH="82" HEIGHT="22" WC="0.89" CONTENT="Ständ."/><SP WIDTH="16" VPOS="132" HPOS="478"/>
							<String ID="string_2" HPOS="494" VPOS="131" WIDTH="36" HEIGHT="23" WC="0.93" CONTENT="Sv."/><SP WIDTH="17" VPOS="131" HPOS="530"/>
							<String ID="string_3" HPOS="547" VPOS="145" WIDTH="25" HEIGHT="3" WC="0.93" CONTENT="—"/><SP WIDTH="16" VPOS="145" HPOS="572"/>
							<String ID="string_4" HPOS="588" VPOS="132" WIDTH="73" HEIGHT="26" WC="0.95" CONTENT="Prop."/><SP WIDTH="17" VPOS="132" HPOS="661"/>
							<String ID="string_5" HPOS="678" VPOS="131" WIDTH="41" HEIGHT="22" WC="0.96" CONTENT="N:o"/><SP WIDTH="15" VPOS="131" HPOS="719"/>
							<String ID="string_6" HPOS="734" VPOS="131" WIDTH="22" HEIGHT="21" WC="0.96" CONTENT="6."/>
						</TextLine>
					</TextBlock>
				</ComposedBlock>
				<ComposedBlock ID="cblock_1" HPOS="197" VPOS="193" WIDTH="754" HEIGHT="172">
					<TextBlock ID="block_1" HPOS="197" VPOS="193" WIDTH="754" HEIGHT="103">
						<TextLine ID="line_1" HPOS="197" VPOS="193" WIDTH="753" HEIGHT="32">
							<String ID="string_7" HPOS="197" VPOS="205" WIDTH="37" HEIGHT="14" WC="0.95" CONTENT="om"/><SP WIDTH="24" VPOS="205" HPOS="234"/>
							<String ID="string_8" HPOS="258" VPOS="198" WIDTH="55" HEIGHT="22" WC="0.89" CONTENT="året."/><SP WIDTH="30" VPOS="198" HPOS="313"/>
							<String ID="string_9" HPOS="343" VPOS="198" WIDTH="70" HEIGHT="21" WC="0.96" CONTENT="Detta"/><SP WIDTH="23" VPOS="198" HPOS="413"/>
							<String ID="string_10" HPOS="436" VPOS="198" WIDTH="80" HEIGHT="27" WC="0.94" CONTENT="anslag"/><SP WIDTH="22" VPOS="198" HPOS="516"/>
							<String ID="string_11" HPOS="538" VPOS="196" WIDTH="70" HEIGHT="23" WC="0.93" CONTENT="hafva"/><SP WIDTH="22" VPOS="196" HPOS="608"/>
							<String ID="string_12" HPOS="630" VPOS="193" WIDTH="130" HEIGHT="25" WC="0.91" CONTENT="Ständerna"/><SP WIDTH="21" VPOS="193" HPOS="760"/>
							<String ID="string_13" HPOS="781" VPOS="196" WIDTH="104" HEIGHT="29" WC="0.96" CONTENT="godkänt"/><SP WIDTH="22" VPOS="196" HPOS="885"/>
							<String ID="string_14" HPOS="907" VPOS="196" WIDTH="43" HEIGHT="22" WC="0.95" CONTENT="och"/>
						</TextLine>
						<TextLine ID="line_2" HPOS="197" VPOS="231" WIDTH="754" HEIGHT="30">
							<String ID="string_15" HPOS="197" VPOS="232" WIDTH="71" HEIGHT="22" WC="0.93" CONTENT="hafva"/><SP WIDTH="22" VPOS="232" HPOS="268"/>
							<String ID="string_16" HPOS="290" VPOS="232" WIDTH="128" HEIGHT="22" WC="0.90" CONTENT="Ständerna"/><SP WIDTH="22" VPOS="232" HPOS="418"/>
							<String ID="string_17" HPOS="440" VPOS="232" WIDTH="111" HEIGHT="29" WC="0.92" CONTENT="derjemte"/><SP WIDTH="22" VPOS="232" HPOS="551"/>
							<String ID="string_18" HPOS="573" VPOS="233" WIDTH="77" HEIGHT="20" WC="0.93" CONTENT="ansett"/><SP WIDTH="17" VPOS="233" HPOS="650"/>
							<String ID="string_19" HPOS="667" VPOS="231" WIDTH="177" HEIGHT="29" WC="0.90" CONTENT="anslagsposten"/><SP WIDTH="14" VPOS="231" HPOS="844"/>
							<String ID="string_20" HPOS="858" VPOS="232" WIDTH="93" HEIGHT="26" WC="0.92" CONTENT="400,000"/>
						</TextLine>
						<TextLine ID="line_3" HPOS="197" VPOS="264" WIDTH="752" HEIGHT="32">
							<String ID="string_21" HPOS="197" VPOS="267" WIDTH="65" HEIGHT="21" WC="0.96" CONTENT="mark"/><SP WIDTH="16" VPOS="267" HPOS="262"/>
							<String ID="string_22" HPOS="278" VPOS="267" WIDTH="37" HEIGHT="21" WC="0.96" CONTENT="till"/><SP WIDTH="14" VPOS="267" HPOS="315"/>
							<String ID="string_23" HPOS="329" VPOS="266" WIDTH="135" HEIGHT="30" WC="0.96" CONTENT="fördelning"/><SP WIDTH="14" VPOS="266" HPOS="464"/>
							<String ID="string_24" HPOS="478" VPOS="266" WIDTH="85" HEIGHT="22" WC="0.96" CONTENT="mellan"/><SP WIDTH="10" VPOS="266" HPOS="563"/>
							<String ID="string_25" HPOS="573" VPOS="267" WIDTH="168" HEIGHT="21" WC="0.96" CONTENT="kommunerna"/><SP WIDTH="9" VPOS="267" HPOS="741"/>
							<String ID="string_26" HPOS="750" VPOS="266" WIDTH="56" HEIGHT="21" WC="0.96" CONTENT="böra"/><SP WIDTH="9" VPOS="266" HPOS="806"/>
							<String ID="string_27" HPOS="815" VPOS="264" WIDTH="134" HEIGHT="23" WC="0.96" CONTENT="bibehållas."/>
						</TextLine>
					</TextBlock>
					<TextBlock ID="block_2" HPOS="199" VPOS="300" WIDTH="752" HEIGHT="65">
						<TextLine ID="line_4" HPOS="266" VPOS="300" WIDTH="685" HEIGHT="30">
							<String ID="string_28" HPOS="266" VPOS="302" WIDTH="34" HEIGHT="21" WC="0.96" CONTENT="På"/><SP WIDTH="14" VPOS="302" HPOS="300"/>
							<String ID="string_29" HPOS="314" VPOS="302" WIDTH="77" HEIGHT="28" WC="0.96" CONTENT="grund"/><SP WIDTH="15" VPOS="302" HPOS="391"/>
							<String ID="string_30" HPOS="406" VPOS="301" WIDTH="25" HEIGHT="22" WC="0.96" CONTENT="af"/><SP WIDTH="13" VPOS="301" HPOS="431"/>
							<String ID="string_31" HPOS="444" VPOS="302" WIDTH="39" HEIGHT="21" WC="0.96" CONTENT="det"/><SP WIDTH="16" VPOS="302" HPOS="483"/>
							<String ID="string_32" HPOS="499" VPOS="301" WIDTH="96" HEIGHT="22" WC="0.96" CONTENT="anförda"/><SP WIDTH="14" VPOS="301" HPOS="595"/>
							<String ID="string_33" HPOS="609" VPOS="300" WIDTH="24" HEIGHT="22" WC="0.93" CONTENT="få"/><SP WIDTH="15" VPOS="300" HPOS="633"/>
							<String ID="string_34" HPOS="648" VPOS="300" WIDTH="130" HEIGHT="22" WC="0.92" CONTENT="Ständerna"/><SP WIDTH="14" VPOS="300" HPOS="778"/>
							<String ID="string_35" HPOS="792" VPOS="300" WIDTH="63" HEIGHT="29" WC="0.92" CONTENT="förty"/><SP WIDTH="12" VPOS="300" HPOS="855"/>
							<String ID="string_36" HPOS="867" VPOS="300" WIDTH="84" HEIGHT="22" WC="0.92" CONTENT="under-"/>
						</TextLine>
						<TextLine ID="line_5" HPOS="199" VPOS="336" WIDTH="203" HEIGHT="29">
							<String ID="string_37" HPOS="199" VPOS="336" WIDTH="94" HEIGHT="29" WC="0.91" CONTENT="dånigst"/><SP WIDTH="15" VPOS="336" HPOS="293"/>
							<String ID="string_38" HPOS="308" VPOS="336" WIDTH="94" HEIGHT="28" WC="0.94" CONTENT="anmäla,"/>
						</TextLine>
					</TextBlock>
				</ComposedBlock>
				<ComposedBlock ID="cblock_2" HPOS="402" VPOS="434" WIDTH="550" HEIGHT="98">
					<TextBlock ID="block_3" HPOS="402" VPOS="434" WIDTH="550" HEIGHT="98">
						<TextLine ID="line_6" HPOS="470" VPOS="434" WIDTH="482" HEIGHT="28">
							<String ID="string_39" HPOS="470" VPOS="436" WIDTH="32" HEIGHT="20" WC="0.87" CONTENT="alt"/><SP WIDTH="29" VPOS="436" HPOS="502"/>
							<String ID="string_40" HPOS="531" VPOS="434" WIDTH="126" HEIGHT="22" WC="0.85" CONTENT="Ständerna"/><SP WIDTH="28" VPOS="434" HPOS="657"/>
							<String ID="string_41" HPOS="685" VPOS="434" WIDTH="35" HEIGHT="27" WC="0.96" CONTENT="för"/><SP WIDTH="24" VPOS="434" HPOS="720"/>
							<String ID="string_42" HPOS="744" VPOS="434" WIDTH="36" HEIGHT="22" WC="0.96" CONTENT="sin"/><SP WIDTH="24" VPOS="434" HPOS="780"/>
							<String ID="string_43" HPOS="804" VPOS="434" WIDTH="33" HEIGHT="22" WC="0.95" CONTENT="del"/><SP WIDTH="29" VPOS="434" HPOS="837"/>
							<String ID="string_44" HPOS="866" VPOS="434" WIDTH="86" HEIGHT="28" WC="0.94" CONTENT="antagit"/>
						</TextLine>
						<TextLine ID="line_7" HPOS="403" VPOS="468" WIDTH="549" HEIGHT="28">
							<String ID="string_45" HPOS="403" VPOS="468" WIDTH="169" HEIGHT="28" WC="0.95" CONTENT="ifrågavarande"/><SP WIDTH="14" VPOS="468" HPOS="572"/>
							<String ID="string_46" HPOS="586" VPOS="464" WIDTH="10" HEIGHT="37" WC="0.21" CONTENT="="/><SP WIDTH="11" VPOS="464" HPOS="596"/>
							<String ID="string_47" HPOS="607" VPOS="468" WIDTH="133" HEIGHT="28" WC="0.94" CONTENT="författning"/><SP WIDTH="37" VPOS="468" HPOS="740"/>
							<String ID="string_48" HPOS="777" VPOS="469" WIDTH="47" HEIGHT="21" WC="0.94" CONTENT="med"/><SP WIDTH="32" VPOS="469" HPOS="824"/>
							<String ID="string_49" HPOS="856" VPOS="468" WIDTH="96" HEIGHT="28" WC="0.85" CONTENT="följande"/>
						</TextLine>
						<TextLine ID="line_8" HPOS="402" VPOS="503" WIDTH="145" HEIGHT="29">
							<String ID="string_50" HPOS="402" VPOS="503" WIDTH="133" HEIGHT="29" WC="0.80" CONTENT="ordalydelse"/><SP WIDTH="6" VPOS="503" HPOS="535"/>
							<String ID="string_51" HPOS="541" VPOS="511" WIDTH="6" HEIGHT="15" WC="0.80" CONTENT=":"/>
						</TextLine>
					</TextBlock>
				</ComposedBlock>
				<ComposedBlock ID="cblock_3" HPOS="402" VPOS="602" WIDTH="551" HEIGHT="162">
					<TextBlock ID="block_4" HPOS="402" VPOS="602" WIDTH="551" HEIGHT="162">
						<TextLine ID="line_9" HPOS="470" VPOS="602" WIDTH="482" HEIGHT="29">
							<String ID="string_52" HPOS="470" VPOS="602" WIDTH="154" HEIGHT="28" WC="0.96" CONTENT="Förordning"/><SP WIDTH="29" VPOS="602" HPOS="624"/>
							<String ID="string_53" HPOS="653" VPOS="602" WIDTH="121" HEIGHT="28" WC="0.96" CONTENT="angående"/><SP WIDTH="30" VPOS="602" HPOS="774"/>
							<String ID="string_54" HPOS="804" VPOS="602" WIDTH="44" HEIGHT="22" WC="0.96" CONTENT="den"/><SP WIDTH="29" VPOS="602" HPOS="848"/>
							<String ID="string_55" HPOS="877" VPOS="602" WIDTH="75" HEIGHT="29" WC="0.96" CONTENT="skatt,"/>
						</TextLine>
						<TextLine ID="line_10" HPOS="403" VPOS="636" WIDTH="549" HEIGHT="28">
							<String ID="string_56" HPOS="403" VPOS="643" WIDTH="51" HEIGHT="16" WC="0.96" CONTENT="som"/><SP WIDTH="22" VPOS="643" HPOS="454"/>
							<String ID="string_57" HPOS="476" VPOS="636" WIDTH="40" HEIGHT="23" WC="0.96" CONTENT="för"/><SP WIDTH="22" VPOS="636" HPOS="516"/>
							<String ID="string_58" HPOS="538" VPOS="636" WIDTH="157" HEIGHT="28" WC="0.96" CONTENT="tillverkning"/><SP WIDTH="23" VPOS="636" HPOS="695"/>
							<String ID="string_59" HPOS="718" VPOS="636" WIDTH="28" HEIGHT="22" WC="0.96" CONTENT="af"/><SP WIDTH="11" VPOS="636" HPOS="746"/>
							<String ID="string_60" HPOS="757" VPOS="637" WIDTH="102" HEIGHT="22" WC="0.96" CONTENT="bränvin"/><SP WIDTH="14" VPOS="637" HPOS="859"/>
							<String ID="string_61" HPOS="873" VPOS="638" WIDTH="9" HEIGHT="21" WC="0.93" CONTENT="i"/><SP WIDTH="15" VPOS="638" HPOS="882"/>
							<String ID="string_62" HPOS="897" VPOS="637" WIDTH="55" HEIGHT="22" WC="0.91" CONTENT="Fin-"/>
						</TextLine>
						<TextLine ID="line_11" HPOS="402" VPOS="672" WIDTH="550" HEIGHT="28">
							<String ID="string_63" HPOS="402" VPOS="672" WIDTH="57" HEIGHT="22" WC="0.96" CONTENT="land"/><SP WIDTH="15" VPOS="672" HPOS="459"/>
							<String ID="string_64" HPOS="474" VPOS="672" WIDTH="61" HEIGHT="22" WC="0.96" CONTENT="skall"/><SP WIDTH="16" VPOS="672" HPOS="535"/>
							<String ID="string_65" HPOS="551" VPOS="672" WIDTH="119" HEIGHT="28" WC="0.96" CONTENT="erläggas,"/><SP WIDTH="22" VPOS="672" HPOS="670"/>
							<String ID="string_66" HPOS="692" VPOS="672" WIDTH="122" HEIGHT="22" WC="0.95" CONTENT="äfvensom"/><SP WIDTH="15" VPOS="672" HPOS="814"/>
							<String ID="string_67" HPOS="829" VPOS="678" WIDTH="38" HEIGHT="16" WC="0.92" CONTENT="om"/><SP WIDTH="15" VPOS="678" HPOS="867"/>
							<String ID="string_68" HPOS="882" VPOS="673" WIDTH="70" HEIGHT="21" WC="0.92" CONTENT="brän-"/>
						</TextLine>
						<TextLine ID="line_12" HPOS="402" VPOS="706" WIDTH="551" HEIGHT="28">
							<String ID="string_69" HPOS="402" VPOS="706" WIDTH="162" HEIGHT="22" WC="0.92" CONTENT="vinsskattens"/><SP WIDTH="23" VPOS="706" HPOS="564"/>
							<String ID="string_70" HPOS="587" VPOS="706" WIDTH="151" HEIGHT="22" WC="0.96" CONTENT="användande"/><SP WIDTH="16" VPOS="706" HPOS="738"/>
							<String ID="string_71" HPOS="754" VPOS="706" WIDTH="45" HEIGHT="23" WC="0.96" CONTENT="och"/><SP WIDTH="15" VPOS="706" HPOS="799"/>
							<String ID="string_72" HPOS="814" VPOS="706" WIDTH="139" HEIGHT="28" WC="0.96" CONTENT="fördelning"/>
						</TextLine>
						<TextLine ID="line_13" HPOS="402" VPOS="740" WIDTH="312" HEIGHT="24">
							<String ID="string_73" HPOS="402" VPOS="741" WIDTH="76" HEIGHT="23" WC="0.96" CONTENT="under"/><SP WIDTH="15" VPOS="741" HPOS="478"/>
							<String ID="string_74" HPOS="493" VPOS="740" WIDTH="56" HEIGHT="24" WC="0.93" CONTENT="åren"/><SP WIDTH="17" VPOS="740" HPOS="549"/>
							<String ID="string_75" HPOS="566" VPOS="740" WIDTH="148" HEIGHT="23" WC="0.91" CONTENT="1895—1897."/>
						</TextLine>
					</TextBlock>
				</ComposedBlock>
				<ComposedBlock ID="cblock_4" HPOS="654" VPOS="822" WIDTH="50" HEIGHT="26">
					<TextBlock ID="block_5" HPOS="654" VPOS="822" WIDTH="50" HEIGHT="26">
						<TextLine ID="line_14" HPOS="654" VPOS="822" WIDTH="50" HEIGHT="26">
							<String ID="string_76" HPOS="654" VPOS="822" WIDTH="13" HEIGHT="22" WC="0.70" CONTENT="1"/><SP WIDTH="10" VPOS="822" HPOS="667"/>
							<String ID="string_77" HPOS="677" VPOS="822" WIDTH="27" HEIGHT="26" WC="0.70" CONTENT="$."/>
						</TextLine>
					</TextBlock>
				</ComposedBlock>
				<ComposedBlock ID="cblock_5" HPOS="402" VPOS="886" WIDTH="556" HEIGHT="408">
					<TextBlock ID="block_6" HPOS="402" VPOS="886" WIDTH="556" HEIGHT="408">
						<TextLine ID="line_15" HPOS="471" VPOS="886" WIDTH="483" HEIGHT="28">
							<String ID="string_78" HPOS="471" VPOS="886" WIDTH="63" HEIGHT="23" WC="0.89" CONTENT="Skatt"/><SP WIDTH="14" VPOS="886" HPOS="534"/>
							<String ID="string_79" HPOS="548" VPOS="888" WIDTH="36" HEIGHT="26" WC="0.96" CONTENT="för"/><SP WIDTH="15" VPOS="888" HPOS="584"/>
							<String ID="string_80" HPOS="599" VPOS="887" WIDTH="60" HEIGHT="21" WC="0.96" CONTENT="inom"/><SP WIDTH="14" VPOS="887" HPOS="659"/>
							<String ID="string_81" HPOS="673" VPOS="886" WIDTH="74" HEIGHT="23" WC="0.93" CONTENT="landet"/><SP WIDTH="14" VPOS="886" HPOS="747"/>
							<String ID="string_82" HPOS="761" VPOS="886" WIDTH="120" HEIGHT="23" WC="0.89" CONTENT="tillverkadt"/><SP WIDTH="10" VPOS="886" HPOS="881"/>
							<String ID="string_83" HPOS="891" VPOS="887" WIDTH="63" HEIGHT="22" WC="0.92" CONTENT="brän-"/>
						</TextLine>
						<TextLine ID="line_16" HPOS="403" VPOS="921" WIDTH="551" HEIGHT="29">
							<String ID="string_84" HPOS="403" VPOS="921" WIDTH="38" HEIGHT="22" WC="0.96" CONTENT="vin"/><SP WIDTH="15" VPOS="921" HPOS="441"/>
							<String ID="string_85" HPOS="456" VPOS="921" WIDTH="54" HEIGHT="23" WC="0.96" CONTENT="skall"/><SP WIDTH="14" VPOS="921" HPOS="510"/>
							<String ID="string_86" HPOS="524" VPOS="922" WIDTH="70" HEIGHT="21" WC="0.93" CONTENT="under"/><SP WIDTH="15" VPOS="922" HPOS="594"/>
							<String ID="string_87" HPOS="609" VPOS="922" WIDTH="54" HEIGHT="22" WC="0.93" CONTENT="ären"/><SP WIDTH="18" VPOS="922" HPOS="663"/>
							<String ID="string_88" HPOS="681" VPOS="921" WIDTH="66" HEIGHT="29" WC="0.96" CONTENT="1895,"/><SP WIDTH="23" VPOS="921" HPOS="747"/>
							<String ID="string_89" HPOS="770" VPOS="922" WIDTH="59" HEIGHT="22" WC="0.96" CONTENT="1896"/><SP WIDTH="14" VPOS="922" HPOS="829"/>
							<String ID="string_90" HPOS="843" VPOS="922" WIDTH="37" HEIGHT="22" WC="0.96" CONTENT="och"/><SP WIDTH="15" VPOS="922" HPOS="880"/>
							<String ID="string_91" HPOS="895" VPOS="922" WIDTH="59" HEIGHT="22" WC="0.96" CONTENT="1897"/>
						</TextLine>
						<TextLine ID="line_17" HPOS="402" VPOS="956" WIDTH="556" HEIGHT="28">
							<String ID="string_92" HPOS="402" VPOS="956" WIDTH="53" HEIGHT="28" WC="0.95" CONTENT="utgå"/><SP WIDTH="21" VPOS="956" HPOS="455"/>
							<String ID="string_93" HPOS="476" VPOS="956" WIDTH="48" HEIGHT="22" WC="0.91" CONTENT="med"/><SP WIDTH="21" VPOS="956" HPOS="524"/>
							<String ID="string_94" HPOS="545" VPOS="956" WIDTH="75" HEIGHT="28" WC="0.93" CONTENT="sjuttio"/><SP WIDTH="21" VPOS="956" HPOS="620"/>
							<String ID="string_95" HPOS="641" VPOS="956" WIDTH="69" HEIGHT="27" WC="0.96" CONTENT="penni"/><SP WIDTH="18" VPOS="956" HPOS="710"/>
							<String ID="string_96" HPOS="728" VPOS="957" WIDTH="36" HEIGHT="27" WC="0.93" CONTENT="för"/><SP WIDTH="14" VPOS="957" HPOS="764"/>
							<String ID="string_97" HPOS="778" VPOS="956" WIDTH="74" HEIGHT="28" WC="0.95" CONTENT="hvarje"/><SP WIDTH="15" VPOS="956" HPOS="852"/>
							<String ID="string_98" HPOS="867" VPOS="956" WIDTH="48" HEIGHT="22" WC="0.95" CONTENT="liter"/><SP WIDTH="15" VPOS="956" HPOS="915"/>
							<String ID="string_99" HPOS="930" VPOS="958" WIDTH="28" HEIGHT="26" WC="0.96" CONTENT="af"/>
						</TextLine>
						<TextLine ID="line_18" HPOS="403" VPOS="990" WIDTH="551" HEIGHT="28">
							<String ID="string_100" HPOS="403" VPOS="990" WIDTH="166" HEIGHT="28" WC="0.89" CONTENT="normalstyrka,"/><SP WIDTH="15" VPOS="990" HPOS="569"/>
							<String ID="string_101" HPOS="584" VPOS="990" WIDTH="101" HEIGHT="22" WC="0.91" CONTENT="hvarmed"/><SP WIDTH="14" VPOS="990" HPOS="685"/>
							<String ID="string_102" HPOS="699" VPOS="990" WIDTH="80" HEIGHT="27" WC="0.90" CONTENT="förstäs"/><SP WIDTH="17" VPOS="990" HPOS="779"/>
							<String ID="string_103" HPOS="796" VPOS="991" WIDTH="79" HEIGHT="22" WC="0.90" CONTENT="sädant"/><SP WIDTH="14" VPOS="991" HPOS="875"/>
							<String ID="string_104" HPOS="889" VPOS="991" WIDTH="65" HEIGHT="21" WC="0.92" CONTENT="brän-"/>
						</TextLine>
						<TextLine ID="line_19" HPOS="404" VPOS="1024" WIDTH="550" HEIGHT="29">
							<String ID="string_105" HPOS="404" VPOS="1025" WIDTH="44" HEIGHT="27" WC="0.93" CONTENT="vin,"/><SP WIDTH="31" VPOS="1025" HPOS="448"/>
							<String ID="string_106" HPOS="479" VPOS="1032" WIDTH="43" HEIGHT="14" WC="0.92" CONTENT="som"/><SP WIDTH="29" VPOS="1032" HPOS="522"/>
							<String ID="string_107" HPOS="551" VPOS="1024" WIDTH="122" HEIGHT="22" WC="0.92" CONTENT="innehåller"/><SP WIDTH="29" VPOS="1024" HPOS="673"/>
							<String ID="string_108" HPOS="702" VPOS="1025" WIDTH="72" HEIGHT="27" WC="0.85" CONTENT="femtio"/><SP WIDTH="24" VPOS="1025" HPOS="774"/>
							<String ID="string_109" HPOS="798" VPOS="1025" WIDTH="156" HEIGHT="28" WC="0.96" CONTENT="volymprocent"/>
						</TextLine>
						<TextLine ID="line_20" HPOS="405" VPOS="1059" WIDTH="547" HEIGHT="29">
							<String ID="string_110" HPOS="405" VPOS="1059" WIDTH="82" HEIGHT="22" WC="0.95" CONTENT="alkohol"/><SP WIDTH="21" VPOS="1059" HPOS="487"/>
							<String ID="string_111" HPOS="508" VPOS="1059" WIDTH="36" HEIGHT="21" WC="0.95" CONTENT="vid"/><SP WIDTH="25" VPOS="1059" HPOS="544"/>
							<String ID="string_112" HPOS="569" VPOS="1062" WIDTH="23" HEIGHT="24" WC="0.83" CONTENT="+"/><SP WIDTH="24" VPOS="1062" HPOS="592"/>
							<String ID="string_113" HPOS="616" VPOS="1059" WIDTH="28" HEIGHT="21" WC="0.93" CONTENT="15"/><SP WIDTH="22" VPOS="1059" HPOS="644"/>
							<String ID="string_114" HPOS="666" VPOS="1059" WIDTH="78" HEIGHT="29" WC="0.93" CONTENT="grader"/><SP WIDTH="24" VPOS="1059" HPOS="744"/>
							<String ID="string_115" HPOS="768" VPOS="1061" WIDTH="14" HEIGHT="21" WC="0.91" CONTENT="å"/><SP WIDTH="18" VPOS="1061" HPOS="782"/>
							<String ID="string_116" HPOS="800" VPOS="1059" WIDTH="64" HEIGHT="23" WC="0.91" CONTENT="Celsii"/><SP WIDTH="15" VPOS="1059" HPOS="864"/>
							<String ID="string_117" HPOS="879" VPOS="1061" WIDTH="73" HEIGHT="21" WC="0.93" CONTENT="termo-"/>
						</TextLine>
						<TextLine ID="line_21" HPOS="403" VPOS="1094" WIDTH="551" HEIGHT="28">
							<String ID="string_118" HPOS="403" VPOS="1096" WIDTH="72" HEIGHT="20" WC="0.92" CONTENT="meter."/><SP WIDTH="29" VPOS="1096" HPOS="475"/>
							<String ID="string_119" HPOS="504" VPOS="1094" WIDTH="82" HEIGHT="22" WC="0.93" CONTENT="Denna"/><SP WIDTH="15" VPOS="1094" HPOS="586"/>
							<String ID="string_120" HPOS="601" VPOS="1094" WIDTH="57" HEIGHT="22" WC="0.95" CONTENT="skatt"/><SP WIDTH="17" VPOS="1094" HPOS="658"/>
							<String ID="string_121" HPOS="675" VPOS="1094" WIDTH="95" HEIGHT="28" WC="0.96" CONTENT="erlägges"/><SP WIDTH="14" VPOS="1094" HPOS="770"/>
							<String ID="string_122" HPOS="784" VPOS="1094" WIDTH="35" HEIGHT="28" WC="0.96" CONTENT="för"/><SP WIDTH="15" VPOS="1094" HPOS="819"/>
							<String ID="string_123" HPOS="834" VPOS="1094" WIDTH="47" HEIGHT="23" WC="0.96" CONTENT="hela"/><SP WIDTH="16" VPOS="1094" HPOS="881"/>
							<String ID="string_124" HPOS="897" VPOS="1095" WIDTH="34" HEIGHT="21" WC="0.96" CONTENT="det"/><SP WIDTH="15" VPOS="1095" HPOS="931"/>
							<String ID="string_125" HPOS="946" VPOS="1095" WIDTH="8" HEIGHT="21" WC="0.95" CONTENT="i"/>
						</TextLine>
						<TextLine ID="line_22" HPOS="404" VPOS="1128" WIDTH="550" HEIGHT="29">
							<String ID="string_126" HPOS="404" VPOS="1128" WIDTH="100" HEIGHT="27" WC="0.93" CONTENT="afseende"/><SP WIDTH="21" VPOS="1128" HPOS="504"/>
							<String ID="string_127" HPOS="525" VPOS="1128" WIDTH="14" HEIGHT="22" WC="0.73" CONTENT="&amp;"/><SP WIDTH="22" VPOS="1128" HPOS="539"/>
							<String ID="string_128" HPOS="561" VPOS="1128" WIDTH="139" HEIGHT="29" WC="0.91" CONTENT="tillverkning"/><SP WIDTH="20" VPOS="1128" HPOS="700"/>
							<String ID="string_129" HPOS="720" VPOS="1130" WIDTH="127" HEIGHT="27" WC="0.91" CONTENT="öfvertagna"/><SP WIDTH="14" VPOS="1130" HPOS="847"/>
							<String ID="string_130" HPOS="861" VPOS="1129" WIDTH="93" HEIGHT="28" WC="0.95" CONTENT="beloppet"/>
						</TextLine>
						<TextLine ID="line_23" HPOS="404" VPOS="1163" WIDTH="550" HEIGHT="29">
							<String ID="string_131" HPOS="404" VPOS="1163" WIDTH="37" HEIGHT="22" WC="0.93" CONTENT="och"/><SP WIDTH="15" VPOS="1163" HPOS="441"/>
							<String ID="string_132" HPOS="456" VPOS="1163" WIDTH="105" HEIGHT="23" WC="0.96" CONTENT="inbetalas"/><SP WIDTH="15" VPOS="1163" HPOS="561"/>
							<String ID="string_133" HPOS="576" VPOS="1164" WIDTH="33" HEIGHT="21" WC="0.89" CONTENT="till"/><SP WIDTH="15" VPOS="1164" HPOS="609"/>
							<String ID="string_134" HPOS="624" VPOS="1163" WIDTH="68" HEIGHT="23" WC="0.93" CONTENT="länets"/><SP WIDTH="15" VPOS="1163" HPOS="692"/>
							<String ID="string_135" HPOS="707" VPOS="1164" WIDTH="91" HEIGHT="27" WC="0.92" CONTENT="ränteri,"/><SP WIDTH="17" VPOS="1164" HPOS="798"/>
							<String ID="string_136" HPOS="815" VPOS="1164" WIDTH="51" HEIGHT="22" WC="0.93" CONTENT="dock"/><SP WIDTH="15" VPOS="1164" HPOS="866"/>
							<String ID="string_137" HPOS="881" VPOS="1164" WIDTH="73" HEIGHT="28" WC="0.96" CONTENT="hvarje"/>
						</TextLine>
						<TextLine ID="line_24" HPOS="402" VPOS="1198" WIDTH="552" HEIGHT="28">
							<String ID="string_138" HPOS="402" VPOS="1198" WIDTH="60" HEIGHT="28" WC="0.96" CONTENT="gång"/><SP WIDTH="22" VPOS="1198" HPOS="462"/>
							<String ID="string_139" HPOS="484" VPOS="1198" WIDTH="20" HEIGHT="28" WC="0.90" CONTENT="ej"/><SP WIDTH="22" VPOS="1198" HPOS="504"/>
							<String ID="string_140" HPOS="526" VPOS="1198" WIDTH="35" HEIGHT="27" WC="0.96" CONTENT="för"/><SP WIDTH="22" VPOS="1198" HPOS="561"/>
							<String ID="string_141" HPOS="583" VPOS="1198" WIDTH="87" HEIGHT="22" WC="0.96" CONTENT="mindre"/><SP WIDTH="21" VPOS="1198" HPOS="670"/>
							<String ID="string_142" HPOS="691" VPOS="1200" WIDTH="31" HEIGHT="20" WC="0.93" CONTENT="än"/><SP WIDTH="15" VPOS="1200" HPOS="722"/>
							<String ID="string_143" HPOS="737" VPOS="1200" WIDTH="82" HEIGHT="21" WC="0.96" CONTENT="ettusen"/><SP WIDTH="16" VPOS="1200" HPOS="819"/>
							<String ID="string_144" HPOS="835" VPOS="1198" WIDTH="119" HEIGHT="23" WC="0.95" CONTENT="trehundra"/>
						</TextLine>
						<TextLine ID="line_25" HPOS="403" VPOS="1233" WIDTH="555" HEIGHT="28">
							<String ID="string_145" HPOS="403" VPOS="1233" WIDTH="55" HEIGHT="27" WC="0.95" CONTENT="liter,"/><SP WIDTH="23" VPOS="1233" HPOS="458"/>
							<String ID="string_146" HPOS="481" VPOS="1233" WIDTH="91" HEIGHT="27" WC="0.95" CONTENT="såframt"/><SP WIDTH="14" VPOS="1233" HPOS="572"/>
							<String ID="string_147" HPOS="586" VPOS="1233" WIDTH="57" HEIGHT="22" WC="0.96" CONTENT="skatt"/><SP WIDTH="14" VPOS="1233" HPOS="643"/>
							<String ID="string_148" HPOS="657" VPOS="1233" WIDTH="35" HEIGHT="27" WC="0.96" CONTENT="för"/><SP WIDTH="14" VPOS="1233" HPOS="692"/>
							<String ID="string_149" HPOS="706" VPOS="1233" WIDTH="71" HEIGHT="22" WC="0.96" CONTENT="sådan"/><SP WIDTH="15" VPOS="1233" HPOS="777"/>
							<String ID="string_150" HPOS="792" VPOS="1233" WIDTH="123" HEIGHT="28" WC="0.95" CONTENT="myckenhet"/><SP WIDTH="15" VPOS="1233" HPOS="915"/>
							<String ID="string_151" HPOS="930" VPOS="1235" WIDTH="28" HEIGHT="26" WC="0.96" CONTENT="af"/>
						</TextLine>
						<TextLine ID="line_26" HPOS="404" VPOS="1266" WIDTH="319" HEIGHT="28">
							<String ID="string_152" HPOS="404" VPOS="1266" WIDTH="165" HEIGHT="28" WC="0.96" CONTENT="tillverkningen"/><SP WIDTH="15" VPOS="1266" HPOS="569"/>
							<String ID="string_153" HPOS="584" VPOS="1269" WIDTH="26" HEIGHT="19" WC="0.93" CONTENT="är"/><SP WIDTH="15" VPOS="1269" HPOS="610"/>
							<String ID="string_154" HPOS="625" VPOS="1267" WIDTH="98" HEIGHT="26" WC="0.91" CONTENT="ogulden."/>
						</TextLine>
					</TextBlock>
				</ComposedBlock>
				<ComposedBlock ID="cblock_6" HPOS="651" VPOS="1353" WIDTH="54" HEIGHT="26">
					<TextBlock ID="block_7" HPOS="651" VPOS="1353" WIDTH="54" HEIGHT="26">
						<TextLine ID="line_27" HPOS="651" VPOS="1353" WIDTH="54" HEIGHT="26">
							<String ID="string_155" HPOS="651" VPOS="1353" WIDTH="15" HEIGHT="21" WC="0.77" CONTENT="2"/><SP WIDTH="11" VPOS="1353" HPOS="666"/>
							<String ID="string_156" HPOS="677" VPOS="1353" WIDTH="28" HEIGHT="26" WC="0.75" CONTENT="8."/>
						</TextLine>
					</TextBlock>
				</ComposedBlock>
				<ComposedBlock ID="cblock_7" HPOS="402" VPOS="1416" WIDTH="552" HEIGHT="65">
					<TextBlock ID="block_8" HPOS="402" VPOS="1416" WIDTH="552" HEIGHT="65">
						<TextLine ID="line_28" HPOS="477" VPOS="1416" WIDTH="477" HEIGHT="31">
							<String ID="string_157" HPOS="477" VPOS="1416" WIDTH="30" HEIGHT="23" WC="0.85" CONTENT="Or"/><SP WIDTH="22" VPOS="1416" HPOS="507"/>
							<String ID="string_158" HPOS="529" VPOS="1417" WIDTH="187" HEIGHT="23" WC="0.29" CONTENT="brämvinsskatten"/><SP WIDTH="22" VPOS="1417" HPOS="716"/>
							<String ID="string_159" HPOS="738" VPOS="1417" WIDTH="60" HEIGHT="24" WC="0.96" CONTENT="skola"/><SP WIDTH="17" VPOS="1417" HPOS="798"/>
							<String ID="string_160" HPOS="815" VPOS="1418" WIDTH="70" HEIGHT="23" WC="0.93" CONTENT="under"/><SP WIDTH="15" VPOS="1418" HPOS="885"/>
							<String ID="string_161" HPOS="900" VPOS="1419" WIDTH="54" HEIGHT="28" WC="0.92" CONTENT="före-"/>
						</TextLine>
						<TextLine ID="line_29" HPOS="402" VPOS="1451" WIDTH="226" HEIGHT="30">
							<String ID="string_162" HPOS="402" VPOS="1451" WIDTH="99" HEIGHT="24" WC="0.95" CONTENT="nämnda"/><SP WIDTH="15" VPOS="1451" HPOS="501"/>
							<String ID="string_163" HPOS="516" VPOS="1453" WIDTH="31" HEIGHT="22" WC="0.93" CONTENT="tid"/><SP WIDTH="14" VPOS="1453" HPOS="547"/>
							<String ID="string_164" HPOS="561" VPOS="1453" WIDTH="67" HEIGHT="28" WC="0.85" CONTENT="utgå:"/>
						</TextLine>
					</TextBlock>
				</ComposedBlock>
			</PrintSpace>
		</Page>
	</Layout>
</alto>
