1031 1723
306 143 29 23 U.
350 143 27 23 B.
393 158 27 2 —
434 145 74 28 Prop.
524 145 44 24 N:o
583 145 22 23 2.
772 148 25 21 17

288 215 46 19 tens
349 213 89 22 ledande
452 215 52 20 eller
516 215 175 27 uppdämmande
705 217 59 20 samt
778 216 47 21 bät-

286 247 39 20 och
339 247 116 28 fiskeplats.
479 248 59 21 Dock
551 255 50 15 vare
616 249 79 21 tillåtet
709 251 33 20 att
755 249 72 22 såsom

286 281 97 27 vederlag
405 282 35 27 för
462 283 125 27 byggnader,
610 283 79 28 odling,
713 284 114 28 ståndskog

287 315 38 20 och
346 317 72 19 annat
438 316 78 21 sådant
536 317 36 27 för
594 323 26 14 en
635 317 32 20 tid
681 317 29 27 af
720 318 61 27 högst
796 319 30 20 tio

286 348 27 21 år
328 349 90 28 tillägga
432 357 41 14 ena
488 351 59 20 delen
563 351 74 27 bidrag
653 351 27 28 af
691 352 41 20 den
744 353 82 26 andra;

286 383 38 20 och
346 390 50 14 vare
419 384 72 21 denna
512 385 35 27 för
560 385 79 22 sådant
655 385 75 28 bidrag
745 387 80 20 under-

282 419 63 25 pant,
368 418 38 21 der
426 419 119 21 detsamma
567 420 20 27 ej
602 420 89 21 utestått
706 420 75 27 längre
796 421 32 21 tid

285 453 31 18 än
336 452 10 20 i
368 451 146 23 Jordabalken
534 460 35 15 om
588 460 76 15 annan
679 454 75 28 utlaga
767 457 56 25 sägs.

530 551 23 21 1
567 551 21 27 5.

361 613 57 22 Utan
440 614 65 21 skildt
520 614 105 27 förbehåll
640 615 130 21 tillkommer
784 616 43 20 icke

283 647 84 27 parcell
386 647 34 21 del
441 648 9 20 i
470 648 34 27 sjö
524 649 50 21 eller
595 649 132 28 vattendrag,
746 649 81 22 ändock

286 681 41 21 den
341 681 73 22 dertill
426 684 99 25 gränsar.

523 782 28 20 12
568 780 21 28 $.

360 843 42 22 Vid
422 844 102 28 klyfning
544 844 44 21 kan
606 844 104 28 utflyttad
723 845 34 21 del
771 847 58 19 samt

286 878 37 21 vid
344 878 114 27 styckning
481 879 39 21 och
534 879 130 28 afsöndring
678 879 41 20 den
733 879 95 28 afskilda

287 913 66 26 delen,
369 920 35 13 om
418 913 42 20 den
474 915 26 19 är
516 913 34 21 till
558 913 218 28 jordbrukslägenhet
789 913 37 28 af-

285 947 57 26 sedd,
368 947 28 27 af
417 949 135 26 guvernören
578 947 101 28 tilläggas
702 947 68 28 frihet
793 948 36 27 för

287 981 61 28 högst
374 982 30 21 tio
433 982 27 21 är
484 982 53 28 frän
563 982 103 27 samtliga
687 983 142 20 allmänna

286 1016 110 28 utskylder
416 1017 38 21 och
470 1017 79 27 besvär,
564 1017 69 21 derest
646 1017 61 21 dessa
721 1017 36 26 för
771 1023 57 14 sam-

286 1058 37 14 ma
348 1051 32 20 tid
399 1051 14 21 &
431 1051 71 21 andra
517 1051 60 21 delen
598 1058 75 15 ensam
695 1051 131 27 öfvertagits.

288 1085 59 22 Dock
361 1085 75 22 stände
450 1086 104 27 utflyttad
568 1086 50 21 eller
632 1085 82 28 afskild
727 1085 34 21 del
770 1085 56 27 eller,

287 1126 36 15 om
337 1120 42 21 den
394 1122 26 19 är
434 1120 29 27 af
474 1121 139 27 krononatur,
629 1119 199 28 besittningsrätten

287 1154 35 21 till
339 1155 128 20 densamma
488 1155 66 28 äfven
576 1154 68 22 under
665 1154 132 27 jrihetsären
818 1154 10 20 i

286 1189 125 27 underpant
430 1189 36 27 för
480 1189 46 21 dess
541 1189 64 21 andel
619 1189 29 27 af
658 1190 122 25 utlagorna.

525 1293 29 20 13
568 1292 20 27 $.

354 1355 30 26 Ej
405 1355 37 18 mä
464 1355 98 25 lägenhet
582 1360 62 13 anses
659 1354 67 25 delad,
750 1353 78 26 förrän

287 1387 144 27 skiljoräerna
454 1387 73 27 blifvit
548 1387 101 27 rörlagda
671 1386 38 20 och
730 1385 14 21 å
766 1386 63 20 karta

287 1421 104 29 affattade
405 1423 59 19 samt
477 1421 86 21 delarne
582 1420 71 22 såsom
667 1420 70 21 skilda
753 1420 72 27 lägen-

286 1456 58 22 heter
363 1456 10 20 i
394 1456 35 21 det
449 1456 35 21 uti
506 1456 15 20 3
542 1456 47 28 kap.
609 1454 144 28 omförmälda
766 1454 60 27 jord-

151 1497 48 23 Lag-
213 1497 32 18 och
256 1496 180 19 Ekonomiutskotteis
448 1495 108 18 betänkande
567 1494 37 18 N:o
616 1495 14 17 1.
