<?xml version="1.0" encoding="UTF-8"?>
<alto xmlns="http://www.loc.gov/standards/alto/ns-v3#" xmlns:xlink="http://www.w3.org/1999/xlink" xmlns:xsi="http://www.w3.org/2001/XMLSchema-instance" xsi:schemaLocation="http://www.loc.gov/standards/alto/ns-v3# http://www.loc.gov/alto/v3/alto-3-0.xsd">
	<Description>
		<MeasurementUnit>pixel</MeasurementUnit>
		<sourceImageInformation>
			<fileName>/tmp/tess_k7z7t379_input.PNG</fileName>
		</sourceImageInformation>
		<OCRProcessing ID="OCR_0">
			<ocrProcessingStep>
				<processingSoftware>
					<softwareName>tesseract 5.3.4</softwareName>
				</processingSoftware>
			</ocrProcessingStep>
		</OCRProcessing>
	</Description>
	<Layout>
		<Page WIDTH="1023" HEIGHT="1714" PHYSICAL_IMG_NR="0" ID="page_0">
			<PrintSpace HPOS="0" VPOS="0" WIDTH="1023" HEIGHT="1714">
				<ComposedBlock ID="cblock_0" HPOS="437" VPOS="147" WIDTH="373" HEIGHT="93">
					<TextBlock ID="block_0" HPOS="437" VPOS="147" WIDTH="373" HEIGHT="93">
						<TextLine ID="line_0" HPOS="786" VPOS="147" WIDTH="24" HEIGHT="20">
							<String ID="string_0" HPOS="786" VPOS="147" WIDTH="24" HEIGHT="20" WC="0.96" CONTENT="17"/>
						</TextLine>
						<TextLine ID="line_1" HPOS="437" VPOS="216" WIDTH="59" HEIGHT="24">
							<String ID="string_1" HPOS="437" VPOS="216" WIDTH="25" HEIGHT="20" WC="0.94" CONTENT="19"/><SP WIDTH="17" VPOS="216" HPOS="462"/>
							<String ID="string_2" HPOS="479" VPOS="217" WIDTH="17" HEIGHT="23" WC="0.75" CONTENT="8."/>
						</TextLine>
					</TextBlock>
				</ComposedBlock>
				<ComposedBlock ID="cblock_1" HPOS="88" VPOS="278" WIDTH="754" HEIGHT="195">
					<TextBlock ID="block_1" HPOS="88" VPOS="278" WIDTH="754" HEIGHT="195">
						<TextLine ID="line_2" HPOS="157" VPOS="278" WIDTH="685" HEIGHT="26">
							<String ID="string_3" HPOS="157" VPOS="278" WIDTH="89" HEIGHT="26" WC="0.92" CONTENT="Uppstår"/><SP WIDTH="11" VPOS="278" HPOS="246"/>
							<String ID="string_4" HPOS="257" VPOS="279" WIDTH="37" HEIGHT="19" WC="0.93" CONTENT="hos"/><SP WIDTH="11" VPOS="279" HPOS="294"/>
							<String ID="string_5" HPOS="305" VPOS="278" WIDTH="174" HEIGHT="25" WC="0.92" CONTENT="utmätningsman"/><SP WIDTH="9" VPOS="278" HPOS="479"/>
							<String ID="string_6" HPOS="488" VPOS="278" WIDTH="69" HEIGHT="20" WC="0.91" CONTENT="tvifvel"/><SP WIDTH="13" VPOS="278" HPOS="557"/>
							<String ID="string_7" HPOS="570" VPOS="278" WIDTH="52" HEIGHT="20" WC="0.96" CONTENT="huru"/><SP WIDTH="7" VPOS="278" HPOS="622"/>
							<String ID="string_8" HPOS="629" VPOS="279" WIDTH="46" HEIGHT="19" WC="0.96" CONTENT="dom"/><SP WIDTH="14" VPOS="279" HPOS="675"/>
							<String ID="string_9" HPOS="689" VPOS="278" WIDTH="104" HEIGHT="26" WC="0.96" CONTENT="rätteligen"/><SP WIDTH="15" VPOS="278" HPOS="793"/>
							<String ID="string_10" HPOS="808" VPOS="279" WIDTH="34" HEIGHT="20" WC="0.96" CONTENT="bör"/>
						</TextLine>
						<TextLine ID="line_3" HPOS="88" VPOS="311" WIDTH="752" HEIGHT="26">
							<String ID="string_11" HPOS="88" VPOS="312" WIDTH="125" HEIGHT="24" WC="0.93" CONTENT="verkställas,"/><SP WIDTH="22" VPOS="312" HPOS="213"/>
							<String ID="string_12" HPOS="235" VPOS="311" WIDTH="78" HEIGHT="21" WC="0.91" CONTENT="anmäle"/><SP WIDTH="22" VPOS="311" HPOS="313"/>
							<String ID="string_13" HPOS="335" VPOS="312" WIDTH="34" HEIGHT="20" WC="0.96" CONTENT="det"/><SP WIDTH="15" VPOS="312" HPOS="369"/>
							<String ID="string_14" HPOS="384" VPOS="314" WIDTH="71" HEIGHT="23" WC="0.96" CONTENT="genast"/><SP WIDTH="14" VPOS="314" HPOS="455"/>
							<String ID="string_15" HPOS="469" VPOS="313" WIDTH="37" HEIGHT="18" WC="0.93" CONTENT="hos"/><SP WIDTH="15" VPOS="313" HPOS="506"/>
							<String ID="string_16" HPOS="521" VPOS="312" WIDTH="158" HEIGHT="20" WC="0.92" CONTENT="öfverexekutor."/><SP WIDTH="29" VPOS="312" HPOS="679"/>
							<String ID="string_17" HPOS="708" VPOS="312" WIDTH="72" HEIGHT="20" WC="0.96" CONTENT="Finnes"/><SP WIDTH="15" VPOS="312" HPOS="780"/>
							<String ID="string_18" HPOS="795" VPOS="312" WIDTH="7" HEIGHT="19" WC="0.96" CONTENT="i"/><SP WIDTH="16" VPOS="312" HPOS="802"/>
							<String ID="string_19" HPOS="818" VPOS="315" WIDTH="22" HEIGHT="22" WC="0.97" CONTENT="ty"/>
						</TextLine>
						<TextLine ID="line_4" HPOS="88" VPOS="346" WIDTH="754" HEIGHT="25">
							<String ID="string_20" HPOS="88" VPOS="346" WIDTH="41" HEIGHT="25" WC="0.94" CONTENT="fall,"/><SP WIDTH="21" VPOS="346" HPOS="129"/>
							<String ID="string_21" HPOS="150" VPOS="347" WIDTH="48" HEIGHT="19" WC="0.96" CONTENT="eller"/><SP WIDTH="19" VPOS="347" HPOS="198"/>
							<String ID="string_22" HPOS="217" VPOS="346" WIDTH="26" HEIGHT="20" WC="0.96" CONTENT="då"/><SP WIDTH="21" VPOS="346" HPOS="243"/>
							<String ID="string_23" HPOS="264" VPOS="346" WIDTH="152" HEIGHT="25" WC="0.96" CONTENT="verkställighet"/><SP WIDTH="21" VPOS="346" HPOS="416"/>
							<String ID="string_24" HPOS="437" VPOS="347" WIDTH="21" HEIGHT="19" WC="0.96" CONTENT="af"/><SP WIDTH="20" VPOS="347" HPOS="458"/>
							<String ID="string_25" HPOS="478" VPOS="346" WIDTH="47" HEIGHT="19" WC="0.96" CONTENT="dom"/><SP WIDTH="21" VPOS="346" HPOS="525"/>
							<String ID="string_26" HPOS="546" VPOS="346" WIDTH="38" HEIGHT="20" WC="0.92" CONTENT="hos"/><SP WIDTH="23" VPOS="346" HPOS="584"/>
							<String ID="string_27" HPOS="607" VPOS="346" WIDTH="153" HEIGHT="20" WC="0.87" CONTENT="öfverexekutor"/><SP WIDTH="17" VPOS="346" HPOS="760"/>
							<String ID="string_28" HPOS="777" VPOS="346" WIDTH="65" HEIGHT="25" WC="0.96" CONTENT="sökes,"/>
						</TextLine>
						<TextLine ID="line_5" HPOS="88" VPOS="380" WIDTH="753" HEIGHT="25">
							<String ID="string_29" HPOS="88" VPOS="381" WIDTH="72" HEIGHT="19" WC="0.96" CONTENT="domen"/><SP WIDTH="16" VPOS="381" HPOS="160"/>
							<String ID="string_30" HPOS="176" VPOS="380" WIDTH="22" HEIGHT="21" WC="0.95" CONTENT="så"/><SP WIDTH="15" VPOS="380" HPOS="198"/>
							<String ID="string_31" HPOS="213" VPOS="380" WIDTH="60" HEIGHT="25" WC="0.96" CONTENT="mörk,"/><SP WIDTH="18" VPOS="380" HPOS="273"/>
							<String ID="string_32" HPOS="291" VPOS="381" WIDTH="30" HEIGHT="19" WC="0.93" CONTENT="att"/><SP WIDTH="15" VPOS="381" HPOS="321"/>
							<String ID="string_33" HPOS="336" VPOS="380" WIDTH="154" HEIGHT="20" WC="0.91" CONTENT="öfverexekutor"/><SP WIDTH="14" VPOS="380" HPOS="490"/>
							<String ID="string_34" HPOS="504" VPOS="380" WIDTH="17" HEIGHT="25" WC="0.96" CONTENT="ej"/><SP WIDTH="15" VPOS="380" HPOS="521"/>
							<String ID="string_35" HPOS="536" VPOS="380" WIDTH="40" HEIGHT="20" WC="0.96" CONTENT="kan"/><SP WIDTH="15" VPOS="380" HPOS="576"/>
							<String ID="string_36" HPOS="591" VPOS="380" WIDTH="90" HEIGHT="20" WC="0.96" CONTENT="meddela"/><SP WIDTH="14" VPOS="380" HPOS="681"/>
							<String ID="string_37" HPOS="695" VPOS="380" WIDTH="99" HEIGHT="21" WC="0.96" CONTENT="föreskrift"/><SP WIDTH="14" VPOS="380" HPOS="794"/>
							<String ID="string_38" HPOS="808" VPOS="387" WIDTH="33" HEIGHT="14" WC="0.96" CONTENT="om"/>
						</TextLine>
						<TextLine ID="line_6" HPOS="88" VPOS="414" WIDTH="754" HEIGHT="27">
							<String ID="string_39" HPOS="88" VPOS="414" WIDTH="183" HEIGHT="26" WC="0.70" CONTENT="verkställigheten,"/><SP WIDTH="20" VPOS="414" HPOS="271"/>
							<String ID="string_40" HPOS="291" VPOS="414" WIDTH="73" HEIGHT="21" WC="0.92" CONTENT="förvise"/><SP WIDTH="22" VPOS="414" HPOS="364"/>
							<String ID="string_41" HPOS="386" VPOS="415" WIDTH="39" HEIGHT="19" WC="0.93" CONTENT="han"/><SP WIDTH="20" VPOS="415" HPOS="425"/>
							<String ID="string_42" HPOS="445" VPOS="416" WIDTH="92" HEIGHT="24" WC="0.90" CONTENT="parterne"/><SP WIDTH="20" VPOS="416" HPOS="537"/>
							<String ID="string_43" HPOS="557" VPOS="416" WIDTH="30" HEIGHT="18" WC="0.96" CONTENT="att"/><SP WIDTH="13" VPOS="416" HPOS="587"/>
							<String ID="string_44" HPOS="600" VPOS="414" WIDTH="7" HEIGHT="19" WC="0.96" CONTENT="i"/><SP WIDTH="15" VPOS="414" HPOS="607"/>
							<String ID="string_45" HPOS="622" VPOS="414" WIDTH="45" HEIGHT="26" WC="0.96" CONTENT="laga"/><SP WIDTH="20" VPOS="414" HPOS="667"/>
							<String ID="string_46" HPOS="687" VPOS="415" WIDTH="85" HEIGHT="26" WC="0.96" CONTENT="ordning"/><SP WIDTH="14" VPOS="415" HPOS="772"/>
							<String ID="string_47" HPOS="786" VPOS="415" WIDTH="56" HEIGHT="20" WC="0.96" CONTENT="öfver"/>
						</TextLine>
						<TextLine ID="line_7" HPOS="89" VPOS="448" WIDTH="260" HEIGHT="25">
							<String ID="string_48" HPOS="89" VPOS="449" WIDTH="71" HEIGHT="20" WC="0.95" CONTENT="domen"/><SP WIDTH="16" VPOS="449" HPOS="160"/>
							<String ID="string_49" HPOS="176" VPOS="449" WIDTH="46" HEIGHT="20" WC="0.95" CONTENT="söka"/><SP WIDTH="14" VPOS="449" HPOS="222"/>
							<String ID="string_50" HPOS="236" VPOS="448" WIDTH="113" HEIGHT="25" WC="0.96" CONTENT="förklaring."/>
						</TextLine>
					</TextBlock>
				</ComposedBlock>
				<ComposedBlock ID="cblock_2" HPOS="435" VPOS="541" WIDTH="61" HEIGHT="24">
					<TextBlock ID="block_2" HPOS="435" VPOS="541" WIDTH="61" HEIGHT="24">
						<TextLine ID="line_8" HPOS="435" VPOS="541" WIDTH="61" HEIGHT="24">
							<String ID="string_51" HPOS="435" VPOS="541" WIDTH="26" HEIGHT="20" WC="0.94" CONTENT="20"/><SP WIDTH="17" VPOS="541" HPOS="461"/>
							<String ID="string_52" HPOS="478" VPOS="542" WIDTH="18" HEIGHT="23" WC="0.93" CONTENT="8."/>
						</TextLine>
					</TextBlock>
				</ComposedBlock>
				<ComposedBlock ID="cblock_3" HPOS="89" VPOS="603" WIDTH="755" HEIGHT="433">
					<TextBlock ID="block_3" HPOS="89" VPOS="603" WIDTH="755" HEIGHT="369">
						<TextLine ID="line_9" HPOS="158" VPOS="603" WIDTH="684" HEIGHT="27">
							<String ID="string_53" HPOS="158" VPOS="604" WIDTH="54" HEIGHT="20" WC="0.95" CONTENT="Skall"/><SP WIDTH="22" VPOS="604" HPOS="212"/>
							<String ID="string_54" HPOS="234" VPOS="603" WIDTH="67" HEIGHT="26" WC="0.95" CONTENT="någon"/><SP WIDTH="22" VPOS="603" HPOS="301"/>
							<String ID="string_55" HPOS="323" VPOS="604" WIDTH="30" HEIGHT="19" WC="0.96" CONTENT="för"/><SP WIDTH="19" VPOS="604" HPOS="353"/>
							<String ID="string_56" HPOS="372" VPOS="604" WIDTH="151" HEIGHT="25" WC="0.96" CONTENT="verkställighet"/><SP WIDTH="14" VPOS="604" HPOS="523"/>
							<String ID="string_57" HPOS="537" VPOS="605" WIDTH="20" HEIGHT="19" WC="0.96" CONTENT="af"/><SP WIDTH="14" VPOS="605" HPOS="557"/>
							<String ID="string_58" HPOS="571" VPOS="604" WIDTH="47" HEIGHT="20" WC="0.96" CONTENT="dom"/><SP WIDTH="22" VPOS="604" HPOS="618"/>
							<String ID="string_59" HPOS="640" VPOS="604" WIDTH="48" HEIGHT="20" WC="0.95" CONTENT="eller"/><SP WIDTH="19" VPOS="604" HPOS="688"/>
							<String ID="string_60" HPOS="707" VPOS="604" WIDTH="59" HEIGHT="26" WC="0.96" CONTENT="eljest"/><SP WIDTH="14" VPOS="604" HPOS="766"/>
							<String ID="string_61" HPOS="780" VPOS="605" WIDTH="62" HEIGHT="25" WC="0.96" CONTENT="enligt"/>
						</TextLine>
						<TextLine ID="line_10" HPOS="90" VPOS="638" WIDTH="752" HEIGHT="26">
							<String ID="string_62" HPOS="90" VPOS="639" WIDTH="65" HEIGHT="19" WC="0.96" CONTENT="denna"/><SP WIDTH="14" VPOS="639" HPOS="155"/>
							<String ID="string_63" HPOS="169" VPOS="638" WIDTH="33" HEIGHT="26" WC="0.96" CONTENT="lag"/><SP WIDTH="15" VPOS="638" HPOS="202"/>
							<String ID="string_64" HPOS="217" VPOS="638" WIDTH="58" HEIGHT="20" WC="0.96" CONTENT="ställa"/><SP WIDTH="14" VPOS="638" HPOS="275"/>
							<String ID="string_65" HPOS="289" VPOS="640" WIDTH="50" HEIGHT="24" WC="0.96" CONTENT="pant"/><SP WIDTH="14" VPOS="640" HPOS="339"/>
							<String ID="string_66" HPOS="353" VPOS="638" WIDTH="49" HEIGHT="19" WC="0.96" CONTENT="eller"/><SP WIDTH="14" VPOS="638" HPOS="402"/>
							<String ID="string_67" HPOS="416" VPOS="638" WIDTH="80" HEIGHT="25" WC="0.96" CONTENT="borgen,"/><SP WIDTH="10" VPOS="638" HPOS="496"/>
							<String ID="string_68" HPOS="506" VPOS="638" WIDTH="38" HEIGHT="20" WC="0.96" CONTENT="och"/><SP WIDTH="9" VPOS="638" HPOS="544"/>
							<String ID="string_69" HPOS="553" VPOS="640" WIDTH="23" HEIGHT="18" WC="0.96" CONTENT="är"/><SP WIDTH="10" VPOS="640" HPOS="576"/>
							<String ID="string_70" HPOS="586" VPOS="638" WIDTH="17" HEIGHT="25" WC="0.97" CONTENT="ej"/><SP WIDTH="12" VPOS="638" HPOS="603"/>
							<String ID="string_71" HPOS="615" VPOS="638" WIDTH="116" HEIGHT="20" WC="0.96" CONTENT="säkerheten"/><SP WIDTH="12" VPOS="638" HPOS="731"/>
							<String ID="string_72" HPOS="743" VPOS="639" WIDTH="21" HEIGHT="19" WC="0.93" CONTENT="af"/><SP WIDTH="9" VPOS="639" HPOS="764"/>
							<String ID="string_73" HPOS="773" VPOS="640" WIDTH="69" HEIGHT="20" WC="0.91" CONTENT="veder-"/>
						</TextLine>
						<TextLine ID="line_11" HPOS="90" VPOS="672" WIDTH="754" HEIGHT="26">
							<String ID="string_74" HPOS="90" VPOS="675" WIDTH="70" HEIGHT="23" WC="0.96" CONTENT="parten"/><SP WIDTH="15" VPOS="675" HPOS="160"/>
							<String ID="string_75" HPOS="175" VPOS="672" WIDTH="99" HEIGHT="26" WC="0.96" CONTENT="godkänd,"/><SP WIDTH="15" VPOS="672" HPOS="274"/>
							<String ID="string_76" HPOS="289" VPOS="672" WIDTH="60" HEIGHT="20" WC="0.96" CONTENT="varde"/><SP WIDTH="15" VPOS="672" HPOS="349"/>
							<String ID="string_77" HPOS="364" VPOS="672" WIDTH="40" HEIGHT="19" WC="0.93" CONTENT="den"/><SP WIDTH="15" VPOS="672" HPOS="404"/>
							<String ID="string_78" HPOS="419" VPOS="672" WIDTH="83" HEIGHT="26" WC="0.92" CONTENT="pröivad"/><SP WIDTH="11" VPOS="672" HPOS="502"/>
							<String ID="string_79" HPOS="513" VPOS="673" WIDTH="20" HEIGHT="19" WC="0.93" CONTENT="af"/><SP WIDTH="14" VPOS="673" HPOS="533"/>
							<String ID="string_80" HPOS="547" VPOS="672" WIDTH="152" HEIGHT="20" WC="0.92" CONTENT="öfverexekutor"/><SP WIDTH="14" VPOS="672" HPOS="699"/>
							<String ID="string_81" HPOS="713" VPOS="673" WIDTH="49" HEIGHT="21" WC="0.96" CONTENT="eller"/><SP WIDTH="15" VPOS="673" HPOS="762"/>
							<String ID="string_82" HPOS="777" VPOS="674" WIDTH="37" HEIGHT="20" WC="0.96" CONTENT="ock"/><SP WIDTH="10" VPOS="674" HPOS="814"/>
							<String ID="string_83" HPOS="824" VPOS="675" WIDTH="20" HEIGHT="19" WC="0.97" CONTENT="af"/>
						</TextLine>
						<TextLine ID="line_12" HPOS="90" VPOS="706" WIDTH="752" HEIGHT="26">
							<String ID="string_84" HPOS="90" VPOS="706" WIDTH="217" HEIGHT="26" WC="0.91" CONTENT="utmätningsmannen,"/><SP WIDTH="16" VPOS="706" HPOS="307"/>
							<String ID="string_85" HPOS="323" VPOS="712" WIDTH="32" HEIGHT="14" WC="0.96" CONTENT="om"/><SP WIDTH="15" VPOS="712" HPOS="355"/>
							<String ID="string_86" HPOS="370" VPOS="706" WIDTH="116" HEIGHT="20" WC="0.95" CONTENT="säkerheten"/><SP WIDTH="14" VPOS="706" HPOS="486"/>
							<String ID="string_87" HPOS="500" VPOS="707" WIDTH="37" HEIGHT="20" WC="0.96" CONTENT="hos"/><SP WIDTH="10" VPOS="707" HPOS="537"/>
							<String ID="string_88" HPOS="547" VPOS="706" WIDTH="74" HEIGHT="20" WC="0.96" CONTENT="honom"/><SP WIDTH="10" VPOS="706" HPOS="621"/>
							<String ID="string_89" HPOS="631" VPOS="707" WIDTH="70" HEIGHT="20" WC="0.95" CONTENT="ställas"/><SP WIDTH="11" VPOS="707" HPOS="701"/>
							<String ID="string_90" HPOS="712" VPOS="707" WIDTH="39" HEIGHT="21" WC="0.93" CONTENT="mä."/><SP WIDTH="14" VPOS="707" HPOS="751"/>
							<String ID="string_91" HPOS="765" VPOS="708" WIDTH="77" HEIGHT="20" WC="0.92" CONTENT="Löftes-"/>
						</TextLine>
						<TextLine ID="line_13" HPOS="90" VPOS="740" WIDTH="754" HEIGHT="28">
							<String ID="string_92" HPOS="90" VPOS="742" WIDTH="47" HEIGHT="18" WC="0.95" CONTENT="män"/><SP WIDTH="15" VPOS="742" HPOS="137"/>
							<String ID="string_93" HPOS="152" VPOS="740" WIDTH="55" HEIGHT="20" WC="0.93" CONTENT="skola"/><SP WIDTH="15" VPOS="740" HPOS="207"/>
							<String ID="string_94" HPOS="222" VPOS="741" WIDTH="61" HEIGHT="24" WC="0.92" CONTENT="borga"/><SP WIDTH="14" VPOS="741" HPOS="283"/>
							<String ID="string_95" HPOS="297" VPOS="746" WIDTH="25" HEIGHT="14" WC="0.96" CONTENT="en"/><SP WIDTH="15" VPOS="746" HPOS="322"/>
							<String ID="string_96" HPOS="337" VPOS="741" WIDTH="30" HEIGHT="19" WC="0.96" CONTENT="för"/><SP WIDTH="14" VPOS="741" HPOS="367"/>
							<String ID="string_97" HPOS="381" VPOS="740" WIDTH="40" HEIGHT="20" WC="0.96" CONTENT="alla"/><SP WIDTH="14" VPOS="740" HPOS="421"/>
							<String ID="string_98" HPOS="435" VPOS="741" WIDTH="37" HEIGHT="19" WC="0.96" CONTENT="och"/><SP WIDTH="15" VPOS="741" HPOS="472"/>
							<String ID="string_99" HPOS="487" VPOS="741" WIDTH="39" HEIGHT="19" WC="0.95" CONTENT="alla"/><SP WIDTH="14" VPOS="741" HPOS="526"/>
							<String ID="string_100" HPOS="540" VPOS="741" WIDTH="31" HEIGHT="20" WC="0.96" CONTENT="för"/><SP WIDTH="14" VPOS="741" HPOS="571"/>
							<String ID="string_101" HPOS="585" VPOS="747" WIDTH="34" HEIGHT="19" WC="0.96" CONTENT="en;"/><SP WIDTH="16" VPOS="747" HPOS="619"/>
							<String ID="string_102" HPOS="635" VPOS="742" WIDTH="30" HEIGHT="19" WC="0.92" CONTENT="för"/><SP WIDTH="14" VPOS="742" HPOS="665"/>
							<String ID="string_103" HPOS="679" VPOS="742" WIDTH="101" HEIGHT="26" WC="0.90" CONTENT="menighet"/><SP WIDTH="15" VPOS="742" HPOS="780"/>
							<String ID="string_104" HPOS="795" VPOS="743" WIDTH="49" HEIGHT="20" WC="0.95" CONTENT="eller"/>
						</TextLine>
						<TextLine ID="line_14" HPOS="90" VPOS="774" WIDTH="753" HEIGHT="29">
							<String ID="string_105" HPOS="90" VPOS="775" WIDTH="31" HEIGHT="20" WC="0.96" CONTENT="för"/><SP WIDTH="15" VPOS="775" HPOS="121"/>
							<String ID="string_106" HPOS="136" VPOS="774" WIDTH="94" HEIGHT="20" WC="0.96" CONTENT="utländsk"/><SP WIDTH="15" VPOS="774" HPOS="230"/>
							<String ID="string_107" HPOS="245" VPOS="780" WIDTH="52" HEIGHT="19" WC="0.96" CONTENT="man,"/><SP WIDTH="14" VPOS="780" HPOS="297"/>
							<String ID="string_108" HPOS="311" VPOS="774" WIDTH="23" HEIGHT="20" WC="0.96" CONTENT="så"/><SP WIDTH="15" VPOS="774" HPOS="334"/>
							<String ID="string_109" HPOS="349" VPOS="774" WIDTH="36" HEIGHT="20" WC="0.96" CONTENT="ock"/><SP WIDTH="14" VPOS="774" HPOS="385"/>
							<String ID="string_110" HPOS="399" VPOS="775" WIDTH="7" HEIGHT="19" WC="0.96" CONTENT="i"/><SP WIDTH="16" VPOS="775" HPOS="406"/>
							<String ID="string_111" HPOS="422" VPOS="775" WIDTH="33" HEIGHT="20" WC="0.96" CONTENT="det"/><SP WIDTH="14" VPOS="775" HPOS="455"/>
							<String ID="string_112" HPOS="469" VPOS="775" WIDTH="39" HEIGHT="25" WC="0.93" CONTENT="fall,"/><SP WIDTH="16" VPOS="775" HPOS="508"/>
							<String ID="string_113" HPOS="524" VPOS="776" WIDTH="79" HEIGHT="19" WC="0.92" CONTENT="hvarom"/><SP WIDTH="16" VPOS="776" HPOS="603"/>
							<String ID="string_114" HPOS="619" VPOS="776" WIDTH="7" HEIGHT="20" WC="0.96" CONTENT="i"/><SP WIDTH="16" VPOS="776" HPOS="626"/>
							<String ID="string_115" HPOS="642" VPOS="777" WIDTH="12" HEIGHT="19" WC="0.96" CONTENT="5"/><SP WIDTH="15" VPOS="777" HPOS="654"/>
							<String ID="string_116" HPOS="669" VPOS="776" WIDTH="45" HEIGHT="26" WC="0.96" CONTENT="kap."/><SP WIDTH="15" VPOS="776" HPOS="714"/>
							<String ID="string_117" HPOS="729" VPOS="777" WIDTH="27" HEIGHT="20" WC="0.96" CONTENT="40"/><SP WIDTH="12" VPOS="777" HPOS="756"/>
							<String ID="string_118" HPOS="768" VPOS="778" WIDTH="10" HEIGHT="24" WC="0.93" CONTENT="$"/><SP WIDTH="12" VPOS="778" HPOS="778"/>
							<String ID="string_119" HPOS="790" VPOS="779" WIDTH="53" HEIGHT="24" WC="0.92" CONTENT="sägs,"/>
						</TextLine>
						<TextLine ID="line_15" HPOS="91" VPOS="809" WIDTH="752" HEIGHT="28">
							<String ID="string_120" HPOS="91" VPOS="809" WIDTH="51" HEIGHT="20" WC="0.93" CONTENT="skall"/><SP WIDTH="14" VPOS="809" HPOS="142"/>
							<String ID="string_121" HPOS="156" VPOS="810" WIDTH="71" HEIGHT="24" WC="0.92" CONTENT="borgas"/><SP WIDTH="16" VPOS="810" HPOS="227"/>
							<String ID="string_122" HPOS="243" VPOS="809" WIDTH="67" HEIGHT="19" WC="0.96" CONTENT="såsom"/><SP WIDTH="15" VPOS="809" HPOS="310"/>
							<String ID="string_123" HPOS="325" VPOS="809" WIDTH="30" HEIGHT="20" WC="0.96" CONTENT="för"/><SP WIDTH="15" VPOS="809" HPOS="355"/>
							<String ID="string_124" HPOS="370" VPOS="815" WIDTH="51" HEIGHT="19" WC="0.96" CONTENT="egen"/><SP WIDTH="15" VPOS="815" HPOS="421"/>
							<String ID="string_125" HPOS="436" VPOS="809" WIDTH="64" HEIGHT="20" WC="0.96" CONTENT="skuld."/><SP WIDTH="25" VPOS="809" HPOS="500"/>
							<String ID="string_126" HPOS="525" VPOS="810" WIDTH="48" HEIGHT="25" WC="0.96" CONTENT="Den,"/><SP WIDTH="16" VPOS="810" HPOS="573"/>
							<String ID="string_127" HPOS="589" VPOS="816" WIDTH="43" HEIGHT="14" WC="0.96" CONTENT="som"/><SP WIDTH="10" VPOS="816" HPOS="632"/>
							<String ID="string_128" HPOS="642" VPOS="813" WIDTH="49" HEIGHT="23" WC="0.96" CONTENT="pant"/><SP WIDTH="10" VPOS="813" HPOS="691"/>
							<String ID="string_129" HPOS="701" VPOS="811" WIDTH="74" HEIGHT="25" WC="0.96" CONTENT="bjuder,"/><SP WIDTH="16" VPOS="811" HPOS="775"/>
							<String ID="string_130" HPOS="791" VPOS="818" WIDTH="52" HEIGHT="19" WC="0.96" CONTENT="vare,"/>
						</TextLine>
						<TextLine ID="line_16" HPOS="90" VPOS="843" WIDTH="753" HEIGHT="29">
							<String ID="string_131" HPOS="90" VPOS="844" WIDTH="36" HEIGHT="20" WC="0.93" CONTENT="der"/><SP WIDTH="14" VPOS="844" HPOS="126"/>
							<String ID="string_132" HPOS="140" VPOS="844" WIDTH="153" HEIGHT="19" WC="0.82" CONTENT="öfverexekutor"/><SP WIDTH="14" VPOS="844" HPOS="293"/>
							<String ID="string_133" HPOS="307" VPOS="843" WIDTH="48" HEIGHT="20" WC="0.93" CONTENT="eller"/><SP WIDTH="10" VPOS="843" HPOS="355"/>
							<String ID="string_134" HPOS="365" VPOS="844" WIDTH="212" HEIGHT="25" WC="0.92" CONTENT="utmätningsmannen"/><SP WIDTH="10" VPOS="844" HPOS="577"/>
							<String ID="string_135" HPOS="587" VPOS="844" WIDTH="34" HEIGHT="20" WC="0.93" CONTENT="det"/><SP WIDTH="10" VPOS="844" HPOS="621"/>
							<String ID="string_136" HPOS="631" VPOS="845" WIDTH="130" HEIGHT="25" WC="0.92" CONTENT="föreskrifver,"/><SP WIDTH="10" VPOS="845" HPOS="761"/>
							<String ID="string_137" HPOS="771" VPOS="846" WIDTH="72" HEIGHT="26" WC="0.93" CONTENT="pligtig"/>
						</TextLine>
						<TextLine ID="line_17" HPOS="89" VPOS="878" WIDTH="754" HEIGHT="29">
							<String ID="string_138" HPOS="89" VPOS="880" WIDTH="31" HEIGHT="18" WC="0.85" CONTENT="att"/><SP WIDTH="22" VPOS="880" HPOS="120"/>
							<String ID="string_139" HPOS="142" VPOS="880" WIDTH="52" HEIGHT="18" WC="0.93" CONTENT="sätta"/><SP WIDTH="22" VPOS="880" HPOS="194"/>
							<String ID="string_140" HPOS="216" VPOS="880" WIDTH="74" HEIGHT="24" WC="0.92" CONTENT="panten"/><SP WIDTH="13" VPOS="880" HPOS="290"/>
							<String ID="string_141" HPOS="303" VPOS="878" WIDTH="7" HEIGHT="20" WC="0.93" CONTENT="i"/><SP WIDTH="16" VPOS="878" HPOS="310"/>
							<String ID="string_142" HPOS="326" VPOS="878" WIDTH="66" HEIGHT="20" WC="0.96" CONTENT="förvar"/><SP WIDTH="21" VPOS="878" HPOS="392"/>
							<String ID="string_143" HPOS="413" VPOS="878" WIDTH="38" HEIGHT="20" WC="0.92" CONTENT="hos"/><SP WIDTH="15" VPOS="878" HPOS="451"/>
							<String ID="string_144" HPOS="466" VPOS="878" WIDTH="125" HEIGHT="26" WC="0.96" CONTENT="vederhäftig"/><SP WIDTH="14" VPOS="878" HPOS="591"/>
							<String ID="string_145" HPOS="605" VPOS="885" WIDTH="51" HEIGHT="19" WC="0.96" CONTENT="man,"/><SP WIDTH="15" VPOS="885" HPOS="656"/>
							<String ID="string_146" HPOS="671" VPOS="886" WIDTH="43" HEIGHT="14" WC="0.93" CONTENT="som"/><SP WIDTH="15" VPOS="886" HPOS="714"/>
							<String ID="string_147" HPOS="729" VPOS="880" WIDTH="69" HEIGHT="26" WC="0.93" CONTENT="ätager"/><SP WIDTH="14" VPOS="880" HPOS="798"/>
							<String ID="string_148" HPOS="812" VPOS="882" WIDTH="31" HEIGHT="25" WC="0.96" CONTENT="sig"/>
						</TextLine>
						<TextLine ID="line_18" HPOS="90" VPOS="912" WIDTH="752" HEIGHT="26">
							<String ID="string_149" HPOS="90" VPOS="914" WIDTH="30" HEIGHT="18" WC="0.96" CONTENT="att"/><SP WIDTH="14" VPOS="914" HPOS="120"/>
							<String ID="string_150" HPOS="134" VPOS="913" WIDTH="39" HEIGHT="19" WC="0.93" CONTENT="den"/><SP WIDTH="15" VPOS="913" HPOS="173"/>
							<String ID="string_151" HPOS="188" VPOS="912" WIDTH="69" HEIGHT="26" WC="0.93" CONTENT="värda;"/><SP WIDTH="24" VPOS="912" HPOS="257"/>
							<String ID="string_152" HPOS="281" VPOS="912" WIDTH="118" HEIGHT="20" WC="0.92" CONTENT="löftesskrift"/><SP WIDTH="15" VPOS="912" HPOS="399"/>
							<String ID="string_153" HPOS="414" VPOS="912" WIDTH="33" HEIGHT="20" WC="0.93" CONTENT="mä"/><SP WIDTH="14" VPOS="912" HPOS="447"/>
							<String ID="string_154" HPOS="461" VPOS="913" WIDTH="164" HEIGHT="25" WC="0.91" CONTENT="omhändertagas"/><SP WIDTH="15" VPOS="913" HPOS="625"/>
							<String ID="string_155" HPOS="640" VPOS="914" WIDTH="20" HEIGHT="20" WC="0.97" CONTENT="af"/><SP WIDTH="14" VPOS="914" HPOS="660"/>
							<String ID="string_156" HPOS="674" VPOS="914" WIDTH="46" HEIGHT="24" WC="0.96" CONTENT="den,"/><SP WIDTH="16" VPOS="914" HPOS="720"/>
							<String ID="string_157" HPOS="736" VPOS="915" WIDTH="31" HEIGHT="20" WC="0.92" CONTENT="till"/><SP WIDTH="14" VPOS="915" HPOS="767"/>
							<String ID="string_158" HPOS="781" VPOS="915" WIDTH="61" HEIGHT="21" WC="0.92" CONTENT="hvars"/>
						</TextLine>
						<TextLine ID="line_19" HPOS="90" VPOS="946" WIDTH="229" HEIGHT="26">
							<String ID="string_159" HPOS="90" VPOS="947" WIDTH="94" HEIGHT="20" WC="0.92" CONTENT="säkerhet"/><SP WIDTH="14" VPOS="947" HPOS="184"/>
							<String ID="string_160" HPOS="198" VPOS="947" WIDTH="39" HEIGHT="19" WC="0.95" CONTENT="den"/><SP WIDTH="15" VPOS="947" HPOS="237"/>
							<String ID="string_161" HPOS="252" VPOS="946" WIDTH="67" HEIGHT="26" WC="0.85" CONTENT="gäller."/>
						</TextLine>
					</TextBlock>
					<TextBlock ID="block_4" HPOS="90" VPOS="981" WIDTH="752" HEIGHT="55">
						<TextLine ID="line_20" HPOS="158" VPOS="981" WIDTH="684" HEIGHT="25">
							<String ID="string_162" HPOS="158" VPOS="982" WIDTH="49" HEIGHT="23" WC="0.95" CONTENT="Den,"/><SP WIDTH="20" VPOS="982" HPOS="207"/>
							<String ID="string_163" HPOS="227" VPOS="987" WIDTH="44" HEIGHT="13" WC="0.93" CONTENT="som"/><SP WIDTH="20" VPOS="987" HPOS="271"/>
							<String ID="string_164" HPOS="291" VPOS="981" WIDTH="88" HEIGHT="19" WC="0.90" CONTENT="kronans"/><SP WIDTH="23" VPOS="981" HPOS="379"/>
							<String ID="string_165" HPOS="402" VPOS="981" WIDTH="54" HEIGHT="19" WC="0.91" CONTENT="talan"/><SP WIDTH="20" VPOS="981" HPOS="456"/>
							<String ID="string_166" HPOS="476" VPOS="981" WIDTH="57" HEIGHT="25" WC="0.89" CONTENT="förer,"/><SP WIDTH="23" VPOS="981" HPOS="533"/>
							<String ID="string_167" HPOS="556" VPOS="988" WIDTH="47" HEIGHT="14" WC="0.93" CONTENT="vare"/><SP WIDTH="16" VPOS="988" HPOS="603"/>
							<String ID="string_168" HPOS="619" VPOS="982" WIDTH="44" HEIGHT="20" WC="0.92" CONTENT="frän"/><SP WIDTH="16" VPOS="982" HPOS="663"/>
							<String ID="string_169" HPOS="679" VPOS="983" WIDTH="101" HEIGHT="21" WC="0.92" CONTENT="säkerhets"/><SP WIDTH="15" VPOS="983" HPOS="780"/>
							<String ID="string_170" HPOS="795" VPOS="984" WIDTH="47" HEIGHT="20" WC="0.89" CONTENT="stäl-"/>
						</TextLine>
						<TextLine ID="line_21" HPOS="90" VPOS="1016" WIDTH="103" HEIGHT="20">
							<String ID="string_171" HPOS="90" VPOS="1016" WIDTH="58" HEIGHT="20" WC="0.96" CONTENT="lande"/><SP WIDTH="14" VPOS="1016" HPOS="148"/>
							<String ID="string_172" HPOS="162" VPOS="1016" WIDTH="31" HEIGHT="20" WC="0.86" CONTENT="fri."/>
						</TextLine>
					</TextBlock>
				</ComposedBlock>
				<ComposedBlock ID="cblock_4" HPOS="437" VPOS="1085" WIDTH="60" HEIGHT="25">
					<TextBlock ID="block_5" HPOS="437" VPOS="1085" WIDTH="60" HEIGHT="25">
						<TextLine ID="line_22" HPOS="437" VPOS="1085" WIDTH="60" HEIGHT="25">
							<String ID="string_173" HPOS="437" VPOS="1085" WIDTH="25" HEIGHT="19" WC="0.89" CONTENT="21"/><SP WIDTH="18" VPOS="1085" HPOS="462"/>
							<String ID="string_174" HPOS="480" VPOS="1087" WIDTH="17" HEIGHT="23" WC="0.79" CONTENT="&amp;."/>
						</TextLine>
					</TextBlock>
				</ComposedBlock>
				<ComposedBlock ID="cblock_5" HPOS="90" VPOS="1141" WIDTH="757" HEIGHT="336">
					<TextBlock ID="block_6" HPOS="90" VPOS="1141" WIDTH="754" HEIGHT="129">
						<TextLine ID="line_23" HPOS="160" VPOS="1141" WIDTH="683" HEIGHT="28">
							<String ID="string_175" HPOS="160" VPOS="1141" WIDTH="154" HEIGHT="25" WC="0.92" CONTENT="Verkställighet"/><SP WIDTH="21" VPOS="1141" HPOS="314"/>
							<String ID="string_176" HPOS="335" VPOS="1141" WIDTH="51" HEIGHT="19" WC="0.96" CONTENT="skall"/><SP WIDTH="15" VPOS="1141" HPOS="386"/>
							<String ID="string_177" HPOS="401" VPOS="1142" WIDTH="36" HEIGHT="19" WC="0.93" CONTENT="hos"/><SP WIDTH="15" VPOS="1142" HPOS="437"/>
							<String ID="string_178" HPOS="452" VPOS="1142" WIDTH="152" HEIGHT="21" WC="0.91" CONTENT="öfverexekutor"/><SP WIDTH="15" VPOS="1142" HPOS="604"/>
							<String ID="string_179" HPOS="619" VPOS="1143" WIDTH="116" HEIGHT="26" WC="0.92" CONTENT="skriftligen,"/><SP WIDTH="16" VPOS="1143" HPOS="735"/>
							<String ID="string_180" HPOS="751" VPOS="1151" WIDTH="45" HEIGHT="13" WC="0.96" CONTENT="men"/><SP WIDTH="15" VPOS="1151" HPOS="796"/>
							<String ID="string_181" HPOS="811" VPOS="1145" WIDTH="32" HEIGHT="19" WC="0.96" CONTENT="mä"/>
						</TextLine>
						<TextLine ID="line_24" HPOS="91" VPOS="1176" WIDTH="751" HEIGHT="26">
							<String ID="string_182" HPOS="91" VPOS="1177" WIDTH="37" HEIGHT="19" WC="0.93" CONTENT="hos"/><SP WIDTH="17" VPOS="1177" HPOS="128"/>
							<String ID="string_183" HPOS="145" VPOS="1176" WIDTH="171" HEIGHT="24" WC="0.92" CONTENT="utmätningsman"/><SP WIDTH="14" VPOS="1176" HPOS="316"/>
							<String ID="string_184" HPOS="330" VPOS="1176" WIDTH="60" HEIGHT="19" WC="0.92" CONTENT="äfven"/><SP WIDTH="14" VPOS="1176" HPOS="390"/>
							<String ID="string_185" HPOS="404" VPOS="1176" WIDTH="112" HEIGHT="26" WC="0.92" CONTENT="muntligen"/><SP WIDTH="9" VPOS="1176" HPOS="516"/>
							<String ID="string_186" HPOS="525" VPOS="1177" WIDTH="92" HEIGHT="25" WC="0.92" CONTENT="begäras;"/><SP WIDTH="16" VPOS="1177" HPOS="617"/>
							<String ID="string_187" HPOS="633" VPOS="1178" WIDTH="37" HEIGHT="19" WC="0.97" CONTENT="och"/><SP WIDTH="12" VPOS="1178" HPOS="670"/>
							<String ID="string_188" HPOS="682" VPOS="1178" WIDTH="50" HEIGHT="20" WC="0.93" CONTENT="skall"/><SP WIDTH="11" VPOS="1178" HPOS="732"/>
							<String ID="string_189" HPOS="743" VPOS="1179" WIDTH="99" HEIGHT="20" WC="0.93" CONTENT="sökanden"/>
						</TextLine>
						<TextLine ID="line_25" HPOS="91" VPOS="1209" WIDTH="753" HEIGHT="30">
							<String ID="string_190" HPOS="91" VPOS="1210" WIDTH="63" HEIGHT="20" WC="0.87" CONTENT="tillika"/><SP WIDTH="21" VPOS="1210" HPOS="154"/>
							<String ID="string_191" HPOS="175" VPOS="1210" WIDTH="75" HEIGHT="25" WC="0.87" CONTENT="ingifva"/><SP WIDTH="19" VPOS="1210" HPOS="250"/>
							<String ID="string_192" HPOS="269" VPOS="1210" WIDTH="39" HEIGHT="19" WC="0.93" CONTENT="den"/><SP WIDTH="21" VPOS="1210" HPOS="308"/>
							<String ID="string_193" HPOS="329" VPOS="1209" WIDTH="101" HEIGHT="26" WC="0.91" CONTENT="handling,"/><SP WIDTH="22" VPOS="1209" HPOS="430"/>
							<String ID="string_194" HPOS="452" VPOS="1210" WIDTH="62" HEIGHT="20" WC="0.92" CONTENT="hvarä"/><SP WIDTH="13" VPOS="1210" HPOS="514"/>
							<String ID="string_195" HPOS="527" VPOS="1211" WIDTH="51" HEIGHT="20" WC="0.96" CONTENT="hans"/><SP WIDTH="15" VPOS="1211" HPOS="578"/>
							<String ID="string_196" HPOS="593" VPOS="1213" WIDTH="40" HEIGHT="18" WC="0.95" CONTENT="rätt"/><SP WIDTH="14" VPOS="1213" HPOS="633"/>
							<String ID="string_197" HPOS="647" VPOS="1212" WIDTH="31" HEIGHT="19" WC="0.93" CONTENT="till"/><SP WIDTH="15" VPOS="1212" HPOS="678"/>
							<String ID="string_198" HPOS="693" VPOS="1212" WIDTH="151" HEIGHT="27" WC="0.92" CONTENT="verkställighet"/>
						</TextLine>
						<TextLine ID="line_26" HPOS="90" VPOS="1244" WIDTH="95" HEIGHT="26">
							<String ID="string_199" HPOS="90" VPOS="1244" WIDTH="95" HEIGHT="26" WC="0.92" CONTENT="grundas."/>
						</TextLine>
					</TextBlock>
					<TextBlock ID="block_7" HPOS="92" VPOS="1277" WIDTH="755" HEIGHT="200">
						<TextLine ID="line_27" HPOS="160" VPOS="1277" WIDTH="684" HEIGHT="27">
							<String ID="string_200" HPOS="160" VPOS="1278" WIDTH="63" HEIGHT="20" WC="0.92" CONTENT="Sökes"/><SP WIDTH="14" VPOS="1278" HPOS="223"/>
							<String ID="string_201" HPOS="237" VPOS="1277" WIDTH="152" HEIGHT="25" WC="0.93" CONTENT="verkställighet"/><SP WIDTH="14" VPOS="1277" HPOS="389"/>
							<String ID="string_202" HPOS="403" VPOS="1279" WIDTH="20" HEIGHT="19" WC="0.96" CONTENT="af"/><SP WIDTH="14" VPOS="1279" HPOS="423"/>
							<String ID="string_203" HPOS="437" VPOS="1278" WIDTH="44" HEIGHT="25" WC="0.96" CONTENT="den,"/><SP WIDTH="16" VPOS="1278" HPOS="481"/>
							<String ID="string_204" HPOS="497" VPOS="1284" WIDTH="43" HEIGHT="14" WC="0.91" CONTENT="som"/><SP WIDTH="15" VPOS="1284" HPOS="540"/>
							<String ID="string_205" HPOS="555" VPOS="1279" WIDTH="17" HEIGHT="25" WC="0.91" CONTENT="ej"/><SP WIDTH="16" VPOS="1279" HPOS="572"/>
							<String ID="string_206" HPOS="588" VPOS="1281" WIDTH="23" HEIGHT="17" WC="0.96" CONTENT="är"/><SP WIDTH="14" VPOS="1281" HPOS="611"/>
							<String ID="string_207" HPOS="625" VPOS="1279" WIDTH="54" HEIGHT="20" WC="0.96" CONTENT="inom"/><SP WIDTH="14" VPOS="1279" HPOS="679"/>
							<String ID="string_208" HPOS="693" VPOS="1280" WIDTH="69" HEIGHT="20" WC="0.93" CONTENT="landet"/><SP WIDTH="11" VPOS="1280" HPOS="762"/>
							<String ID="string_209" HPOS="773" VPOS="1281" WIDTH="71" HEIGHT="23" WC="0.91" CONTENT="bosatt,"/>
						</TextLine>
						<TextLine ID="line_28" HPOS="92" VPOS="1312" WIDTH="752" HEIGHT="28">
							<String ID="string_210" HPOS="92" VPOS="1312" WIDTH="60" HEIGHT="20" WC="0.93" CONTENT="ställe"/><SP WIDTH="15" VPOS="1312" HPOS="152"/>
							<String ID="string_211" HPOS="167" VPOS="1312" WIDTH="73" HEIGHT="19" WC="0.91" CONTENT="ombud"/><SP WIDTH="15" VPOS="1312" HPOS="240"/>
							<String ID="string_212" HPOS="255" VPOS="1312" WIDTH="28" HEIGHT="18" WC="0.96" CONTENT="för"/><SP WIDTH="16" VPOS="1312" HPOS="283"/>
							<String ID="string_213" HPOS="299" VPOS="1312" WIDTH="31" HEIGHT="25" WC="0.96" CONTENT="sig"/><SP WIDTH="14" VPOS="1312" HPOS="330"/>
							<String ID="string_214" HPOS="344" VPOS="1313" WIDTH="29" HEIGHT="18" WC="0.93" CONTENT="att"/><SP WIDTH="16" VPOS="1313" HPOS="373"/>
							<String ID="string_215" HPOS="389" VPOS="1318" WIDTH="57" HEIGHT="14" WC="0.93" CONTENT="svara"/><SP WIDTH="14" VPOS="1318" HPOS="446"/>
							<String ID="string_216" HPOS="460" VPOS="1312" WIDTH="6" HEIGHT="19" WC="0.93" CONTENT="i"/><SP WIDTH="16" VPOS="1312" HPOS="466"/>
							<String ID="string_217" HPOS="482" VPOS="1312" WIDTH="45" HEIGHT="26" WC="0.91" CONTENT="mäl,"/><SP WIDTH="11" VPOS="1312" HPOS="527"/>
							<String ID="string_218" HPOS="538" VPOS="1318" WIDTH="44" HEIGHT="14" WC="0.97" CONTENT="som"/><SP WIDTH="10" VPOS="1318" HPOS="582"/>
							<String ID="string_219" HPOS="592" VPOS="1313" WIDTH="39" HEIGHT="19" WC="0.96" CONTENT="kan"/><SP WIDTH="10" VPOS="1313" HPOS="631"/>
							<String ID="string_220" HPOS="641" VPOS="1314" WIDTH="20" HEIGHT="18" WC="0.93" CONTENT="af"/><SP WIDTH="10" VPOS="1314" HPOS="661"/>
							<String ID="string_221" HPOS="671" VPOS="1314" WIDTH="173" HEIGHT="26" WC="0.91" CONTENT="verkställigheten"/>
						</TextLine>
						<TextLine ID="line_29" HPOS="92" VPOS="1345" WIDTH="754" HEIGHT="26">
							<String ID="string_222" HPOS="92" VPOS="1345" WIDTH="117" HEIGHT="23" WC="0.92" CONTENT="föranledas,"/><SP WIDTH="16" VPOS="1345" HPOS="209"/>
							<String ID="string_223" HPOS="225" VPOS="1347" WIDTH="51" HEIGHT="17" WC="0.93" CONTENT="samt"/><SP WIDTH="13" VPOS="1347" HPOS="276"/>
							<String ID="string_224" HPOS="289" VPOS="1345" WIDTH="76" HEIGHT="24" WC="0.91" CONTENT="ingifve"/><SP WIDTH="15" VPOS="1345" HPOS="365"/>
							<String ID="string_225" HPOS="380" VPOS="1345" WIDTH="86" HEIGHT="25" WC="0.93" CONTENT="skriftlig"/><SP WIDTH="14" VPOS="1345" HPOS="466"/>
							<String ID="string_226" HPOS="480" VPOS="1346" WIDTH="108" HEIGHT="25" WC="0.92" CONTENT="förklaring"/><SP WIDTH="14" VPOS="1346" HPOS="588"/>
							<String ID="string_227" HPOS="602" VPOS="1347" WIDTH="20" HEIGHT="18" WC="0.93" CONTENT="af"/><SP WIDTH="14" VPOS="1347" HPOS="622"/>
							<String ID="string_228" HPOS="636" VPOS="1347" WIDTH="95" HEIGHT="20" WC="0.92" CONTENT="ombudet"/><SP WIDTH="10" VPOS="1347" HPOS="731"/>
							<String ID="string_229" HPOS="741" VPOS="1349" WIDTH="29" HEIGHT="18" WC="0.96" CONTENT="att"/><SP WIDTH="12" VPOS="1349" HPOS="770"/>
							<String ID="string_230" HPOS="782" VPOS="1348" WIDTH="64" HEIGHT="19" WC="0.96" CONTENT="denne"/>
						</TextLine>
						<TextLine ID="line_30" HPOS="92" VPOS="1378" WIDTH="755" HEIGHT="28">
							<String ID="string_231" HPOS="92" VPOS="1379" WIDTH="69" HEIGHT="25" WC="0.91" CONTENT="ätager"/><SP WIDTH="16" VPOS="1379" HPOS="161"/>
							<String ID="string_232" HPOS="177" VPOS="1379" WIDTH="30" HEIGHT="24" WC="0.93" CONTENT="sig"/><SP WIDTH="16" VPOS="1379" HPOS="207"/>
							<String ID="string_233" HPOS="223" VPOS="1378" WIDTH="117" HEIGHT="26" WC="0.91" CONTENT="uppdraget."/><SP WIDTH="29" VPOS="1378" HPOS="340"/>
							<String ID="string_234" HPOS="369" VPOS="1378" WIDTH="127" HEIGHT="21" WC="0.91" CONTENT="Försummas"/><SP WIDTH="15" VPOS="1378" HPOS="496"/>
							<String ID="string_235" HPOS="511" VPOS="1380" WIDTH="39" HEIGHT="23" WC="0.96" CONTENT="det,"/><SP WIDTH="15" VPOS="1380" HPOS="550"/>
							<String ID="string_236" HPOS="565" VPOS="1379" WIDTH="33" HEIGHT="20" WC="0.93" CONTENT="mä"/><SP WIDTH="15" VPOS="1379" HPOS="598"/>
							<String ID="string_237" HPOS="613" VPOS="1381" WIDTH="101" HEIGHT="25" WC="0.92" CONTENT="stämning"/><SP WIDTH="14" VPOS="1381" HPOS="714"/>
							<String ID="string_238" HPOS="728" VPOS="1381" WIDTH="48" HEIGHT="20" WC="0.96" CONTENT="eller"/><SP WIDTH="10" VPOS="1381" HPOS="776"/>
							<String ID="string_239" HPOS="786" VPOS="1385" WIDTH="61" HEIGHT="17" WC="0.96" CONTENT="annat"/>
						</TextLine>
						<TextLine ID="line_31" HPOS="93" VPOS="1412" WIDTH="753" HEIGHT="27">
							<String ID="string_240" HPOS="93" VPOS="1412" WIDTH="129" HEIGHT="21" WC="0.92" CONTENT="meddelande"/><SP WIDTH="21" VPOS="1412" HPOS="222"/>
							<String ID="string_241" HPOS="243" VPOS="1413" WIDTH="7" HEIGHT="18" WC="0.95" CONTENT="i"/><SP WIDTH="16" VPOS="1413" HPOS="250"/>
							<String ID="string_242" HPOS="266" VPOS="1412" WIDTH="61" HEIGHT="20" WC="0.93" CONTENT="saken"/><SP WIDTH="22" VPOS="1412" HPOS="327"/>
							<String ID="string_243" HPOS="349" VPOS="1412" WIDTH="101" HEIGHT="21" WC="0.91" CONTENT="sökanden"/><SP WIDTH="22" VPOS="1412" HPOS="450"/>
							<String ID="string_244" HPOS="472" VPOS="1412" WIDTH="98" HEIGHT="27" WC="0.92" CONTENT="kungöras"/><SP WIDTH="23" VPOS="1412" HPOS="570"/>
							<String ID="string_245" HPOS="593" VPOS="1420" WIDTH="73" HEIGHT="19" WC="0.96" CONTENT="genom"/><SP WIDTH="21" VPOS="1420" HPOS="666"/>
							<String ID="string_246" HPOS="687" VPOS="1415" WIDTH="100" HEIGHT="20" WC="0.93" CONTENT="allmänna"/><SP WIDTH="21" VPOS="1415" HPOS="787"/>
							<String ID="string_247" HPOS="808" VPOS="1417" WIDTH="38" HEIGHT="20" WC="0.93" CONTENT="tid-"/>
						</TextLine>
						<TextLine ID="line_32" HPOS="93" VPOS="1447" WIDTH="753" HEIGHT="30">
							<String ID="string_248" HPOS="93" VPOS="1448" WIDTH="97" HEIGHT="25" WC="0.93" CONTENT="ningarna"/><SP WIDTH="22" VPOS="1448" HPOS="190"/>
							<String ID="string_249" HPOS="212" VPOS="1449" WIDTH="29" HEIGHT="18" WC="0.92" CONTENT="tre"/><SP WIDTH="20" VPOS="1449" HPOS="241"/>
							<String ID="string_250" HPOS="261" VPOS="1447" WIDTH="82" HEIGHT="25" WC="0.92" CONTENT="gänger,"/><SP WIDTH="22" VPOS="1447" HPOS="343"/>
							<String ID="string_251" HPOS="365" VPOS="1447" WIDTH="62" HEIGHT="20" WC="0.96" CONTENT="minst"/><SP WIDTH="22" VPOS="1447" HPOS="427"/>
							<String ID="string_252" HPOS="449" VPOS="1453" WIDTH="24" HEIGHT="14" WC="0.93" CONTENT="en"/><SP WIDTH="21" VPOS="1453" HPOS="473"/>
							<String ID="string_253" HPOS="494" VPOS="1449" WIDTH="61" HEIGHT="19" WC="0.92" CONTENT="vecka"/><SP WIDTH="15" VPOS="1449" HPOS="555"/>
							<String ID="string_254" HPOS="570" VPOS="1448" WIDTH="73" HEIGHT="21" WC="0.93" CONTENT="mellan"/><SP WIDTH="16" VPOS="1448" HPOS="643"/>
							<String ID="string_255" HPOS="659" VPOS="1449" WIDTH="68" HEIGHT="26" WC="0.92" CONTENT="hvarje"/><SP WIDTH="14" VPOS="1449" HPOS="727"/>
							<String ID="string_256" HPOS="741" VPOS="1449" WIDTH="54" HEIGHT="28" WC="0.92" CONTENT="gäng"/><SP WIDTH="15" VPOS="1449" HPOS="795"/>
							<String ID="string_257" HPOS="810" VPOS="1453" WIDTH="36" HEIGHT="19" WC="0.96" CONTENT="och"/>
						</TextLine>
					</TextBlock>
				</ComposedBlock>
				<ComposedBlock ID="cblock_6" HPOS="778" VPOS="1495" WIDTH="11" HEIGHT="18">
					<TextBlock ID="block_8" HPOS="778" VPOS="1495" WIDTH="11" HEIGHT="18">
						<TextLine ID="line_33" HPOS="778" VPOS="1495" WIDTH="11" HEIGHT="18">
							<String ID="string_258" HPOS="778" VPOS="1495" WIDTH="11" HEIGHT="18" WC="0.96" CONTENT="2"/>
						</TextLine>
					</TextBlock>
				</ComposedBlock>
			</PrintSpace>
		</Page>
	</Layout>
</alto>
