1031 1720
223 161 26 19 64

193 228 45 19 sadt
260 228 30 19 till
315 227 95 25 domstol;
435 227 25 20 då
483 227 31 20 må
537 229 112 23 ersättning
664 227 92 26 tilläggas
773 227 129 25 vederparten
917 227 31 19 för

193 262 50 20 hans
258 263 95 24 kostnad;
370 262 36 19 och
421 268 36 19 ege
472 262 52 19 ändå
539 262 117 21 domstolen,
672 264 35 17 när
722 261 62 20 målet
799 261 35 20 der
843 261 103 26 fullföljes,

193 297 69 25 pröfva
278 297 53 20 hvad
345 297 112 25 ersättning
471 297 38 19 den
525 303 36 13 ene
576 299 69 23 parten
660 297 34 19 bör
704 296 30 20 till
745 296 39 19 den
797 296 61 19 andre
868 295 79 26 utgifva

193 331 30 20 för
237 331 111 20 kostnaden
364 331 35 20 hos
412 331 157 20 öfverexekutor.

548 434 11 19 2
569 434 25 25 8.

262 503 11 19 I
287 503 61 19 andra
370 503 167 25 utsökningsmäl,
552 504 25 19 än
592 504 7 19 i
615 504 10 18 1
643 504 10 23 $
670 505 32 18 äro
725 503 92 25 nämnda,
839 503 107 20 bestämme

194 538 158 24 Ofverexekutor,
374 538 49 19 efter
445 539 23 23 ty
489 538 72 24 skäligt
576 538 70 23 finnes,
661 544 32 13 om
710 538 38 18 och
762 538 30 19 till
808 538 51 19 hvad
874 538 72 25 belopp

193 572 39 19 den
255 572 100 25 tappande
377 573 70 24 parten
469 573 35 19 bör
525 572 30 19 till
577 572 38 20 den
636 572 60 20 andre
718 572 58 25 gälda
790 572 114 26 ersättning
918 572 30 20 för

193 606 50 20 hans
258 606 87 20 kostnad
360 607 35 19 hos
411 606 158 21 öfverexekutor.

549 716 12 19 3
580 717 17 23 8.

261 783 41 20 Vid
316 784 151 25 verkställighet
481 784 20 19 af
516 784 51 25 dom,
578 785 127 24 hvarigenom
715 784 231 26 betalningsskyldighet

192 818 65 19 blifvit
279 817 65 26 någon
366 817 63 26 älagd,
453 818 49 20 skall
526 819 63 19 tillika
608 820 79 24 uttagas
702 819 26 19 all
743 819 61 25 nödig
818 819 85 19 kostnad
918 819 28 20 för

192 852 145 25 utmätningen,
360 853 28 19 för
410 852 39 20 den
471 854 84 18 utmätta
577 853 132 24 egendomens
728 853 48 19 värd
791 853 37 19 och
843 853 47 19 dess
906 853 38 19 för-

192 886 86 26 säljning
300 886 53 25 eller,
374 886 36 20 der
431 886 82 20 utdömd
536 893 46 13 vara
601 887 60 25 tagits
676 887 7 19 i
698 888 46 22 mät,
759 886 139 20 fortskaffande
914 887 31 19 till

191 920 182 26 betalningsstället
395 923 52 17 samt
469 921 30 19 för
517 921 167 26 köpeskillingens
700 920 112 27 fördelning
827 921 37 19 och
879 927 66 13 annan

192 955 31 20 för
237 955 188 26 verkställighetens
443 955 122 21 slutförande
580 956 130 20 föreskrifven
725 955 75 25 ätgärd.

545 1060 11 18 4
567 1060 25 24 8.

259 1126 115 21 Innehäller
391 1128 52 24 dom,
459 1134 43 13 som
517 1128 50 19 skall
583 1127 122 25 verkställas,
722 1127 72 21 sädant
808 1128 137 24 förordnande,

192 1168 44 14 som
250 1162 6 19 i
272 1162 13 20 3
300 1162 45 26 kap.
361 1162 12 19 2
390 1163 10 23 $
418 1162 11 20 2
445 1162 38 20 och
497 1162 55 20 4—6
568 1162 112 26 punkterna
695 1162 127 25 omförmälts,
838 1162 60 20 varde
908 1162 38 20 ock

192 1196 34 20 vid
241 1196 176 25 verkställigheten
433 1196 110 20 kostnaden
559 1197 64 19 derför
639 1196 35 20 hos
691 1196 39 20 den
744 1197 100 25 tappande
855 1199 88 23 uttagen.

546 1299 10 18 5
569 1299 24 23 $.

261 1366 36 20 För
318 1372 66 14 annan
407 1366 154 26 verkställighet,
584 1369 26 17 än
625 1367 6 19 i
653 1368 6 20 3
675 1368 37 20 och
733 1369 13 19 4
768 1369 24 24 $$
816 1370 54 24 sagts
894 1370 52 18 samt

192 1401 65 20 nedan
271 1401 7 20 i
294 1401 12 20 2
322 1407 58 15 mom.
403 1403 87 24 nämnes,
513 1408 46 14 vare
575 1402 39 20 den
631 1403 98 25 tappande
744 1403 36 20 ock
794 1403 58 21 alltid
867 1403 79 26 skyldig

193 1437 30 19 att
236 1436 60 26 gälda
308 1436 121 25 kostnaden;
453 1436 49 20 dock
517 1436 32 20 mä
564 1437 65 20 denna
643 1437 17 26 ej
678 1439 84 25 uttagas,
777 1438 60 20 innan
852 1438 94 27 beloppet

192 1470 65 20 blifvit
272 1471 20 19 af
305 1470 153 21 öfverexekutor
473 1471 47 20 eller
535 1471 86 21 domstol
635 1472 105 20 bestämdt.
