1053 1717
241 138 28 21 34
408 137 83 23 Ständ.
506 137 38 23 Sv.
560 150 27 2 —
602 138 72 26 Prop.
690 138 42 21 N:o
746 137 22 22 4.

212 203 69 26 säljas,
305 203 37 21 der
364 203 75 26 godset
456 205 51 19 utan
523 204 68 20 större
606 202 90 22 kostnad
712 203 41 21 kan
769 203 32 21 till
816 203 23 21 så
853 203 52 26 högt
920 203 43 26 pris

212 238 66 20 under
294 237 56 21 hand
366 237 12 21 å
393 239 61 19 orten
469 238 108 26 föryttras.

562 323 13 21 3
590 322 19 28 $.

278 380 145 27 Obligationer
445 380 40 22 och
507 381 66 21 andra
595 380 151 27 värdepapper,
769 386 45 16 som
834 380 7 22 i
855 380 107 22 allmänna

209 415 95 20 rörelsen
319 416 37 19 äro
372 414 113 28 gångbara,
501 415 35 21 må
550 415 19 26 ej
584 415 68 21 under
667 415 36 21 sitt
713 415 7 21 i
731 415 174 26 bankinrättning
915 415 45 26 gäl-

208 449 62 21 lande
284 449 44 26 pris
344 449 68 27 säljas.

559 535 46 27 48.

275 592 45 21 Har
341 593 43 20 rätt
406 592 31 21 till
461 591 85 22 lifränta
569 592 51 21 eller
640 592 32 21 till
688 598 69 15 annan
772 591 33 22 för
820 592 139 27 gäldenärens

205 625 67 22 lifstid
291 626 52 21 eller
358 626 60 27 eljest
432 626 33 21 för
481 626 109 21 obestämd
605 626 30 21 tid
650 626 106 27 utgående
771 626 81 21 förmån
868 626 51 21 eller
929 627 30 20 in-

206 661 69 21 komst
290 660 70 22 blifvit
375 663 85 24 utmätt,
476 661 40 21 och
531 661 62 21 hafva
608 661 19 26 ej
638 661 132 26 borgenären
781 661 39 21 och
830 661 127 27 gäldenären

206 695 186 22 öfverenskommit
412 702 34 15 om
461 695 127 28 tillgångens
603 695 93 27 säljande
711 701 76 21 genom
803 695 87 22 auktion
906 696 52 21 eller

204 729 152 22 förvandlande
371 730 27 27 på
412 732 65 19 annat
492 732 42 19 sätt
548 731 6 20 i
570 730 125 27 penningar;
711 730 99 21 förordne
820 731 138 26 utmätnings-

203 770 91 16 mannen
317 765 116 26 syssloman
456 766 38 25 att,
517 765 24 21 så
560 765 61 26 länge
636 765 146 26 utmätningen
797 765 67 26 enligt
878 765 15 21 4
907 765 48 26 kap.

203 799 25 21 31
246 798 10 27 $
272 801 24 19 är
310 799 104 27 gällande,
430 799 97 27 uppbära
542 801 76 19 räntan
634 799 51 20 eller
700 799 118 21 inkomsten
834 799 6 20 i
856 799 41 21 den
907 799 48 22 mån

203 834 40 21 den
258 833 88 22 utfaller
361 835 54 20 samt
429 833 58 22 hålla
502 834 122 21 densamma
639 833 130 27 borgenären
785 833 110 22 tillhanda.

557 931 46 26 58.

268 984 30 26 Är
316 989 101 27 rättighet
435 989 32 22 till
482 989 230 28 lifförsäkringsbelopp
727 991 86 25 utmätt,
828 990 35 21 mä
878 989 18 28 ej
912 989 41 22 för-

199 1023 91 27 säljning
308 1023 61 22 deraf
382 1023 44 28 ske,
442 1030 48 15 men
505 1024 130 27 borgenären
650 1024 64 27 njute,
730 1024 48 21 med
794 1024 40 21 den
849 1024 104 22 förmäns-

199 1060 44 19 rätt
258 1059 120 26 utmätning
393 1057 88 28 medför,
498 1058 109 27 betalning
622 1065 25 14 ur
662 1059 26 20 de
701 1059 84 26 belopp,
796 1065 45 15 som
852 1059 57 21 inom
919 1061 33 19 tre

198 1091 24 22 år
241 1093 28 26 pä
287 1092 147 27 försäkringen
449 1093 141 26 tilläfventyrs
605 1093 83 21 utfalla.
719 1093 104 21 Förfaller
838 1093 18 27 ej
871 1093 82 22 försäk-

197 1127 159 26 ringsbeloppet
378 1127 33 20 till
432 1127 109 26 betalning
560 1127 51 21 eller
630 1133 49 21 eger
694 1127 18 26 ej
728 1127 90 27 äterköp
833 1133 46 15 rum
894 1128 57 21 inom

198 1161 91 21 nämnda
303 1161 38 26 tid,
357 1161 96 27 upphöre
469 1161 28 22 all
514 1162 77 21 verkan
607 1162 22 21 af
642 1162 152 26 utmätningen.

264 1195 255 28 Försäkringsbeloppets
535 1196 128 27 omsättning
679 1196 32 21 till
721 1195 99 27 afgiftsfri
831 1196 120 27 försäkring

196 1229 35 22 mä
246 1229 18 27 ej
280 1230 68 21 under
362 1230 65 27 sagda
443 1230 31 21 tid
489 1231 127 26 gäldenären
631 1230 113 22 förmenas.

546 1325 13 21 6
575 1324 17 28 8.

262 1376 59 21 Skall
343 1376 32 22 lös
398 1376 102 26 egendom
523 1376 69 27 säljas,
615 1376 42 22 läte
680 1378 220 26 utmätningsmannen
916 1378 32 22 tid

193 1410 39 22 och
253 1411 61 21 ställe
335 1410 33 21 för
384 1410 114 22 auktionen
513 1411 108 27 kungöras
636 1412 7 20 i
658 1411 206 28 försäljningsortens
880 1412 67 28 kyrka

192 1447 54 20 samt
261 1445 7 21 i
284 1446 88 26 tidning,
388 1451 44 16 som
449 1446 6 21 i
471 1452 79 15 samma
566 1448 33 19 ort
615 1446 125 27 utkommer,
757 1447 23 21 sä
795 1447 39 21 ock
845 1447 26 27 pä
882 1450 66 19 annat
