1039 1714
334 141 28 22 U.
379 141 26 23 B.
421 155 27 3 —
463 142 73 30 Prop.
552 144 45 22 N:o
613 144 20 22 7.
805 146 26 20 21

175 208 32 21 På
221 210 69 26 grund
306 210 23 20 af
344 210 56 21 hvad
421 211 111 22 Utskottet
546 212 47 21 haft
609 214 50 19 äran
674 212 89 22 sålunda
779 214 80 26 anföra,

106 242 34 20 får
155 242 112 22 Utskottet
283 244 109 20 vördsamt
407 245 89 21 föreslå:

381 314 32 19 att
436 313 84 21 landets
543 313 95 21 Ständer
659 314 50 22 ville
732 315 35 20 till
781 322 51 13 svar
847 315 14 21 å

312 347 42 21 den
375 347 81 27 nådiga
477 348 164 28 propositionen
662 348 10 21 i
686 348 175 28 underdånighet

313 382 97 26 anmäla,
433 384 33 19 att
484 382 124 21 Ständerna
630 384 49 20 med
692 384 108 21 särskilda
815 386 43 18 än-

312 415 92 27 dringar
420 417 95 26 godkänt
530 417 42 20 den
583 417 125 28 föreslagna
719 418 68 27 lagen,
799 418 58 20 hvil-

312 449 40 21 ken
367 450 95 22 sälunda
477 451 78 21 erhölle
570 451 97 28 följande
683 452 78 28 lydelse
768 460 7 12 :

460 588 44 33 Lag
523 595 34 21 om
577 588 138 35 aktiebolag,

380 690 54 22 Med
454 691 156 29 upphäfvande
633 693 28 26 af
676 692 82 27 nådiga
772 693 86 27 förord-

312 725 83 28 ningen
410 725 28 28 af
449 726 42 21 den
507 727 29 20 24
550 726 120 21 November
682 728 59 20 1864
759 734 35 15 om
803 735 55 14 ano-

312 766 69 21 nyma
396 761 51 20 eller
462 761 119 28 aktiebolag
597 761 77 21 varder
688 761 91 22 härmed
798 763 60 20 stad-

311 794 53 27 gadt
378 801 46 14 som
439 795 75 27 följer:

539 881 9 20 I
564 881 66 21 KAP.

409 960 43 22 Om
468 962 150 27 aktiebolags
638 962 123 22 bildande.

564 1042 45 26 1$.

385 1109 58 27 Vilja
463 1112 30 18 tre
512 1110 50 20 eller
584 1110 51 27 flere
653 1117 105 20 personer
776 1110 83 28 stifta

311 1144 61 26 bolag
388 1144 48 21 med
450 1144 70 21 sådan
535 1144 122 27 begränsad
671 1144 140 27 ansvarighet
823 1144 37 28 för

311 1178 93 29 bolagets
418 1179 93 26 skulder,
527 1185 47 14 som
587 1178 9 20 i
606 1178 71 21 denna
689 1179 35 26 lag
735 1178 122 27 medgifves,

310 1212 52 20 eller
378 1212 26 21 så
421 1213 83 20 kalladt
518 1212 121 28 aktiebolag
663 1214 70 19 samt
756 1212 103 27 sjelfve

310 1246 143 28 öfvertaga
468 1247 55 20 alla
538 1246 95 21 aktier
647 1246 10 21 i
671 1246 118 27 bolaget,
799 1253 58 21 upp-

310 1282 56 19 rätte
388 1281 72 21 derom
482 1280 96 28 skriftlig
597 1280 140 28 afhandling,
753 1281 104 21 innehål-

312 1315 63 21 lande
391 1316 167 26 bolagsordning
572 1315 37 27 för
625 1315 86 27 bolaget,
722 1315 136 27 bolagsmän-

310 1355 55 14 nens
379 1356 77 19 namn,
472 1349 65 20 stånd
546 1349 39 20 och
596 1349 127 26 boningsort
732 1350 58 19 samt
799 1349 60 21 huru

310 1383 100 20 aktierna
425 1383 93 20 emellan
532 1383 49 20 dem
596 1383 110 26 fördelats,
721 1382 39 21 och
773 1383 85 20 utverke

310 1417 14 20 å
340 1417 196 27 bolagsordningen
550 1416 137 27 stadfästelse
703 1417 38 20 hos
753 1416 106 22 Senatens

310 1451 274 28 Ekonomiedepartement.

173 1491 47 23 Lag-
233 1491 31 18 och
277 1491 181 18 Ekonomiutskottets
471 1491 109 24 betänkande
592 1491 37 17 N:o
641 1491 17 17 2.
