1025 1714
313 138 29 22 U.
358 139 28 22 B.
403 151 25 2 —
444 139 74 27 Prop.
534 139 45 22 N:o
597 139 24 21 4.
788 139 25 20 21

90 206 130 22 intecknade
235 207 115 21 skulderna
374 209 56 19 samt
445 210 30 18 att
497 207 125 22 underhålla
641 207 129 28 fastigheten
785 208 6 19 i
807 209 38 19 vä-

90 241 125 28 sentligaste
237 241 50 21 mån
302 241 68 26 beror,
392 241 68 22 skulle
476 241 59 21 detta
550 241 65 22 verka
637 241 63 28 högst
714 241 88 28 menligt
817 241 28 28 på

90 275 59 21 såväl
173 275 212 28 fastighetskrediten
409 283 44 14 som
476 275 153 28 jordkulturen.
658 275 49 21 Och
732 275 43 21 lika
798 276 48 20 litet

90 317 51 13 vore
158 309 36 21 det
209 309 102 28 förenligt
325 309 48 22 med
390 310 41 21 den
446 311 47 25 rätt,
507 309 111 28 jordegare
641 310 38 21 har
694 312 44 18 mot
753 309 91 21 brukare

91 343 23 21 af
129 344 31 20 sin
177 343 46 28 jord
247 343 39 21 och
302 343 101 22 särskildt
425 346 44 19 mot
484 343 78 22 landbo
585 343 52 21 eller
651 347 91 25 torpare,
758 346 30 18 att
803 343 42 21 den

91 377 97 22 växande
203 377 81 28 grödan
300 377 13 21 ä
328 377 41 21 den
384 377 64 28 legda
462 377 74 29 jorden
559 377 56 28 finge
630 378 104 28 tillgripas
750 377 23 21 af
787 377 58 28 lego-

89 415 100 24 tagarens
205 411 128 29 borgenärer
356 412 39 21 och
412 412 69 21 denne
504 411 89 22 sälunda
608 414 65 19 sattes
690 419 24 14 ur
736 411 61 21 ständ
814 414 32 18 att

90 446 56 21 hålla
162 446 40 21 hus
218 446 40 21 och
274 453 51 20 egor
339 446 39 21 vid
393 446 59 21 makt
466 445 41 22 och
522 446 7 21 i
545 445 65 29 öfrigt
624 445 92 28 fullgöra
732 446 46 20 sina
793 445 52 28 älig-

90 480 84 27 ganden
197 480 31 21 till
244 479 132 30 jordegaren.
405 480 32 21 Pä
451 479 69 29 grund
542 480 66 27 häraf,
629 480 40 21 och
685 480 27 21 dä
727 480 117 21 emellertid

90 514 46 21 ofta
151 515 94 20 inträffat
260 517 32 19 att
306 514 98 22 växande
420 515 66 27 gröda
500 515 65 28 tagits
581 515 6 20 i
602 516 44 19 mät
661 518 55 17 samt
730 514 66 22 sädan
812 514 33 21 ät-

90 549 53 28 gärd
158 549 107 28 godkänts
281 548 65 22 äfven
362 549 22 21 af
399 549 97 26 domstol,
517 549 38 22 har
570 549 7 21 i
592 549 104 28 förslaget
711 549 87 28 intagits
814 551 32 19 ett

90 583 125 29 uttryckligt
237 583 125 28 stadgande,
384 591 45 14 som
444 585 7 20 i
466 584 71 28 regeln
560 583 111 28 förbjuder
688 584 120 27 utmätning
823 583 23 21 af

91 618 113 27 organiska
219 618 70 26 alster,
311 617 24 22 sä
357 618 61 27 länge
435 618 26 21 de
483 618 48 21 icke
547 619 36 20 äro
598 617 48 21 frän
661 618 75 27 jorden
752 617 92 21 afskilda

90 653 21 27 (4
127 652 48 28 kap.
191 653 26 20 29
234 653 25 26 8).

158 686 12 20 I
187 687 14 20 5
217 686 48 28 kap.
290 686 22 21 af
335 685 108 29 förslaget,
466 694 44 13 som
533 685 118 22 innehäller
673 686 98 28 samtliga
786 686 58 21 stad-

89 719 87 29 ganden
199 727 34 14 om
249 720 53 21 huru
325 722 77 19 utmätt
425 720 104 28 egendom
551 720 54 21 skall
620 720 32 20 till
667 720 119 28 penningar
800 720 45 21 för-

90 754 96 26 vandlas,
201 756 23 18 är
239 754 6 20 i
261 754 60 28 fräga
337 762 33 13 om
385 754 52 27 guld
453 754 39 21 och
505 753 143 25 silfversaker,
663 754 84 21 hvilkas
762 754 82 21 metall-

90 788 65 22 värde
171 791 50 18 utan
243 788 109 28 svärighet
373 788 43 21 kan
431 790 94 24 utrönas,
547 796 33 13 om
596 788 94 26 fordran,
712 796 45 13 som
772 788 73 28 gälde-

90 825 66 19 nären
171 822 39 22 hos
227 830 68 14 annan
312 830 55 21 eger,
382 826 55 18 samt
452 830 33 14 om
501 825 42 19 rätt
557 823 33 21 till
607 822 86 22 lifränta
710 823 51 21 eller
776 831 68 13 annan

89 857 129 28 gäldenären
240 857 160 22 tillkommande
422 857 84 21 förmån
529 857 40 21 och
588 864 34 14 om
637 858 42 19 rätt
693 857 32 21 till
740 857 105 22 lifförsäk-

89 892 145 28 ringsbelopp,
257 892 7 20 i
279 891 143 29 borgenärens
446 892 40 20 och
507 891 140 29 gäldenärens
670 892 91 21 intresse
776 892 68 21 under

90 927 58 20 vissa
166 926 179 28 förutsättningar
366 926 119 28 medgifvet
508 926 108 28 undantag
638 926 48 21 frän
702 934 28 12 nu
745 926 99 28 gällande

89 961 65 27 regel,
169 963 32 18 att
216 962 76 19 utmätt
307 960 116 28 egendoms
438 960 123 28 realisering
577 960 59 21 alltid
652 960 41 22 och
704 960 140 28 ovilkorligen

91 994 55 22 skall
162 995 38 21 ske
215 1002 77 21 genom
306 994 127 28 försäljning
448 994 13 21 &
476 994 97 28 offentlig
587 994 87 22 auktion
690 996 64 25 (2—5
771 996 39 26 88).

158 1029 75 28 Enligt
248 1028 106 28 sjölagens
370 1028 130 28 stadganden
517 1028 56 26 böra,
596 1028 28 22 dä
638 1029 72 28 fartyg
726 1028 50 21 eller
791 1028 53 28 gods

90 1064 7 20 i
112 1063 72 28 fartyg
199 1063 165 27 utmätningsvis
383 1063 68 28 säljes,
473 1064 58 20 vissa
547 1063 133 28 borgenärer,
704 1062 65 22 ehuru
785 1063 26 21 de
824 1064 18 27 ej

90 1098 76 20 vunnit
182 1098 124 27 utmätning,
322 1104 40 21 ega
373 1097 103 28 rättighet
497 1100 31 18 att
544 1097 67 21 undfä
626 1097 108 28 betalning
749 1097 34 21 för
798 1098 46 20 sina

89 1132 127 28 fordringar.
238 1131 35 22 Då
287 1131 33 21 till
335 1132 53 28 följd
404 1132 61 21 häraf
476 1140 26 13 en
512 1131 79 29 mängd
602 1131 242 29 förmänsrättsanspräk

90 1166 71 21 kunna
177 1166 138 27 förekomma,
337 1166 73 21 hvilka
432 1166 64 22 äfven
518 1166 35 21 vid
574 1166 182 28 köpeskillingens
772 1166 72 21 förde-

89 1201 64 21 lande
169 1200 51 22 böra
235 1201 94 25 beaktas,
345 1204 54 17 samt
414 1200 139 22 omförmälda
568 1200 128 28 borgenärer
711 1200 72 21 kunna
793 1208 51 14 vara

90 1234 85 22 bosatta
191 1234 28 29 pä
233 1235 45 21 helt
300 1234 66 22 andra
381 1237 57 18 orter
460 1237 26 19 än
502 1235 48 25 den,
565 1234 38 21 der
625 1233 153 29 försäljningen
795 1242 50 20 eger

90 1276 52 19 rum,
159 1268 107 22 erfordras
282 1270 6 20 i
304 1268 102 22 afseende
422 1268 12 21 ä
450 1271 77 19 utmätt
541 1268 71 28 fartyg
629 1268 39 21 och
683 1268 55 28 gods
754 1268 44 21 deri
814 1271 31 18 ett

91 1303 165 27 omständligare
279 1302 129 27 förfarande,
424 1304 25 19 än
472 1303 38 21 vid
532 1302 127 28 försäljning
681 1302 23 21 af
724 1310 69 13 annan
813 1302 32 22 lös

91 1336 105 28 egendom
212 1337 41 20 kan
269 1337 84 20 komma
368 1337 7 19 i
390 1336 67 27 fräga.
479 1337 53 20 Men
548 1336 88 21 emedan
647 1336 151 20 användandet
807 1336 37 20 vid

90 1369 211 28 fartygsförsäljning
321 1369 23 22 af
360 1372 30 17 ett
405 1369 130 26 förfarande,
556 1376 45 14 som
616 1369 32 20 till
663 1369 41 21 alla
720 1369 58 21 delar
794 1377 50 14 vore

90 1404 44 21 lika
149 1403 50 21 med
213 1405 65 20 sättet
293 1403 34 22 för
342 1403 126 28 försäljning
484 1403 22 21 af
521 1403 44 22 fast
581 1402 109 28 egendom,
705 1403 69 21 skulle
786 1403 59 22 med-

90 1438 47 21 föra
153 1439 67 20 större
235 1437 139 30 vidlyftighet
392 1437 40 22 och
447 1437 130 29 tidsutdrägt
597 1439 26 19 än
640 1437 133 29 nödvändigt
788 1445 58 19 vore,

158 1478 131 23 Lagutskottets
302 1478 110 18 betänkande
423 1477 36 18 N:o
472 1479 17 16 5.
