1031 1720
225 155 14 22 4
422 155 29 23 U.
466 155 28 23 B.
511 169 27 2 —
552 155 74 29 Prop.
642 155 42 23 N:o
699 155 23 23 2.

198 222 171 30 samfälligheten
389 223 85 28 rubbas,
496 224 38 21 har
556 224 114 22 Utskottet
690 225 71 20 ansett
782 224 34 28 sig
837 223 52 22 böra
904 223 43 21 till-

196 258 79 29 styrka,
289 260 32 20 att
336 258 65 22 ofvan
415 259 94 22 citerade
523 258 39 23 ord
577 259 55 28 finge
648 266 24 14 ur
687 259 35 28 $:n
736 258 56 29 utgå.

264 292 33 22 På
316 292 69 29 grund
406 293 24 22 af
443 293 57 22 hvad
515 293 112 22 Utskottet
642 292 89 23 sålunda
746 292 47 22 haft
806 294 50 20 äran
872 292 76 22 anföra

196 326 35 22 får
244 325 114 24 Utskottet
372 327 110 22 vördsamt
495 327 89 23 föreslå:

468 393 35 20 att
523 391 125 22 Ständerna
662 391 51 22 ville
728 392 82 27 antaga
824 391 36 28 för
878 391 18 28 7,
912 391 34 27 18,

401 427 33 25 19,
458 426 28 21 24
508 425 39 22 och
567 426 31 20 43
618 425 31 28 $$
670 426 10 21 i
701 425 42 21 den
757 425 127 28 föreslagna
898 425 48 28 för-

401 460 122 28 ordningen
544 459 112 29 amgäende
678 459 89 29 delning
782 459 29 28 af
816 460 130 28 jordlägen-

400 495 60 21 heter
480 495 42 21 den
545 494 79 29 lydelse
644 494 100 22 nämnda
765 494 31 28 $$
816 501 40 21 ega
878 494 70 28 enligt

406 529 115 22 Utskottets
540 529 72 29 första
630 528 316 29 sammanjemkningsförslag,

468 565 58 21 samt
547 565 37 27 för
604 564 18 27 1,
647 564 20 27 2,
689 564 21 27 3,
732 564 30 21 17
782 564 39 21 och
841 564 32 20 33
894 564 54 27 $$i

400 606 86 14 samma
501 598 228 29 författningsförslag
744 598 97 28 följande
856 598 90 28 lydelse:

650 677 46 51 18.

468 754 89 22 Frälse-
574 754 38 22 och
621 754 180 28 skattekemman,
811 761 47 15 som
868 754 79 22 under-

398 789 49 28 gått
467 789 110 28 storskifte
592 789 52 21 eller
662 788 29 28 af
702 788 60 22 ålder
777 788 59 22 varit
850 789 96 26 enstaka,

399 824 26 21 så
447 824 37 22 ock
503 830 79 22 genom
600 823 104 29 klyfning
725 824 53 20 eller
791 824 116 28 styckning
922 823 29 29 af

398 858 87 21 sådana
506 859 104 20 hemman
629 858 127 27 uppkomna
776 858 122 27 lägenheter
921 858 25 27 få

399 893 158 28 hädanefter
577 892 184 22 obehindradt
780 893 112 27 klyfvas,
909 899 38 14 om

400 927 70 22 blott
483 927 94 28 hvarje
591 927 43 22 del
648 929 76 26 utgör
737 927 84 22 minst
838 928 39 21 ett
895 929 50 19 tre-

400 962 196 25 hundradedels
610 962 107 21 mantal
731 962 47 21 och
794 961 95 22 tillika
902 961 43 22 in-

399 997 122 21 nehäller
541 997 83 21 minst
644 996 52 28 fem
718 996 122 22 hektarer
862 996 83 21 skatt-

400 1031 50 22 bar
467 1031 79 22 mark.

467 1065 174 28 Lägenheter,
663 1065 111 28 belägna
791 1065 35 28 pä
844 1065 103 22 utöari

400 1100 92 27 hafvet
514 1101 46 21 och
580 1100 154 28 skattlagda
754 1099 191 28 hufvudsakli-

398 1136 60 27 gast
471 1134 42 28 för
526 1134 77 28 fiske,
619 1134 40 21 mä
673 1134 64 22 dock
754 1134 110 28 klyfvas
882 1136 64 19 utan

399 1169 129 28 afseende
548 1169 14 21 å
581 1169 76 21 deras
670 1169 138 28 jordvidd.

648 1267 12 19 2
677 1266 21 27 8.

466 1326 177 28 Jordlägenheter
664 1326 28 29 af
710 1327 42 21 den
773 1326 11 22 i
805 1328 12 20 1
831 1327 15 27 $
861 1327 82 28 omför-

398 1362 76 21 mälda
488 1363 69 20 natur
572 1362 38 21 och
626 1361 145 28 beskaffenhet
781 1361 37 22 mä
828 1362 44 27 ock,
887 1362 59 21 med

398 1396 46 22 der
474 1396 126 28 stadgade
629 1396 205 28 inskränkning,
867 1403 78 21 genom

396 1431 56 21 visst
465 1431 52 21 eller
530 1430 60 22 vissa
600 1430 116 22 omrädens
724 1430 169 29 fränskiljande,
903 1431 40 22 sä-

397 1472 53 15 som
480 1466 90 22 nedan
598 1465 181 29 föreskrifves,
806 1466 106 28 styckas
935 1466 11 21 i

261 1506 47 23 Lag-
321 1506 33 18 och
366 1506 182 18 Ekonomiutskottets
559 1506 111 18 betänkande
680 1505 39 19 N:o
731 1506 16 17 1.
