1095 1714
214 162 12 21 6
411 161 30 22 U.
456 161 27 23 B.
499 175 27 2 —
541 162 75 29 Prop.
630 162 50 23 N:o
695 162 21 23 1.

184 229 91 28 ganden,
297 229 48 21 icke
367 229 71 22 kunde
454 231 75 27 vägras
545 231 6 20 i
567 230 67 21 andra
649 232 27 19 än
691 230 36 21 det
743 230 69 21 såsom
828 229 110 28 undantag

185 263 89 21 anförda
290 263 71 27 fallet;
376 263 82 22 hvilket
472 264 134 22 förhållande
622 265 45 20 åter
677 264 111 21 innebure:
802 265 31 21 1:o
842 265 45 20 att
877 259 10 37 i
898 264 41 21 alla

186 297 69 28 öfriga
272 297 37 21 fall
325 305 26 14 en
367 305 83 21 person,
465 306 50 14 vare
531 299 32 28 sig
578 299 54 21 finsk
648 299 138 27 medborgare
802 299 51 20 eller
869 306 69 13 annan

185 332 62 21 Hans
271 332 110 28 Majestäts
398 332 114 22 undersåte
527 333 51 21 eller
592 333 117 28 utländing,
725 341 45 13 som
786 335 23 18 är
823 333 8 20 i
845 332 92 21 Finland

186 367 70 20 bosatt
272 367 50 20 eller
341 367 28 28 på
383 374 76 19 annan,
474 367 65 21 äfven
553 369 6 19 i
575 367 174 29 Kejsaredömets
764 367 59 28 lagar
837 366 100 29 godkänd

185 400 70 28 grund
276 401 38 20 här
335 400 39 21 har
396 401 37 20 sitt
453 401 120 28 personliga
589 402 50 21 eller
653 401 57 22 reala
725 401 76 26 forum,
816 401 68 21 under
899 401 40 20 alla

185 435 148 21 förhållanden
354 443 51 14 vore
420 436 76 28 pligtig
510 438 37 24 att,
563 436 27 29 på
605 436 96 28 ågången
717 436 106 27 stämning
839 435 33 22 till
888 435 50 28 rysk

186 469 98 26 domstol,
298 469 38 22 der
350 470 84 21 inställa
449 471 39 27 sig,
503 469 24 22 så
541 470 65 21 framt
621 470 41 21 han
678 470 50 21 ville
743 470 93 21 rörande
844 472 44 19 mot
901 470 38 21 ho-

186 511 50 14 nom
251 504 64 21 väckt
329 504 58 21 talan
402 504 66 21 varda
482 504 59 27 hörd,
556 507 55 19 samt
626 506 33 20 2:o
674 507 36 24 att,
726 512 50 15 vare
786 505 33 28 sig
827 504 41 22 den
876 506 64 19 stäm-

186 537 27 22 de
234 538 100 28 iakttagit
348 539 115 21 inställelse
479 538 51 22 eller
545 539 53 27 icke,
613 539 28 28 på
656 539 41 21 slik
713 540 106 27 stämning
835 546 26 14 en
877 541 63 19 rätts-

186 572 80 28 kraftig
289 573 40 21 och
351 573 7 21 i
380 573 92 21 Finland
494 573 140 22 verkställbar
651 573 49 21 dom
716 573 71 21 kunde
802 576 45 19 mot
861 573 78 22 honom

186 607 84 20 komma
292 607 32 20 till
347 607 68 21 stånd.
444 607 52 21 Men
522 607 65 27 detta,
609 608 121 27 antagligen
748 607 47 21 icke
810 608 67 20 heller
891 607 49 21 med

187 641 104 28 förslaget
306 641 89 21 afsedda
409 642 90 20 resultat
513 642 126 28 omöjliggör
649 641 137 29 stadgandets
799 641 141 21 oförändrade

187 676 125 27 antagande.

256 709 136 22 Beträffande
416 710 27 21 de
465 711 123 28 principiela
610 710 203 28 förutsättningarna
829 710 34 21 för
877 710 63 21 verk-

188 744 107 28 ställighet
314 744 23 22 af
352 744 49 22 dom
416 745 58 21 inom
489 752 70 14 annan
574 744 220 29 legislatursr'omräde
810 746 26 20 än
852 744 42 27 det,
908 744 32 22 till

188 778 82 22 hvilket
290 779 125 27 domstolen,
437 786 45 14 som
503 780 79 28 afgjort
596 779 149 29 processaken,
761 779 67 27 hörer,
843 786 50 15 vare
909 780 32 27 sig

188 816 32 18 att
242 814 170 27 legislaturernas
431 814 100 21 omräden
546 814 68 21 tillika
629 814 58 21 bilda
702 814 70 21 skilda
786 814 154 21 statsomräden

188 848 52 21 eller
254 850 75 26 utgöra
344 848 58 21 delar
417 848 22 21 af
455 856 79 14 samma
548 852 43 18 stat
606 848 51 22 eller
671 849 52 26 rike,
731 848 65 22 hafva
804 850 137 26 meningarna

188 881 56 23 ända
256 882 32 22 till
303 885 84 19 senaste
401 882 32 22 tid
448 883 56 21 varit
518 883 86 28 mycket
618 882 81 28 delade,
714 882 65 22 äfven
794 882 37 22 der
846 890 47 14 man
909 883 33 21 öf-

188 916 123 22 verhufvud
325 917 40 21 alls
380 916 114 29 medgifvit
508 920 32 18 att
554 917 66 21 sädan
636 917 160 29 handräekning
812 918 41 20 kan
868 917 73 21 stödas

189 951 29 28 pä
240 951 66 21 andra
325 953 26 19 än
367 954 47 18 rent
429 952 98 27 positiva,
541 959 77 21 genom
633 952 103 21 traktater
750 952 113 21 faststälda
877 959 65 21 grun-

190 986 43 21 der,
263 985 62 21 Dock
340 985 61 21 torde
417 993 48 13 man
481 993 86 14 numera
582 986 87 21 allmänt
683 993 51 15 vara
749 993 51 14 ense
815 993 34 14 om
859 993 27 14 en
893 986 49 21 huf-

189 1019 126 29 vudprincip
331 1020 7 20 i
353 1021 76 25 ämnet,
444 1020 105 28 nämligen
564 1022 32 19 att
610 1020 161 28 verkställighet
785 1020 48 22 icke
847 1020 43 22 kan
905 1020 37 22 be-

188 1054 68 28 viljas,
271 1054 24 21 sä
310 1054 64 21 framt
389 1054 41 21 den
448 1054 132 22 främmande
595 1054 119 22 domstolen
729 1055 48 21 icke
791 1056 56 21 varit
861 1056 7 20 i
876 1055 66 21 saken

189 1089 130 28 kompetent,
338 1091 55 18 samt
408 1091 31 18 att
453 1088 101 29 pröfning
569 1088 61 22 häraf
644 1089 129 21 tillkommer
788 1089 41 22 den
844 1090 98 28 myndig-

188 1123 37 21 het
240 1136 26 2 —
282 1122 66 28 enligt
362 1122 73 28 regeln
451 1122 91 22 domstol
559 1136 24 2 —
600 1124 57 20 inom
673 1123 36 21 det
719 1123 66 21 andra
793 1124 102 27 området,
903 1124 38 21 hos

188 1156 87 22 hvilken
299 1156 273 29 verkställighetsätgärden
588 1157 54 21 skall
658 1157 94 28 begäras.
781 1158 84 21 Härvid
880 1166 62 14 anses

188 1190 67 22 likväl
270 1190 69 21 denna
354 1190 134 28 myndighets
504 1191 130 28 befogenhet
648 1192 48 20 icke
711 1192 85 21 sträcka
810 1193 33 27 sig
849 1192 24 21 så
882 1192 60 28 långt

189 1228 31 18 att
241 1224 47 26 den,
304 1224 47 21 med
366 1224 98 28 tolkning
479 1224 23 22 af
516 1225 27 21 de
558 1226 131 20 främmande
705 1226 185 28 processlagarnas
906 1226 36 21 be-

189 1259 130 25 stämningar
341 1259 6 19 i
370 1260 76 23 ämnet,
469 1258 53 28 egde
546 1259 74 27 afgöra
640 1259 87 21 hvilken
742 1260 23 20 af
780 1260 26 20 de
822 1260 121 26 domstolar,

188 1292 78 20 mellan
286 1291 73 21 hvilka
380 1291 163 28 jurisdiktionen
566 1293 7 19 i
595 1292 36 21 det
651 1292 133 22 främmande
809 1293 96 21 området
920 1296 22 18 är

190 1325 69 26 delad,
281 1326 56 21 varit
359 1325 88 28 behörig
468 1326 7 21 i
496 1326 42 21 den
560 1326 146 29 föreliggande
729 1327 71 27 saken,
820 1330 51 19 utan
886 1328 56 21 blott

190 1360 78 21 derhän
287 1360 104 22 huruvida
407 1360 65 21 saken
488 1361 38 21 alls
542 1361 56 21 fallit
610 1361 67 21 under
688 1361 41 22 den
740 1361 129 22 främmande
880 1363 62 28 juris-

190 1395 121 21 diktionens
334 1394 125 29 kompetens
480 1395 52 21 eller
546 1395 49 22 bort
609 1398 104 27 upptagas
729 1396 23 22 af
767 1396 90 22 domstol
872 1398 6 20 i
895 1400 47 26 eget

189 1429 56 22 land.
268 1424 32 27 Är
314 1429 37 22 det
366 1437 74 14 senare
456 1430 47 22 icke
518 1430 66 27 fallet,
600 1431 38 21 har
653 1430 42 22 den
710 1431 157 22 verkställande
882 1440 60 21 myn-

191 1464 100 29 digheten
310 1467 31 18 att
355 1465 38 20 lita
408 1465 32 20 till
455 1465 41 21 den
512 1465 130 22 främmande
658 1465 130 22 domstolens
803 1466 102 31 pröfning
920 1467 22 22 af

260 1510 129 24 Lagutskottets
401 1511 109 18 betänkande
522 1511 38 19 N:o
577 1512 15 18 7.
