1053 1717
231 149 26 19 44
438 146 24 22 U.
477 146 25 22 B.
517 158 27 3 —
560 145 64 29 Prop.
639 145 38 22 N:o
693 144 20 22 8.

202 212 190 27 nyttjanderätt
407 218 86 20 genom
510 218 28 14 en
554 211 127 26 handling,
699 210 73 21 hvarå
785 210 95 26 lagfart
891 210 64 21 eller

201 247 148 26 inteckning
372 246 83 24 sökes,
479 245 65 22 skall
564 246 80 20 denna
661 245 123 25 handling
799 244 82 22 förses
898 244 56 21 med

201 281 108 26 stämpel
329 280 65 22 efter
411 280 64 22 fulla
491 280 88 22 värdet
593 280 40 21 vid
650 279 46 21 den
712 278 118 26 domstol,
845 279 44 21 der
906 279 47 21 den

201 315 41 21 till
257 314 66 22 först
336 315 103 21 företes.

546 417 11 27 $
574 419 32 19 11.

270 487 39 22 Om
333 487 96 22 enskilda
450 493 109 20 personer,
580 492 45 15 som
645 487 33 26 sig
699 486 90 21 emellan
806 486 61 21 slutit
882 486 69 26 nägon

201 521 221 26 öfverenskommelse,
441 522 7 20 i
469 521 73 22 stället
556 521 33 22 för
604 523 32 19 att
652 521 73 21 derom
741 523 102 25 upprätta
859 520 94 27 skriftlig

201 556 130 27 afhandling,
347 557 50 26 vilja
412 556 44 21 låta
472 557 104 21 anteckna
592 555 38 22 sitt
640 555 52 22 aftal
703 556 7 20 i
722 555 103 22 domstols
836 555 116 27 protokoll,

200 597 49 16 vare
265 591 78 21 sädant
358 591 47 21 dem
421 591 46 21 icke
482 590 126 25 förmenadt,
625 589 38 22 der
677 591 37 20 det
730 590 52 27 eljes
799 590 92 27 lagligen
913 590 39 21 ske

200 625 49 22 kan.
278 625 10 22 1
308 626 59 21 detta
388 625 35 22 fall
445 625 97 22 utfärdas
563 625 148 26 expeditionen
730 625 12 20 &
758 625 77 21 sädant
850 625 102 26 stämpel-

199 666 88 21 papper,
309 666 46 15 som
373 659 32 22 för
424 660 78 26 utdrag
520 667 25 14 ur
560 660 131 21 domstolens
707 659 108 28 protokoll
830 658 68 22 finnes
915 660 37 21 be-

201 694 89 27 stämdt;
310 701 47 15 men
379 701 33 14 om
429 696 31 19 ett
476 695 76 20 sädant
568 694 105 27 protokoli
690 694 123 21 sedermera
828 694 6 20 i
850 694 102 21 afseende

201 729 12 21 å
233 729 115 27 utsökning
366 729 51 21 eller
431 729 6 20 i
453 731 64 19 annat
533 728 54 28 syfte
604 731 77 24 upptes
697 728 54 21 inför
767 728 69 27 någon
851 728 101 28 myndig-

200 764 42 25 het,
259 764 102 26 stämplas
378 763 118 22 detsamma
511 764 71 21 såsom
597 763 7 22 i
620 763 9 28 $
645 765 11 19 6
673 763 98 27 stadgas.

544 873 10 25 $
572 874 31 19 12.

267 942 33 21 Då
323 942 83 21 enskild
428 941 130 27 afhandling,
581 941 130 22 förbindelse
731 941 52 22 eller
803 948 68 15 annan
888 942 63 21 skrift

198 977 39 20 hos
253 977 98 25 domstol,
368 977 103 20 exekutor
488 977 50 20 eller
553 983 69 15 annan
637 977 122 26 myndighet
774 976 80 22 företes
868 977 39 22 och
918 976 34 21 för

198 1010 190 27 stämpelafgiftens
399 1011 119 26 utgörande
526 1011 107 26 begagnas
645 1011 173 26 stämpelmärke,
830 1011 39 22 bör
879 1011 72 21 detta

198 1045 67 21 finnas
287 1045 85 21 häftadt
392 1045 13 20 å
424 1045 101 22 skriftens
547 1045 67 22 första
637 1045 47 21 sida
700 1045 47 26 och,
764 1051 33 15 om
813 1045 52 22 flera
881 1045 70 22 skilda

198 1080 103 27 stämplar
315 1080 116 25 användas,
448 1080 75 21 dessa
538 1080 80 21 fästas
630 1080 73 21 utmed
713 1079 96 22 bredden
821 1079 22 22 af
853 1079 97 22 skriften.

198 1113 82 22 Saknas
296 1116 104 25 utrymme
410 1109 12 36 ä
443 1114 67 21 första
526 1115 67 25 sidan,
610 1114 34 21 må
659 1114 91 27 stämpel
766 1113 114 27 anbringas
895 1114 55 26 jem-

197 1148 34 21 väl
247 1149 12 20 &
274 1148 114 21 frånsidan.
419 1149 57 21 Hvar
496 1149 39 20 och
554 1155 25 15 en
595 1148 23 21 af
631 1149 26 20 de
674 1148 125 27 begagnade
815 1148 135 29 stämplarna

197 1183 55 20 skall
267 1182 22 22 af
303 1183 40 21 den
354 1183 134 26 tjensteman,
500 1189 45 15 som
556 1183 88 20 skriften
656 1184 125 25 emottager,
794 1184 63 25 göras
872 1183 78 21 obruk-

196 1217 39 21 bar
249 1217 28 27 på
293 1219 44 19 sätt
351 1217 72 21 derom
440 1217 102 21 särskildt
556 1217 76 21 varder
647 1216 144 22 föreskrifvet.

265 1251 170 26 Stämpelmärke
451 1251 13 20 å
478 1251 65 25 aktie,
560 1251 142 26 anvisning,
719 1251 73 23 check,
807 1251 144 26 depositions-

196 1284 65 25 bevis,
286 1284 184 26 försäkringsbref,
496 1284 120 26 obligation,
642 1284 217 26 ursprungsbevis
887 1284 65 21 eller

197 1317 131 23 certifikat
351 1318 46 22 och
420 1318 59 21 vexel
502 1318 120 22 makuleras
642 1318 23 22 af
681 1318 47 26 den,
745 1324 47 16 som
807 1318 143 27 handlingens

196 1352 116 28 stämpling
327 1352 87 28 åligger,
430 1358 76 21 genom
522 1353 127 27 anteckning
665 1353 22 21 af
702 1352 73 22 datum
789 1353 40 21 och
840 1353 110 28 beloppet,

195 1387 66 22 hvarå
276 1387 128 27 handlingen
420 1387 64 27 lyder.

263 1422 42 22 För
327 1422 132 27 makulering
482 1422 21 22 af
522 1423 165 27 stämpelmärke
709 1422 66 29 f[utel.]
796 1423 38 22 mä
855 1423 92 22 särskild

195 1457 60 28 afgift
270 1457 47 22 icke
333 1464 46 20 ega
394 1463 54 15 rum.
