1028 1714
230 167 27 19 34

200 234 64 25 säljas,
286 234 36 19 der
343 234 71 24 godset
430 235 49 17 utan
499 234 64 18 större
583 231 85 20 kostnad
682 231 40 19 kan
737 230 68 26 f(utesl)
821 230 30 20 till
866 229 24 20 så
904 230 50 24 högt

200 269 42 25 pris
256 268 61 20 under
331 267 53 20 hand
398 266 13 20 å
425 269 52 17 orten
490 268 99 23 föryttras.

555 352 12 20 3
584 353 18 23 8.

271 410 127 26 Obligationer
418 410 34 20 och
470 410 62 20 andra
547 410 142 25 värdepapper,
706 415 44 13 som
764 409 6 19 i
781 408 98 20 allmänna
893 408 59 20 rörel-

199 452 35 14 sen
251 448 33 17 äro
306 445 104 25 gångbara,
429 444 35 20 må
485 444 18 26 ej
524 444 64 20 under
609 444 35 19 sitt
663 443 7 19 i
684 443 162 25 bankinrättning
861 442 91 26 gällande

200 480 41 26 pris
257 480 65 25 säljas.

403 519 21 25 (3
438 518 16 27 $
468 519 36 20 enl.
519 518 45 20 nåd.
577 524 56 19 prop.
650 518 107 25 utesluten).

554 594 12 19 4
577 594 24 23 8.

268 651 41 20 Har
323 653 40 18 rätt
378 651 30 19 till
423 651 81 20 lifränta
518 650 49 20 eller
583 650 29 20 till
626 657 65 13 annan
707 651 29 19 för
751 650 128 25 gäldenärens
890 649 64 20 lifstid

201 686 47 20 eller
263 686 57 25 eljest
335 685 30 20 för
379 685 102 20 obestämd
497 685 27 20 tid
535 684 99 27 utgående
643 684 78 20 förmån
731 684 48 20 eller
790 684 88 20 inkomst
890 684 65 19 blifvit

201 722 77 23 utmätt,
293 721 38 19 och
346 720 60 19 hafva
420 720 16 25 ej
453 720 123 25 borgenären
591 719 36 20 och
642 719 120 25 gäldenären
777 719 177 20 öfverenskommit

201 761 32 14 om
246 754 120 26 tillgängens
378 754 88 25 säljande
475 760 72 19 genom
557 754 82 19 auktion
648 754 48 19 eller
705 754 141 19 förvandlande
856 753 26 26 pä
892 756 62 17 annat

201 791 41 18 sätt
263 789 7 20 i
284 789 119 25 penningar;
418 788 92 20 förordne
524 788 212 25 utmätningsmannen
751 788 113 25 syssloman
879 789 36 23 att,
931 787 23 20 sä

200 823 59 25 länge
274 823 141 25 utmätningen
430 823 63 24 enligt
507 823 13 18 4
532 823 44 24 kap.
593 823 26 18 31
637 823 10 23 $
663 825 23 16 är
701 822 96 25 gällande,
813 823 87 25 uppbära
908 823 45 18 rän-

201 859 33 18 tan
249 857 48 20 eller
311 857 113 19 inkomsten
438 857 8 18 i
460 857 39 19 den
515 856 46 20 män
571 857 39 18 den
623 856 79 19 utfaller
717 857 52 18 samt
780 856 52 19 hälla
839 856 115 20 densamma

201 891 123 25 borgenären
340 890 100 20 tillhanda.

554 966 70 23 58...

270 1019 27 23 Är
318 1023 94 25 rättighet
427 1023 29 19 till
471 1022 214 26 lifförsäkringsbelopp
701 1024 78 23 utmätt,
795 1022 33 20 mä
843 1023 17 25 ej
876 1022 76 26 försälj-

200 1058 47 24 ning
262 1057 54 20 deraf
331 1057 41 24 ske,
388 1063 45 13 men
448 1057 122 25 borgenären
586 1057 60 25 njute,
661 1057 46 19 med
722 1057 39 19 den
775 1056 129 21 förmänsrätt
918 1059 33 18 ut-

199 1091 91 25 mätning
312 1091 81 24 medför,
417 1091 101 24 betalning
541 1097 24 13 ur
587 1090 24 20 de
626 1091 77 25 belopp,
719 1097 42 13 som
776 1091 53 19 inom
845 1093 30 17 tre
890 1091 22 19 är
926 1091 26 26 pä

200 1125 136 25 försäkringen
352 1125 134 24 tilläfventyrs
501 1124 74 20 utfalla.
604 1124 93 20 Förfaller
709 1125 16 25 ej
739 1124 215 27 försäkringsbeloppet

199 1159 30 19 till
249 1159 101 25 betalning
365 1158 49 20 eller
430 1164 46 20 eger
490 1158 16 25 ej
523 1158 82 26 äterköp
620 1164 45 14 rum
679 1159 55 19 inom
748 1159 87 19 nämnda
850 1159 35 26 tid,
901 1165 50 20 upp-

200 1194 48 19 höre
262 1193 27 20 all
304 1192 73 20 verkan
392 1193 19 19 af
426 1192 145 26 utmätningen.

269 1226 233 26 Försäkringsbeloppets
517 1226 122 26 omsättning
653 1226 31 20 till
696 1226 94 26 afgiftsfri
799 1227 111 25 försäkring
920 1226 33 20 mä

200 1261 16 25 ej
232 1261 64 19 under
312 1261 60 24 sagda
386 1260 29 20 tid
429 1260 122 26 gäldenären
566 1261 103 18 förmenas.

554 1340 11 20 6
579 1336 21 35 S.

268 1393 54 20 Skall
343 1392 31 20 lös
396 1391 98 26 egendom
512 1392 63 26 säljas,
590 1391 40 21 läte
645 1392 209 26 utmätningsmannen
870 1393 29 20 tid
914 1394 37 20 och

201 1428 57 20 ställe
279 1428 31 19 för
331 1427 107 20 auktionen
456 1426 99 26 kungöras
570 1426 7 19 i
591 1426 194 27 försäljningsortens
801 1427 63 26 kyrka
879 1430 51 18 samt
944 1429 6 19 i

199 1463 85 24 tidning,
306 1468 43 14 som
362 1462 8 19 i
385 1467 75 14 samma
475 1463 31 18 ort
522 1461 117 25 utkommer,
654 1461 22 20 sä
692 1462 36 19 ock
743 1461 26 27 pä
784 1464 60 18 annat
859 1463 92 26 lämpligt
