1028 1717
418 123 43 24 N:o
482 125 21 22 3.
792 123 22 21 11

93 189 46 22 icke
161 190 66 21 under
250 190 46 27 fyra
319 191 108 26 månader,
449 191 26 21 då
491 191 80 21 brottet
587 192 18 26 ej
622 194 24 18 är
660 192 7 20 i
684 194 64 19 annat
763 192 83 26 lagrum

93 224 48 20 med
157 224 86 21 svårare
259 225 62 21 straff
335 225 94 27 belagdt,
446 227 55 19 samt
511 225 34 21 för
555 226 186 27 ärekränkningen
752 226 95 26 fängelse

93 258 46 20 från
163 258 39 22 och
225 258 48 22 med
289 258 36 22 två
341 259 101 22 månader
458 260 32 21 till
507 260 37 21 och
560 260 48 21 med
624 260 36 21 två
676 260 22 21 år
715 261 54 21 eller
784 260 63 21 böter

93 292 18 26 ej
129 293 67 20 under
212 293 116 21 etthundra
343 294 68 20 mark.

162 326 99 28 Skymfar
276 327 68 27 någon
360 328 128 27 vänskaplig
503 330 54 20 stats
569 329 106 26 offentligt
686 329 95 21 utstälda
793 328 53 22 riks-

94 367 67 21 vapen
178 362 51 20 eller
245 365 65 18 annat
326 362 144 27 makttecken;
487 363 82 21 straffes
585 362 48 22 med
648 362 96 28 fängelse
761 363 6 21 i
784 363 63 27 högst

93 398 33 19 tre
141 396 109 21 månader.

163 431 75 26 Bryter
263 431 69 27 någon
358 434 57 19 emot
438 432 7 21 i
469 432 132 27 vederbörlig
627 432 91 27 ordning
744 432 103 27 kungjord

94 465 111 22 föreskrift
221 472 33 15 om
270 466 134 26 neutralitet;
420 466 85 21 straffes
515 467 47 21 med
573 467 96 26 fängelse
681 467 6 20 i
698 467 63 26 högst
771 468 31 19 ett
814 466 34 21 är.

413 566 25 20 16
461 565 74 21 KAP.

124 629 36 20 Om
176 629 55 20 brott
247 631 56 18 emot
319 628 93 27 offentlig
427 628 130 27 myndighet
571 628 38 20 och
626 629 77 20 allmän
719 628 98 27 ordning.

445 693 24 19 16
485 693 19 26 &.

164 731 53 28 Den,
241 738 45 15 som
309 731 98 27 olofligen
424 731 111 28 borttager
550 731 52 21 eller
616 731 136 27 uppsätligen
769 732 79 21 skadar

95 766 53 21 eller
170 766 117 21 vanställer
302 766 49 26 rysk
366 765 57 28 flagg
439 766 51 21 eller
506 766 63 27 ryska
584 766 123 27 riksvapnet
722 766 53 21 eller
790 767 58 21 Stor-

95 801 166 20 furstendömets
291 807 74 20 vapen,
391 806 45 15 som
462 801 27 26 pä
514 800 133 27 myndighets
677 800 171 22 föranstaltande

96 835 122 27 offentligen
241 835 94 27 utstälts,
358 835 52 21 eller
433 835 96 26 offentlig
545 835 134 27 myndighets
694 835 52 22 eller
761 835 87 27 tjenste-

97 876 61 15 mans
173 870 135 26 kungörelse,
320 869 85 21 hvilken
421 871 24 20 är
461 870 101 26 anslagen
578 870 33 21 till
627 869 79 22 allmän
723 870 125 25 kännedom,

96 905 50 21 böte
161 904 62 27 högst
238 904 117 21 trehundra
369 904 68 21 mark.

164 939 45 21 Har
225 939 50 26 rysk
291 939 56 27 flagg
362 938 52 22 eller
430 939 125 26 riksvapnet
570 939 52 21 eller
633 938 216 22 Storfurstendömets

96 981 76 20 vapen,
195 980 44 15 som
263 973 28 28 pä
313 973 134 28 myndighets
471 973 118 27 anordning
612 973 122 27 offentligen
755 973 94 26 utstälts,

96 1009 70 22 blifvit
182 1009 92 22 skadadt
289 1009 54 21 eller
358 1009 108 21 vanstäldt
481 1009 8 20 i
505 1008 64 27 afsigt
585 1011 31 18 att
633 1008 87 21 dermed
734 1008 45 21 visa
790 1008 58 21 miss-

97 1044 89 27 aktning
209 1045 56 20 emot
288 1043 159 28 myndigheten;
470 1043 85 22 straffes
571 1043 40 21 den
628 1043 97 27 skyldige
741 1043 47 21 med
805 1041 45 22 fän-

98 1079 57 26 gelse
170 1079 7 20 i
192 1078 64 27 högst
273 1081 32 19 tre
321 1077 108 22 mänader.

414 1166 27 20 34
464 1165 75 20 KAP.

236 1229 36 20 Om
288 1229 61 22 brott,
367 1228 72 21 hvilka
455 1228 100 20 innebära
572 1228 77 20 allmän
665 1228 52 20 fara.

450 1292 24 20 12
491 1290 18 28 8.

167 1332 65 24 Hvar,
249 1338 45 14 som
310 1332 135 25 uppsåtligen
462 1332 13 19 &
490 1331 78 21 allmän
583 1330 99 26 telegraf-
698 1330 52 21 eller
761 1329 91 21 telefon-

99 1366 80 21 anstalt
194 1366 53 20 eller
262 1366 48 20 dess
325 1365 102 21 tillbehör
442 1364 93 21 föröfvar
547 1364 205 26 handling,-hvilken
764 1364 88 20 hindrar

99 1400 53 22 eller
176 1401 44 20 stör
243 1400 120 21 anstaltens
386 1399 146 27 begagnande,
556 1398 84 22 straffes
664 1398 48 21 med
735 1397 117 27 fängelse
838 1393 16 37 i

99 1436 64 26 högst
178 1436 37 21 tvä
231 1434 30 22 är.
