1034 1725
314 138 29 23 U.
357 139 27 23 B.
400 152 27 3 —
442 140 72 28 Prop.
531 140 43 24 N:o
590 141 22 22 2.
776 143 22 20 31

292 210 75 26 annat,
385 209 96 28 ändring
497 210 37 22 och
548 210 154 28 upphäfvande
717 210 28 28 af
756 211 75 21 ätskil-

292 242 45 28 liga
355 243 72 28 lagens
445 250 51 15 rum
509 245 92 21 rörande
615 244 215 28 rätiegängsordnin-

290 283 47 21 gen,
352 277 9 20 i
375 278 57 21 hvad
446 279 81 20 nämda
538 279 73 27 punki
624 279 70 28 angår
709 279 74 21 tvister
797 286 35 15 om

292 311 101 29 klyfning
414 312 29 28 af
459 313 194 28 skattelägenheter,
673 315 58 19 samt
744 313 87 28 förord-

291 346 82 28 ningen
388 347 29 28 af
427 347 41 21 den
483 348 28 20 19
525 347 108 22 Februari
642 348 68 27 1883,
722 348 111 27 angäende

291 381 151 28 egostyckning
464 382 38 21 och
518 382 182 28 jordafsöndring
722 382 14 21 å
756 382 77 28 frälse-

292 415 38 22 och
349 416 177 28 skattehemman,
542 417 38 22 och
594 417 158 28 förordningen
766 418 41 21 den
821 418 12 21 1

291 450 61 21 Mars
372 452 67 27 1886,
457 451 109 29 angäende
581 452 70 28 nägra
664 452 108 22 särskilda
787 453 46 27 slag

292 485 29 26 af
338 487 151 27 egostyckning
507 487 38 21 och
554 487 195 28 jordafsöndring;
765 487 66 21 hvar-

287 520 67 28 jemte
374 521 20 27 ej
414 521 86 21 mindre
523 523 11 19 7
548 521 16 27 $
578 522 28 20 12
620 521 48 29 kap.
685 517 148 32 ÄArfdabalken

293 555 38 21 och
353 555 15 21 3
381 555 16 28 $
419 557 13 20 6
446 556 47 28 kap.
507 556 150 27 Jordabalken,
673 556 85 22 sådana
772 556 61 21 dessa

293 590 85 27 lagrum
399 590 50 28 lyda
463 590 10 21 i
487 590 55 22 hvar
556 590 36 21 sin
607 590 131 28 förordning
753 593 25 25 aj
793 591 40 20 den

293 625 32 20 27
338 624 57 21 Juni
412 625 64 27 1878,
491 624 159 29 förordningen
664 625 29 27 af
699 626 40 20 den
754 626 14 20 6
777 624 57 22 Juni

292 659 67 27 1883,
374 660 93 20 rörande
481 659 86 22 äborätt
580 659 14 21 ä
609 660 175 27 kronohemman,
799 659 35 21 sä-

292 694 46 20 vidt
365 694 70 27 angär
461 694 101 28 klyfning
584 694 28 27 af
629 694 75 28 dylika
725 694 108 27 hemman,

292 730 59 19 samt
375 729 30 20 67
427 728 38 22 och
484 730 29 20 68
530 730 29 27 $$
573 728 9 22 i
596 728 82 28 nädiga
699 730 136 27 reglementet

293 762 28 28 af
332 763 41 21 den
390 763 28 21 15
433 762 48 29 Maj
495 764 65 27 1848,
576 763 110 28 angäende
702 764 131 21 landtmäte-

292 797 43 21 riet
348 805 28 13 m.
393 804 38 20 m.,
446 800 30 19 än
491 797 65 28 äfven
570 798 58 21 hvad
641 798 7 20 i
660 798 68 27 öfrigt
736 799 35 20 uti
782 799 51 20 sist-

293 832 98 21 nämnda
413 832 39 21 och
473 833 71 20 andra
565 832 161 28 författningar
742 833 93 20 rörande

293 866 88 27 delning
396 866 28 27 af
429 867 175 27 jordlägenheter
618 866 14 22 å
647 867 73 20 landet
733 869 27 18 är
773 867 60 21 stad-

292 901 51 26 gadt
365 903 46 18 mot
427 901 72 21 denna
512 901 129 28 förordning
653 901 118 27 stridande,
784 901 50 21 här-

294 934 84 28 igenom
393 935 96 28 undergä
503 935 101 28 ändring.

160 1178 58 22 Enär
240 1179 248 22 besuttenhetsvilkorets
511 1179 129 28 frängäende
660 1179 38 22 vid
712 1179 87 27 delning
813 1179 22 21 af

90 1213 169 29 jordlägenheter
273 1213 177 29 nödvändiggjort
464 1215 57 21 vissa
534 1213 112 28 ändringar
662 1214 6 20 i
683 1213 153 28 förordningen

90 1247 24 21 af
136 1247 40 22 den
200 1248 26 20 12
248 1247 119 22 December
389 1249 60 25 1864,
465 1248 109 28 angäende
589 1247 122 29 skyldighet
724 1248 35 21 för
774 1254 62 21 egare

91 1282 50 21 eller
162 1282 137 21 innehafvare
320 1282 23 21 af
362 1282 47 28 jord
431 1285 30 18 att
483 1286 43 18 mot
544 1283 117 27 ersättning
674 1282 88 29 upplåta
776 1282 59 21 mark

90 1316 34 21 för
146 1316 86 21 allmänt
254 1316 71 27 behof,
339 1316 60 28 ingär
413 1317 8 20 i
436 1317 41 21 den
492 1317 78 28 nädiga
584 1317 160 28 propositionen
758 1317 77 28 jemväl

91 1351 80 26 förslag
186 1351 32 20 till
232 1351 136 26 förordning,
383 1352 93 20 rörande
491 1352 95 25 ändring
601 1351 28 26 af
642 1352 14 19 3
671 1351 38 20 och
721 1353 31 18 27
762 1351 30 26 $$
801 1351 35 20 uti

90 1384 151 27 nyssnämnda
255 1383 141 28 författning.

158 1417 70 21 Dessa
240 1419 79 19 tvänne
332 1418 26 27 $$
371 1419 35 19 äro
417 1417 100 22 affattade
527 1419 6 19 i
546 1417 92 28 enlighet
648 1417 48 22 med
707 1417 128 22 Ständernas

91 1452 70 21 beslut
176 1451 36 22 vid
229 1452 53 21 1891
299 1451 33 22 års
347 1451 107 28 landtdag.

159 1491 46 24 Lag-
218 1492 32 17 och
262 1492 179 18 Ekonomiutskottets
453 1492 109 18 betänkande
574 1492 36 18 N:o
623 1492 14 17 1.
