1050 1717
225 143 27 21 10
423 142 29 22 U.
467 142 28 22 B.
511 156 26 2 —
553 142 73 28 Prop.
642 142 40 21 N:o
697 142 22 22 8.

194 207 89 21 skottet
301 207 133 28 föreslagna
456 207 144 28 ordalydelse
622 206 51 21 icke
695 206 66 21 torde
783 206 65 29 gifva
870 206 77 21 anled-

195 241 58 28 ning
267 241 38 21 till
319 240 168 28 missförstånd,
507 241 88 21 tillåter
610 241 37 28 sig
660 240 115 22 utskottet
789 240 118 22 vördsamt
915 240 34 22 fö-

195 275 70 22 reslå:

469 352 32 20 att
526 351 125 22 Ständerna
669 350 48 22 ville
737 351 56 21 utan
817 349 132 29 förändring

399 385 118 28 godkänna
532 387 13 24 8
559 386 15 21 5
585 386 9 21 i
601 385 109 22 utskottets
717 384 231 29 författningsförslag.

548 484 12 26 s
577 485 19 20 6.

265 535 127 21 Gentemot
415 534 140 29 stadgandet
575 542 37 14 om
628 534 120 29 kartering
766 533 26 22 af
805 535 144 28 arfskiftesin-

194 571 106 20 strument
321 569 42 21 har
385 569 25 22 af
430 569 198 29 Borgareståndet
650 569 45 22 den
711 569 154 29 anmärkning
880 569 69 22 fram-

195 604 82 25 ställts,
294 605 35 20 att
344 603 39 22 det
397 603 52 22 icke
467 603 106 30 tydligen
591 603 136 30 framginge,
739 603 115 22 huruvida
863 604 86 21 instru-

196 641 88 19 mentet
306 637 71 23 borde
397 638 142 22 omedelbart
555 638 40 22 vid
611 638 149 22 utfärdandet
775 638 102 22 karteras
893 639 56 21 eller

195 674 126 28 stämpling
343 680 43 21 ega
400 680 50 14 rum
465 672 60 22 först
541 673 28 22 då
585 672 125 22 detsamma
725 673 38 21 till
778 673 100 22 domstol
893 673 56 21 eller

197 716 77 13 annan
296 707 139 29 myndighet
458 708 119 22 inlemnas.
607 708 79 28 Något
707 708 84 22 tvifvel
814 708 84 28 derom,
915 710 35 20 att

198 742 296 29 karteringsskyldigheten
521 743 41 21 har
586 742 107 22 afseende
709 742 60 22 blott
787 743 14 21 å
815 742 40 22 det
870 750 79 14 senare

195 777 66 21 fallet
284 777 70 21 borde
380 777 63 25 dock,
467 777 74 28 enligt
565 776 126 23 utskottets
715 777 69 29 åsigt,
803 777 52 22 icke
871 777 79 21 kunna

195 811 59 21 råda.
286 812 41 21 Uti
350 812 120 28 ingressen
495 812 37 20 till
555 813 13 26 $
585 814 11 20 6
612 811 133 29 uppräknas
761 811 28 22 de
805 811 26 22 af
843 811 106 22 enskilda

195 845 120 22 utfärdade
345 845 145 29 handlingar,
518 846 81 22 hvilka
621 846 167 28 undantagsvis
813 846 71 22 redan
909 846 40 21 vid

194 880 150 22 utfärdandet
370 880 55 22 eller
447 880 150 28 utgifvandet
620 880 55 22 böra
690 880 52 22 med
758 881 98 29 stämpel
871 880 77 29 beläg-

195 922 47 22 gas,
263 915 43 22 och
321 915 71 22 bland
414 914 51 22 dem
488 919 95 18 nämnas
606 915 262 22 arfskiftesinstrument
889 916 59 22 icke.

194 949 55 23 Med
271 949 109 22 afseende
399 950 55 21 härå
473 950 42 21 och
532 950 29 22 då
576 950 75 28 öfriga
666 950 75 22 Stånd
757 950 51 22 icke
823 950 127 22 framställt

194 984 74 27 någon
291 984 155 28 anmärkning
467 984 36 21 uti
525 984 176 29 ifrågavarande
727 984 115 27 afseende,
862 984 37 22 får
913 987 36 19 ut-

195 1019 90 22 skottet
300 1018 118 22 vördsamt
433 1018 95 22 föreslå:

470 1101 32 20 att
517 1099 124 22 Ständerna
656 1100 47 21 ville
717 1099 9 21 i
737 1099 72 22 denna
815 1100 74 27 punkt
897 1100 51 28 god-

401 1133 76 22 känna
492 1133 112 22 utskottets
619 1133 134 22 betänkande
768 1133 149 28 oförändradt.

263 1213 197 28 Borgareståndet
482 1213 41 22 har
546 1214 84 22 önskat
652 1214 71 21 sådan
747 1213 154 30 formulering
926 1214 26 21 af

194 1248 73 21 första
282 1249 127 20 momentet
416 1248 73 21 under
499 1248 110 21 rubriken
620 1249 328 27 Bowppteckningsinstrument,

194 1284 35 19 att
253 1281 67 22 deraf
339 1281 106 28 tydligen
468 1281 137 29 framginge,
625 1284 33 19 att
674 1283 70 20 sådan
761 1282 186 28 kvarlåtenskap,

195 1323 49 15 som
266 1316 52 21 icke
340 1315 110 22 tillhörde
472 1315 41 22 det
534 1323 170 22 gemensamma
729 1316 60 27 boet,
812 1316 52 22 icke
886 1316 63 29 finge

194 1350 73 22 under
289 1350 45 22 den
356 1349 132 30 föreslagna
511 1350 214 29 skattelindringen
743 1351 140 29 inbegripas.
913 1351 36 22 Då

194 1393 29 14 en
245 1385 72 22 sådan
339 1385 110 28 tolkning
471 1385 25 22 af
515 1385 175 29 ifrågavarande
717 1385 134 30 stadgande,
874 1386 76 29 enligt

195 1420 127 21 utskottets
338 1419 157 29 förmenande,
512 1420 94 22 alldeles
622 1420 50 22 icke
688 1421 59 21 låter
762 1421 37 28 sig
806 1420 81 23 förena
897 1421 52 22 med

194 1454 183 29 författningens
401 1454 172 29 bestämningar
595 1455 119 28 angående
736 1455 121 29 kartering
872 1455 26 22 af
910 1455 39 22 bo-

263 1496 70 22 Bilaga
345 1496 31 17 till
388 1495 215 23 Bevillningsutskottets
616 1495 117 19 betänkande
745 1496 36 18 N:o
793 1497 17 17 4.
