1070 1725
222 156 13 21 6
418 156 29 22 U.
464 156 26 22 B.
506 169 28 3 —
548 156 74 28 Prop.
637 156 43 22 N:o
695 156 23 22 4.

192 225 33 22 till
240 226 229 27 utmätningsmannen,
483 225 66 21 innan
565 226 68 20 denne
648 225 75 21 skridit
737 225 32 21 till
784 224 118 28 utmätning
913 224 32 20 för

193 260 104 28 gäldande
320 260 20 21 af
363 260 39 21 den
426 260 75 22 andras
523 260 93 27 fordran;
640 260 39 21 och
701 259 60 22 häraf
775 259 44 22 åter
834 258 66 28 följer,
915 260 30 20 att

192 294 110 28 ifrågasatt
316 294 120 28 fördelning
451 295 20 21 af
486 296 75 20 utmätt
575 294 36 21 lön
626 294 52 22 eller
693 294 88 28 pension
796 293 92 22 emellan
898 293 47 21 bor-

192 331 95 26 genärer,
302 336 46 14 som
362 329 26 28 på
405 329 55 21 olika
475 329 54 21 tider
543 329 83 21 erbållit
640 329 125 27 utmätning,
779 328 47 22 icke
841 330 23 19 är
874 328 69 21 fören-

192 364 30 27 lig
237 364 48 21 med
301 364 41 21 den
358 370 42 21 nya
414 363 73 29 lagens
502 364 135 28 grundsatser
652 370 34 14 om
699 364 125 27 utmätning.

261 399 30 21 Af
312 398 133 22 förestående
465 398 124 28 utläggning
602 398 59 22 torde
676 398 132 21 innebörden
823 398 21 20 af
859 398 26 21 de
900 398 45 21 utaf

192 432 108 22 Utskottet
313 433 8 20 i
336 432 134 28 lagförslaget
485 432 98 28 vidtagna
596 432 148 28 förändringar
758 432 39 22 och
812 432 73 28 tillägg
897 432 48 21 med

192 467 124 27 erforderlig
331 468 103 27 tydlighet
448 467 86 29 framgå.

262 502 30 21 På
314 502 68 28 grund
405 502 21 21 af
445 502 55 21 hvad
515 502 62 21 ofvan
593 502 80 21 anförts
688 502 31 21 får
735 501 106 22 Utskottet
856 502 89 20 sålunda

192 536 77 22 föreslå

466 603 31 19 att
515 601 157 27 Ridderskapet
686 600 38 21 och
741 601 71 21 Adeln
827 603 55 18 samt
893 599 52 22 Pre-

398 635 115 22 steståndet
535 636 55 24 ville,
605 635 47 21 med
658 635 142 28 frångående
816 635 29 28 af
852 635 93 27 tidigare

399 669 66 22 beslut
487 671 9 20 i
506 670 95 27 frågan,
612 669 84 28 förena
711 671 34 27 sig
761 677 33 14 om
809 669 136 22 Bondestån-

400 705 44 20 dets
459 704 77 26 beslut;

192 752 55 19 samt

467 798 31 19 att
520 797 101 27 samtliga
642 796 74 21 Ständ
731 797 55 25 ville,
803 797 8 20 i
826 796 119 27 anledning

398 831 30 26 af
443 830 87 22 beslutet
552 839 33 13 om
607 831 222 27 införsel-institutets
852 829 93 22 bibehål-

398 865 70 25 lande,
482 865 117 28 godkänna
610 865 131 28 förändrad
751 865 79 28 lydelse
848 864 39 26 för
898 867 47 19 sär-

398 899 73 21 skilda
486 900 29 28 $$
530 900 9 20 i
553 900 198 28 utsökningslagen,
763 900 182 27 promulgations-

392 934 162 28 förordningen
577 938 56 18 samt
648 934 190 28 konkursstadgan
854 934 8 20 i
877 934 68 28 enlig-

398 968 33 21 het
447 969 46 21 med
509 970 159 20 nedanstående
679 969 96 27 förslag.

454 1096 228 28 Utsökningslagen.

526 1179 13 20 4
557 1174 57 25 Kap.

547 1241 11 20 3
575 1241 18 27 &.

260 1302 104 27 Aflöning
380 1302 52 20 eller
445 1302 90 26 pension
551 1303 42 26 för
609 1303 82 20 allmän
706 1302 51 21 eller
772 1301 85 22 enskild
872 1303 71 26 tjenst,

191 1343 46 14 som
259 1336 21 27 ej
295 1336 97 21 innestår
406 1335 37 26 för
458 1336 76 27 längre
549 1336 32 21 tid
596 1338 30 19 än
641 1336 57 27 efter
713 1339 83 18 senaste
811 1336 132 28 betalnings-

191 1371 85 26 termin,
299 1372 40 19 rätt
354 1370 31 21 till
404 1370 85 21 lifränta
504 1370 53 21 eller
571 1371 32 20 till
618 1377 70 14 annan
704 1370 33 21 för
751 1371 111 28 gäldenärs
878 1371 64 21 lifstid

191 1405 53 22 eller
265 1405 62 27 eljest
348 1405 33 20 för
396 1405 108 20 obestämd
519 1405 30 20 tid
564 1405 105 28 utgående
684 1405 81 22 förmån
779 1405 51 22 eller
845 1406 98 27 inkomst,

191 1442 41 19 rätt
246 1439 32 22 till
293 1439 232 28 lifförsäkringsbelopp,
547 1439 23 21 så
586 1439 39 22 ock
640 1440 109 27 egendom,
764 1447 46 14 som
826 1441 117 27 uppenbar-

190 1474 58 29 ligen
264 1475 74 20 endast
352 1474 49 21 med
416 1473 105 28 svårighet
536 1474 52 21 eller
602 1474 31 21 till
648 1474 112 29 underpris
775 1475 42 21 kan
832 1475 7 21 i
854 1476 90 27 pennin-

258 1514 130 23 Lagutskottets
400 1514 110 18 betänkande
522 1513 37 18 N:o
571 1515 18 17 5.
