1025 1714
792 135 27 19 23

94 203 86 24 fordran,
202 204 78 19 hvarför
302 204 115 25 utmätning
439 204 50 20 skall
511 204 39 24 ske,
573 204 107 19 intecknad
697 204 7 18 i
719 203 130 25 gäldenärens

94 238 53 18 fasta
162 237 102 25 egendom,
284 238 60 18 varde
359 238 66 19 denna
439 238 48 19 först
502 239 79 23 utmätt,
597 237 81 20 såframt
693 237 18 25 ej
727 238 121 24 borgenären

94 271 62 19 hellre
178 271 35 19 vill
234 273 45 23 taga
294 271 101 25 betalning
410 278 25 12 ur
449 272 30 19 lös
493 272 103 24 egendom.
626 271 53 19 Skall
695 271 114 24 utmätning
822 270 27 26 på

96 310 28 14 en
138 304 54 26 gång
207 305 35 19 ske
256 305 31 19 för
300 304 107 20 intecknad
421 305 79 19 fordran
514 305 38 19 och
566 310 66 14 annan
647 305 107 25 borgenärs
763 304 86 24 fordran,

95 345 43 14 som
160 339 44 19 icke
226 341 22 18 är
269 339 112 24 intecknad,
403 346 36 18 ege.
459 339 219 25 inteckningshafvaren
693 338 18 26 ej
727 338 30 20 till
771 338 78 25 förfång

94 374 30 19 för
146 374 39 19 den
206 374 61 19 andre
288 375 48 23 taga
350 373 104 26 betalning
468 380 25 13 ur
506 374 30 19 lös
551 373 97 25 egendom
662 374 31 18 för
707 373 53 19 hvad
774 373 20 19 af
808 372 39 20 den

94 408 52 19 fasta
160 408 122 25 egendomen
297 408 39 19 kan
351 407 53 26 utgå.

422 517 4 3 -
449 506 46 23 38.

162 567 48 19 Rätt
225 567 31 19 till
274 567 80 19 lifränta
368 567 49 19 eller
431 567 32 19 till
477 574 65 13 annan
558 568 28 19 för
601 567 104 25 gäldenärs
721 566 64 20 lifstid
799 566 49 20 eller

94 602 59 24 eljest
175 602 29 19 för
221 602 104 19 obestämd
339 602 30 18 tid
384 601 101 25 utgående
500 602 77 19 förmån
592 602 47 19 eller
653 601 94 23 inkomst,
762 603 40 17 rätt
817 600 30 20 till

94 636 222 26 lifförsäkringsbelopp,
339 635 23 20 så
377 636 37 20 ock
429 636 101 25 egendom,
546 642 44 14 som
605 635 155 26 uppenbarligen
776 635 71 20 endast

94 670 46 20 med
163 670 101 26 svårighet
286 670 48 20 eller
356 670 31 20 till
410 670 105 26 underpris
530 670 38 20 kan
582 670 7 19 i
604 670 110 26 penningar
728 670 119 24 förvandlas,

95 704 32 20 må
142 704 16 26 ej
175 706 55 24 tagas
246 704 7 20 i
267 706 49 22 mät,
331 704 23 20 så
369 704 59 26 länge
443 711 65 13 annan
524 704 84 26 ostridig
622 704 85 26 tillgång
721 704 69 20 finnes.

448 809 47 23 48.

164 871 25 19 Af
209 871 77 19 lösören
308 870 52 20 skall
376 871 53 19 hvad
444 871 120 25 gäldenären
579 871 29 19 för
623 871 31 19 sin
669 871 71 25 näring
753 871 95 19 behöfver

95 905 48 20 eller
164 905 62 19 minst
247 905 40 19 kan
301 905 81 19 umbära
397 905 38 19 sist
450 907 92 18 utmätas.
572 905 110 25 Uppgifver
696 905 94 25 gäldenär
804 904 43 20 viss

95 940 97 24 egendom
215 939 31 19 till
265 939 120 25 utmätning,
401 939 35 19 bör
450 940 39 19 den
503 939 141 20 företrädesvis
658 939 7 19 i
680 941 42 17 mät
736 940 62 24 tagas,
813 939 35 19 der

96 974 71 19 sådant
189 974 109 26 lämpligen
321 976 52 17 samt
395 975 49 18 utan
458 974 78 25 förfång
550 975 30 18 för
595 974 96 24 borgenär
706 973 39 20 kan
760 974 35 19 ske
810 973 38 20 och

95 1014 66 14 annan
176 1008 84 25 ordning
275 1008 17 25 ej
308 1009 24 19 är
345 1008 138 20 föreskrifven.

449 1111 12 19 5
473 1107 23 34 $.

164 1167 52 20 Frän
237 1167 114 25 utmätning
365 1167 56 20 skola
435 1167 123 25 undantagas
574 1167 72 25 nödiga
660 1166 63 26 gäng-
739 1167 36 19 och
790 1168 58 24 säng-

96 1202 69 20 kläder
186 1202 31 19 för
239 1202 127 25 gäldenären,
389 1202 49 19 hans
460 1202 71 19 hustru
546 1202 38 19 och
598 1201 109 26 oförsörjda
721 1202 55 24 barn,
790 1201 58 20 deras

96 1235 157 21 andaktsböcker
279 1236 37 19 och
342 1236 61 19 andra
425 1236 30 19 för
476 1235 153 26 andaktsöfning
655 1235 80 20 afsedda
761 1235 86 24 föremäl,

96 1271 132 24 gäldenärens
243 1271 37 19 och
294 1270 51 19 hans
360 1270 83 20 hustrus
459 1270 72 25 vigsel-
542 1270 37 19 och
589 1269 191 26 trolofningsringar,
791 1269 57 20 deras

97 1305 59 19 barns
172 1305 115 19 skolböcker
302 1306 57 22 samt,
374 1305 37 19 hos
425 1306 83 23 prester,
523 1305 125 24 tjenstemän,
664 1304 101 25 militärer,
783 1303 65 20 läkare

97 1339 38 18 och
157 1339 146 23 barnmorskor,
324 1339 53 18 hvad
399 1339 25 18 de
438 1339 30 18 för
483 1339 97 24 tjenstens
594 1339 49 18 eller
657 1338 70 24 yrkets
741 1338 108 19 utöfvande

97 1371 161 25 oundgängligen
273 1372 89 19 behöiva.

166 1405 76 20 Saknas
257 1408 63 23 utväg
334 1405 30 20 till
378 1405 119 26 nödtoritigt
511 1405 115 26 uppehälle;
648 1404 25 20 dä
688 1404 33 20 mä
735 1404 114 25 ytterligare

98 1439 125 26 undantagas
238 1440 20 19 af
272 1439 34 20 det
321 1439 70 24 förräd,
407 1445 41 14 som
464 1439 7 20 i
485 1439 61 20 huset
560 1439 70 24 finnes,
649 1439 53 19 hvad
723 1439 31 20 till
777 1439 72 22 under-
