1025 1720
291 152 29 22 U.
336 152 28 22 B.
381 165 27 3 —
423 153 75 27 Prop.
515 152 46 22 N:o
576 153 22 21 4.
767 153 22 20 61

68 220 81 21 skottet
172 220 56 21 dock
250 223 32 19 att
304 220 42 26 det,
362 220 48 22 med
428 220 86 28 hänsigt
527 221 33 21 till
574 220 164 22 förhällandena
754 221 5 19 i
775 221 46 20 lan-

69 254 42 26 det,
126 262 52 13 vore
200 255 72 21 alltför
293 254 137 28 betungande
446 255 40 21 och
505 255 99 21 förenadt
626 255 48 21 med
690 254 132 28 svärigheter

69 288 35 20 för
118 288 161 21 vederbörande
301 290 179 26 utmätningsmän
503 292 55 18 samt
580 289 64 21 äfven
664 288 61 28 eljest
740 288 82 22 mindre

69 322 97 28 lämpligt
181 325 36 23 att,
232 323 35 20 för
281 322 41 21 den
338 322 102 22 händelse
455 325 88 19 utmätta
558 323 61 28 guld-
634 323 40 21 och
685 323 138 21 silfversaker

69 356 38 21 vid
122 356 88 22 auktion
233 358 18 27 ej
268 356 113 29 betingade
403 357 33 27 sig
451 360 30 18 ett
503 356 147 22 metallvärdet
673 357 149 21 motsvarande

69 391 50 29 pris,
134 390 102 22 ähvälfva
252 392 17 28 ej
286 391 81 21 mindre
383 392 221 28 utmätningsmannen
617 394 32 19 att
659 391 52 21 söka
722 392 52 28 sälja
785 391 38 29 dy-

70 425 30 21 lik
116 425 104 28 egendom
235 426 13 20 ä
263 433 70 14 annan
349 428 38 24 ort,
402 428 27 19 än
445 426 64 21 äfven
520 427 181 26 utmätningsman
712 426 110 21 derstädes

69 462 32 19 att
116 460 34 21 för
160 460 77 21 sådant
247 460 98 22 ändamål
356 460 70 22 lemna
438 460 166 29 handräckning,
614 463 50 19 utan
675 461 66 21 borde
752 461 37 21 det
798 461 25 21 få

70 495 112 21 ankomma
198 495 12 21 å
224 495 129 28 gäldenären
369 495 51 22 eller
434 495 132 28 borgenären
582 498 36 24 att,
633 495 38 22 der
686 495 26 22 de
723 495 56 22 finna
790 496 32 21 sin

69 529 69 22 fördel
161 529 77 22 sådant
260 529 78 27 fordra,
361 530 54 21 söka
430 530 13 21 å
457 538 70 13 annan
550 533 32 18 ort
598 529 78 22 erhålla
693 529 130 22 intresserad

69 564 85 28 köpare.
184 564 114 22 Utskottet
319 564 38 21 har
379 565 58 28 förty
459 565 160 20 omformulerat
640 565 12 20 2
668 565 12 27 $
697 564 79 22 derhän
792 567 31 18 att

69 600 91 20 utmätta
181 599 62 28 guld-
258 599 40 21 och
321 599 138 21 silfversaker
482 600 18 27 ej
514 599 24 21 få
560 599 62 28 säljas
643 607 77 19 genom
736 599 88 21 auktion

69 633 69 21 under
152 633 153 27 metallvärdet,
320 633 38 21 der
373 633 59 21 detta
448 636 51 19 utan
513 633 110 28 svårighet
632 633 41 21 kan
685 635 86 20 utrönas
783 633 41 21 och

69 667 78 28 godset
160 670 52 19 utan
228 669 67 20 större
310 667 93 22 kostnad
417 668 43 21 kan
475 668 32 21 till
522 668 24 21 så
560 669 52 27 högt
626 669 44 27 pris
687 668 67 21 under
766 667 58 22 hand

70 702 13 21 å
98 704 61 19 orten
174 701 107 30 föryttras.

138 736 98 21 Emedan
251 736 118 27 Utskottet,
392 736 28 29 på
435 736 52 27 skäl,
509 744 46 14 som
570 736 70 21 nedan
663 737 92 26 anföras,
775 736 49 22 från

70 770 139 29 lagförslaget
221 771 97 21 uteslutit
339 773 6 19 3
361 772 12 27 $
389 771 7 20 i
411 771 60 21 detta
485 771 80 28 kapitel
580 771 31 21 uti
626 771 42 21 den
682 771 79 28 nådiga
776 779 48 21 pro-

69 806 129 29 positionen,
207 805 38 22 har
254 805 119 27 Utskottet,
381 805 32 22 till
420 805 136 22 undvikande
567 805 23 22 af
599 805 125 29 förändring
734 806 47 21 utaf
791 805 34 22 öf-

69 841 46 27 riga
130 841 133 27 paragrafers
274 841 6 20 i
291 840 91 28 kapitlet
392 840 156 28 nummerföljd,
561 841 66 25 som,
620 836 12 36 i
638 840 106 21 anseende
755 841 32 20 till
797 840 27 21 de

70 875 8 20 i
92 874 139 28 lagförslaget
246 874 46 22 ofta
308 874 173 22 återkommande
496 874 180 27 hänvisningarna
691 874 47 21 från
750 882 27 13 en
787 882 38 20 pa-

70 908 72 29 ragraf
164 908 32 22 till
219 916 26 14 en
265 916 75 18 annan,
356 908 84 21 komme
455 911 32 19 att
501 908 96 22 medföra
612 908 118 28 olägenhet,
743 908 82 29 afskiljt

70 950 76 14 senare
161 944 114 27 meningen
290 944 7 20 i
313 944 12 20 2
342 943 12 27 $
369 943 32 20 till
417 950 27 13 en
459 942 90 22 särskild
571 944 6 26 $
593 942 48 21 med
656 950 97 14 nummer
768 944 19 20 3.

139 977 35 21 De
189 978 7 20 i
212 978 12 20 3
240 978 12 27 $
268 978 30 20 uti
314 977 41 21 den
370 976 80 28 nådiga
467 977 160 29 propositionen
646 976 106 29 ingående
768 978 58 21 stad-

71 1012 99 28 gandena
182 1020 33 13 om
226 1011 134 22 förfarandet
369 1011 28 21 då
407 1011 86 22 fordran
505 1013 93 25 utmätts,
608 1018 46 15 som
664 1011 102 29 gäldenär
777 1020 50 20 eger

71 1046 39 22 hos
128 1054 75 19 annan,
224 1046 71 27 hafva,
318 1046 71 22 såsom
411 1046 94 28 framgår
526 1046 22 22 af
571 1046 118 21 motiverna
710 1046 32 21 till
754 1046 71 29 lagbe-

71 1081 129 28 redningens
224 1082 7 20 i
245 1080 124 23 hufvudsak
391 1080 137 29 likalydande
546 1080 116 29 lagförslag
677 1082 7 20 i
700 1080 71 22 denna
785 1081 41 27 del,

71 1116 109 28 upptagits
202 1116 35 21 för
250 1119 32 18 att
303 1115 134 22 förekomma
451 1119 32 18 att
505 1116 59 28 dylik
579 1115 87 21 fordran
682 1119 57 17 emot
753 1115 73 29 gälde-

72 1152 76 20 närens
171 1151 51 28 vilja
236 1158 78 20 genom
336 1150 102 22 exekutiv
460 1150 126 28 försäljning
608 1150 170 28 bortslumpades
793 1150 34 21 till

72 1186 116 27 underpris.
213 1185 74 28 Enligt
302 1184 124 22 Utskottets
441 1185 86 27 mening
542 1184 68 21 skulle
627 1184 56 21 dock
697 1184 130 28 rättigheten

72 1219 35 21 för
122 1219 128 28 gäldenären
272 1221 32 19 att
319 1220 101 19 motsätta
443 1219 32 28 sig
496 1218 135 28 fordringens
654 1218 130 28 försäljande
799 1218 28 29 pä

72 1253 94 27 auktion,
188 1253 138 28 hvarigenom
349 1253 43 21 han
407 1254 7 19 i
429 1253 77 28 mänga
526 1253 37 21 fall
580 1253 71 20 kunde
674 1253 66 27 draga
755 1252 72 22 undan

72 1288 132 27 borgenären
227 1289 33 19 sin
275 1287 105 21 måhända
402 1287 55 21 enda
477 1287 95 28 tillgång,
590 1287 48 21 icke
654 1287 35 21 väl
704 1287 123 28 sammangä

73 1322 48 21 med
138 1322 141 28 borgenärens
294 1322 106 28 naturliga
422 1323 43 20 rätt
480 1324 31 19 att
524 1322 35 21 för
578 1322 33 20 sin
626 1321 87 21 fordran
728 1321 39 21 hos
782 1322 45 27 gäl-

73 1356 94 20 denären
182 1357 59 27 njuta
256 1356 110 27 betalning
387 1363 25 13 ur
426 1356 53 20 hans
500 1356 109 26 egendom,
625 1357 54 19 samt
694 1355 133 27 borgenären

74 1389 130 29 obehörigen
224 1390 125 28 uppehällas
364 1390 7 20 i
387 1389 71 21 denna
480 1390 32 20 sin
527 1391 48 25 rätt,
597 1396 33 14 om
646 1388 48 27 han,
709 1389 34 21 för
758 1392 32 18 att
803 1388 24 22 fä

72 1424 34 21 till
120 1424 57 28 godo
192 1426 51 26 göra
266 1425 32 27 sig
317 1423 140 29 gäldenärens
480 1422 162 30 ifrägavarande
663 1422 94 28 fordran,
772 1423 55 22 först

74 1466 51 15 vore
140 1461 95 26 tvungen
258 1461 31 19 att
304 1459 85 28 besörja
403 1466 36 14 om
461 1458 49 22 dess
524 1458 143 26 indrifvande,
682 1458 84 22 hvilket
781 1458 46 22 ofta

142 1499 130 23 Lagutskottets
284 1498 110 19 betänkande
406 1498 37 18 N:o
456 1498 17 18 5.

839 980 32 22 83
