1039 1720
331 131 28 23 U.
375 132 26 23 B.
417 145 27 3 —
460 133 72 28 Prop.
552 133 40 24 N:o
608 133 21 23 7.
796 135 25 21 41

304 212 91 28 derefter
405 214 85 20 antalet
502 213 127 28 bolagsmän
637 214 58 28 ånyo
704 214 148 28 uppbringadt

305 246 35 21 till
352 248 31 20 tre
392 248 52 20 eller
453 248 57 27 flere,
521 248 105 27 vidtage
640 248 140 27 styrelsen
794 249 58 26 oför-

304 281 106 27 dröjligen
424 281 78 28 åtgärd
516 289 35 13 om
566 282 93 27 bolagets
674 282 112 28 brytande,
808 282 44 21 vid

304 314 132 29 äfventyr
460 318 39 19 att
522 316 40 27 de,
586 323 52 14 som
659 316 60 21 med
739 316 112 28 vetskap

304 356 41 14 om
370 350 192 26 förhållandet
587 350 66 28 ingå
677 350 174 28 förbindelse

304 384 9 20 i
328 384 120 27 bolagets
462 392 94 20 namn,
571 392 80 14 svara
666 385 42 27 för
722 385 54 21 den
790 385 59 27 för-

305 418 123 21 bindelse
440 426 30 14 en
484 420 43 27 för
541 420 59 20 alla
616 420 48 21 och
676 420 59 21 alla
750 420 48 27 för
813 427 36 14 en.

548 524 26 19 41
588 523 22 27 $.

374 585 128 28 Syssloman
516 593 62 14 svare
592 586 36 27 för
642 585 59 28 fulla
716 586 96 27 beloppet
826 587 25 27 af

303 619 74 27 skada,
389 627 47 13 som
450 620 36 27 för
501 620 82 27 bolaget
597 620 79 21 vållats
691 620 29 27 af
730 620 57 21 hans
801 621 47 27 för-

303 654 115 21 summelse
440 654 50 21 eller
506 656 46 19 mot
567 655 35 26 lag
617 655 51 20 eller
683 655 167 27 bolagsordning

303 688 111 21 stridande
435 688 77 27 åtgärd
525 689 10 20 i
550 689 94 27 bolagets
665 689 184 27 angelägenheter.

304 717 54 26 Äro
373 723 27 20 de
415 722 73 28 flere,
503 730 51 14 som
566 723 98 20 skadan
674 723 92 26 vållat,
776 730 75 15 svare

304 757 30 20 de
355 764 32 13 en
407 757 44 27 för
465 757 58 21 alla
546 757 49 21 och
617 758 62 20 alla
700 757 42 28 för
761 765 33 14 en
810 757 41 28 för

304 791 59 21 dess
381 792 137 26 gäldande.

543 889 31 20 42
588 889 20 27 $.

373 947 32 25 Är
414 952 10 20 i
439 952 194 27 bolagsordningen
648 951 23 21 åt
686 952 103 20 särskildt
802 952 47 27 för-

304 986 153 27 valtninysråd
481 986 50 21 eller
555 986 23 20 åt
602 986 24 21 de
648 986 10 20 i
674 986 31 20 26
720 986 14 27 $
755 986 96 21 nämnde

302 1021 202 27 granskningsmän
526 1021 120 27 uppdraget
664 1022 33 19 att
711 1020 9 21 i
735 1020 59 21 vissa
808 1020 44 28 fall

303 1056 111 26 företräda
420 1055 88 27 bolaget,
513 1055 163 21 sammankalla
682 1054 169 28 bolagsstämma

304 1090 51 21 eller
364 1090 49 27 eljes
421 1089 128 27 handhafva
562 1089 93 27 bolagets
666 1089 183 27 angelägenheter,

305 1124 62 21 lände
382 1124 36 27 för
432 1124 80 20 sådant
525 1123 43 27 fall
583 1123 34 21 till
632 1123 146 27 efterrättelse,
793 1122 59 22 hvad

304 1158 9 21 i
327 1158 72 21 denna
415 1158 35 27 lag
465 1160 35 18 om
514 1158 123 27 sysslomän
652 1159 26 19 är
692 1157 106 27 stadgadt.

532 1232 13 20 4
560 1231 64 21 KAP.

386 1289 44 23 Om
446 1289 150 27 aktiebolags
612 1288 156 28 upplösning.

375 1412 60 22 Skall
455 1413 120 27 aktiebolag
597 1412 68 28 enligt
688 1412 36 28 lag
746 1412 51 20 eller
816 1412 34 20 be-

304 1447 113 27 stämning
432 1448 8 20 i
457 1447 195 28 bolagsordningen
668 1446 80 28 brytas,
764 1446 51 21 eller
824 1448 27 19 är

167 1488 48 22 Lag-
227 1488 32 17 och
272 1487 179 18 Ekonomiutskottets
464 1487 108 18 betänkande
584 1486 38 18 N:o
634 1487 18 17 2.
