1039 1717
225 141 28 21 32

422 140 29 21 U.
467 139 27 22 B.
510 152 27 3 —
552 138 74 28 Prop.
642 138 44 26 N:o
703 138 20 22 7.

401 207 97 21 sådant
520 208 88 20 beslut
629 206 149 27 erfordras,
798 206 90 20 derest
902 204 49 28 ej
940 200 16 38 i

403 240 239 28 bolagsordningen
655 242 26 18 är
689 239 179 21 annorlunda
878 238 70 28 före-

401 276 125 27 skrifvet,
554 277 40 19 att
617 276 90 20 röster
730 274 43 28 för
797 273 83 21 minst
904 272 47 22 två

402 310 168 27 tredjedelar
589 309 32 28 af
637 310 43 20 det
704 309 7 21 å
729 310 135 20 stämmun
879 307 69 28 före-

402 345 93 21 trädda
519 344 219 28 aktiekapitalet
761 343 45 28 för
831 342 121 21 beslutet

401 379 136 28 afgifviis.

469 414 46 20 För
537 414 125 26 bolagsman
686 412 164 21 tillkommande
877 412 71 21 utdel-

401 447 143 28 ningsbelopp
555 448 62 27 njute
627 447 45 20 han
684 449 44 18 mot
739 447 83 27 bolaget
833 446 117 27 borgenärs

401 484 49 19 rätt.

642 578 31 21 23
687 578 20 27 $.

470 636 190 27 Bolagsmännens
676 635 171 21 beslutanderätt
861 635 11 20 i
886 635 61 21 bola-

399 672 46 25 gets
465 671 178 26 angelägenheter
662 669 88 28 utöfvas
767 669 10 20 i
792 669 94 29 enlighet
900 669 49 21 med

401 704 72 21 denna
489 705 35 26 lag
545 704 37 21 och
599 703 195 28 bolagsordningen
808 703 38 21 vid
862 703 85 21 behöri-

399 745 42 20 gen
456 739 69 26 utlyst
540 738 168 27 bolagsstämma
723 737 29 28 af
762 737 25 22 de
802 738 76 20 dervid
892 739 54 19 när-

403 773 94 20 varande
519 772 153 28 aktieegarene.
707 772 59 21 Dock
788 779 50 14 vare
862 772 85 28 bolags-

400 809 98 18 männen
518 807 94 27 obetaget
633 808 33 19 att
683 807 66 26 äfven
771 806 128 21 annorledes
918 808 30 19 än

401 841 37 21 vid
456 841 167 27 bolagsstämma
641 841 9 20 i
666 841 231 27 bolagsangelägenhet
911 841 36 20 be-

400 875 65 27 sluta,
481 876 96 27 säframt
590 875 25 21 de
629 875 101 28 samtlige
746 875 70 28 blifva
829 881 35 15 om
875 874 71 22 beslu-

401 911 28 20 tet
444 917 56 14 ense.

642 1008 29 19 24
686 1007 20 27 $.

473 1070 42 21 Vid
534 1071 169 27 bolagsstämma
725 1071 133 21 tillkommer
873 1071 75 28 hvarje

400 1105 127 28 bolagsman
541 1105 69 20 minst
624 1112 27 13 en
666 1107 50 24 röst,
731 1105 39 21 och
784 1105 38 22 må
836 1105 113 22 målsman

398 1139 36 28 för
455 1139 119 27 aktieegare
595 1139 45 21 icke
665 1139 130 28 förhindras
816 1141 34 20 att
870 1140 78 27 utöfva

399 1173 54 21 hans
468 1175 95 20 rösträtt.
582 1175 2 2 "

465 1208 16 20 I
499 1207 69 28 öfrigt
587 1209 57 26 gälle
665 1215 34 14 om
714 1208 121 27 utöfvande
850 1209 28 26 af
889 1210 57 19 röst-

398 1243 46 20 rätt
459 1242 38 21 och
511 1242 100 27 fattande
626 1242 29 27 af
667 1242 68 22 beslut
745 1243 14 20 ä
770 1243 176 27 bolagsstämma,

397 1275 38 20 der
450 1275 21 27 e
484 1275 11 20 i
509 1275 196 27 bolagsordningen
721 1276 73 26 finnes
804 1276 143 21 annorlunda

399 1308 116 21 bestämdt:

466 1344 34 20 att
517 1343 127 28 bolagsman
659 1350 47 21 eger
721 1344 46 21 lika
781 1344 82 28 många
878 1346 69 20 röster

397 1384 47 14 som
459 1377 80 27 aktier;

463 1414 34 20 att
506 1412 151 28 frånvarande
667 1413 131 28 aktieegares
808 1416 92 19 rösträtt
908 1414 39 22 må

396 1454 78 20 genom
489 1448 80 20 ombud
583 1447 99 28 utöfvas;

262 1485 47 23 Lag-
321 1486 33 18 och
366 1486 182 19 Ekonomiutskotteis
560 1487 111 18 betänkande
684 1489 36 17 N:o
733 1488 17 17 2.
