1045 1714
329 140 24 22 U.
369 140 23 22 B.
414 153 18 3 —
451 141 64 28 Prop.
531 141 37 22 N:o
584 140 19 22 8.
785 141 26 21 21

89 205 45 21 den
152 208 25 18 är
192 204 81 22 endast
288 210 62 17 emot
364 205 124 22 utländske
505 205 242 28 försäkringsgifvare,
760 207 34 20 att
805 205 36 22 till

89 239 77 21 desses
185 239 97 21 nackdel
300 240 109 20 orättvist
424 239 92 29 ingripa
530 240 9 21 i
554 240 174 21 konkurrensen
743 239 98 21 emellan

89 273 51 20 dem
150 273 43 21 och
205 273 43 21 den
259 273 121 21 inhemska
390 273 329 28 försäkringsverksamheten.
738 273 36 21 En
782 273 59 28 följd

89 306 67 22 häraf
169 306 78 22 kunde
263 307 110 28 möjligen
389 307 72 22 blifva
477 308 51 25 den,
544 310 34 19 att
593 307 124 22 utländska
728 307 69 28 bolag
807 308 34 20 in-

89 341 70 28 droge
175 341 51 21 sina
240 341 141 21 härvarande
397 345 123 24 agenturer
535 341 42 22 och
595 341 97 22 sälunda
708 341 44 22 den
768 341 74 22 hälso-

88 383 87 14 samma
189 375 78 28 täflan,
283 383 49 14 som
347 376 29 28 pä
390 375 63 22 detta
465 375 91 22 omräde
567 376 41 21 bör
618 376 175 28 upprätthällas,
805 376 36 21 till

87 409 267 29 försäkringstagarenes
371 409 71 22 skada
457 410 127 28 försvagas.

155 444 123 22 Utskottet
296 444 42 21 har
353 444 128 22 emellertid
502 444 37 22 för
554 445 36 21 sin
605 445 37 21 del
657 445 8 21 i
681 445 89 28 princip
787 444 54 29 god-

88 479 56 20 känt
163 486 28 14 en
211 479 85 21 allmän
315 479 152 28 beskattning
484 479 26 22 af
522 479 198 29 försäkringsbref
733 479 41 22 och
791 479 49 21 der-

87 512 52 22 med
154 513 113 21 likartade
283 513 134 22 kvittanser.
448 514 46 21 Det
509 514 94 28 kapital,
619 521 48 14 som
679 513 161 28 försäkringen

87 547 61 22 afser
170 550 35 19 att
227 547 95 29 skydda,
345 547 124 22 förefinnes
489 549 111 27 antingen
615 549 72 21 redan
709 549 75 21 säsom
802 548 38 21 be-

87 582 77 22 hällen
183 582 167 29 förmögenhet,
368 595 29 4 —
416 583 25 21 sä
460 586 17 19 t.
494 591 33 14 ex.
547 583 40 21 vid
609 583 82 22 brand-
707 583 43 22 och
767 586 73 19 trans-

87 617 192 28 portförsäkring,
295 630 27 3 —
342 617 56 22 eller
413 617 103 22 befinner
532 617 39 22 det
586 619 37 27 sig
637 617 74 22 under
725 618 114 28 bildning,

87 652 25 21 sä
130 655 15 19 t.
165 659 35 14 ex.
222 651 40 22 vid
280 651 38 22 lif-
344 652 42 21 och
410 651 227 30 kapitalförsäkring.
667 652 36 21 En
727 652 64 21 skatt
808 653 29 28 pä

86 685 199 29 försäkringsbref
302 686 90 21 komme
412 686 98 22 sälunda
528 686 100 22 faktiskt
643 689 34 19 att
692 687 57 28 utgä
764 687 75 21 säsom

87 728 28 14 en
139 720 101 22 indirekt
262 720 244 29 förmögenhetsskatt,
525 721 8 21 i
551 722 48 21 viss
617 722 53 21 män
689 723 34 20 att
738 721 102 22 förlikna

87 755 40 22 vid
142 755 151 28 beskattning
308 755 26 22 af
346 755 215 29 depositionsbevis,
578 755 43 22 och
636 755 39 22 det
689 759 24 18 är
727 763 27 14 ur
764 755 76 22 denna

87 789 121 29 synpunkt
230 790 127 21 utskottets
380 790 117 28 majoritet
516 792 58 19 trott
590 791 36 27 sig
642 790 54 21 böra
711 789 85 22 föreslä
811 798 29 13 en

87 824 71 21 sädan
181 823 156 29 beskattning.
368 824 88 21 Härvid
475 824 41 21 har
534 825 114 21 utskottet
663 824 79 21 funnit
757 824 84 28 nödigt

86 861 35 19 att
135 858 108 29 särskilja
258 858 37 21 lif-
305 858 43 22 och
359 858 263 29 egendomsförsäkring,
633 858 64 22 detta
706 858 70 22 redan
787 859 52 20 med

87 893 90 28 hänsyn
192 892 38 22 till
245 892 44 22 den
305 893 63 22 olika
383 893 89 28 kutym,
489 901 49 14 som
553 893 63 22 inom
630 893 67 21 dessa
715 893 62 22 olika
795 893 44 21 för-

87 927 191 28 säkringsgrenar
288 927 68 28 följes
367 927 43 22 och
421 927 74 22 delvis
506 929 72 20 mäste
589 927 69 28 följas
669 927 51 23 med
731 927 108 22 afseende

86 963 13 20 ä
109 962 44 21 den
164 961 125 30 tidslängd,
300 962 36 21 för
346 962 96 21 hvilken
452 961 162 30 försäkringen
625 964 72 26 tages.
718 963 37 20 En
765 965 74 18 trans-

85 996 184 29 portförsäkring
291 997 73 28 gäller
388 996 83 23 endast
493 997 45 22 den
561 999 118 26 transport
705 997 55 22 eller
782 1004 57 19 resa,

87 1039 48 14 som
151 1031 8 21 i
174 1031 236 28 försäkringsbrefvet
425 1035 104 24 nämnes;
546 1039 28 14 en
590 1031 206 28 brandförsäkring
807 1030 32 22 af-

86 1066 73 21 slutas
178 1065 7 22 i
204 1066 79 28 regeln
305 1073 41 21 per
364 1066 30 25 år,
410 1066 83 21 medan
508 1066 102 21 deremot
625 1065 40 22 vid
680 1065 159 28 lifförsäkring

85 1100 75 21 likasä
174 1100 8 21 i
197 1100 80 28 regeln
293 1100 39 21 det
349 1101 165 28 ursprungliga
532 1100 235 29 försäkringsbrefvet
782 1102 56 19 utan

85 1133 118 29 förnyelse
214 1133 44 22 blir
268 1133 113 28 gällande.
400 1133 123 23 Utskottet
533 1134 41 21 har
584 1134 82 27 tillika,
677 1134 37 21 till
724 1133 114 22 förekom-

85 1167 83 23 mande
185 1167 26 23 af
218 1171 35 18 att
261 1168 75 21 denna
346 1168 152 29 beskattning
508 1168 77 21 kunde
596 1168 135 21 hämmande
742 1167 97 22 inverka

85 1203 30 28 pä
130 1202 45 22 den
190 1203 9 21 i
212 1203 51 20 värt
277 1202 55 21 land
341 1205 62 19 ännu
413 1210 71 21 svaga
496 1203 42 21 och
548 1203 32 21 all
591 1209 92 22 omsorg
692 1201 146 30 förtjenande

85 1236 298 29 försäkringsverksamhet,
399 1237 127 28 föreslagit,
550 1239 34 19 att
609 1237 128 28 afgifterna
762 1235 76 22 blefve

86 1271 84 22 ställda
188 1271 118 28 möjligast
321 1271 101 29 lindriga
437 1271 42 22 och
495 1274 34 19 att
544 1271 34 27 de,
594 1271 37 22 till
648 1270 151 23 förenklande
815 1270 26 21 af

86 1305 167 28 debiteringen,
279 1305 8 21 i
309 1305 65 28 fråga
400 1313 36 14 om
457 1305 63 22 såväl
546 1305 38 21 lif-
607 1313 48 14 som
678 1304 160 22 hbrandförsäk-

85 1340 54 27 ring
153 1339 98 28 utginge
266 1339 52 20 med
334 1339 60 21 blott
409 1343 11 18 3
434 1339 76 21 skilda
520 1339 181 28 stämpelbelopp
712 1338 58 21 efter
781 1341 57 18 stor-

85 1373 68 21 leken
176 1373 26 21 af
218 1373 27 21 de
261 1380 107 20 summor,
384 1373 71 21 hvarä
470 1373 241 28 försäkringsbrefven
727 1371 110 22 utfärdas.

85 1407 34 22 Pä
134 1407 95 22 anförda
250 1407 49 22 skäl
321 1406 36 23 fär
372 1407 116 22 utskottet
503 1407 96 22 sälunda
614 1407 90 26 föreslä,
720 1409 34 19 att
769 1406 68 29 afgif-

85 1445 66 19 terna
166 1441 71 23 borde
252 1444 89 26 utgöra,

154 1483 215 22 Bevillningsutskottets
382 1481 116 19 betänkande
511 1482 35 18 N:o
559 1483 16 17 4.
