1025 1714
203 125 27 20 26
507 122 44 24 N:o
572 124 23 22 4.

241 191 103 22 Kommer
366 191 70 26 någon
460 189 53 22 efter
535 189 150 26 utmätningen
701 189 48 20 med
765 187 100 28 anspråk,
881 193 46 15 som

174 233 29 15 nu
226 228 24 19 är
273 225 70 28 sagdt,
367 231 51 14 vare
433 224 37 21 det
485 225 17 26 ej
518 224 76 21 hinder
608 223 34 21 för
657 222 200 27 verkställighetens
873 221 54 21 slut-

173 260 96 27 förande,
286 260 37 21 der
339 259 18 27 ej
374 259 163 21 öfverexekutor
553 257 135 22 annorlunda
703 256 121 22 förordnar.
844 255 83 22 Varder

175 295 47 26 den,
239 301 45 16 som
300 294 117 27 anspråket
432 293 70 27 väckt,
519 293 22 22 af
553 293 164 22 öfverexekutor
731 291 105 22 hänvisad
852 292 32 20 att
894 290 33 22 sin

175 329 58 22 talan
250 329 53 22 efter
319 328 108 27 stämning
442 327 78 27 utföra,
537 327 68 28 åligge
620 327 79 20 honom
715 327 33 20 att
762 326 57 21 inom
834 327 34 19 tre
883 325 44 21 må-

175 363 67 22 nader
262 363 94 22 derefter
371 364 97 25 stämma,
484 362 36 21 vid
535 361 104 27 äfventyr,
655 367 46 16 som
716 360 59 22 förut
792 361 24 20 är
831 359 96 22 nämndt.

243 398 43 21 Vill
304 397 134 28 borgenären
457 396 49 29 sjelf
519 398 97 25 stämma,
636 395 78 22 stånde
729 395 37 21 det
780 395 78 21 honom
874 393 53 22 fritt.

522 461 23 20 11
563 459 19 28 8.

244 501 40 22 Om
299 501 73 22 makes
387 503 47 19 rätt
449 502 33 20 att
498 500 34 21 vid
547 500 122 27 utmätning
685 499 126 27 undantaga
826 499 102 26 egendom

175 537 55 28 gälle
252 537 57 21 hvad
331 537 103 21 särskildt
457 539 24 19 är
500 536 108 27 stadgadt.
640 535 39 22 Om
696 535 122 27 utmätning
834 535 22 21 af
869 534 60 28 gods,

175 572 89 21 hvarom
278 572 8 21 i
301 572 26 21 37
345 571 11 28 $
372 572 95 27 sjölagen
482 571 105 26 förmäles,
603 577 52 15 vare
669 571 36 26 lag
720 576 46 15 som
782 569 38 22 der
835 571 55 26 sägs.

523 635 26 20 12
565 634 18 28 $.

243 675 46 21 Har
311 675 71 27 nägon
405 676 100 25 panträtt
520 675 6 21 i
541 674 114 27 gäldenärs
677 675 47 21 lösa
746 674 53 27 gods
819 674 50 21 eller
885 674 44 21 rätt

177 711 33 20 att
232 709 79 22 sädant
333 709 52 28 gods
401 709 33 22 till
449 709 100 22 säkerhet
564 709 33 22 för
612 709 33 22 sin
660 708 88 23 fordran
765 709 115 27 gvarhälla,
896 708 34 21 mä

176 744 75 22 hinder
267 744 62 21 deraf
343 745 17 26 ej
380 746 59 19 möta
453 744 33 21 för
502 744 86 27 godsets
604 743 126 22 utmätande
746 743 39 22 och
800 742 129 29 försäljande

176 779 33 21 för
226 785 72 16 annan
314 779 142 27 gäldenärens
471 779 72 26 skuld;
560 779 39 22 och
614 779 61 26 njute
690 778 68 21 sädan
769 779 106 26 borgenär
885 778 46 21 rätt

177 813 32 22 till
230 813 111 28 betalning
363 820 26 14 ur
411 813 175 28 köpeskillingen,
611 812 90 22 säframt
726 812 42 22 han
794 813 73 21 derom
892 811 39 22 hos

177 848 227 27 utmätningsmannen
419 847 46 22 före
480 849 88 26 utropet
582 847 108 22 framstält
700 847 103 27 yrkande.
825 847 47 21 Har
882 846 49 22 bor-

176 883 94 26 genären
294 881 131 28 egendomen
448 882 69 21 säsom
535 883 55 26 pant
605 881 52 22 eller
671 881 61 28 eljest
747 882 69 21 under
832 882 99 27 panträtt

176 917 7 21 i
199 916 99 27 handom,
315 916 54 22 skall
386 916 60 26 dock,
463 916 37 21 der
515 917 43 21 han
573 916 46 21 icke
635 916 59 27 nöjes
705 918 33 19 att
748 916 34 21 för
792 916 139 27 betalningen

176 951 57 21 hälla
249 951 32 27 sig
296 951 32 21 till
343 950 170 28 köpeskillingen
529 951 39 21 och
583 951 17 26 ej
617 950 66 21 heller
698 950 38 22 full
751 951 59 21 lösen
826 950 33 21 för
877 956 54 21 pan-

177 987 36 20 ten
229 985 72 28 gifves,
321 985 154 26 försäljningen
491 985 37 21 ske
543 985 48 21 med
606 984 148 22 bibehällande
770 984 23 21 af
805 983 126 28 panthafva-

177 1025 50 16 rens
249 1021 55 24 rätt;
329 1019 39 21 och
390 1025 51 14 vare
463 1019 43 21 han
522 1019 27 21 dä
564 1019 46 21 icke
625 1018 76 28 pligtig
717 1020 33 20 att
764 1019 72 21 lemna
850 1020 81 25 panten

177 1053 55 23 ifrän
248 1054 38 27 sig.

245 1088 24 27 Ej
294 1094 37 21 ege
354 1087 156 28 panthafvaren
532 1089 65 26 vägra
621 1088 32 20 att
668 1089 52 26 taga
735 1088 66 26 lösen,
818 1087 28 22 dä
860 1087 47 26 den,
925 1088 7 21 i

177 1122 37 22 fall
229 1129 46 16 som
290 1129 29 15 nu
337 1124 24 19 är
376 1122 62 27 sagdt
454 1122 51 25 eller
520 1122 53 21 efter
589 1122 36 21 det
640 1121 127 28 försäljning
778 1122 64 26 skett,
853 1121 78 22 honom

177 1157 82 28 bjudes,
281 1157 56 22 ändä
356 1158 33 20 att
408 1157 54 22 hans
477 1157 88 21 fordran
581 1157 17 27 ej
615 1158 24 20 är
654 1157 33 21 till
701 1157 111 26 betalning
827 1156 104 22 förfallen.

526 1221 24 20 13
567 1220 18 27 $.

247 1261 78 20 Pästär
348 1260 78 26 nägon,
448 1260 85 20 hvilken
554 1260 17 25 ej
588 1259 40 21 har
643 1260 68 20 sädan
727 1261 52 24 rätt,
795 1265 46 15 som
856 1260 7 20 i
881 1261 24 19 12
921 1260 11 26 $

179 1296 65 25 sagts,
268 1294 32 26 sig
315 1299 40 21 ega
369 1293 142 21 förmänsrätt
526 1293 33 21 till
573 1293 110 27 betalning
699 1299 26 15 ur
740 1293 114 26 gäldenärs
870 1299 63 21 egen-

179 1329 54 26 dom,
255 1334 50 15 vare
321 1327 37 22 det
376 1328 16 27 ej
409 1327 76 22 hinder
499 1327 33 22 för
547 1327 142 28 egendomens
705 1328 127 21 utmätande
847 1328 33 21 för
896 1334 37 15 an-

178 1369 43 16 nan
236 1363 56 28 gäld.
323 1363 24 28 Ej
364 1363 66 21 heller
445 1363 35 21 mä
495 1362 113 28 egendoms
624 1363 128 22 utmätande
766 1362 89 23 hindras
867 1362 65 27 deraf,

179 1400 33 21 att
235 1398 40 22 den
297 1397 69 23 blifvit
380 1397 78 28 belagd
473 1398 48 21 med
537 1398 103 27 gvarstad
656 1398 50 22 eller
722 1397 211 29 skingringsförbud;

179 1434 54 21 dock
255 1433 45 27 bör,
324 1433 39 22 der
385 1435 67 20 annat
467 1433 52 28 gods
534 1432 69 23 finnes
619 1434 33 21 att
667 1433 67 27 tillgä,
750 1433 78 22 sädant
843 1433 91 22 företrä-
