1025 1720
217 144 26 20 28
414 143 28 21 U.
457 142 28 22 B.
502 155 26 2 —
544 143 73 26 Prop.
634 143 41 20 N:o
691 142 24 21 4.

187 210 69 26 lande,
269 212 23 19 är
301 210 94 28 köparen
407 210 84 27 skyldig
503 213 31 18 att
544 211 43 20 låta
598 210 40 21 den
655 209 27 29 pä
698 210 26 21 de
740 211 6 20 i
761 209 182 29 försträcknings-

188 244 75 21 aftalet
281 243 110 22 bestämda
412 244 69 21 vilkor
496 245 5 20 i
519 244 132 29 egendomen
665 244 86 21 innestä
765 245 7 20 i
787 243 113 28 afräkning
915 243 28 29 pä

188 278 177 28 köpeskillingen,
387 278 64 21 äfven
475 286 34 13 om
531 279 42 20 han
594 278 67 21 funne
684 278 37 21 det
736 285 51 14 vara
802 278 34 21 för
851 279 32 26 sig
899 278 44 21 för-

188 312 115 29 mänligare
319 313 52 20 eller
385 313 100 28 lägligare
501 316 31 18 att
548 313 131 21 omedelbart
693 320 77 20 genom
786 313 109 27 betalning
905 312 38 21 fri-

190 349 51 26 göra
257 347 132 28 egendomen
405 347 46 21 från
468 347 70 22 denna
553 347 130 28 inteckning.

257 382 36 21 Nu
316 382 93 21 nämnda
426 382 112 21 föreskrift
552 383 62 27 utgör
630 390 26 13 en
670 382 123 28 ytterligare
809 382 135 28 tillämpning

190 415 22 21 af
234 416 44 20 ofta
302 416 121 26 omordade,
444 417 6 19 i
473 418 132 26 panträttens
666 415 54 21 ende
744 416 100 28 liggande
864 415 79 29 grund-

189 452 73 24 satser,
284 452 32 19 att
338 458 73 14 senare
434 450 151 28 panthafvares
608 450 127 28 tilleörande
755 450 34 21 för
803 450 102 21 utfäende
921 450 24 21 af

189 486 32 19 sin
242 484 88 22 fordran
353 485 48 21 icke
423 485 34 21 fär
479 485 87 28 menligt
588 485 88 21 inverka
692 484 28 29 pä
735 492 26 14 en
776 484 90 28 tidigare
882 488 62 25 pant-

188 518 100 22 hafvares
311 520 43 20 rätt
376 522 54 18 samt
453 522 31 18 att
507 519 69 21 denna
599 521 42 19 rätt
656 521 22 19 är
694 519 120 21 oberoende
829 519 77 28 jemväl
922 518 23 22 af

189 553 73 28 hvarje
284 553 85 28 ombyte
392 554 23 20 af
437 561 62 20 egare
522 554 32 20 till
577 554 37 21 det
628 556 108 25 pantsatta
751 553 118 22 föremälet.
899 552 44 22 För

189 587 65 28 öfrigt
270 588 123 21 ankommer
407 589 22 27 ju
444 588 27 28 pä
487 588 47 26 den,
550 596 44 14 som
610 588 12 21 å
638 588 87 22 auktion
744 588 123 28 spekulerar
878 588 28 28 pä
917 595 26 14 en

190 622 107 28 fastighet,
308 625 31 18 att
350 623 99 28 antingen
461 623 129 22 underkasta
602 624 33 27 sig
647 623 51 21 eller
710 623 48 22 icke
769 623 128 21 underkasta
911 623 33 28 sig

190 656 26 21 de
231 657 75 26 vilkor,
322 657 35 28 lag
371 657 140 22 föreskrifver
526 657 51 22 eller
592 658 136 27 sakegarene,
744 658 32 21 till
791 657 82 22 hvilkas
886 657 57 22 antal

189 691 42 21 han
254 692 18 27 ej
295 691 45 28 hör,
363 692 54 21 finna
440 692 97 28 lämpligt
560 692 124 21 derutöfver
706 692 121 21 bestämma.
849 705 27 2 —
892 692 53 21 Men

190 726 64 21 äfven
276 726 97 22 fränsedt
391 727 41 20 den
455 727 96 28 rättsliga
566 727 60 20 sidan
642 727 23 20 af
679 727 72 26 saken,
767 727 54 21 skall
836 726 37 21 det
887 727 35 21 väl
937 727 7 20 i

190 760 26 21 de
237 761 60 20 flesta
312 761 38 21 fall
366 769 50 13 vara
431 761 67 21 ocksä
513 761 33 22 för
561 761 94 29 köparen
671 761 148 28 förmänligast
829 764 32 18 att
873 761 71 22 öfver-

189 798 49 25 taga
254 795 27 21 de
300 795 49 22 bäst
364 795 112 28 placerade
492 795 181 29 inteckningarna,
689 796 72 21 hvilka
777 796 66 27 enligt
859 796 32 20 sin
907 803 39 14 na-

190 832 34 18 tur
244 829 67 22 mäste
334 830 87 27 betinga
442 837 26 14 en
488 830 154 27 jemförelsevis
658 830 60 28 billig
733 832 66 24 ränta,
815 831 40 20 och
870 833 31 18 att
917 830 27 28 pä

190 867 64 17 annat
280 863 42 21 häll
348 865 51 27 göra
421 864 46 21 sina
489 871 59 21 egna,
570 864 123 28 härigenom
716 864 125 28 ledigblifna
864 864 79 28 kapital

189 898 160 26 fruktbärande,
373 898 87 22 likasom
483 898 36 21 det
541 899 12 21 &
576 898 64 21 andra
666 898 60 21 sidan
750 899 33 20 för
805 898 40 22 den
862 898 81 22 mindre

190 932 152 28 kapitalstarke
366 933 95 28 köparen
476 933 67 21 måste
559 940 51 15 vara
624 933 131 21 välkommet
769 936 31 18 att
815 934 18 27 ej
850 933 94 21 behöfva

190 966 64 22 binda
275 966 47 22 hela
343 968 33 20 sin
398 968 148 28 förmögenhet
568 969 6 19 i
597 968 186 28 fastighetspriset,
806 971 50 17 utan
872 968 72 21 kunna

190 1001 98 21 använda
310 1009 26 13 en
359 1002 33 21 del
418 1002 61 21 deraf
501 1002 31 21 till
555 1002 41 21 den
614 1002 168 28 nyförvärfvade
799 1002 144 28 egendomens

190 1035 108 22 underhäll
322 1036 41 21 och
385 1036 152 22 förbättrande.
567 1036 42 22 För
631 1036 66 28 öfrigt
718 1036 61 22 torde
795 1036 148 21 erfarenheten

188 1070 64 20 hafva
274 1069 119 29 ädagalagt,
418 1073 31 18 att
471 1070 36 22 vid
527 1070 111 21 auktioner
660 1070 60 21 desto
736 1070 65 28 högre
816 1071 44 27 pris
876 1070 68 26 ernäs,

188 1104 23 27 ju
233 1104 81 20 mindre
336 1104 35 20 del
395 1104 22 21 af
441 1104 169 28 köpeskillingen
634 1104 103 20 behöfver
757 1104 90 21 kontant
862 1104 81 22 betalas

190 1137 51 21 eller
255 1138 22 27 ju
292 1138 73 28 längre
381 1138 90 21 anstånd
487 1138 48 21 med
552 1138 136 28 betalningen
704 1138 86 21 lemnas.

258 1171 75 22 Säsom
356 1172 65 21 redan
445 1172 60 21 förut
527 1172 132 26 framhällits,
682 1171 63 28 utgär
759 1172 104 22 hvardera
879 1172 23 21 af
917 1172 26 21 de

189 1213 30 13 nu
234 1205 122 29 föreslagna
372 1206 93 21 ändrade
482 1206 184 28 bestämningarna
682 1207 6 20 i
704 1206 62 28 fräga
781 1214 34 13 om
827 1208 64 19 sättet
903 1206 41 22 och

189 1240 96 21 vilkoren
301 1240 34 21 för
350 1240 126 28 försäljning
491 1240 22 21 af
528 1242 78 20 utmätt
620 1240 44 21 fast
680 1240 104 28 egendom
800 1240 48 22 frän
864 1248 80 14 samma

188 1272 135 28 grundtanke
338 1286 27 2 —
381 1273 27 20 de
427 1273 91 27 tidigare
544 1273 132 28 hypotekens
702 1273 166 22 säkerställande
893 1278 52 23 gent

190 1309 56 18 emot
261 1306 27 21 de
303 1313 80 14 senare.
404 1306 84 21 Endast
502 1307 6 20 i
520 1306 37 21 det
568 1307 38 20 fall
618 1309 32 18 att
662 1307 41 20 den
714 1307 69 21 första
793 1307 151 29 inteekningen

189 1340 24 22 sä
232 1340 47 23 vidt
299 1341 84 29 möjligt
405 1341 34 21 fär
461 1348 63 15 anses
546 1341 70 22 säsom
632 1341 98 29 varaktig
745 1341 41 23 och
801 1342 23 21 af
838 1342 106 29 konjunk-

188 1378 97 18 turernas
308 1376 111 28 vexlingar
441 1375 127 27 oberoende,
588 1376 41 21 kan
645 1376 216 29 fastighetsegarenes
878 1377 66 22 behof

189 1410 23 21 af
226 1418 26 14 en
268 1410 55 22 sund
339 1410 41 22 och
395 1410 60 28 billig
470 1410 70 22 kredit
554 1410 173 22 tillfredsställas.
750 1411 82 29 Hvarje
843 1412 101 21 oberätti-

188 1445 52 28 gadt
255 1444 114 29 gynnande
385 1445 23 21 af
423 1445 26 21 de
465 1452 75 15 senare
556 1445 120 29 hypoteken
693 1446 40 22 och
749 1446 159 22 förfördelande
921 1446 23 23 af

257 1485 130 23 Lagutskotiets
399 1485 110 17 betänkande
522 1486 36 17 N:o
572 1486 16 17 5.
