1025 1714
213 155 24 20 12
405 153 29 22 U.
450 154 28 21 B.

537 153 73 28 Prop.
627 154 40 21 N:o
683 154 24 21 4.

182 221 63 28 jemte
269 221 37 21 det
327 221 41 22 den
390 222 6 20 i
412 222 40 21 och
467 221 35 21 för
517 222 33 27 sig
565 229 42 20 nog
621 221 132 28 långsamma
768 220 105 22 ordinarie
889 228 50 21 pro-

183 263 73 14 cessen
280 255 73 22 blifvit
375 258 27 19 än
424 256 122 28 ytterligare
568 255 101 29 fördröjd.
700 255 52 22 Med
769 255 102 22 afseende
886 255 52 21 härå

182 290 38 21 har
242 290 36 21 det
300 290 120 29 framlagda
441 291 103 27 förslaget
566 290 49 21 sökt
635 294 37 23 att,
696 290 47 21 med
760 289 129 29 återgående
904 289 34 22 till

184 326 54 20 1734
260 325 33 20 års
309 325 46 27 lags
371 324 137 29 ståndpunkt,
523 325 69 21 införa
609 332 26 13 en
650 324 83 28 verklig
748 323 190 29 urkundsprocess.

182 359 74 28 Enligt
278 359 103 28 förslaget
403 359 33 21 får
458 359 84 22 således
565 367 26 12 en
610 359 106 28 borgenär
731 359 34 20 för
780 358 119 22 utsökande
915 358 23 21 af

182 393 32 20 sin
230 393 86 21 fordran
333 394 18 27 ej
367 394 67 20 anlita
448 393 37 21 det
500 393 173 28 skyndsammare
689 393 41 21 och
745 393 86 20 enklare
840 400 98 20 process-

181 427 134 21 förfarandet
336 427 39 21 hos
399 428 165 21 öfverexekutor
586 428 7 19 i
614 430 65 18 annat
700 427 45 24 fall,
760 429 26 18 än
802 430 32 17 att
848 426 42 21 han
905 427 33 20 till

183 461 48 20 stöd
245 461 35 21 för
294 461 125 28 fordringen
434 461 41 21 kan
491 461 93 29 åberopa
594 461 125 21 skuldebref
729 461 52 21 eller
789 461 66 21 andra
865 461 73 20 skrift-

181 495 43 27 liga
246 495 132 28 handlingar,
400 503 46 14 som
469 496 5 20 i
495 495 41 21 och
550 495 35 22 för
600 495 33 28 sig
648 495 74 22 bevisa
738 495 122 21 densamma
875 496 19 26 (1
911 495 26 27 8);

182 529 40 21 och
237 532 24 18 är
275 529 66 22 sådan
357 529 103 29 handling
475 529 47 22 icke
537 529 78 29 bilagd,
628 530 51 20 eller
690 530 66 21 finnes
766 529 41 22 den
816 529 121 28 åberopade

181 563 130 29 handlingen
335 564 47 21 icke
405 572 51 13 vara
478 563 66 29 något
566 563 93 28 verkligt
681 564 176 28 fordringsbevis,
883 563 55 22 skall

182 598 166 21 öfverexekutor
369 599 134 28 följaktligen
524 602 76 24 genast
621 599 69 20 afvisa
705 598 156 28 lagsökningen
876 599 20 26 (5
912 599 19 26 $)

181 627 32 26 Är
229 632 45 21 åter
288 632 125 28 fordringen
428 632 66 22 sådan
510 636 31 18 att
556 633 41 21 den
613 632 34 21 får
662 633 6 20 i
684 632 181 28 lagsökningsväg
874 634 63 26 göras

181 666 104 28 gällande,
309 666 38 22 bör
369 666 132 28 borgenären
524 670 51 18 utan
597 666 131 29 tidsutdrägt
747 666 83 22 komma
846 668 6 20 i
868 666 70 28 åtnju-

182 700 65 22 tande
269 701 24 21 af
312 702 32 20 sin
360 702 48 25 rätt,
424 701 38 21 der
476 701 47 21 icke
539 702 127 27 gäldenären
681 700 103 22 likaledes
799 701 49 21 med
863 701 74 21 skrift-

183 735 42 28 liga
242 735 59 21 bevis
317 735 80 21 förmår
412 736 73 28 styrka
500 735 26 21 de
542 736 162 27 invändningar,
719 743 76 21 genom
812 736 73 21 hvilka
895 735 42 21 han

183 769 42 21 kan
247 769 61 21 freda
328 770 34 27 sig
376 769 47 21 från
440 770 91 26 krafvet,
546 770 25 21 så
586 770 47 21 vidt
647 770 105 28 nämligen
769 769 63 21 dessa
846 769 91 22 invänd-

183 804 74 28 ningar
277 805 36 20 äro
331 804 23 21 af
370 803 42 22 den
428 804 152 27 beskaffenhet,
596 807 31 19 att
642 804 26 21 de
683 804 144 22 öfverhufvud
844 804 94 22 behöfva

182 838 85 22 bevisas
290 839 34 26 (16
348 839 25 27 $).
403 838 52 22 Men
478 839 23 21 af
516 838 69 22 denna
605 839 155 28 inskränkning
775 840 6 20 i
796 838 141 29 gäldenärens

182 874 43 20 rätt
246 876 31 18 att
299 877 44 17 mot
364 873 86 21 krafvet
464 873 117 21 framställa
597 873 156 29 invändningar
767 874 62 28 följer
844 873 13 21 å
872 874 66 21 andra

183 907 67 27 sidan,
272 910 32 18 att
324 908 37 21 det
378 909 7 20 i
400 908 205 28 lagsökningsmålet
619 908 60 28 gifna
695 908 93 22 beslutet
803 909 17 27 ej
837 908 42 22 kan
894 908 43 22 till-

183 942 104 21 erkännas
310 942 81 22 verkan
411 942 73 21 vidare
500 944 27 20 än
542 942 35 22 för
591 943 260 29 lagsökningsprocessen,
867 943 24 21 så
905 946 32 18 att

183 976 36 21 det
234 976 34 22 väl
285 976 115 29 berättigar
416 976 109 22 sökanden
541 980 32 18 att
586 984 77 20 genom
679 978 114 21 exekution
805 977 132 22 omedelbart

183 1010 79 21 erhålla
277 1010 116 28 betalning,
408 1018 48 14 men
472 1010 95 22 deremot
582 1011 47 21 icke
644 1012 39 20 har
699 1011 109 29 betydelse
823 1012 23 20 af
861 1019 26 14 en
903 1019 33 14 res

177 1044 109 28 Judicata,
309 1045 23 20 af
348 1048 30 18 ett
392 1045 82 27 slutligt
489 1045 118 28 afgörande
623 1046 22 20 af
660 1046 197 21 rättsförhällandet
872 1046 64 21 emel-

182 1078 34 21 lan
232 1083 104 24 parterna.
366 1078 136 22 Gäldenären
518 1080 66 21 måste
600 1079 82 22 således
698 1080 66 21 hafva
779 1080 33 21 för
827 1081 33 27 sig
871 1082 66 26 öppet

182 1115 32 18 att
236 1113 49 21 med
307 1112 138 29 begagnande
466 1114 22 20 af
504 1113 26 21 de
546 1114 136 26 bevismedel,
698 1122 45 14 som
759 1115 67 27 enligt
840 1114 43 21 den
899 1114 38 22 all-

182 1148 77 20 männa
280 1146 242 29 rättegångsordningen
546 1148 72 20 kunna
639 1148 49 21 leda
710 1148 32 21 till
757 1148 53 22 hans
826 1148 111 22 befriande

181 1180 49 21 från
252 1181 121 29 anspråket,
394 1189 47 13 men
464 1181 36 21 vid
523 1182 273 28 lagsökningsförfarandet
817 1184 7 20 i
844 1182 55 28 följd
914 1182 24 22 af

182 1214 48 22 dess
253 1214 94 30 antydda
370 1214 148 22 beskaffenhet
537 1216 48 22 icke
606 1216 43 21 fått
671 1217 95 26 beaktas,
790 1217 35 21 vid
844 1216 93 23 domstol

182 1249 53 19 söka
250 1249 136 27 återvinning
400 1250 24 19 af
438 1249 56 20 hvad
510 1250 78 20 honom
599 1250 72 20 blifvit
681 1251 33 20 till
728 1251 127 27 utgifvande
864 1250 74 28 älagdt

182 1282 33 26 (21
232 1283 25 25 $).
272 1295 27 3 —
314 1282 13 20 I
350 1284 104 19 närmaste
475 1284 152 26 sammanhang
646 1284 48 20 med
710 1284 64 20 dessa
788 1284 149 28 hufvudgrun-

182 1315 38 21 der
234 1315 35 21 för
287 1315 273 29 lagsökningsförfarandet
582 1316 33 22 stä
636 1318 80 20 tvänne
738 1317 134 28 stadganden
887 1318 6 20 i
910 1318 26 21 10

181 1349 54 28 kap.:
255 1352 31 19 att
300 1349 60 22 tiden
374 1349 36 22 för
424 1349 76 29 klagan
517 1349 62 22 öfver
593 1350 175 23 öfverexekutors
784 1352 70 28 utslag
870 1353 5 20 i
891 1351 46 29 lag-

181 1383 146 29 sökningsmäl
342 1383 54 22 skall
411 1384 77 21 räknas
504 1383 48 22 frän
567 1384 41 22 den
625 1384 47 29 dag,
687 1386 93 28 utslaget
795 1386 54 21 efter
861 1386 76 29 anslag

181 1418 105 29 utgifvits,
301 1419 7 20 i
323 1418 53 29 följd
392 1419 76 21 hvaraf
482 1418 42 22 den
543 1419 108 22 vinnande
665 1419 49 22 icke
729 1420 105 22 behöfver
850 1421 87 28 vidtaga

181 1453 42 22 den
238 1453 136 28 betungande
396 1453 40 22 och
456 1453 32 22 till
510 1453 87 29 mycket
611 1454 101 29 uppehäll
727 1455 90 22 ledande
832 1455 104 30 ätgärden

249 1494 130 22 Lagutskottets
392 1493 110 19 betänkande
514 1493 37 19 N:o
564 1495 17 17 5.
