1053 1714
228 154 26 21 38
396 153 81 23 Ständ.
494 153 38 23 Sv.
548 166 25 2 —
590 154 74 27 Prop.
679 154 41 22 N:o
735 153 21 22 4.

550 219 25 21 18
591 219 17 27 8.

267 270 67 21 Tiden
355 270 34 21 för
410 271 116 21 auktionen
547 270 65 21 varde
634 270 23 21 af
670 270 229 22 auktionsförrättaren
914 270 37 21 be-

199 304 77 26 stämd;
296 304 40 22 och
351 304 43 22 låte
410 305 41 21 han
467 305 126 27 kungörelse
609 305 71 21 derom
696 304 39 22 och
751 311 34 15 om
800 304 150 22 auktionsstäl-

199 339 29 21 let
240 339 66 26 jemte
320 339 50 21 kort
386 340 83 26 uppgift
483 346 34 14 om
533 340 142 26 egendomens
690 338 148 22 beskaffenhet
852 339 39 21 och
903 339 47 21 dess

199 373 71 27 värde,
286 373 38 21 der
338 374 112 27 värdering
465 374 66 26 enligt
545 375 14 20 4
573 374 50 26 kap.
637 374 113 26 försiggått
765 374 52 20 eller
827 374 76 20 värdet
913 380 38 15 an-

199 408 97 21 norledes
318 408 89 26 utredts,
423 408 84 27 införas!
523 409 6 21 i
545 409 105 21 allmänna
668 408 135 27 tidningarna
818 410 32 19 tre
865 408 84 27 gånger,

198 442 67 22 första
280 442 82 27 gången
377 443 63 21 minst
455 443 47 27 fyra
516 443 77 21 veckor
609 442 38 22 och
662 443 52 21 sista
728 443 83 27 gången
826 443 63 21 minst
899 442 50 27 fjor-

198 478 37 19 ton
253 476 67 27 dagar
337 476 46 21 före
398 477 175 26 auktionsdagen,
589 476 24 22 så
629 476 39 22 ock
682 477 65 21 minst
762 483 26 15 en
803 477 54 27 gång
873 476 39 22 och
927 476 24 22 så

198 510 68 27 tidigt,
283 517 45 15 som
343 513 72 19 senast
429 512 107 25 nämndes,
552 512 7 20 i
571 518 70 14 annan
652 511 89 27 tidning,
753 518 46 14 som
809 512 7 20 i
827 513 61 19 orten
899 511 51 21 eller

198 545 127 27 närbelägen
347 546 48 20 stad
417 546 129 26 utkommer;
568 546 49 26 foge
629 546 78 26 jemväl
722 546 85 26 anstalt,
823 547 32 20 att
869 546 81 26 kungö-

198 579 69 21 relsen
282 580 76 20 varder
373 580 62 28 minst
450 580 46 27 fyra
511 580 78 21 veckor
603 580 45 20 före
663 580 115 21 auktionen
794 580 13 21 å
816 580 72 21 landet
898 586 52 21 upp-

197 614 43 21 läst
261 614 7 20 i
291 614 98 22 häradets
412 614 78 27 kyrkor
512 614 39 22 och
569 614 99 27 anslagen
687 614 7 21 i
713 614 237 22 kommunalstämmans

198 648 153 27 samlingsrum,
368 650 53 20 samt
436 649 7 21 i
459 649 47 21 stad
521 649 84 26 uppläst
621 649 6 21 i
637 648 67 27 kyrka
715 648 39 22 och
764 649 101 27 anslagen
875 650 13 20 å
898 650 52 20 auk-

197 682 195 22 tionsförrättarens
408 683 134 21 embetsrum.

544 747 25 21 19
585 746 17 27 &.

265 791 89 21 Pröfvas
370 791 39 21 den
425 791 134 28 förhandling
574 798 33 15 om
622 792 168 26 borgenärernes
805 792 91 27 anspråk
911 792 39 22 och

197 825 237 27 försäljningsvilkoren,
450 832 45 15 som
511 826 64 27 enligt
589 826 28 21 24
627 826 11 26 8
650 826 53 22 skall
714 833 38 20 ega
763 833 53 20 rum,
827 826 45 22 icke
883 827 66 27 lämp-

197 860 55 26 ligen
274 860 72 21 kunna
369 861 6 21 i
397 861 152 27 sammanhang
564 861 47 21 med
626 861 114 21 auktionen
756 861 98 27 försiggå,
870 863 79 20 utsätte

197 894 228 22 auktionsförrättaren
448 895 71 21 dertill
540 895 90 22 särskild
652 895 38 27 tid,
714 896 54 21 dock
783 896 18 26 ej
817 896 72 26 längre
903 896 46 21 före

196 929 115 21 auktionen
326 931 26 19 än
368 929 35 22 två
418 929 76 27 dagar;
510 930 39 21 och
563 930 66 22 varde
644 930 39 21 den
698 930 32 21 tid
743 930 39 22 ock
792 931 6 21 i
809 930 139 28 kungörelsen

196 964 113 26 upptagen.

541 1028 28 20 20
584 1027 18 27 8.

266 1072 58 22 Skall
340 1072 123 28 försäljning
478 1074 37 20 ske
530 1074 27 26 pä
572 1074 68 27 grund
655 1073 23 22 af
692 1074 149 26 förordnande,
857 1081 46 15 som
918 1075 30 20 i?

196 1108 48 25 kap.
261 1108 26 20 17
303 1106 11 27 $
330 1109 62 25 sagts,
409 1108 34 20 må
457 1108 126 26 kungörelse
599 1114 33 15 om
643 1108 115 22 auktionen
769 1109 19 27 ej
798 1108 96 22 utfärdas
905 1109 44 21 förr

196 1143 27 19 än
245 1141 37 21 det
303 1141 128 27 skuldebref,
454 1142 65 21 hvarå
541 1142 130 27 borgenären
694 1143 31 21 sin
746 1142 87 22 fordran
848 1144 99 26 grundar,

197 1175 71 21 blifvit
282 1176 7 20 i
304 1176 142 22 hufvudskrift
460 1176 33 22 till
507 1176 228 22 auktionsförrättaren
751 1177 119 22 aflemnadt.

542 1241 26 19 21
585 1239 18 27 8.

264 1283 132 26 Kungörelse
412 1290 32 15 om
460 1284 88 21 auktion
564 1285 12 20 å
591 1284 43 21 fast
644 1285 102 26 egendom
757 1285 54 21 skall
822 1285 59 22 äfven
890 1287 58 19 inne-

195 1316 63 26 hålla,
274 1318 31 20 att
320 1317 97 26 samtlige
432 1318 102 27 sakegare
549 1318 62 22 hafva
627 1319 31 21 att
672 1319 35 20 vid
718 1319 114 22 auktionen
843 1319 57 26 eller,
912 1320 37 21 der

195 1351 66 27 enligt
284 1351 26 21 19
333 1352 13 26 $
368 1352 102 22 särskildt
491 1353 155 22 sammanträde
668 1353 33 21 för
722 1353 134 28 förhandling
871 1354 76 22 mellan

196 1386 46 21 dem
258 1388 24 19 är
297 1387 73 26 utsatt,
387 1387 12 21 å
415 1387 58 22 detta
488 1388 31 21 sin
535 1389 43 20 rätt
593 1388 87 26 bevaka,
692 1390 54 19 samt
757 1390 31 20 att
798 1388 94 26 fordran,
903 1395 44 16 som

195 1421 66 26 enligt
276 1421 28 21 26
319 1420 11 28 $
345 1421 40 21 bör
399 1422 102 27 anmälas,
516 1422 55 22 skall
585 1423 38 21 hos
638 1422 228 23 auktionsförrättaren
878 1427 71 19 senast

196 1456 35 21 vid
247 1456 160 27 förhandlingen
422 1457 115 27 uppgifvas.
