1073 1725
352 147 29 23 U.
396 148 28 22 B.
441 161 26 3 —
482 148 73 29 Prop.
571 148 43 23 N:o
629 148 23 22 4.
838 148 13 21 5

124 218 97 26 mätning
236 218 20 20 af
271 219 41 20 rätt
326 218 32 21 till
372 218 85 22 lifränta
472 225 27 14 m.
516 225 33 21 m.,
565 218 37 21 bör
617 218 27 28 på
659 218 107 21 obestämd
782 218 52 21 eller
849 218 30 20 åt-

125 252 105 20 minstone
252 252 73 28 längre
345 252 30 21 tid
391 252 103 28 betungas
509 252 48 22 med
573 252 101 28 uppbörd,
689 252 136 28 redovisning
840 253 40 20 och

124 286 121 27 fördelning
260 286 22 21 af
296 286 26 21 de
338 286 116 21 utfallande
470 287 90 26 medlen,
575 288 55 20 samt
645 288 29 20 ett
689 287 68 27 dylikt
769 286 110 27 sysslande

125 320 39 22 och
187 320 86 22 dermed
298 320 93 28 följande
414 321 75 21 besvär
511 321 39 21 och
568 321 82 27 obehag
664 321 101 27 billigtvis
779 320 47 22 icke
842 321 38 21 bör

124 362 77 21 genom
224 355 34 28 lag
280 355 108 21 åhvälfvas
409 356 138 28 löngifvaren,
569 356 86 21 hvilken
671 356 37 21 har
722 358 30 19 att
767 355 21 22 af
804 358 76 19 utmät-

125 390 163 28 ningsåtgärden
309 392 62 19 vänta
393 397 59 15 mera
466 391 65 21 skada
546 392 26 20 än
588 392 65 26 nytta.
682 390 76 28 Någon
773 390 108 28 svårighet

125 427 30 19 att
177 425 78 21 erhålla
276 432 27 14 en
326 425 86 27 lämplig
433 426 119 26 syssloman
573 425 58 21 torde
652 425 38 21 här
707 425 88 27 mindre,
812 427 26 19 än
854 425 27 21 då

125 459 127 22 tillsättande
274 460 21 20 af
317 459 118 27 syssloman
457 460 60 27 eljest
530 460 9 20 i
553 460 40 21 den
610 466 43 20 nya
667 460 62 27 lagen
744 459 136 21 föreskrifves

125 496 20 23 (t.
167 500 33 16 ex.
221 494 33 21 för
276 496 30 19 att
328 494 94 28 uppbära
437 494 64 28 afrad,
516 495 53 26 hyra
584 494 39 21 och
638 496 59 19 ränta
712 494 21 21 af
748 496 76 19 utmätt
839 494 42 21 fast

124 529 118 27 egendom),
258 536 50 14 vara
323 531 31 19 att
368 528 77 28 befara,
462 529 26 21 då
502 529 36 21 det
553 529 117 27 säkerligen
686 529 67 20 sällan
769 528 53 21 skall
833 528 47 21 sak-

125 570 38 15 nas
184 570 106 21 personer,
312 570 46 15 som
380 564 22 21 af
422 564 92 27 vänskap
530 563 52 22 eller
596 563 133 28 kamratskap
745 563 49 22 med
809 563 72 28 gälde-

124 600 65 19 nären
212 598 128 22 underkasta
362 598 32 28 sig
416 598 35 21 det
466 598 120 28 obetydliga
601 598 97 21 besväret
712 598 33 21 för
760 600 30 19 att
804 598 76 21 mildra

124 632 112 28 åtgärdens
252 633 81 26 obehag
348 633 32 20 för
394 633 77 20 honom
488 633 20 27 (4
523 633 46 28 kap.
586 633 26 21 18
628 633 25 26 $).
679 633 107 21 Utskottet
800 633 38 20 har
848 632 33 21 för

124 667 63 28 öfrigt
201 667 46 21 icke
263 669 69 20 ansett
346 667 64 27 något
424 667 118 28 principielt
557 667 44 22 skäl
616 667 114 21 förefinnas
746 669 29 20 att
791 667 45 21 från
848 669 32 19 ut-

124 702 96 27 mätning
241 702 21 20 af
281 702 35 21 lön
338 701 51 22 eller
411 702 88 27 pension
515 702 75 27 fritaga
605 708 106 21 personer,
731 709 45 14 som
792 704 35 19 äro
844 709 36 14 an-

124 737 68 20 stälda
214 737 7 20 i
243 736 83 21 enskild
350 737 70 27 tjenst,
443 739 51 18 enär
516 737 41 20 den
573 736 95 21 enskilda
683 737 95 26 tjenaren
799 736 81 27 (bruks-

124 771 118 27 förvaltare,
257 772 127 26 tjensteman
399 771 7 20 i
422 777 26 15 en
464 771 62 27 bank,
542 771 230 21 kontorsföreständare
783 771 52 21 eller
845 771 36 21 be-

124 805 116 22 fälhafvare
262 806 26 27 pä
303 805 70 28 fartyg
387 805 48 22 med
453 805 102 22 tusentals
570 805 59 21 mark
644 805 7 20 i
667 805 36 21 lön
718 805 51 21 eller
785 807 29 19 ett
829 812 52 13 van-

124 840 39 27 ligt
185 841 128 26 tjenstehjon
328 839 52 21 eller
399 846 26 14 en
441 841 82 25 sjöman
537 839 49 21 med
601 839 65 26 nägra
681 840 83 20 hundra
779 846 35 14 om
830 839 50 27 äret)

124 875 48 21 icke
191 874 51 22 böra
267 874 79 21 erhålla
368 877 29 18 ett
421 874 55 28 slags
499 881 75 21 genom
597 874 35 27 lag
655 874 118 20 bekräftadt
795 874 85 27 privile-

125 909 57 28 gium
199 911 29 19 att
244 909 18 27 ej
278 909 73 21 kunna
366 915 76 21 genom
458 916 81 14 samma
554 908 75 27 medel,
640 914 45 15 som
701 908 66 28 gäller
776 908 33 21 för
820 908 60 20 deras

125 944 121 21 husbönder
266 944 39 20 och
328 944 65 20 andra
415 944 144 26 medborgare,
582 944 83 26 tvingas
681 945 30 19 att
725 943 102 28 godtgöra
842 949 38 15 ens

126 978 26 21 de
174 980 54 19 mest
243 978 119 28 rättmätiga
376 978 51 21 kraf.
457 978 38 21 Att
510 978 61 28 lagen
587 978 41 21 kan
643 978 98 20 eluderas
755 984 77 21 genom
848 981 32 17 ut-

126 1012 109 28 betalning
255 1013 21 21 af
297 1013 61 21 lönen
383 1012 52 22 eller
456 1013 115 27 pensionen
592 1012 26 28 pä
633 1012 88 21 förhand
737 1012 52 22 eller
803 1019 77 21 genom

125 1047 101 28 flyttning
247 1054 26 14 ur
295 1048 98 27 tjensten,
408 1049 24 19 är
447 1048 33 20 väl
496 1054 26 15 en
537 1047 106 28 beklaglig
659 1048 160 26 omständighet,
834 1054 46 14 som

126 1082 53 21 dock
202 1082 18 27 ej
243 1082 32 20 fär
297 1082 70 27 skjuta
387 1082 21 21 ät
423 1082 59 21 sidan
498 1082 141 28 grundsatsen
655 1088 33 14 om
704 1082 51 20 allas
770 1082 110 27 jemlikhet

125 1116 56 21 inför
203 1116 61 27 lagen
288 1118 21 25 (4
331 1116 45 28 kap.
400 1117 12 20 3
434 1117 39 20 och
489 1117 12 20 6
518 1117 39 26 88).
588 1116 97 21 Likasom
701 1116 7 20 i
723 1116 59 27 fråga
797 1122 34 14 om
847 1116 33 20 Hf-

125 1153 60 19 ränta
208 1151 50 21 eller
281 1158 70 14 annan
374 1151 58 27 dylik
447 1151 81 21 förmän
545 1151 52 22 eller
611 1150 92 21 inkomst
718 1151 84 20 komme
818 1150 61 21 äfven

126 1185 35 21 vid
184 1186 119 27 utmätning
325 1185 21 21 af
365 1185 35 22 lön
416 1186 52 21 eller
482 1185 87 28 pension
585 1185 27 21 all
628 1185 78 21 verkan
722 1185 59 21 deraf
795 1187 30 19 att
839 1185 42 21 för-

125 1219 56 28 falla,
204 1219 27 21 dä
252 1220 93 21 konkurs
366 1220 6 20 i
395 1220 139 27 gäldenärens
557 1220 26 21 bo
606 1219 93 28 uppstätt
713 1220 20 26 (4
749 1219 46 28 kap.
812 1220 25 21 31
854 1220 26 26 8).

126 1254 32 21 En
182 1255 119 26 utmätning
323 1254 21 21 af
365 1254 36 21 lön
417 1255 39 20 och
471 1255 88 27 pension
575 1254 68 21 skulle
659 1254 70 21 derför
743 1254 53 27 icke,
812 1254 68 21 säsom

126 1295 71 15 annan
213 1289 119 27 utmätning
346 1289 22 21 af
382 1289 31 21 lös
429 1289 110 27 egendom,
554 1289 95 20 medföra
659 1290 59 26 pant-
728 1289 40 20 och
778 1289 103 20 förmäns-

126 1325 40 19 rätt
188 1323 35 20 vid
246 1323 99 21 konkurs.
376 1323 63 21 Utom
456 1323 93 21 konkurs
564 1323 85 21 komme
665 1323 94 20 deremot
773 1325 30 19 att
818 1323 62 20 äfven

127 1357 128 20 beträffande
278 1357 119 26 utmätning
419 1357 21 20 af
463 1358 34 19 lön
521 1358 39 19 och
577 1357 89 26 pension
681 1357 55 26 gälla
751 1363 42 19 nya
808 1357 74 26 lagens

126 1390 116 27 stadgande
264 1391 20 25 (3
305 1391 46 26 kap.
367 1391 27 19 24
410 1390 25 27 &),
451 1392 29 19 att
495 1390 120 27 utmätning
629 1390 38 20 hos
683 1396 80 14 samme
781 1389 101 28 gäldenär

126 1424 33 21 för
180 1424 68 21 skilda
269 1424 138 27 borgenärers
429 1424 119 27 fordringar
570 1423 54 22 skall
639 1423 36 22 ske
691 1423 26 28 pä
733 1430 26 15 en
774 1423 56 28 gäng
846 1430 36 15 en-

126 1459 47 22 dast
187 1459 8 21 i
210 1459 36 21 det
260 1459 42 25 fall,
318 1461 30 19 att
362 1459 41 20 den
419 1465 50 14 enas
485 1458 270 28 verkställighetshandling
770 1458 112 21 inkommit

197 1499 130 22 Lagutskoltets
338 1498 110 18 betänkande
460 1499 37 16 N:o
510 1499 17 17 5.
