1036 1720
209 106 14 20 4
422 104 22 22 U.
460 104 21 22 B.
497 116 25 4 —
540 104 61 28 Prop.
616 102 37 23 N:o
668 101 21 25 6.

317 167 35 21 det
372 166 28 28 af
419 165 163 28 öfverträdelser
601 164 27 28 af
644 165 150 26 bränvinsför-

317 196 160 36 fattningarna
483 195 129 49 förslagsvis
622 198 100 26 300,000
732 198 63 22 mark

318 242 34 14 om
366 235 52 25 året,
435 234 52 22 eller
501 234 36 27 för
552 236 32 19 tre
598 234 27 21 år
648 250 4 4 .
682 250 5 4 .
718 250 4 4 .
789 250 5 3 .
833 232 100 26 900,000

386 269 100 21 Dernäst
508 268 33 22 till
559 267 125 29 fördelning
702 250 92 39 emellan

319 304 73 21 lands-
396 304 36 21 och
437 303 223 25 stadskommunerna,
666 302 67 28 enligt
738 309 56 15 sam-

319 345 35 15 ma
374 338 98 28 grunder
493 345 43 14 som
555 337 120 27 härintills,
693 336 103 26 400,000

319 372 62 22 mark
395 373 90 29 årligen,
502 372 50 22 eller
569 373 34 27 för
620 374 31 20 tre
666 372 26 21 är
717 388 4 4 .
752 388 4 4 .
789 389 3 3 .
812 370 121 27 1,200,000

810 412 121 27 2,100,000

387 448 35 27 Af
433 448 35 21 det
478 447 77 28 belopp,
567 455 44 14 som
621 446 128 29 härutöfver
759 447 89 28 inflyter
856 454 77 21 genom

319 482 171 28 ifrågavarande
497 482 62 26 skatt,
576 482 116 28 öfverföres
707 481 98 26 660,000
820 481 62 23 mark
897 482 36 21 är-

321 517 61 28 ligen,
406 517 51 22 eller
478 517 36 28 för
536 519 32 20 tre
587 517 27 22 är
631 517 120 27 1,980,000
765 517 69 26 mark,
851 517 33 21 till
900 517 33 22 be-

319 551 188 29 villningsmedlen
522 552 36 21 och
574 552 122 21 återstoden
711 551 66 29 ingår
793 551 8 21 i
811 551 122 22 kommuni-

319 586 174 28 kationsfonden.

250 627 36 22 Då
307 627 117 22 inkomsten
447 627 23 22 af
490 627 168 23 bränvisskatten
680 627 37 22 här
734 627 62 21 ofvan

182 662 111 22 beräknats
313 662 32 22 till
361 662 114 26 3,600,000
490 662 59 22 mark
565 661 87 29 ärligen,
668 661 78 22 säledes
761 662 33 22 för

182 701 31 17 tre
229 696 70 22 är.
330 715 3 4 .
684 712 3 4 <
717 714 4 4 +
752 713 4 5 +
788 696 144 27 .10,800,000,

182 731 69 22 skulle
266 731 53 23 efter
327 712 71 47 afärag
401 713 28 40 af
435 713 149 41 ofvanstående
592 713 81 47 belopp,
687 782 3 4 3
682 731 114 27 2,100,000

183 766 38 22 och
238 766 112 29 1,980,000
365 766 50 22 eller
430 766 155 22 tillsammans.
618 783 4 4 .
652 783 4 4 .
756 783 40 4 «+
819 766 116 25 4,080,000

183 809 30 19 ett
227 807 75 29 belopp
319 808 22 20 af
370 824 4 4 .
405 824 4 4 .
654 823 37 5 <.
724 823 4 4 .
754 808 46 26 Fry
820 807 115 28 6,120,000

183 841 50 21 eller
251 842 115 27 2,240,000
385 825 59 38 mark
463 823 86 56 årligen
558 823 83 40 tillfalla
656 819 278 55 kommunikationsfonden.

182 875 80 22 Härtill
284 876 84 21 komma
391 876 88 21 andelen
504 876 7 21 i
526 875 165 29 utskänknings-
707 877 37 20 och
761 876 172 28 utminuterings-

182 910 98 28 bolagens
296 910 131 25 vinstmedel,
438 910 103 22 beräknad
557 911 32 22 till
604 911 92 25 300,000
711 911 65 25 mark,
792 911 82 22 hvadan
890 911 45 21 fon-

182 945 52 22 dens
251 945 48 22 hela
315 945 93 22 inkomst
422 945 45 21 från
485 945 251 22 bränvinsskattemedlen
752 945 41 22 kan
810 946 125 28 uppskattas

183 979 32 22 till
235 980 114 25 2,540,000
365 980 58 21 mark
438 979 79 29 årligen
534 980 66 21 under
618 983 59 19 nästa
692 980 146 28 finansperiod,
854 979 80 22 således

182 1013 32 22 för
229 1017 30 18 tre
275 1013 22 22 år
313 1014 112 25 7,620,000
441 1014 67 21 mark.
528 1014 66 22 Detta
606 1014 197 22 öfverensstämmer
814 1014 60 22 äfven
886 1014 48 22 med

183 1048 141 28 beräkningen
341 1048 7 22 i
363 1048 74 28 nådiga
448 1048 154 29 propositionen
614 1048 106 29 angående
731 1049 202 21 kommunikations-

182 1082 83 22 fonden.

250 1142 12 20 I
277 1140 153 29 behandlingen
446 1141 23 21 af
487 1141 55 22 detta
557 1142 77 21 ärende
650 1141 61 22 hafva
727 1141 87 27 deltagit
828 1141 105 21 ordföran-

182 1176 39 20 den
244 1176 95 24 Donner,
366 1179 53 18 samt
442 1176 140 21 ledamöterna
606 1176 22 21 C.
655 1175 26 22 G.
704 1175 175 29 Standertskjöld,
906 1176 27 21 K.

182 1210 80 24 Antell,
278 1210 25 21 L.
318 1210 109 25 Mechelin,
447 1210 109 25 Kihlman,
572 1211 22 21 J.
614 1210 26 22 R.
657 1210 122 24 Danielson,
801 1210 131 25 Nordström,

182 1244 85 26 Heikel,
291 1244 101 26 Neovius,
409 1240 89 30 Öhman,
515 1245 109 27 Hallberg,
647 1245 93 27 Kiipula,
764 1244 118 26 Meurman,
905 1245 28 21 A.

182 1278 25 20 F.
223 1278 116 21 Danielson
354 1278 39 20 och
409 1278 139 21 Tuomikoski
564 1278 107 21 äfvensom
682 1278 162 27 suppleanterne
855 1278 78 27 Lager-

181 1311 56 28 borg,
253 1311 23 22 J.
292 1311 26 22 V.
336 1310 127 27 Segersträle
480 1311 38 21 och
535 1311 130 21 Durchman.

249 1345 141 30 Helsingfors,
406 1345 41 22 den
464 1346 24 21 11
506 1345 40 29 maj
565 1346 61 21 1894.

252 1455 121 24 Helsingfors,
385 1455 17 18 J.
416 1445 71 28 Simelii
497 1455 45 18 arfv.
555 1451 117 33 boktryckeri
680 1442 115 42 aktiebolag,
808 1455 51 19 1894.
