1042 1714
292 120 76 22 Ständ.
384 121 34 21 Sv.
434 133 27 3 —
477 121 64 29 Prop.
556 121 37 22 N:o
609 120 19 23 7.
787 123 24 19 17

86 184 85 23 ernade
193 185 147 22 verksamhet
363 194 54 14 vara
440 186 76 26 sådan,
533 188 33 20 att
585 186 132 22 densamma
736 186 104 28 lagligen

87 220 37 21 får
138 219 100 27 utöfvas,
259 220 59 22 skall
334 220 147 22 stadfästelse
496 222 14 20 å
523 220 211 29 bolagsordningen
750 220 91 22 medde-

87 254 41 22 las.
144 253 69 22 Afser
228 254 104 28 bolagets
348 255 148 21 verksamhet
511 254 121 22 drifvande
648 254 25 22 af
686 254 154 28 försäkrings-

87 288 92 28 rörelse,
199 288 36 21 må
255 288 43 22 ock
316 288 80 22 dervid
414 288 101 29 pröfvas,
534 288 116 22 huruvida
665 289 52 21 med
733 289 107 22 afseende

86 323 14 21 å
115 321 85 23 vidden
216 322 42 22 och
274 322 189 23 beskaffenheten
478 323 26 22 af
515 323 104 29 bolagets
630 323 86 22 rörelse
727 323 114 22 särskilda

87 356 173 30 bestämningar
275 357 119 22 erfordras.

441 440 47 26 18

157 494 75 23 Sedan
251 494 147 23 stadfästelse
416 496 14 21 å
448 495 183 29 bolagsordning
647 495 133 27 meddelats,
795 494 46 22 till-

88 531 60 20 sätte
170 529 182 29 bolagsmännen
374 530 98 28 styrelse
495 530 36 22 för
554 529 93 30 bolaget
671 530 42 21 och
739 529 102 22 inbetale

88 564 112 29 antingen
222 563 140 22 omedelbart
379 565 57 20 eller
456 565 62 21 inom
539 564 44 22 den
603 564 40 27 tid,
663 571 49 14 som
728 564 8 21 i
750 563 91 28 bolags-

87 599 131 28 ordningen
240 599 75 21 finnes
337 600 81 26 utsatt,
442 599 88 21 enhvar
552 599 72 22 minst
644 606 29 14 en
692 598 110 22 femtedel
818 598 26 21 af

89 633 109 30 beloppet
216 633 26 22 af
258 633 80 28 hvarje
353 632 127 29 bolagslott
496 633 55 22 eller
567 633 68 28 aktie,
653 640 48 14 som
717 632 26 22 af
755 632 86 22 honom

88 667 144 30 öfvertagits,
256 667 42 22 och
318 667 66 22 skola
402 667 181 29 bolagsmännen
601 675 83 21 genom
699 667 142 28 anteckning

87 703 14 21 å
117 702 249 29 bolagsafhandlingen
384 702 107 22 bekräfta
506 705 34 19 att
555 702 39 22 det
609 701 140 23 föreskrifna
763 701 78 29 belop-

89 740 40 27 pet
144 739 13 20 å
172 737 79 29 hvarje
266 737 62 22 aktie
344 737 80 22 blifvit
439 737 120 22 inbetaldt.

442 815 12 20 8
470 815 19 25 $.

158 870 63 29 Vilja
244 872 34 19 tre
297 870 56 22 eller
372 870 54 22 flere
449 870 66 23 stifta
533 869 138 29 aktiebolag,
691 876 52 15 men
759 869 82 28 sjelfve

88 905 122 29 öfvertaga
229 904 82 23 endast
328 913 29 14 en
377 905 37 21 del
434 905 26 21 af
476 905 105 22 aktierna
600 904 43 22 och
658 904 48 21 låta
721 904 28 21 de
765 903 76 29 öfriga

89 940 60 22 efter
168 940 61 22 hand
248 940 96 22 tecknas
360 940 26 22 af
398 940 78 28 andra,
492 940 200 22 öfverenskomme
707 938 135 29 skriftligen

94 976 36 28 sig
150 975 103 29 emellan,
272 976 74 21 såsom
366 975 8 21 i
392 978 8 19 1
418 976 13 26 $
447 977 70 27 sagts,
541 982 38 14 om
601 974 183 28 bolagsordning
799 973 43 22 och

91 1010 60 22 huru
169 1010 83 28 många
270 1010 76 21 aktier
360 1010 88 20 enhvar
463 1010 136 28 öfvertager,
615 1010 60 20 samt
690 1008 97 22 utverke
803 1008 39 22 Se-

90 1047 82 19 natens
188 1044 146 22 stadfästelse
350 1044 13 21 å
378 1044 221 28 bolagsordningen;
615 1042 43 23 och
673 1043 83 21 teckne
772 1042 71 22 sedan

90 1080 15 20 å
123 1078 252 29 bolagsafhandlingen
392 1078 142 29 inbjudning
549 1078 37 22 till
601 1077 28 22 de
644 1077 144 22 återstående
803 1076 39 22 ak-

91 1114 87 20 tiernas
194 1112 172 29 öfvertagande,
381 1112 53 22 med
448 1113 95 29 uppgift
558 1112 77 22 tillika
651 1119 36 15 om
703 1112 45 21 den
758 1111 84 29 grund,

91 1148 59 21 efter
170 1148 102 27 hvilken,
290 1148 8 21 i
317 1147 110 22 händelse
445 1148 26 21 af
487 1147 184 28 öfverteckning,
686 1147 28 21 de
729 1146 114 28 utbjudna

92 1182 105 22 aktierna
213 1182 65 22 skola
292 1182 107 22 fördelas.

160 1217 69 22 Hvad
244 1217 8 21 i
268 1220 55 19 2—6
339 1218 27 26 $$
381 1220 25 18 är
421 1216 114 30 stadgadt,
551 1215 68 23 lände
629 1216 43 22 ock
683 1216 8 21 i
701 1222 32 15 nu
744 1214 100 22 nämnda

91 1252 43 21 fall
149 1252 37 21 till
202 1252 159 22 efterrättelse.

445 1333 11 19 9
472 1333 20 25 8.

161 1388 127 27 Teckning'
304 1387 25 22 af
349 1387 62 22 aktie
432 1387 60 21 skall
510 1387 41 20 ske
566 1387 13 20 å
594 1385 250 28 bolagsafhandlingen

91 1424 57 21 eller
164 1422 94 23 afskrift
274 1422 66 23 deraf
353 1424 59 20 samt
427 1421 95 28 angifva
537 1421 137 22 tecknarens
690 1427 75 18 namn,
777 1418 68 23 stånd

788 1463 11 17 2
