1028 1714
785 140 25 19 37

89 209 41 19 före
151 207 71 21 målets
244 208 107 25 afgörande
373 208 100 25 uppgifvit
494 207 157 25 auktionsställe,
672 207 49 20 eller
739 209 34 18 äro
788 208 52 24 flere,

90 248 43 14 som
148 248 37 19 ega
199 242 153 19 auktionsställe
367 244 78 23 nämna,
456 242 37 19 och
502 242 68 19 kunna
582 241 25 20 de
616 241 17 26 ej
644 241 69 20 derom
723 242 31 25 sig
763 241 75 25 förena;

89 276 108 20 bestämme
211 275 152 21 öfverexekutor
377 276 50 19 hvar
440 276 108 19 auktionen
563 275 49 20 skall
628 275 69 20 hållas.

437 351 26 19 14
479 351 18 24 8.

155 403 9 20 I
179 402 45 21 stad
243 402 50 20 skall
314 401 84 21 auktion
412 401 12 21 å
439 402 39 20 fast
492 401 96 26 egendom
603 401 92 20 förrättas
709 401 13 20 å
736 400 102 25 magistra-

87 440 45 17 tens
147 437 123 20 embetsrum
285 437 49 20 eller
347 439 61 17 annat
423 437 62 24 ställe,
500 437 35 19 der
549 435 198 20 auktioner
660 431 12 35 i
682 435 65 20 staden
757 441 81 19 gemen-

87 471 54 26 ligen
161 471 69 25 hållas,
250 471 49 20 eller
319 471 42 24 ock,
375 477 33 13 om
423 471 129 25 magistraten
566 470 63 19 finner
644 470 33 19 det
692 469 119 26 lämpligare,
826 468 13 20 å

88 506 70 25 sjelfva
172 505 129 26 egendomen.

438 569 24 18 15
480 569 17 23 &.

156 620 59 20 Skola
232 620 116 25 fastigheter
362 619 54 20 inom
431 619 97 20 särskilde
542 618 185 20 öfverexekutorers
741 616 95 20 områden

87 654 49 21 eller
157 654 94 26 fastighet
272 654 27 26 på
320 654 67 20 landet
406 654 38 19 och
458 653 62 20 sådan
535 653 6 19 i
556 652 46 20 stad
615 652 54 20 inom
684 657 75 14 samme
773 651 64 19 öfver-

87 689 108 20 exekutors
210 688 80 20 område
304 688 62 26 enligt
381 689 26 19 36
424 688 12 26 &
451 688 26 25 gå
490 688 7 19 i
512 694 25 14 en
552 686 123 26 försäljning,
687 686 60 19 varde
761 685 77 20 auktio-

88 730 39 13 nen
145 724 96 19 förrättad
261 723 35 20 der
314 722 154 26 hufvudgården
488 722 52 25 eller,
556 728 32 13 om
606 720 61 20 sådan
682 720 16 26 ej
714 720 70 25 finnes,
799 719 38 20 den

87 758 60 25 högst
162 758 108 19 värderade
284 757 121 25 fastigheten
423 759 22 17 är
465 756 90 26 belägen;
575 758 23 17 är
612 756 38 19 den
665 755 12 20 å
691 754 72 25 landet,
779 754 59 19 varde

87 792 109 20 auktionen
210 792 67 20 hållen
292 791 12 20 &
318 791 150 20 landskansliet.

438 860 24 20 16
480 861 18 23 8.

155 912 53 20 Skall
222 912 82 20 auktion
319 911 11 20 å
346 913 74 18 utmätt
434 912 39 19 fast
488 911 97 25 egendom
600 910 93 20 förrättas
707 910 21 18 af
737 909 100 19 öfverexe-

89 948 64 24 kutor,
175 946 48 20 eller
244 948 23 18 är
286 946 240 25 utmätningsförrättaren
540 945 44 19 icke
598 944 82 25 behörig
694 946 29 17 att
739 943 44 19 med
798 942 38 20 för-

89 982 110 24 säljningen
214 983 46 23 taga
274 980 119 25 befattning;
409 980 83 20 insände
506 980 40 19 han
560 978 118 26 protokollet
693 978 55 20 öfver
761 978 76 18 utmät-

88 1016 73 24 ningen
178 1015 44 19 med
237 1014 124 25 beskrifning
378 1014 37 20 och
433 1014 110 24 värdering,
560 1013 32 19 der
607 1012 61 20 sådan
678 1012 77 25 jemlikt
770 1012 13 18 4
795 1011 41 24 kap.

88 1051 29 23 egt
133 1056 52 17 rum,
207 1051 51 17 samt
280 1049 24 19 de
323 1048 62 25 enligt
405 1049 13 18 4
435 1048 43 25 kap.
495 1048 25 20 23
538 1048 10 23 $
564 1048 36 18 hos
615 1047 118 25 gäldenären
748 1044 89 21 erhållna

88 1083 142 25 handlingarna
240 1083 30 19 till
280 1083 44 23 den,
339 1088 43 14 som
398 1082 49 20 skall
462 1082 106 19 auktionen
583 1080 58 20 hålla.

439 1152 25 18 17
481 1152 18 22 8.

154 1203 50 24 Den,
218 1208 43 14 som
276 1202 50 20 skall
342 1202 81 19 förrätta
438 1202 112 23 auktionen,
564 1202 88 20 anskaffe
667 1202 171 25 gravationsbevis

89 1237 83 20 rörande
186 1236 122 26 egendomen
324 1238 51 18 samt
387 1236 24 19 de
421 1236 31 20 för
463 1236 134 25 bestyrkande
607 1237 20 18 af
637 1236 130 25 gäldenärens
777 1243 60 19 egan-

89 1272 65 19 derätt
174 1270 31 20 till
226 1270 116 20 densamma
362 1270 47 20 eller
430 1270 30 20 för
482 1270 124 26 upplysning
628 1277 31 13 om
675 1271 41 19 deri
731 1271 106 20 intecknad

88 1305 106 25 rättighets
208 1304 136 21 beskaffenhet
358 1304 127 26 erforderliga
500 1305 36 19 och
551 1304 17 26 ej
582 1305 61 19 redan
653 1307 114 24 emottagna
776 1306 62 19 hand-

88 1340 69 23 lingar,
173 1339 66 18 hvilka
253 1340 69 17 kunna
336 1339 37 18 hos
389 1341 63 16 rätten
468 1339 90 23 erhållas,
574 1339 23 18 så
612 1340 41 21 ock,
669 1340 26 17 då
709 1340 128 23 landsfastig-

88 1372 35 20 het
143 1372 51 19 skall
216 1371 64 26 säljas,
302 1371 69 25 nödigt
386 1371 72 25 utdrag
471 1377 25 13 ur
508 1372 148 25 jordregistret;
672 1372 51 19 dock
737 1378 52 18 vare,
804 1372 34 19 der

88 1406 211 20 auktionsförrättaren
322 1405 34 20 det
376 1405 64 25 äskar,
463 1406 120 25 borgenären
605 1406 71 25 pligtig
697 1407 30 18 att
741 1405 97 26 förskjuta

89 1441 39 20 den
142 1441 31 20 för
187 1440 154 26 handlingarnas
356 1440 104 20 utlösande
474 1441 72 25 nödiga
560 1440 91 20 kostnad.
