1039 1720
224 138 25 20 16
524 136 45 25 N:o
589 138 22 22 2.

193 205 100 26 valtning
308 205 132 28 gvarblifven
462 205 42 21 lott
519 205 7 21 i
540 205 92 26 märklig
646 203 49 22 män
711 203 114 27 försväras,
841 208 50 15 vare
907 201 43 22 till-

193 239 103 23 trädaren
312 239 86 28 skyldig
414 241 32 20 att
461 239 67 22 sädan
543 239 41 22 lott
599 239 52 26 lösa,
667 244 34 15 om
717 244 78 21 egaren
811 237 18 28 ej
843 236 48 22 med
901 236 49 21 skä-

194 274 31 27 lig
239 274 159 27 vedergällning
417 273 33 22 för
466 273 41 22 den
523 273 68 22 ökade
606 272 239 28 brukningskostnaden
861 270 88 27 ätnöjes.

193 309 79 22 Finnes
294 309 44 26 det,
361 315 45 14 som
428 307 57 23 ifrän
507 308 101 27 lägenhet
630 307 96 22 afträdas
749 307 62 26 skall,
834 308 79 25 utgöra
927 305 24 22 sä

195 344 90 27 mycket,
308 345 33 20 att
364 343 124 22 äterstoden
506 343 19 28 ej
540 343 74 21 vidare
637 342 42 22 kan
701 342 50 22 med
773 341 69 22 fördel
864 340 87 28 brukas,

194 379 72 26 varde,
282 384 34 16 om
339 377 123 23 afträdaren
486 378 36 21 det
536 378 71 27 äskar,
629 377 49 22 hela
693 377 129 28 lägenheten
837 376 23 22 af
873 375 78 23 tillträ-

195 413 66 21 daren
283 413 71 21 inlöst.
384 412 124 28 Jordegare,
532 412 59 22 öfver
613 412 63 22 hvars
699 412 60 21 mark
783 411 100 27 telegraf-
899 411 54 21 eller

194 447 157 23 telefonträdar
373 447 122 27 framledas,
518 447 64 23 varde
605 446 96 28 skäligen
719 448 68 20 ersatt
803 446 33 21 för
851 446 40 22 den
907 446 44 21 olä-

195 482 79 28 genhet
289 482 40 22 och
344 482 74 26 skada,
435 482 77 21 honom
527 488 76 21 genom
618 482 119 21 anstaltens
753 481 144 43 upprättande
913 480 38 22 och

196 516 197 22 vidmakthällande
408 516 137 28 tillskyndas.

263 552 53 25 Har,
331 551 8 21 i
354 551 116 27 anledning
490 551 23 21 af
526 551 144 27 uppkommen
692 550 61 27 fräga
769 556 34 16 om
819 549 133 28 anläggande

196 585 24 22 af
233 585 70 27 kanal,
317 585 95 27 jernväg,
428 584 102 28 telegraf-
545 585 53 21 eller
613 585 141 26 telefonlinie,
770 586 49 25 torg
835 585 52 21 eller
903 586 50 25 gata

196 620 53 22 eller
271 626 71 15 annan
366 620 80 21 allmän
469 620 126 27 inrättning,
617 620 156 22 förberedande
792 619 161 28 undersökning

195 654 64 26 skett,
275 660 52 15 vare
342 654 135 28 grundegare
492 654 53 22 eller
560 655 48 27 den,
624 661 46 16 som
685 655 54 21 hans
752 654 50 28 jord
817 655 54 21 eller
880 654 73 28 lägen-

195 689 37 22 het
247 689 87 27 nyttjar,
350 689 123 27 berättigad
488 689 34 21 till
537 689 71 29 skälig
619 690 119 27 ersättning
748 689 33 22 för
793 690 28 21 all
831 690 42 21 den
884 689 68 21 skada

197 724 13 22 å
225 724 59 27 skog,
307 724 67 27 gröda
398 724 53 22 eller
474 724 118 29 äbyggnad,
615 731 44 15 som
675 731 75 21 genom
766 724 187 26 undersökningen

196 759 136 27 förorsakas;
355 759 40 21 och
417 760 61 26 böra,
501 760 63 21 innan
580 760 185 26 undersökningen
781 759 113 27 företages,
909 759 44 21 alla

197 794 104 26 sakegare
324 794 73 21 derom
420 794 115 27 behörigen
558 795 143 25 underrättas,
717 794 24 21 så
755 796 33 20 att
803 794 33 28 de,
851 794 8 21 i
873 793 38 22 fall
927 794 26 21 de

197 835 50 15 anse
271 828 32 22 sin
326 831 45 19 rätt
394 829 36 21 det
452 828 78 28 fordra,
554 830 35 21 må
607 830 72 20 kunna
697 829 58 21 tillse
771 834 34 16 om
821 828 39 22 och
875 828 7 22 i
897 828 55 22 hvad

197 863 50 21 mån
264 863 68 22 skada
346 869 76 21 genom
439 862 154 29 förrättningen
609 863 48 22 dem
672 863 133 28 tillskyndas.

544 922 26 21 27
587 921 18 28 8.

264 955 34 22 Då
320 956 71 27 någon
414 955 34 22 del
468 955 24 22 af
505 955 99 28 lägenhet
619 955 34 21 för
668 955 90 22 allmänt
773 955 65 22 behof
853 954 98 28 afträdts,

196 990 57 21 skall
275 997 82 15 samma
380 990 35 21 del
431 990 6 21 i
453 990 40 22 den
515 990 33 22 för
563 990 123 27 afsöndring
701 990 105 27 stadgade
822 990 88 27 ordning
925 990 28 27 på

196 1024 147 23 tillträdarens
359 1025 119 22 bekostnad
494 1025 81 22 afrösas
591 1025 38 21 och
647 1026 12 20 å
674 1025 64 22 karta
753 1025 87 22 affattas
851 1027 56 19 samt
918 1031 35 16 om

198 1059 138 28 afskiljandet
360 1059 115 22 antecknas
490 1060 7 21 i
510 1060 158 27 jordregistret.
698 1055 30 26 Är
751 1060 36 21 det
809 1059 101 22 afträdda
933 1059 22 22 af

197 1095 71 26 någon
283 1094 135 27 betydenhet,
434 1095 55 20 skall
506 1095 46 21 dess
568 1095 38 20 och
623 1094 40 22 den
679 1094 136 22 återstående
831 1094 74 22 delens
917 1101 37 15 an-

198 1129 182 21 delsförhållande
394 1129 34 21 till
441 1129 239 27 jordebokshemmanet
691 1131 56 19 samt
757 1129 40 21 den
809 1129 144 21 sistnämndas

198 1163 80 21 mantal
294 1163 38 21 och
348 1163 58 21 skatt
421 1163 125 28 fastställas,
565 1165 70 20 såsom
651 1163 7 22 i
673 1163 62 27 fråga
751 1169 34 15 om
802 1163 114 28 styckning
931 1163 24 22 af

195 1197 151 27 jordlägenhet
362 1199 24 19 är
401 1197 145 22 föreskrifvet.

470 1255 10 20 I
494 1255 73 20 Näder
589 1255 100 26 godkänd
707 1255 8 21 i
737 1255 104 22 Peterhof
862 1255 41 22 den
927 1256 26 20 12

403 1289 44 21 Juli
465 1289 60 21 1893.

429 1340 43 22 För
487 1340 300 22 Ministerstatssekreteraren
803 1341 48 21 dess
867 1341 87 27 Adjoint

711 1399 20 21 V.
748 1393 135 28 PROCOPE.

327 1486 122 22 Helsingfors,
461 1486 103 23 Kejserliga
576 1486 89 18 Senatens
676 1486 88 22 tryckeri,
777 1488 50 16 1893.
