1028 1725
211 155 27 20 48

529 247 27 20 48
573 248 16 23 $.

252 315 65 20 Sedan
340 315 85 26 köparen
441 315 90 26 fullgjort
546 316 31 20 sin
593 315 227 26 betalningsskyldighet
834 315 38 20 och
885 315 49 20 auk-

183 349 67 21 tionen
273 350 73 20 vunnit
366 350 44 26 laga
424 350 58 25 kraft,
497 351 77 20 utfärde
588 350 212 20 auktionsförrättaren
814 349 95 27 köpebref
922 349 12 20 å

182 385 131 25 egendomen;
330 385 37 20 och
382 385 50 20 skall
447 385 127 26 köpebrefvet
589 385 59 20 äfven
662 384 106 26 innehålla,
782 385 67 19 hvilka
858 384 75 20 inteck-

182 419 51 20 nade
252 419 77 20 skulder
343 420 20 19 af
377 420 84 25 köparen
482 420 121 25 öfvertagits,
621 421 51 18 samt
687 419 67 20 hvilka
768 419 113 26 nyttjande-
897 419 37 20 och

183 454 94 20 afkomst-
300 453 48 21 eller
367 455 61 19 andra
450 454 116 26 rättigheter
589 454 35 19 vid
649 453 142 26 försäljningen
815 453 118 20 bibehållits.

181 488 134 21 Bevittnande
337 489 20 19 af
378 489 131 26 köpebrefvet,
530 488 26 27 på
577 490 40 19 sätt
631 489 7 18 i
652 488 128 26 jordabalken
800 490 21 18 är
835 488 98 26 stadgadt,

182 529 47 14 vare
243 523 18 25 ej
277 523 20 20 af
311 523 70 20 nöden.

249 557 23 27 Ej
295 557 33 21 må
350 557 70 27 klagan
441 559 55 19 öfver
510 558 107 20 auktionen
631 558 72 20 hindra
717 558 138 26 köpebrefvets
871 559 62 19 utfär-

181 592 70 24 dande,
272 592 35 20 der
330 592 73 26 klagan
420 592 62 26 angår
496 593 72 20 endast
581 594 129 24 borgenärers
725 592 92 21 inbördes
832 592 101 24 företräde,

183 628 45 18 utan
245 628 30 18 att
290 627 117 20 auktionens
423 628 140 25 upphäfvande
578 628 54 20 deraf
646 627 40 19 kan
700 627 52 26 följa.

525 743 28 20 49
570 744 17 23 8.

250 811 90 25 Köparen
363 816 47 20 eger
430 812 30 19 att
479 811 88 20 tillträda
589 810 127 26 egendomen,
731 810 25 21 då
771 810 39 20 han
825 811 32 20 sin
871 811 62 19 betal-

181 845 177 26 ningsskyldighet
372 846 101 25 fullgjort;
489 846 37 20 och
541 846 59 26 gifve,
615 852 32 14 om
663 845 23 20 så
700 846 82 25 fordras,
797 846 134 26 utmätnings-

180 887 85 14 mannen
281 881 66 20 dertill
361 881 155 25 handräckning.
540 881 41 20 Har
595 881 16 25 ej
628 881 95 25 gäldenär
736 883 61 18 annat
807 881 86 20 hemvist
903 883 29 18 att

181 915 60 25 tillgå,
264 915 69 20 anvise
355 916 210 25 utmätningsmannen
586 915 72 20 honom
681 915 73 26 nödiga
773 921 56 20 rum;
848 915 37 20 och
900 915 33 20 må

180 949 119 26 gäldenären
321 950 50 20 efter
391 950 145 25 försäljningen
558 950 48 20 sitta
626 950 5 19 i
653 950 44 20 dem
720 956 54 20 qvar,
789 949 11 20 å
815 950 69 20 landet
903 951 29 19 tre

181 983 94 21 månader
295 985 38 19 och
347 985 7 19 i
369 985 45 19 stad
437 985 30 19 till
489 986 56 18 nästa
558 985 74 24 fardag.
662 984 36 20 Om
713 984 82 20 landbos
811 985 36 19 och
862 985 70 24 hyres-

180 1024 56 14 mans
251 1021 40 18 rätt
305 1018 30 20 till
349 1019 69 25 fardag
433 1019 56 26 skiljs
504 1019 6 19 i
524 1019 130 26 jordabalken.

247 1053 99 25 Afkomst,
367 1059 43 14 som
425 1054 51 19 efter
490 1053 141 26 försäljningen
646 1054 38 19 och
698 1053 52 20 intill
766 1053 95 20 tillträdet
876 1053 56 20 faller

180 1089 20 18 af
221 1088 129 25 egendomen,
375 1088 59 19 varde
458 1094 71 19 genom
554 1088 223 20 auktionsförrättarens
800 1088 78 25 försorg
902 1087 30 20 för

180 1122 97 25 köparens
294 1121 85 26 räkning
393 1121 143 27 tiilvaratagen.

527 1227 27 19 50
570 1228 18 23 8.

247 1300 66 20 Sedan
338 1301 156 25 köpeskillingen
518 1300 65 20 blifvit
607 1300 79 25 gulden,
711 1306 47 14 vare
779 1300 122 26 egendomen
923 1300 6 20 i

179 1335 98 25 köparens
298 1335 53 20 hand
374 1335 24 20 fri
416 1334 44 20 från
476 1334 84 26 utskyld
574 1334 47 20 eller
636 1340 65 14 annan
716 1334 29 20 för
760 1335 122 25 egendomen
897 1336 32 19 ut-

178 1370 75 25 gående
275 1369 64 26 afgift,
362 1376 43 13 som
420 1370 41 20 före
476 1368 192 26 försäljningsdagen
682 1369 31 19 till
728 1369 101 26 betalning
843 1369 86 24 förfallit,

179 1404 23 20 så
216 1404 37 20 ock
267 1404 46 20 från
327 1410 65 14 annan
407 1405 51 19 förre
473 1409 83 20 egarens
571 1404 51 25 gäld,
638 1403 36 20 der
688 1403 38 21 den
741 1404 17 25 ej
774 1404 63 25 enligt
847 1404 26 20 27
881 1404 49 20 eller

179 1440 26 19 46
221 1440 11 24 $
248 1438 12 21 &
275 1439 86 26 köparen
376 1438 104 27 öfvergätt.

245 1474 38 20 För
305 1474 51 26 gäld,
379 1480 43 14 som
436 1473 12 21 å
462 1473 87 26 köparen
572 1473 101 26 öfvergätt,
689 1480 45 14 vare
748 1473 50 20 förre
813 1479 71 20 egaren
899 1474 30 20 fri.
