1045 1714
230 142 27 21 10
438 140 23 22 U.
476 141 24 20 B.
518 152 26 3 —
560 140 64 28 Prop.
640 139 37 22 N:o
692 138 20 22 8.

269 206 74 21 Dessa
358 205 76 22 siffror
449 205 65 28 gifva
528 205 87 28 tydligt
630 204 40 21 vid
684 204 98 28 handen,
793 205 34 20 att
835 203 39 22 det
882 203 69 28 ojäm-

200 240 82 29 förligt
297 241 84 20 största
396 239 88 21 antalet
498 238 183 29 lysningssedlar
695 238 103 22 utfärdas
814 238 29 28 pä
857 237 93 28 mycket

201 275 50 21 små
273 275 98 26 valörer;
392 275 26 21 87
435 274 27 27 9/,
478 273 26 22 af
517 273 108 28 samtliga
639 272 113 29 förelysta
766 279 109 22 personer
890 271 62 22 beta-

201 309 53 22 lade
269 309 96 22 sälunda
380 308 8 21 i
404 307 168 30 stämpelafgift
588 307 81 22 endast
685 309 54 20 1—2
754 307 65 22 mark
834 306 43 22 och
892 306 61 22 blott

202 345 26 21 13
252 347 28 24 %
303 343 25 22 af
348 343 28 21 de
394 343 114 28 förelysta
530 342 78 21 erlade
629 341 72 29 högre
721 341 100 29 afgifter.
851 341 54 21 Men
920 341 32 21 af-

200 378 115 29 gifternas
338 377 63 22 olika
420 377 84 29 belopp
528 377 60 21 välla
607 376 135 28 emellertid,
758 378 34 20 att
807 375 147 22 totalinkom-

200 416 53 18 sten
276 413 25 21 af
314 413 45 21 den
380 412 62 21 förre
457 411 136 28 kategorins
609 411 96 28 afgifter
720 413 51 26 steg
785 411 38 21 till
837 410 82 22 endast
934 417 18 14 c.

200 449 29 20 50
238 447 29 28 9/,
281 447 56 21 eller
352 446 49 21 lika
415 447 99 28 mycket,
531 453 49 14 som
596 445 44 22 den
655 445 72 29 högre
737 445 134 22 beskattade
879 445 73 21 mino-

200 482 85 21 riteten
301 481 82 22 erlade.
406 481 36 21 En
457 481 123 28 likformig
595 480 71 29 afgift
681 480 25 21 af
719 482 13 20 3
748 479 64 22 mark
828 479 75 22 skulle
918 479 34 21 sä-

200 516 72 21 lunda
287 515 36 22 för
339 515 44 21 den
398 517 62 20 stora
475 522 92 14 massan
582 514 25 22 af
620 515 28 21 de
664 515 89 20 mindre
763 513 133 23 bemedlade
906 514 47 28 lys-

200 551 181 27 ningstagarene
397 550 20 25 (4
433 551 54 20 1—2
503 549 74 26 mark)
589 557 56 14 vara
653 549 103 28 liktydig
766 548 52 22 med
829 555 29 15 en
867 549 86 20 skatte-

199 585 137 28 förhöjning
358 583 25 22 af
403 585 47 26 200,
474 591 58 21 resp.
548 585 28 21 50
592 585 33 27 %o,
641 583 168 27 motsvarande,
825 583 74 28 enligt
914 590 39 14 an-

200 619 67 22 förda
287 619 87 27 siffror,
386 626 29 14 en
431 619 105 28 stegring
550 618 53 22 frän
618 625 32 14 nu
666 618 92 28 erlagda
775 618 76 27 18,585
865 618 47 21 mk.
926 618 28 21 50

200 653 32 29 pi
254 653 37 21 till
312 653 76 27 40,401
413 653 71 21 mark.
516 653 126 28 Samtidigt
657 652 91 22 komme
763 652 34 28 de,
813 652 81 22 hvilka
908 652 45 21 hit-

200 688 49 21 tills
264 687 87 22 betalat
367 695 29 14 en
411 687 71 29 afgift
496 687 26 22 af
541 688 7 21 5
563 688 65 21 mark
644 687 56 22 eller
714 694 54 21 mer,
785 689 34 20 att
829 687 87 21 erhälla
924 694 29 13 en

200 722 182 29 skattelindring
402 722 52 21 frän
476 729 33 14 nu
532 723 93 28 erlagda
649 723 75 27 18,337
741 722 64 21 mark
819 722 38 21 till
872 721 81 22 endast

200 758 63 27 5,508
278 758 72 21 mark.

268 791 65 22 Inför
349 791 63 22 detta
427 791 192 28 sakförhällande,
635 791 91 21 hvilket
736 791 55 29 föga
801 793 108 20 stämmer
920 790 33 21 öf-

201 833 82 14 verens
305 826 52 21 med
380 826 146 28 principerna
546 825 36 22 för
597 833 29 14 en
641 825 83 22 rättvis
739 825 157 28 beskattning,
912 825 42 21 har

200 861 127 21 utskottets
350 860 122 28 majoritet,
497 867 49 14 som
570 862 81 25 ansett,
670 861 34 20 att
723 860 72 21 under
810 859 143 22 närvarande

200 895 36 21 tid
250 895 52 22 med
317 895 52 21 dess
385 894 107 29 stegrade
508 894 152 22 skattebehof
673 894 188 22 afskaffandet
831 890 25 37 af
869 894 84 28 ifräga-

200 930 101 21 varande
316 929 170 28 stämpelafgift
500 929 52 21 icke
568 929 72 21 borde
655 928 173 29 ifrägakomma,
844 929 52 20 icke
903 930 49 19 tve-

200 964 42 21 kat
256 964 91 27 föreslä,
363 965 34 20 att
412 963 27 21 de
454 971 33 14 nu
503 963 106 29 gällande
626 963 224 29 stämpelafgifterna
860 963 37 22 för
906 963 47 28 lys-

200 999 147 28 ningssedlar
374 999 72 20 måtte
472 998 126 22 bibehållas
624 997 158 23 oförändrade.
819 998 54 21 Med
896 999 58 28 möj-

200 1033 49 29 liga
262 1033 86 22 brister
363 1033 8 21 i
386 1033 158 21 enskildheter
559 1036 25 18 är
599 1033 59 21 dock
673 1033 45 22 den
735 1033 139 28 nuvarande,
883 1033 71 22 sedan

200 1068 68 28 länge
291 1067 133 28 tillämpade
448 1067 265 29 stämpelförordningen
728 1068 9 21 i
752 1067 65 29 fräga
831 1075 38 14 om
885 1068 69 28 afgif-

199 1105 79 18 ternas
302 1102 147 28 progressiva
473 1102 133 28 fördelning
628 1102 37 21 till
687 1103 37 20 sin
746 1103 116 20 allmänna
877 1102 77 29 grund

199 1137 91 21 rättvis.
311 1136 123 21 Utskottet
448 1137 42 20 har
506 1137 24 20 sä
544 1136 94 29 mycket
649 1136 72 21 hellre
730 1138 93 19 stannat
830 1136 40 22 vid
878 1137 75 21 denna

199 1170 158 29 uppfattning,
373 1177 56 21 som,
445 1171 75 28 enligt
534 1170 61 22 hvad
610 1170 64 22 inom
689 1171 115 21 utskottet
819 1171 133 27 meddelats,

200 1205 146 28 klagomälen
362 1204 65 22 öfver
443 1205 149 28 svärigheten
607 1206 34 20 att
653 1205 104 28 tillämpa
767 1205 186 28 stämpelförord-

199 1239 88 28 ningen
305 1239 35 21 uti
357 1238 175 29 ifrägavarande
548 1239 107 22 afseende
671 1239 51 21 icke
739 1246 68 21 synas
823 1239 70 22 hafva
908 1239 45 22 den

199 1272 103 28 bärvidd,
319 1279 48 14 som
384 1272 51 21 dem
450 1273 114 20 tillmätts.

269 1306 111 29 Mätebref.
406 1306 46 22 Vid
467 1305 191 23 remissdebatten
673 1307 8 21 i
698 1307 196 28 Borgareständet
910 1307 43 22 och

197 1341 87 29 jämväl
306 1341 64 21 inom
393 1341 117 21 utskottet
530 1341 40 21 har
585 1341 74 29 yrkan
675 1341 129 22 framstälts
819 1341 83 28 derom,
918 1344 34 19 att

199 1375 113 22 mätebref
325 1375 36 22 för
375 1375 86 29 fartyg,
477 1390 26 2 —
520 1375 80 23 hvilka
616 1376 116 21 mätebref
752 1377 74 29 enligt
845 1377 107 28 gällande

199 1410 234 29 stämpelförordning
448 1411 71 28 draga
534 1418 28 15 en
578 1411 171 28 stämpelafgift
766 1412 26 21 af
805 1416 12 18 4
828 1412 65 21 mark
902 1412 50 28 och,

198 1445 74 28 enligt
288 1445 44 22 den
348 1445 84 28 nådiga
455 1446 187 28 propositionens
666 1445 96 30 förslag,
781 1447 70 22 borde
867 1447 85 22 äsättas

268 1485 214 23 Bevillningsutskottets
496 1486 115 18 betänkande
624 1487 35 16 N:o
672 1487 15 17 4.
