1034 1714
226 154 26 19 74

551 221 12 20 3
579 220 18 26 &.

264 289 9 19 I
289 288 187 26 rättegångsbalken
490 289 20 19 af
526 289 54 20 1734
595 288 33 20 års
643 289 32 25 lag
689 289 123 25 upphäfvas:

264 323 25 20 de
302 323 7 19 i
325 324 12 19 8
353 323 44 25 kap.
413 323 12 20 2
442 322 12 27 $
470 323 158 20 förekommande
642 323 151 20 bestämmelser
807 323 83 20 rörande
905 323 42 19 hof-

196 358 50 19 rätts
261 357 114 25 befattning
389 357 46 20 med
450 357 174 25 utmätningsmäl;

265 391 53 20 hvad
333 392 7 19 i
356 392 25 19 12
397 391 44 26 kap.
457 393 12 18 3
485 392 37 19 och
537 392 14 19 4
568 391 26 26 $$
609 391 81 26 stadgas
700 397 32 14 om
742 393 41 18 rätt
793 391 30 20 till
835 391 114 26 utmätning

198 428 51 17 samt
264 432 31 13 om
311 426 57 19 doms
384 426 112 19 fullbordan
511 426 5 19 i
532 425 189 25 &tervinningsmäl;
737 425 38 20 och

265 460 52 19 hvad
339 460 27 19 30
381 460 44 25 kap.
442 460 11 19 1
469 460 37 19 och
523 460 25 19 19
564 459 27 26 $$
606 459 100 20 innehålla
720 465 32 14 om
767 459 182 26 ändringssökande

196 493 8 19 i
220 494 84 19 hofrätts
320 494 67 25 utslag
401 494 6 19 i
423 493 45 25 mäl,
484 493 81 20 hvarom
580 494 6 19 i
601 500 40 18 nya
655 493 59 25 lagen
728 493 89 20 handlas.

548 597 12 18 4
574 580 22 46 8.

264 664 45 19 Alla
331 664 61 25 öfriga
406 664 7 19 i
428 664 72 19 allmän
523 664 80 25 civillag
622 664 54 25 gifna
691 664 126 24 föreskrifter,
832 664 67 20 hvilka
913 666 34 18 äro

197 698 103 26 stridande
315 700 42 18 mot
371 704 40 20 nya
425 698 68 26 lagens
509 698 155 25 bestämmelser,
680 699 60 19 varda
750 699 36 19 ock
796 698 106 26 upphäfda,
912 699 36 19 der

196 732 16 25 ej
228 732 36 20 här
278 732 65 31 nedan
357 732 116 31 annorledes
488 732 86 26 stadgas.

550 836 11 19 5
578 834 18 28 &.

263 904 41 20 Der
318 904 121 26 hänvisning
460 904 32 20 till
513 904 190 30 utsökningsbalken
719 905 5 19 i
739 904 33 26 lag
794 904 48 20 eller
861 905 86 19 särskild

195 938 117 26 författning
336 938 135 25 förekommer,
497 939 50 19 skall
570 938 137 20 motsvarande
729 939 128 25 bestämning
878 940 7 18 i
906 946 41 18 nya

196 972 59 26 lagen
271 973 48 19 eller
333 973 6 19 i
354 973 65 19 denna
434 973 116 25 förordning
564 973 106 25 tillämpas.

549 1077 11 19 6
571 1076 24 26 &.

263 1144 76 20 Varder
361 1144 205 25 skuldfordringsmäl,
582 1151 41 13 som
638 1147 23 17 är
674 1145 111 25 anhängigt
799 1145 36 20 hos
850 1145 96 25 Kejsaren

194 1178 38 19 och
246 1178 135 20 Storfurstens
397 1178 217 25 befallningshafvande
624 1178 26 20 dä
660 1185 39 19 nya
710 1179 58 25 lagen
779 1179 66 19 träder
855 1180 6 18 i
873 1180 72 24 verket,

193 1212 43 19 icke
258 1212 55 19 inom
335 1214 42 18 natt
399 1212 38 20 och
451 1212 22 19 är
489 1212 85 20 derefter
590 1213 36 19 hos
642 1212 72 20 honom
730 1213 22 19 sä
766 1213 100 25 fullföljdt,
882 1219 42 14 som
939 1214 7 18 i

194 1246 12 18 2
223 1246 43 24 kap.
283 1247 25 18 11
325 1246 12 25 &
353 1252 39 18 nya
407 1247 57 23 lagen
479 1249 56 22 sägs;
552 1247 52 24 gälle
620 1247 52 19 hvad
688 1247 35 19 der
737 1250 21 16 är
773 1248 99 24 stadgadt.

548 1352 10 21 7
572 1336 21 48 8.

262 1421 54 20 Skall
330 1422 39 19 fast
384 1422 96 25 egendom
496 1422 156 25 utmätningsvis
666 1423 66 25 säljas,
746 1423 38 20 och
799 1423 35 20 har
847 1423 24 26 ej,
883 1424 61 19 innan

192 1463 40 18 nya
247 1457 59 25 lagen
321 1456 66 20 träder
401 1456 6 19 i
422 1456 56 25 kraft,
493 1457 39 25 dag
546 1457 30 19 för
590 1457 60 20 första
664 1456 107 21 auktionen
789 1458 65 20 blifvit
868 1460 75 24 utsatt;
