1034 1717
210 146 27 20 72

180 212 105 26 angående
305 213 98 19 besvären
417 212 6 20 i
437 212 103 20 allmänna
557 211 127 25 tidningarna
698 211 70 24 införd,
784 210 49 20 skall
848 210 40 20 han
903 210 33 19 sin

182 246 108 26 förklaring
310 246 77 26 ingifva
410 246 55 20 inom
487 246 59 20 nittio
569 244 61 26 dagar
652 244 45 21 från
720 245 50 19 sista
791 244 145 26 kungörandet.

182 281 95 21 Kommer
297 281 41 20 han
359 281 18 26 ej
399 280 22 20 in
443 280 45 21 med
507 280 110 25 förklaring
631 280 55 20 inom
701 278 132 22 föreskrifven
847 278 35 25 tid,
897 278 38 20 och

182 316 54 20 visas
251 316 18 26 ej
285 315 62 22 heller
368 316 54 19 inom
446 320 76 15 samma
542 314 30 22 tid
593 314 75 25 förfall;
684 314 61 20 varde
759 314 40 19 han
813 313 18 26 ej
848 312 68 22 vidare
929 313 7 19 i

181 350 102 20 hofrätten
304 349 55 20 hörd.
389 348 60 21 Visas
471 349 46 25 laga
538 348 70 25 förfall,
629 348 100 25 förelägge
747 348 102 21 hofrätten
862 347 74 20 honom

183 390 29 19 ny
226 384 37 20 tid.
458 388 4 5 :
797 400 8 7 N

533 457 25 20 11
576 458 17 23 8.

251 526 60 20 Hvad
331 527 94 24 parterne
447 526 64 25 enligt
526 526 13 19 9
554 525 36 20 och
606 525 26 20 10
649 526 24 24 $$
689 524 59 21 hafva
761 526 32 18 att
806 524 93 26 jakttaga,
913 524 24 20 sä

182 560 37 20 ock
240 560 119 25 äfventyret,
381 564 32 16 om
433 560 36 20 det
489 560 127 25 föraummas,
638 559 40 20 låte
699 559 102 20 hoirätten
823 559 81 20 tecknas
925 558 13 21 &

183 594 174 20 bervärsakriften.

529 662 26 20 12
572 661 18 27 &.

252 730 74 21 Finner
334 730 100 20 hofrätten
444 730 69 26 nödigt
522 732 30 18 att
562 730 90 20 infordra
661 730 162 20 Gfverexekutors
835 729 103 21 utlåtande

183 765 55 20 öfver
252 765 104 25 besvären,
370 766 47 24 göre
431 765 34 20 det
479 764 7 20 i
500 765 124 25 embetsväg.

531 868 26 20 13
573 867 18 27 &.

252 936 108 22 Föranleda
375 936 97 21 besvären
486 936 16 26 ej
518 937 86 25 ändring
618 936 7 20 i
641 936 34 20 det
690 936 139 26 öfverklagade
843 936 96 26 utslaget,

184 970 58 26 gälde
264 971 112 25 klaganden
397 970 142 27 vederpartens
561 971 109 20 kostnader
684 970 8 20 i
707 970 66 23 målet,
793 970 50 21 efter
857 973 22 23 ty
894 971 45 19 hof-

184 1006 65 19 rätten
264 1005 80 26 pröfvar
358 1004 79 26 skäligt.
466 1005 73 20 Finnes
554 1005 66 26 någon
636 1005 59 20 hafva
709 1004 91 21 ohemult
809 1005 73 26 klagat,
893 1005 46 20 böte

183 1039 49 26 från
246 1039 56 26 tjugu
316 1039 30 20 till
359 1039 109 20 tvåhundra
481 1040 62 20 mark.
573 1039 117 21 Missfirmar
705 1039 67 26 någon
786 1039 37 20 hos
837 1040 101 20 hofrätten

184 1073 158 24 öfverexekutor,
363 1080 38 19 ege
421 1074 105 24 hofrätten,
547 1073 53 22 ändå
621 1075 30 19 att
673 1073 41 21 åtal
728 1074 17 25 ej
762 1074 51 22 sker,
827 1074 59 20 döma
899 1074 40 20 den

183 1107 80 29 felande
283 1108 31 20 till
334 1112 78 20 ansvar,
434 1110 36 17 när
491 1108 153 26 brottsligheten
662 1108 18 26 ej
695 1110 22 18 är
731 1108 70 25 gröfre,
816 1109 26 18 än
855 1110 30 18 att
899 1108 41 19 den

184 1141 33 21 må
238 1142 46 20 med
306 1142 55 19 böter
383 1141 105 26 beläggas;
511 1143 23 18 är
555 1142 39 20 den
615 1141 86 26 svårare,
722 1141 42 21 låte
785 1142 98 20 hofrätten
901 1142 38 20 den

186 1176 106 25 brottslige
307 1176 35 19 der
357 1175 94 21 särskildt
465 1175 69 21 åtalas.

532 1278 26 19 14
574 1277 18 27 8.

252 1345 31 21 Då
303 1346 72 20 besvär
397 1347 43 19 mot
461 1345 164 21 öfverexekutors
647 1346 67 26 utslag
735 1346 95 28 anmälas,
845 1353 36 20 ege
895 1347 44 21 hof-

182 1382 74 24 rätten,
278 1382 37 18 när
331 1379 44 21 skäl
389 1378 66 22 dertill
471 1380 136 25 förekommer,
622 1382 36 22 att,
672 1380 60 21 innan
747 1381 193 26 ändringssökandet

185 1414 95 27 slutligen
295 1414 86 26 pröfvas,
395 1414 98 25 förordna,
503 1416 30 18 att
548 1414 88 26 utslaget
650 1414 43 21 icke
708 1415 32 21 må
756 1415 119 21 verkställas
891 1416 48 20 eller

183 1450 35 24 att,
229 1455 33 15 om
271 1448 153 26 verkställighet
432 1448 63 21 redan
504 1449 50 26 följt,
564 1449 116 27 ytterligare
690 1449 70 27 åtgärd
770 1450 18 26 ej
798 1450 34 20 må
842 1450 96 27 vidtagas.
