1045 1714
247 246 96 28 afgifters
365 246 130 28 erläggande
517 252 40 22 ega
579 246 17 28 ej
621 246 134 27 tillämpning
775 246 30 27 på

246 281 79 22 vexlar.

193 316 104 21 Warrant
312 316 104 27 stämplas
434 316 70 21 såsom
519 311 152 64 Förskrifning:

189 340 218 47 Äktenskapsförord
441 367 5 5 a
477 367 4 4 8
691 366 76 5 <.
798 366 5 4 1
839 360 26 4 —
891 349 27 21 150

192 378 197 32 Öfverlätelsebref,
405 384 44 22 lika
463 367 54 39 med
526 362 113 54 Köpebref.

461 482 48 17 II
529 483 111 19 Kap.

248 533 106 23 Särskilda
367 534 130 22 föreskrifter
512 533 105 29 angäende
633 533 71 23 bruket
720 534 21 21 af
755 534 95 27 stämpel.

525 597 12 29 8
553 598 20 21 7.

240 643 135 28 Expedition,
391 650 47 15 som
452 643 8 22 i
475 643 217 22 öfverensstämmelse
702 643 48 22 med
761 643 164 22 föreskrifterna

172 678 7 21 i
195 677 11 29 $
222 679 13 20 3
250 678 53 21 aller
322 679 65 26 enligt
407 678 90 27 tidigare
512 678 98 27 gällande
626 678 135 27 bestämning
776 677 107 22 utfärdats
897 678 29 27 pä

172 713 174 27 stämpelpapper
369 713 52 21 eller
444 713 86 21 försetts
553 713 47 21 med
623 713 172 26 stämpelmärke,
814 712 53 21 eller
886 712 40 21 ock

172 749 25 20 är
212 747 127 28 stämpelfri,
356 749 24 20 är
396 747 18 27 ej
430 747 145 22 underkastad
585 747 124 28 ytterligare
720 746 159 28 stämpelafgift,
891 753 35 15 om

173 782 42 22 den
230 783 34 21 till
279 782 123 27 myndighet
418 782 111 22 inlemnas.

241 817 83 22 Saknar
341 817 103 27 handling
461 817 53 22 eller
532 817 69 28 skrift,
618 817 27 21 dä
660 817 39 21 den
716 816 52 27 änyo
784 816 35 21 vid
834 815 91 22 domstol

173 851 52 22 eller
247 851 124 28 myndighet
393 851 86 28 företes,
503 851 40 22 den
567 851 96 27 stämpel,
683 851 104 22 hvarmed
801 851 126 22 densamma

172 885 92 28 tidigare
279 885 70 22 blifvit
365 885 92 28 försedd,
472 886 55 21 skall
542 893 27 21 ny
584 886 90 27 stämpel
690 886 33 21 till
738 885 99 28 stadgadt
847 885 79 28 belopp

172 920 118 28 anbringas
305 921 12 21 å
333 920 136 29 handlingen,
483 921 66 22 innan
565 921 69 22 denna
648 921 33 22 får
697 923 126 25 emottagas.

526 997 11 27 8
552 998 20 20 8.

240 1041 44 23 Der
305 1041 52 23 flere
379 1042 90 22 skrifter
488 1042 52 22 eller
559 1042 149 28 afhandlingar
723 1042 23 21 af
759 1042 67 21 sådan
841 1041 85 23 beskaf-

173 1075 78 27 fenhet,
268 1078 33 20 att
316 1076 26 22 de
357 1076 53 22 hvar
426 1077 32 21 för
469 1078 31 26 sig
510 1079 37 19 äro
559 1077 65 27 enligt
634 1077 71 21 denna
715 1076 123 28 förordning
847 1076 79 22 under-

172 1110 90 22 kastade
278 1111 158 27 stämpelskatt,
451 1112 114 26 inrymmas
582 1111 12 21 å
607 1117 82 15 samma
700 1112 46 25 ark,
756 1111 53 21 böra
819 1111 26 21 de
856 1110 70 22 förses

172 1144 48 22 med
236 1145 95 27 stämpel,
347 1144 69 22 såsom
432 1152 34 14 om
477 1152 27 15 en
519 1145 53 22 hvar
583 1145 23 22 af
615 1146 47 20 dem
673 1145 71 22 blifvit
754 1145 91 22 affattad
857 1144 13 22 å
880 1146 45 20 sär-

172 1179 68 21 skildt
250 1179 46 21 ark.
319 1179 95 22 Skrifvas
424 1180 52 21 flera
486 1180 84 27 bilagor
580 1181 28 27 på
619 1182 32 20 ett
661 1180 45 26 ark,
717 1180 106 21 beräknas
833 1179 93 27 stämpel

172 1213 33 21 för
220 1213 73 27 hvarje
308 1213 78 27 bilaga.

525 1254 11 26 s
552 1255 21 19 9.

242 1297 32 22 De
290 1298 93 26 skrifter,
399 1298 34 21 för
448 1298 72 22 hvilka
535 1298 154 27 stämpelafgift
705 1298 6 21 i
722 1298 69 22 denna
800 1298 126 27 förordning

171 1331 113 27 påbjudes,
306 1332 73 22 kunna
396 1332 8 21 i
424 1332 117 23 allmänhet
563 1332 103 28 antingen
688 1332 87 23 affattas
794 1332 13 22 å
825 1334 31 20 ett
874 1332 52 22 eller

172 1366 52 22 flera
247 1367 39 22 ark
311 1367 181 28 stämpelpapper,
515 1368 53 21 eller
591 1368 39 22 ock
648 1368 101 27 beläggas
769 1369 48 21 med
835 1368 90 27 stämpel

172 1401 78 23 endast
268 1403 144 27 stämplarnas
428 1403 159 27 sammanlagda
601 1403 65 21 värde
682 1405 119 20 motsvarar
817 1403 36 22 det
867 1403 59 22 stad-

171 1437 55 27 gade
241 1437 106 28 beloppet.
372 1432 30 27 Är
418 1437 90 22 skriften
523 1437 86 23 försedd
624 1437 48 22 med
687 1438 24 21 så
729 1438 41 27 hög
785 1438 98 27 stämpel,
893 1439 33 21 att
