1050 1720
210 140 26 19 38
419 137 23 21 U.
459 137 24 22 B.
500 149 26 3 —
542 138 66 28 Prop.
623 137 38 22 N:o
676 136 20 23 8.

817 211 1 17 |
839 215 33 15 Tp

220 244 131 26 grundade
371 243 235 27 brandstodsbolag
628 242 127 22 äfvensom
770 243 39 21 in-

88 277 72 26 tempot”
221 279 46 21 och
287 278 140 22 utländska
446 277 250 28 försäkringsbolag,
714 277 27 22 så
756 275 63 34 vidt,

82 300 46 16 afgift
137 299 25 17 för
818 306 2 12 i

81 323 85 16 afnandlin-
182 309 12 36 |
220 313 181 28 försäkringen
416 313 80 28 gäller
512 313 144 28 olycksfall.
818 319 2 27 |

71 347 112 35 en
248 349 10 21 I
285 348 82 27 öfriga
396 348 46 22 fall
467 348 122 27 stämplas
614 347 206 28 ifrågavarande:

182 377 1 29 |
195 383 100 22 mandin
301 365 48 45 ee
360 383 82 22 säsom
457 382 183 27 Förskrifning.
818 375 2 34 |

182 411 1 35 |
203 417 108 29 Gäfvobref
328 418 13 21 &
328 425 13 14 å
361 417 42 22 fast
421 417 105 27 egendom
545 417 52 21 eller
611 417 75 27 fartyg,
703 417 43 21 lika
761 410 43 51 med
818 414 2 43 |

181 448 2 34 |
220 452 116 28 Köpebref.
818 455 2 23 |

181 490 2 22 |
191 486 180 28 Hyreskontrakt,
388 493 23 15 se
426 486 115 22 Kontrakt.
818 481 1 30 |

182 515 1 4 |
192 521 125 27 Invisning,
333 527 24 15 se
375 521 78 22 Check.
818 508 1 29 |

194 556 172 22 Konnässement
388 556 52 21 eller
463 555 117 22 fraktsedel
599 556 13 20 å
630 555 59 27 gods,
705 534 92 53 afgående
813 538 7 43 |

221 591 32 21 till
269 593 34 19 ort
318 592 60 20 utom
393 590 100 22 Finland:
818 583 2 37 |

250 626 49 21 med
314 624 65 22 finskt
394 625 52 21 eller
461 625 61 28 ryskt
536 625 70 27 fartyg
627 641 5 5 .
818 622 2 13 |

272 676 10 11 »
314 659 114 22 utländskt
567 675 10 10 N
769 636 51 69 -

182 725 2 4 |
204 691 107 42 Kontrakt,
328 690 110 35 skriftligt:
818 706 2 22 |

223 732 34 19 1:0
281 736 33 15 om
337 729 156 28 nyttjanderätt
515 729 32 22 till
570 730 42 21 fast
636 729 104 26 egendom
759 729 61 24 elleri

251 764 70 27 nägon
344 763 32 22 till
396 763 103 26 fastighet
520 763 94 22 hörande
629 763 82 22 förmän
735 759 86 56 dragon!

250 798 98 27 stämpel,
367 797 109 22 beräknad
495 798 55 22 efter
565 799 41 20 den
621 798 77 27 afgäld,
714 804 46 15 som
775 797 46 32 be-!

250 833 61 27 löper
329 833 33 27 sig
380 833 33 22 för
432 833 43 21 helt
491 833 29 26 är,
538 833 58 25 eller,
612 833 38 21 der
665 832 75 23 aftalet
755 825 66 48 afser”

250 868 86 21 kortare
352 868 38 26 tid,
405 866 33 23 för
452 868 118 26 legotiden:

251 902 28 22 dä
294 902 99 27 afgälden
410 904 63 25 utgör
488 902 32 22 till
536 903 39 21 och
592 903 48 21 med
656 904 40 19 100
712 903 61 21 mark

250 939 57 19 samt
323 936 124 22 derutöfver
461 936 33 22 för
509 937 73 27 hvarje
597 937 51 21 fulla
666 938 39 20 100
723 937 57 21 mark
806 954 4 4 .

290 967 30 26 Är
343 972 69 26 nägon
435 972 35 21 del
493 971 22 21 af
536 972 98 26 afgälden
655 971 32 22 för
702 968 101 42 legotiden
817 978 4 28 |

250 1006 86 26 gulden,
360 1006 106 21 beräknas
487 1006 106 27 stämpeln
611 1006 77 22 endast
704 1006 55 21 efter
775 992 46 59 det

250 1040 85 27 belopp,
352 1046 45 16 som
413 1040 23 22 af
449 1040 98 27 afgälden
564 1041 99 21 äterstär.
820 1056 1 3 |

291 1075 65 27 Ingär
370 1075 146 25 ikontraktet,
527 1077 60 20 utom
595 1075 43 22 viss
650 1082 82 15 summa
743 1076 6 20 i
759 1064 62 38 pen-|

250 1109 82 27 ningar,
348 1110 74 26 beting
438 1116 34 15 om
486 1109 113 26 förmäner,
616 1116 46 15 som
672 1110 47 22 icke
731 1112 36 19 äro
778 1110 33 21 tili

250 1144 66 22 värde
334 1144 7 21 i
361 1144 117 27 penningar
500 1146 87 23 utsatta,
610 1144 52 22 eller
677 1144 66 28 angår
757 1144 63 30 kon-|

251 1178 82 22 traktet
348 1179 76 21 endast
439 1179 81 21 sådana
534 1178 113 28 förmåner,
664 1180 55 21 skall
734 1179 7 21 i
753 1178 67 33 förra;

250 1213 61 22 fallet
325 1214 195 27 stämpelbeloppet
535 1214 51 21 ökas
603 1214 62 22 med.
696 1232 4 3 .
733 1230 5 5 .
769 1231 4 4 .
806 1213 15 32 |

820 1257 1 10 |

291 1248 40 21 och
349 1248 8 20 i
378 1248 36 21 det
436 1254 76 16 senare
527 1248 60 22 fallet
602 1249 126 21 kontraktet
741 1249 69 21 förses

250 1282 50 21 med
316 1281 92 26 stämpel
423 1282 33 20 till
471 1282 77 26 belopp
565 1281 30 21 af.

291 1315 125 27 Erlägges
438 1315 38 22 för
498 1299 222 44 nyttjanderätten
733 1295 88 52 afgitt]

252 1357 29 15 en
304 1350 65 27 gång
384 1349 40 23 för
439 1350 58 26 alla,
515 1350 124 22 beräknas
656 1351 126 27 stämpeln
799 1350 22 22 ä|

252 1386 43 21 det
309 1385 102 27 belopp,
430 1391 52 16 som
492 1388 142 19 motsvarar
646 1387 10 19 5
665 1388 107 24 procent
787 1385 26 23 af

252 1421 81 21 denna
349 1419 83 28 afgift,
455 1421 54 21 med
524 1421 90 27 tillägg
629 1420 25 22 af
668 1420 47 22 den
731 1421 90 30 ärliga!

252 1455 128 27 afgälden,
397 1455 43 21 der
455 1456 78 21 sådan
549 1458 26 19 är
586 1454 86 23 utfäst.
820 1453 1 27 |

863 660 8 19 ma

862 1279 12 19 w
