1025 1717
208 130 27 21 58
513 130 45 23 N:o
577 132 22 21 4.

247 198 42 21 Lös
305 198 109 26 egendom,
431 203 45 16 som
492 197 73 22 ställes
580 197 69 21 under
664 196 208 27 skingringsförbud,
892 195 43 21 för-

179 232 64 22 blifve
257 232 70 22 under
342 231 164 23 innehafvarens
521 232 54 21 vård
585 231 39 22 och
635 230 124 28 nyttjande;
775 230 49 22 sker
834 229 101 22 förbudet

179 266 33 22 till
227 266 102 22 säkerhet
344 266 33 22 för
392 266 95 27 fordran,
503 266 66 21 varde
585 266 131 27 egendomen
731 264 113 27 värderad,
864 264 71 21 såsom

179 301 7 21 i
201 300 61 28 fråga
277 307 28 15 on
321 301 123 27 utmätning
460 302 24 20 är
498 300 142 22 föreskrifvet.

248 335 46 21 Har
315 335 45 21 fast
383 335 104 27 egendom
502 336 56 20 satts
573 334 70 22 under
658 333 207 28 skingringsförbud,
881 332 55 21 skall

179 370 229 26 utmätningsmannen
430 370 82 26 genast,
533 369 6 21 i
556 368 99 22 afseende
679 368 13 21 å
713 368 112 21 förbudets
848 366 87 22 anteck-

180 404 77 26 nande,
273 404 14 20 å
301 404 74 21 landet
398 403 32 21 till
451 403 101 22 domaren
568 403 39 21 och
621 403 8 21 i
644 402 50 22 stad
708 402 33 22 till
756 403 72 21 rätten
844 400 91 22 insända

179 438 58 22 bevis
254 438 79 27 derom,
349 439 29 26 på
393 439 45 21 sätt
453 438 6 21 i
474 439 13 20 4
502 439 50 26 kap.
569 439 26 20 28
612 438 11 27 $
640 444 33 15 om
689 437 123 27 utmätning
828 439 24 19 är
863 435 72 28 sagdt;

180 473 39 21 och
241 479 57 20 vare,
320 473 66 21 innan
407 473 67 21 sådan
490 473 129 26 anteckning
635 472 64 27 skett,
714 471 101 22 förbudet
830 471 47 21 icke
891 470 45 27 gäl-

179 507 63 22 lende
264 509 45 20 mot
332 507 48 27 den,
403 513 46 16 som
464 507 8 22 i
487 507 42 28 god
543 509 35 20 tro
594 506 114 22 åtkommit
730 506 131 27 egendomen
885 504 51 22 eller

156 547 5 3 *
181 542 45 21 deri
241 542 77 21 vunnit
333 542 131 27 inteckning.

534 594 47 27 98.

249 629 30 26 Är
306 634 121 27 penningar
454 635 59 21 satta
534 634 7 21 i
565 633 108 28 gvarstad,
698 633 50 22 eller
772 632 64 21 hafva
861 631 74 27 medel,

180 669 88 21 hvarom
283 669 7 20 i
307 670 11 19 7
335 669 12 27 &
362 668 105 27 förmälts,
491 669 32 20 till
538 669 119 26 syssloman
672 667 88 27 influtit,
776 673 38 21 ege
830 666 106 22 öfverexe-

179 703 72 27 kutor,
275 703 38 21 der
335 703 107 27 borgenär
462 703 51 22 eller
528 703 103 28 gäldenär
646 702 36 22 det
698 702 70 27 äskar,
784 701 102 22 förordna
903 707 32 15 om

179 737 96 22 medlens
296 737 126 22 insättande
441 737 7 22 i
468 737 186 28 bankinrättning,
677 737 72 22 såsom
764 737 7 21 i
787 737 12 21 6
814 737 50 26 kap.
883 737 24 20 19
924 735 11 28 $

181 774 24 20 är
220 772 68 27 sagdt.

529 814 25 20 10
570 813 18 28 &.

250 849 31 26 Är
295 853 48 22 fara
358 853 32 22 för
405 853 92 28 handen,
514 855 33 20 att
561 853 103 28 gäldenär
679 853 95 28 begifver
789 853 32 27 sig
831 852 48 21 frän
890 852 46 21 lan-

181 888 36 21 det
239 890 54 20 utan
317 889 33 20 att
373 888 125 21 efterlemna
520 889 59 20 känd
594 888 110 27 egendom,
726 894 46 15 som
793 889 46 20 mot
859 887 76 27 gälden

180 929 81 20 svarar,
285 923 51 21 eller
359 924 33 20 att
414 923 78 27 nägon,
515 929 46 15 som
577 925 24 19 är
616 923 83 27 skyldig
714 922 34 22 för
754 922 109 27 hushyra,
879 922 56 25 kost,

180 957 128 27 skeppslega
330 957 51 21 eller
403 958 67 21 annat
494 957 73 26 dylikt,
588 957 81 21 afviker
684 957 48 21 frän
748 957 68 26 orten,
832 957 53 20 utan
903 957 34 20 att

179 991 135 28 borgenären
330 992 40 21 har
385 991 101 22 säkerhet
501 991 7 21 i
525 991 148 27 gvarlemnadt
688 991 62 28 gods;
771 991 28 21 dä
814 997 38 20 ege
868 990 68 21 öfver-

181 1026 103 21 exekutor
305 1026 100 27 förbjuda
427 1026 130 27 gäldenären
581 1027 32 20 att
636 1025 70 22 afresa
721 1025 48 22 frän
785 1027 68 25 orten,
869 1025 66 21 innan

180 1060 43 21 han
245 1061 58 27 gjort
325 1061 46 20 rätt
386 1059 33 22 för
434 1060 42 28 sig;
492 1060 54 21 dock
561 1061 34 21 mä
611 1060 79 22 sädant
704 1059 126 23 reseförbud
846 1060 17 27 ej
879 1059 57 28 gälla

180 1095 75 27 längre
270 1095 32 21 tid
317 1097 28 19 än
361 1097 34 19 tre
409 1095 110 22 mänader.
545 1091 137 26 Öfverträdes
697 1094 107 27 förbudet,
815 1095 66 20 varde
892 1094 44 27 gäl-

181 1129 94 21 denären
291 1129 135 22 äterhemtad
442 1129 45 27 och,
506 1129 38 22 der
558 1129 135 27 borgenären
710 1129 36 22 det
762 1129 69 26 äskar,
847 1129 7 20 i
870 1128 66 21 häkte

180 1163 70 21 hällen
266 1163 69 22 under
352 1163 40 22 den
408 1163 32 22 tid
455 1163 101 22 förbudet
571 1163 72 28 gäller.

529 1227 23 20 11
571 1227 18 26 $.

249 1265 47 20 Har
319 1265 18 27 ej
362 1265 47 26 den,
433 1271 45 15 som
493 1265 77 21 vunnit
585 1265 104 27 gvarstad
704 1265 52 21 eller
770 1265 166 27 skingringsför-

180 1298 50 25 bud,
253 1298 58 22 inom
333 1304 37 16 sex
392 1299 83 25 veckor,
496 1298 51 22 eller
562 1299 47 26 den,
625 1305 46 15 som
687 1300 101 20 utverkat
803 1299 132 27 reseförbud,

180 1332 57 22 inom
253 1334 34 20 tre
301 1333 79 21 veckor
396 1333 54 21 efter
465 1333 37 21 det
517 1333 173 29 öfverexekutors
706 1333 146 23 förordnande
863 1334 72 22 derom

180 1367 53 28 gafs,
249 1367 39 22 hos
304 1368 130 27 gäldenären
450 1374 76 21 genom
541 1368 130 28 lagsökning
686 1368 33 22 sin
734 1368 89 22 fordran
838 1368 59 22 kräft
908 1369 28 21 el-

180 1402 33 22 ler
235 1402 32 22 sin
290 1402 60 22 talan
372 1402 33 22 till
428 1402 92 22 domstol
542 1403 97 27 instämt,
662 1403 51 22 eller
735 1403 101 28 fullföljer
858 1404 43 22 han
917 1404 18 28 ej

181 1439 77 25 genast
274 1437 51 22 eller
340 1438 13 20 å
368 1437 140 22 föreskrifven
523 1438 32 21 tid
571 1438 32 22 sin
620 1438 65 27 talan,
702 1438 38 22 der
756 1438 41 22 den
812 1439 40 21 hos
868 1438 69 22 öfver-
