1034 1714
294 141 29 23 U.
339 141 27 23 B.
382 154 27 3 —
424 141 74 29 Prop.
514 142 45 23 N:o
575 142 24 22 2.
783 144 26 21 37

86 210 80 27 1/j0:del
181 210 42 21 kan
238 210 35 21 väl
287 210 35 21 för
336 210 46 21 små
397 210 101 21 områden
514 211 18 27 ej
542 210 98 28 tilläggas
650 211 118 21 nämnvärd
779 212 60 28 bety-

86 243 64 21 delse.
180 243 132 29 Spörsmälet
336 244 72 21 derom
431 244 105 21 huruvida
555 244 71 28 nägon
640 246 64 27 gräns
719 245 66 21 nedät
799 246 40 20 bör

85 279 67 19 sättas
174 278 35 20 för
230 277 100 28 klyfning
352 278 40 20 och
413 278 115 28 styckning
543 285 62 21 synes
626 286 35 14 oss
676 278 84 22 derföre
775 280 7 20 i
798 279 41 21 och

84 310 36 22 för
134 312 33 27 sig
181 318 51 14 vara
247 311 23 20 af
285 311 96 28 skäligen
395 311 151 21 underordnad
561 312 52 28 vigt.
642 312 53 22 Men
710 313 129 27 propositio-

84 352 54 14 nens
153 345 133 29 ständpunkt
300 352 64 22 synes
379 353 35 14 oss
430 345 152 29 obestridligen
597 354 52 14 vara
663 346 123 29 principielt
795 347 44 21 rik-

84 380 68 28 tigare
167 381 27 19 än
211 379 122 22 Utskottets
349 379 51 27 deri,
416 382 31 19 att
461 381 162 28 propositionen
635 381 18 28 ej
664 380 55 22 läter
729 388 27 14 en
766 381 72 28 lägen-

84 414 38 21 het
141 414 127 28 parcelleras
290 414 7 21 i
319 414 25 21 sä
358 416 45 20 stor
417 415 150 28 utsträckning
581 418 32 18 att
628 418 104 19 stommen
747 415 24 21 sä
785 415 54 29 godt

86 455 45 15 som
146 448 128 28 försvinner,
298 448 76 22 medan
389 448 123 22 Utskottets
528 449 81 29 förslag
624 450 95 21 deremot
734 450 19 28 ej
769 450 70 28 erbju-

85 482 37 22 der
136 482 67 29 nägra
216 484 107 27 garantier
342 486 56 19 emot
412 483 70 22 denna
498 484 115 28 möjlighet.
642 484 53 22 Man
710 484 39 22 bör
764 486 75 19 nämn-

84 518 73 28 lingen
171 518 85 27 beakta,
271 517 70 22 säsom
356 518 65 21 äfven
436 518 66 22 ofvan
517 519 8 21 i
538 519 161 21 reservationen
710 518 129 28 framhälles,

85 555 31 18 att
138 556 104 18 stommen
264 556 59 18 utom
346 552 48 22 dei
409 554 119 27 penningar
543 553 40 21 och
598 553 117 28 produkter
730 553 108 29 utgående

84 586 106 22 allmänna
213 587 139 28 utskylderna
372 587 55 21 skall
452 587 55 22 efter
527 587 48 22 hela
597 587 138 28 lägenhetens
757 588 81 21 mantal

84 621 92 28 fullgöra
186 621 66 21 äfven
269 622 59 21 vissa
343 622 218 27 naturaprestationer
573 621 70 22 säsom
653 621 186 29 landsvägabygg-

83 655 42 22 nad
148 663 19 14 o.
190 655 41 29 dyl.
260 656 44 21 För
325 658 31 19 att
374 655 71 29 någon
468 656 99 21 säkerhet
588 656 65 21 måtte
674 656 115 22 förefinnas
803 656 36 21 för

84 691 74 22 dessas
182 690 135 29 fullgörande
343 690 67 21 måste
433 690 63 21 alltså
518 698 26 13 en
567 697 33 15 om
617 692 26 19 än
658 691 61 28 ringa
734 691 66 22 kärna
815 691 23 21 af

83 725 128 29 lägenheten
233 725 103 22 förblifva
359 724 90 21 oberörd
472 725 59 21 såväl
553 725 22 21 af
597 725 141 28 parcellering
753 733 45 14 som
814 725 24 21 af

84 759 99 29 klyfning
198 759 41 22 och
254 759 120 29 styckning.
404 759 48 22 Vill
468 767 47 14 man
531 759 111 30 upphäfva
653 759 42 22 alla
704 762 89 26 gränser
804 760 35 21 för

84 793 132 23 sistnämnda
224 794 37 21 två
276 793 232 30 jorddelningsformer,
523 794 24 21 så
562 794 68 21 måste
645 801 50 14 man
710 794 129 29 följdriktigt

84 828 64 22 äfven
164 828 92 21 afskaffa
270 828 306 29 parcelleringsinstitutionen.

152 862 35 22 Då
210 862 41 21 den
272 863 122 28 föreslagna
416 863 183 28 mantalsgränsen
623 863 66 28 enligt
713 863 37 21 det
772 863 66 22 ofvan

84 897 90 21 anförda
193 897 48 22 icke
256 899 24 19 är
295 905 26 13 en
336 899 64 26 gräns
416 897 34 21 för
464 897 239 28 jorddelningsfriheten
719 897 70 22 såsom
804 897 34 22 så-

84 931 41 22 dan
150 935 51 18 utan
222 931 76 21 endast
318 931 35 21 för
374 932 58 21 vissa
446 931 80 22 former
541 931 23 22 af
579 931 128 27 densamma,
723 940 63 20 synes
802 940 35 14 oss

84 966 168 28 anmärkningen
274 966 73 21 derom
368 969 31 18 att
421 966 199 22 mantalsstorleken
635 967 6 20 i
657 966 134 22 förhållande
805 967 34 21 till

84 1000 84 22 arealen
191 1002 23 20 är
235 1000 57 21 olika
307 1001 7 20 i
330 1000 56 22 olika
401 1000 59 22 delar
474 1000 24 21 af
511 1000 74 22 landet
600 1008 51 14 vara
665 1000 22 22 af
702 1002 62 27 ringa
777 1001 63 29 bety-

84 1034 65 27 delse,
172 1035 56 21 helst
247 1036 92 26 gränsen
362 1036 24 20 är
403 1034 121 28 föreslagen
541 1034 24 22 så
579 1034 36 29 låg
630 1042 46 14 som
692 1034 46 29 1/95
753 1036 86 22 mantal.

84 1068 29 23 Så
127 1070 63 28 länge
204 1069 103 22 mantalet
321 1069 98 29 qvarstår
434 1068 69 22 såsom
519 1069 148 21 storhetsmått
681 1069 34 21 för
730 1069 109 29 sjelfstän-

84 1103 36 29 dig
135 1104 105 28 lägenhet,
255 1106 23 18 är
293 1103 37 22 det
344 1104 48 21 icke
407 1104 67 21 heller
496 1103 48 21 från
559 1104 204 28 katastersynpunkt
774 1104 65 22 önsk-

83 1138 39 28 ligt
137 1141 31 19 att
183 1139 102 21 mantalet
299 1138 43 22 kan
357 1138 69 21 blifva
441 1138 64 22 altför
519 1138 110 22 minimalt.

151 1173 33 21 På
199 1173 68 28 grund
283 1172 23 22 af
321 1172 37 22 det
372 1172 91 22 anförda
478 1172 23 21 få
515 1172 65 22 äfven
595 1173 23 21 vi
632 1172 34 22 för
679 1172 39 22 vår
727 1172 36 22 del
773 1173 63 21 vörd-

83 1210 56 18 samt
153 1207 80 21 föreslå
255 1207 120 21 återremiss
390 1207 33 21 till
438 1206 113 22 Utskottet
566 1207 7 20 i
588 1206 37 21 det
640 1207 56 27 syfte
710 1208 129 20 reservatio-

83 1248 42 14 nen
150 1241 123 21 innehåller.
302 1240 32 22 Vi
358 1242 52 26 göra
434 1240 38 22 det
496 1241 23 21 så
543 1240 86 29 mycket
654 1240 67 22 hellre
736 1249 45 13 som
797 1241 42 21 den

83 1275 121 29 föreslagna
224 1275 220 29 jorddelningslagens
465 1283 62 13 snara
541 1274 129 22 utfärdande
685 1282 63 22 synes
764 1282 35 15 oss
815 1275 24 22 så

83 1309 47 23 vidt
145 1310 82 28 möjligt
242 1310 52 21 böra
308 1310 114 27 betryggas
438 1310 18 28 ej
473 1309 91 21 allenast
576 1308 73 22 derför
657 1312 31 18 att
696 1309 42 22 den
746 1309 93 22 innefat-

83 1348 33 17 tar
130 1346 31 19 ett
182 1344 136 28 synnerligen
337 1343 122 28 betydande
474 1344 103 27 framsteg
591 1343 90 20 framför
695 1351 29 13 nu
738 1344 100 27 gällande

83 1378 143 29 lagstiftning,
241 1380 51 19 utan
301 1378 41 21 ock
350 1377 88 21 emedan
449 1377 41 21 den
499 1377 69 21 skulle
575 1377 58 28 tjena
641 1377 70 21 såsom
718 1377 44 22 fast
769 1377 69 29 grund

83 1412 34 22 för
130 1411 26 22 de
167 1411 67 22 redan
247 1411 111 29 pågående
372 1411 136 21 förarbetena
522 1411 33 21 till
563 1418 27 14 en
599 1410 141 29 efterlängtad
747 1411 91 22 förbätt-

82 1447 48 28 ring
146 1446 22 21 af
178 1446 52 22 våra
238 1446 231 28 skiftesförfattningar
476 1449 55 18 samt
542 1445 109 22 dessutom
658 1453 77 20 genom
743 1446 95 21 införan-

152 1487 48 22 Lag-
212 1487 32 18 och
256 1486 182 18 Ekonomiutskottets.
450 1485 110 19 betänkande
572 1485 36 18 N:o
621 1486 15 17 1.
