1039 1717
328 162 28 22 U.
371 163 28 22 B.
415 176 27 2 —
458 163 73 28 Prop.
547 163 46 23 N:o
608 163 21 23 %.

372 495 67 29 Lag-
462 496 54 22 och
531 496 324 25 Ekonomiutskottets

303 529 121 29 förslag
442 530 51 22 till
514 531 294 29 sammanjemkning
829 532 30 23 af

305 563 119 23 Ständens
441 564 143 29 skiljaktiga
598 565 82 23 beslut
694 565 42 23 vid
749 566 106 23 behand-

304 598 84 28 lingen
408 598 27 23 af
447 598 138 24 Utskottets
600 600 155 22 betänkande
770 600 46 23 N:o
831 601 24 27 2,

303 633 9 22 i
327 633 136 28 anledning
479 634 27 21 af
510 633 67 23 Hans
585 633 138 29 Kejserliga
730 634 124 28 Majestäts

303 667 89 28 nädiga
417 668 164 28 proposition,
605 668 126 28 angäende
753 669 40 27 lag
815 675 40 17 om

305 702 147 28 aktiebolag.

167 777 34 24 Af
220 778 26 24 de
264 778 224 32 protokollsutdrag,
506 786 50 16 som
575 778 8 24 i
601 778 64 24 detta
683 779 85 24 ärende
786 778 67 25 kom-

98 812 44 24 mit
169 812 122 24 Utskottet
317 812 127 31 tillhanda,
471 813 45 23 har
537 812 122 25 Utskottet
676 812 125 32 inhemtat,
819 815 35 23 att

99 846 101 25 ständen
218 848 100 23 stannat
334 846 9 24 i
362 846 104 32 följande
484 847 88 24 beslut:

166 915 166 32 Ridderskapet
358 916 40 24 och
415 915 73 25 Adeln
506 916 46 24 har
569 916 106 32 godkänt
692 916 161 24 betänkandet

97 950 9 24 i
125 950 81 32 öfrigt,
230 952 66 22 utom
322 952 35 22 att
383 950 169 32 lagförslagets
580 950 32 24 36
641 951 13 29 $
673 950 40 24 till
731 950 123 24 Utskottet

98 985 196 24 äterremitterats
321 985 20 31 ej
370 984 92 25 mindre
488 985 37 24 för
547 984 196 33 omformulering
761 985 25 24 af
798 986 54 23 dess

99 1020 14 24 3
133 1027 68 16 mom.
220 1019 8 23 i
247 1019 86 24 sädant
352 1020 68 30 syfte,
430 1022 36 22 att
475 1020 44 23 den
529 1019 50 24 deri
589 1018 102 32 intagna
701 1020 152 32 bestämning

98 1054 122 32 angående
247 1053 166 33 medgifvande
434 1054 25 24 af
476 1054 143 32 inteckning
636 1053 9 23 i
663 1053 106 33 bolagets
788 1054 65 24 fasta

97 1088 113 33 egendcm
227 1088 79 24 kunde
324 1096 85 24 genom
426 1088 117 24 förbehåll
561 1088 9 24 i
588 1088 187 32 bolagsordning
793 1096 59 24 upp-

96 1123 96 31 häfvas,
211 1125 31 21 än
260 1123 9 23 i
287 1122 109 25 afseende
415 1124 15 23 ä
447 1122 124 25 införande
590 1122 9 24 i
618 1124 41 28 $:n
677 1122 25 24 af
720 1124 33 22 ett
764 1122 89 33 tillägg

96 1158 86 30 derom,
210 1159 34 23 att
266 1157 126 25 enahanda
410 1158 181 31 bestämningar
609 1157 72 23 äfven
699 1157 69 24 borde
786 1157 67 32 gälla

96 1192 146 32 försäljning
263 1192 25 24 af
306 1192 74 24 sådan
399 1192 122 32 egendom;
541 1192 132 31 hvarjemte
691 1191 100 24 Ståndet
809 1199 43 17 an-

95 1226 79 24 modat
201 1226 122 24 Utskottet
350 1228 34 22 att
401 1228 31 30 på
450 1226 113 32 lämpligt
581 1226 70 24 ställe
669 1225 9 23 i
695 1226 158 32 lagförslaget

95 1260 81 25 införa
202 1262 33 23 ett
254 1260 130 33 stadgande
402 1261 86 31 derom,
506 1263 35 22 att
559 1261 95 23 stiftare
674 1260 25 24 af
717 1260 136 32 aktiebolag

95 1296 64 32 egde,
186 1296 78 24 derest
289 1296 94 31 bolaget
400 1296 54 24 icke
471 1295 93 24 komme
582 1295 39 24 till
639 1294 78 31 stånd,
735 1297 118 30 gentemot

96 1330 143 24 tecknarene
266 1330 142 24 solidariskt
434 1337 107 17 ansvara
567 1330 37 23 för
625 1330 66 23 hvad
708 1329 67 25 desse
793 1330 14 22 å
825 1329 28 24 de

96 1363 114 24 tecknade
228 1363 112 24 aktierna
357 1363 166 30 tilläfventyrs
543 1362 107 24 inbetalt.

164 1430 172 26 Presteståndet
353 1431 45 25 har
416 1431 52 24 med
486 1431 174 33 godkännande
678 1430 25 24 af
721 1430 132 24 betänkan-

96 1467 38 25 det
160 1466 9 24 i
197 1466 78 33 öfriga
302 1466 66 24 delar
394 1468 85 29 ansett,
501 1468 36 22 att
558 1466 9 24 i
585 1466 16 24 4
620 1466 14 30 &
653 1465 26 25 af
696 1464 159 34 lagförslaget

164 1512 49 22 Lag-
226 1510 32 19 och
269 1510 182 19 Ekonomiutskottets
464 1510 110 18 betänkande
586 1509 37 18 N:o
635 1510 18 18 2.
