<?xml version="1.0" encoding="UTF-8"?>
<alto xmlns="http://www.loc.gov/standards/alto/ns-v3#" xmlns:xlink="http://www.w3.org/1999/xlink" xmlns:xsi="http://www.w3.org/2001/XMLSchema-instance" xsi:schemaLocation="http://www.loc.gov/standards/alto/ns-v3# http://www.loc.gov/alto/v3/alto-3-0.xsd">
	<Description>
		<MeasurementUnit>pixel</MeasurementUnit>
		<sourceImageInformation>
			<fileName>/tmp/tess_hp6rhum6_input.PNG</fileName>
		</sourceImageInformation>
		<OCRProcessing ID="OCR_0">
			<ocrProcessingStep>
				<processingSoftware>
					<softwareName>tesseract 5.3.4</softwareName>
				</processingSoftware>
			</ocrProcessingStep>
		</OCRProcessing>
	</Description>
	<Layout>
		<Page WIDTH="1045" HEIGHT="1717" PHYSICAL_IMG_NR="0" ID="page_0">
			<PrintSpace HPOS="0" VPOS="0" WIDTH="1045" HEIGHT="1717">
				<ComposedBlock ID="cblock_0" HPOS="220" VPOS="137" WIDTH="477" HEIGHT="30">
					<TextBlock ID="block_0" HPOS="220" VPOS="137" WIDTH="477" HEIGHT="30">
						<TextLine ID="line_0" HPOS="220" VPOS="137" WIDTH="477" HEIGHT="30">
							<String ID="string_0" HPOS="220" VPOS="141" WIDTH="24" HEIGHT="19" WC="0.95" CONTENT="12"/><SP WIDTH="180" VPOS="141" HPOS="244"/>
							<String ID="string_1" HPOS="424" VPOS="138" WIDTH="23" HEIGHT="22" WC="0.90" CONTENT="U."/><SP WIDTH="16" VPOS="138" HPOS="447"/>
							<String ID="string_2" HPOS="463" VPOS="138" WIDTH="24" HEIGHT="22" WC="0.90" CONTENT="B."/><SP WIDTH="22" VPOS="138" HPOS="487"/>
							<String ID="string_3" HPOS="509" VPOS="150" WIDTH="21" HEIGHT="2" WC="0.88" CONTENT="—"/><SP WIDTH="15" VPOS="150" HPOS="530"/>
							<String ID="string_4" HPOS="545" VPOS="138" WIDTH="63" HEIGHT="29" WC="0.96" CONTENT="Prop."/><SP WIDTH="17" VPOS="138" HPOS="608"/>
							<String ID="string_5" HPOS="625" VPOS="138" WIDTH="37" HEIGHT="22" WC="0.96" CONTENT="N:o"/><SP WIDTH="16" VPOS="138" HPOS="662"/>
							<String ID="string_6" HPOS="678" VPOS="137" WIDTH="19" HEIGHT="22" WC="0.96" CONTENT="8."/>
						</TextLine>
					</TextBlock>
				</ComposedBlock>
				<Illustration ID="cblock_1" HPOS="155" VPOS="198" WIDTH="827" HEIGHT="107"></Illustration>
				<ComposedBlock ID="cblock_2" HPOS="42" VPOS="276" WIDTH="627" HEIGHT="144">
					<TextBlock ID="block_1" HPOS="51" VPOS="276" WIDTH="91" HEIGHT="16">
						<TextLine ID="line_1" HPOS="51" VPOS="276" WIDTH="91" HEIGHT="16">
							<String ID="string_7" HPOS="51" VPOS="276" WIDTH="91" HEIGHT="16" WC="0.75" CONTENT="Slämpelaf-"/>
						</TextLine>
					</TextBlock>
					<TextBlock ID="block_2" HPOS="42" VPOS="291" WIDTH="627" HEIGHT="30">
						<TextLine ID="line_2" HPOS="42" VPOS="291" WIDTH="627" HEIGHT="30">
							<String ID="string_8" HPOS="42" VPOS="299" WIDTH="30" HEIGHT="17" WC="0.93" CONTENT="gift"/><SP WIDTH="7" VPOS="299" HPOS="72"/>
							<String ID="string_9" HPOS="79" VPOS="291" WIDTH="23" HEIGHT="30" WC="0.93" CONTENT="för"/><SP WIDTH="7" VPOS="291" HPOS="102"/>
							<String ID="string_10" HPOS="109" VPOS="300" WIDTH="36" HEIGHT="12" WC="0.89" CONTENT="dom-"/><SP WIDTH="410" VPOS="300" HPOS="145"/>
							<String ID="string_11" HPOS="555" VPOS="313" WIDTH="3" HEIGHT="3" WC="0.88" CONTENT="N"/><SP WIDTH="110" VPOS="313" HPOS="558"/>
							<String ID="string_12" HPOS="668" VPOS="302" WIDTH="1" HEIGHT="5" WC="0.50" CONTENT="|"/>
						</TextLine>
					</TextBlock>
					<TextBlock ID="block_3" HPOS="49" VPOS="312" WIDTH="620" HEIGHT="62">
						<TextLine ID="line_3" HPOS="49" VPOS="312" WIDTH="620" HEIGHT="31">
							<String ID="string_13" HPOS="49" VPOS="323" WIDTH="60" HEIGHT="16" WC="0.69" CONTENT="stolavs,"/><SP WIDTH="7" VPOS="323" HPOS="109"/>
							<String ID="string_14" HPOS="116" VPOS="323" WIDTH="22" HEIGHT="15" WC="0.76" CONTENT="of-"/><SP WIDTH="168" VPOS="323" HPOS="138"/>
							<String ID="string_15" HPOS="306" VPOS="312" WIDTH="84" HEIGHT="22" WC="0.92" CONTENT="undfätt"/><SP WIDTH="12" VPOS="312" HPOS="390"/>
							<String ID="string_16" HPOS="402" VPOS="312" WIDTH="81" HEIGHT="26" WC="0.92" CONTENT="afsked,"/><SP WIDTH="8" VPOS="312" HPOS="483"/>
							<String ID="string_17" HPOS="491" VPOS="313" WIDTH="53" HEIGHT="28" WC="0.92" CONTENT="änyo"/><SP WIDTH="10" VPOS="313" HPOS="544"/>
							<String ID="string_18" HPOS="554" VPOS="320" WIDTH="31" HEIGHT="14" WC="0.91" CONTENT="in-"/><SP WIDTH="82" VPOS="320" HPOS="585"/>
							<String ID="string_19" HPOS="667" VPOS="332" WIDTH="2" HEIGHT="11" WC="0.94" CONTENT="|"/>
						</TextLine>
						<TextLine ID="line_4" HPOS="63" VPOS="344" WIDTH="606" HEIGHT="30">
							<String ID="string_20" HPOS="63" VPOS="346" WIDTH="64" HEIGHT="26" WC="0.92" CONTENT="fentliga"/><SP WIDTH="179" VPOS="346" HPOS="127"/>
							<String ID="string_21" HPOS="306" VPOS="348" WIDTH="72" HEIGHT="21" WC="0.69" CONTENT="träder"/><SP WIDTH="7" VPOS="348" HPOS="378"/>
							<String ID="string_22" HPOS="385" VPOS="348" WIDTH="7" HEIGHT="21" WC="0.69" CONTENT="i"/><SP WIDTH="8" VPOS="348" HPOS="392"/>
							<String ID="string_23" HPOS="400" VPOS="346" WIDTH="66" HEIGHT="28" WC="0.92" CONTENT="tjenst"/><SP WIDTH="11" VPOS="346" HPOS="466"/>
							<String ID="string_24" HPOS="477" VPOS="348" WIDTH="47" HEIGHT="22" WC="0.96" CONTENT="med"/><SP WIDTH="9" VPOS="348" HPOS="524"/>
							<String ID="string_25" HPOS="533" VPOS="348" WIDTH="34" HEIGHT="22" WC="0.85" CONTENT="lön"/><SP WIDTH="6" VPOS="348" HPOS="567"/>
							<String ID="string_26" HPOS="573" VPOS="348" WIDTH="12" HEIGHT="21" WC="0.85" CONTENT="å"/><SP WIDTH="82" VPOS="348" HPOS="585"/>
							<String ID="string_27" HPOS="667" VPOS="344" WIDTH="2" HEIGHT="29" WC="0.81" CONTENT="|"/>
						</TextLine>
					</TextBlock>
					<TextBlock ID="block_4" HPOS="44" VPOS="360" WIDTH="625" HEIGHT="33">
						<TextLine ID="line_5" HPOS="44" VPOS="360" WIDTH="625" HEIGHT="33">
							<String ID="string_28" HPOS="44" VPOS="360" WIDTH="108" HEIGHT="33" WC="0.96" CONTENT="myndigheters"/><SP WIDTH="304" VPOS="360" HPOS="152"/>
							<String ID="string_29" HPOS="456" VPOS="384" WIDTH="8" HEIGHT="4" WC="0.96" CONTENT="N"/><SP WIDTH="99" VPOS="384" HPOS="464"/>
							<String ID="string_30" HPOS="563" VPOS="383" WIDTH="3" HEIGHT="3" WC="0.0" CONTENT=":"/><SP WIDTH="102" VPOS="383" HPOS="566"/>
							<String ID="string_31" HPOS="668" VPOS="378" WIDTH="1" HEIGHT="14" WC="0.84" CONTENT="|"/>
						</TextLine>
					</TextBlock>
					<TextBlock ID="block_5" HPOS="50" VPOS="382" WIDTH="619" HEIGHT="38">
						<TextLine ID="line_6" HPOS="50" VPOS="382" WIDTH="619" HEIGHT="38">
							<String ID="string_32" HPOS="50" VPOS="392" WIDTH="24" HEIGHT="12" WC="0.93" CONTENT="och"/><SP WIDTH="10" VPOS="392" HPOS="74"/>
							<String ID="string_33" HPOS="84" VPOS="392" WIDTH="58" HEIGHT="13" WC="0.81" CONTENT="embets-"/><SP WIDTH="165" VPOS="392" HPOS="142"/>
							<String ID="string_34" HPOS="307" VPOS="384" WIDTH="50" HEIGHT="24" WC="0.96" CONTENT="stat,"/><SP WIDTH="10" VPOS="384" HPOS="357"/>
							<String ID="string_35" HPOS="367" VPOS="382" WIDTH="54" HEIGHT="22" WC="0.93" CONTENT="skall"/><SP WIDTH="12" VPOS="382" HPOS="421"/>
							<String ID="string_36" HPOS="433" VPOS="382" WIDTH="152" HEIGHT="28" WC="0.91" CONTENT="stämpelafgif-"/><SP WIDTH="83" VPOS="382" HPOS="585"/>
							<String ID="string_37" HPOS="668" VPOS="394" WIDTH="1" HEIGHT="26" WC="0.86" CONTENT="|"/>
						</TextLine>
					</TextBlock>
				</ComposedBlock>
				<ComposedBlock ID="cblock_3" HPOS="47" VPOS="415" WIDTH="896" HEIGHT="283">
					<TextBlock ID="block_6" HPOS="47" VPOS="415" WIDTH="896" HEIGHT="265">
						<TextLine ID="line_7" HPOS="47" VPOS="415" WIDTH="96" HEIGHT="16">
							<String ID="string_38" HPOS="47" VPOS="415" WIDTH="42" HEIGHT="12" WC="0.88" CONTENT="mäns"/><SP WIDTH="10" VPOS="415" HPOS="89"/>
							<String ID="string_39" HPOS="99" VPOS="418" WIDTH="44" HEIGHT="13" WC="0.77" CONTENT="expe-"/>
						</TextLine>
						<TextLine ID="line_8" HPOS="60" VPOS="438" WIDTH="525" HEIGHT="42">
							<String ID="string_40" HPOS="60" VPOS="438" WIDTH="67" HEIGHT="12" WC="0.19" CONTENT="vien"/><SP WIDTH="182" VPOS="438" HPOS="127"/>
							<String ID="string_41" HPOS="309" VPOS="452" WIDTH="67" HEIGHT="28" WC="0.32" CONTENT="[utel.]"/><SP WIDTH="34" VPOS="452" HPOS="376"/>
							<String ID="string_42" HPOS="410" VPOS="452" WIDTH="32" HEIGHT="22" WC="0.83" CONTENT="til"/><SP WIDTH="34" VPOS="452" HPOS="442"/>
							<String ID="string_43" HPOS="476" VPOS="452" WIDTH="37" HEIGHT="22" WC="0.93" CONTENT="det"/><SP WIDTH="36" VPOS="452" HPOS="513"/>
							<String ID="string_44" HPOS="549" VPOS="453" WIDTH="36" HEIGHT="21" WC="0.88" CONTENT="be-"/>
						</TextLine>
						<TextLine ID="line_9" HPOS="307" VPOS="486" WIDTH="289" HEIGHT="34">
							<String ID="string_45" HPOS="307" VPOS="487" WIDTH="56" HEIGHT="27" WC="0.84" CONTENT="lopp,"/><SP WIDTH="33" VPOS="487" HPOS="363"/>
							<String ID="string_46" HPOS="396" VPOS="487" WIDTH="102" HEIGHT="21" WC="0.70" CONTENT="hvarmed"/><SP WIDTH="27" VPOS="487" HPOS="498"/>
							<String ID="string_47" HPOS="525" VPOS="486" WIDTH="71" HEIGHT="34" WC="0.43" CONTENT="afgif-|"/>
						</TextLine>
						<TextLine ID="line_10" HPOS="308" VPOS="517" WIDTH="635" HEIGHT="32">
							<String ID="string_48" HPOS="308" VPOS="523" WIDTH="35" HEIGHT="20" WC="0.96" CONTENT="ten"/><SP WIDTH="18" VPOS="523" HPOS="343"/>
							<String ID="string_49" HPOS="361" VPOS="521" WIDTH="32" HEIGHT="22" WC="0.96" CONTENT="för"/><SP WIDTH="19" VPOS="521" HPOS="393"/>
							<String ID="string_50" HPOS="412" VPOS="522" WIDTH="40" HEIGHT="21" WC="0.96" CONTENT="den"/><SP WIDTH="20" VPOS="522" HPOS="452"/>
							<String ID="string_51" HPOS="472" VPOS="528" WIDTH="42" HEIGHT="20" WC="0.93" CONTENT="nya"/><SP WIDTH="19" VPOS="528" HPOS="514"/>
							<String ID="string_52" HPOS="533" VPOS="522" WIDTH="52" HEIGHT="27" WC="0.93" CONTENT="tjen-"/><SP WIDTH="356" VPOS="522" HPOS="585"/>
							<String ID="string_53" HPOS="941" VPOS="517" WIDTH="2" HEIGHT="25" WC="0.80" CONTENT="i"/>
						</TextLine>
						<TextLine ID="line_11" HPOS="307" VPOS="556" WIDTH="636" HEIGHT="27">
							<String ID="string_54" HPOS="307" VPOS="558" WIDTH="55" HEIGHT="24" WC="0.96" CONTENT="sten,"/><SP WIDTH="14" VPOS="558" HPOS="362"/>
							<String ID="string_55" HPOS="376" VPOS="556" WIDTH="82" HEIGHT="27" WC="0.95" CONTENT="enligt"/><SP WIDTH="11" VPOS="556" HPOS="458"/>
							<String ID="string_56" HPOS="469" VPOS="556" WIDTH="117" HEIGHT="26" WC="0.95" CONTENT="gällande"/><SP WIDTH="355" VPOS="556" HPOS="586"/>
							<String ID="string_57" HPOS="941" VPOS="562" WIDTH="2" HEIGHT="11" WC="0.93" CONTENT="|"/>
						</TextLine>
						<TextLine ID="line_12" HPOS="312" VPOS="586" WIDTH="631" HEIGHT="37">
							<String ID="string_58" HPOS="312" VPOS="586" WIDTH="273" HEIGHT="37" WC="0.91" CONTENT="stämpelförordning,"/><SP WIDTH="83" VPOS="586" HPOS="585"/>
							<String ID="string_59" HPOS="668" VPOS="617" WIDTH="1" HEIGHT="3" WC="0.65" CONTENT=":"/><SP WIDTH="273" VPOS="617" HPOS="669"/>
							<String ID="string_60" HPOS="942" VPOS="598" WIDTH="1" HEIGHT="6" WC="0.62" CONTENT="|"/>
						</TextLine>
						<TextLine ID="line_13" HPOS="308" VPOS="615" WIDTH="635" HEIGHT="65">
							<String ID="string_61" HPOS="308" VPOS="625" WIDTH="143" HEIGHT="28" WC="0.91" CONTENT="öfverskjuter"/><SP WIDTH="25" VPOS="625" HPOS="451"/>
							<String ID="string_62" HPOS="476" VPOS="625" WIDTH="120" HEIGHT="25" WC="0.44" CONTENT="enahanda"/><SP WIDTH="-10" VPOS="625" HPOS="596"/>
							<String ID="string_63" HPOS="586" VPOS="617" WIDTH="13" HEIGHT="40" WC="0.44" CONTENT="|"/><SP WIDTH="69" VPOS="617" HPOS="599"/>
							<String ID="string_64" HPOS="668" VPOS="622" WIDTH="1" HEIGHT="4" WC="0.49" CONTENT=";"/><SP WIDTH="273" VPOS="622" HPOS="669"/>
							<String ID="string_65" HPOS="942" VPOS="615" WIDTH="1" HEIGHT="65" WC="0.89" CONTENT="|"/>
						</TextLine>
					</TextBlock>
					<TextBlock ID="block_7" HPOS="942" VPOS="681" WIDTH="1" HEIGHT="17">
						<TextLine ID="line_14" HPOS="942" VPOS="681" WIDTH="1" HEIGHT="17">
							<String ID="string_66" HPOS="942" VPOS="681" WIDTH="1" HEIGHT="17" WC="0.94" CONTENT="|"/>
						</TextLine>
					</TextBlock>
				</ComposedBlock>
				<ComposedBlock ID="cblock_4" HPOS="307" VPOS="289" WIDTH="669" HEIGHT="215">
					<TextBlock ID="block_8" HPOS="940" VPOS="289" WIDTH="2" HEIGHT="26">
						<TextLine ID="line_15" HPOS="940" VPOS="289" WIDTH="2" HEIGHT="26">
							<String ID="string_67" HPOS="940" VPOS="289" WIDTH="2" HEIGHT="26" WC="0.88" CONTENT="|"/>
						</TextLine>
					</TextBlock>
					<TextBlock ID="block_9" HPOS="941" VPOS="317" WIDTH="1" HEIGHT="15">
						<TextLine ID="line_16" HPOS="941" VPOS="317" WIDTH="1" HEIGHT="15">
							<String ID="string_68" HPOS="941" VPOS="317" WIDTH="1" HEIGHT="15" WC="0.93" CONTENT="|"/>
						</TextLine>
					</TextBlock>
					<TextBlock ID="block_10" HPOS="941" VPOS="333" WIDTH="1" HEIGHT="10">
						<TextLine ID="line_17" HPOS="941" VPOS="333" WIDTH="1" HEIGHT="10">
							<String ID="string_69" HPOS="941" VPOS="333" WIDTH="1" HEIGHT="10" WC="0.94" CONTENT="|"/>
						</TextLine>
					</TextBlock>
					<TextBlock ID="block_11" HPOS="307" VPOS="344" WIDTH="636" HEIGHT="109">
						<TextLine ID="line_18" HPOS="941" VPOS="344" WIDTH="1" HEIGHT="29">
							<String ID="string_70" HPOS="941" VPOS="344" WIDTH="1" HEIGHT="29" WC="0.88" CONTENT="|"/>
						</TextLine>
						<TextLine ID="line_19" HPOS="307" VPOS="376" WIDTH="636" HEIGHT="77">
							<String ID="string_71" HPOS="307" VPOS="420" WIDTH="36" HEIGHT="20" WC="0.96" CONTENT="ten"/><SP WIDTH="39" VPOS="420" HPOS="343"/>
							<String ID="string_72" HPOS="382" VPOS="419" WIDTH="88" HEIGHT="26" WC="0.95" CONTENT="utgöras"/><SP WIDTH="41" VPOS="419" HPOS="470"/>
							<String ID="string_73" HPOS="511" VPOS="418" WIDTH="75" HEIGHT="22" WC="0.83" CONTENT="endast"/><SP WIDTH="355" VPOS="418" HPOS="586"/>
							<String ID="string_74" HPOS="941" VPOS="376" WIDTH="2" HEIGHT="77" WC="0.95" CONTENT="|"/>
						</TextLine>
					</TextBlock>
					<TextBlock ID="block_12" HPOS="941" VPOS="429" WIDTH="35" HEIGHT="75">
						<TextLine ID="line_20" HPOS="941" VPOS="429" WIDTH="35" HEIGHT="75">
							<String ID="string_75" HPOS="941" VPOS="454" WIDTH="2" HEIGHT="19" WC="0.80" CONTENT="I"/>
						</TextLine>
					</TextBlock>
					<TextBlock ID="block_13" HPOS="941" VPOS="474" WIDTH="2" HEIGHT="12">
						<TextLine ID="line_21" HPOS="941" VPOS="474" WIDTH="2" HEIGHT="12">
							<String ID="string_76" HPOS="941" VPOS="474" WIDTH="2" HEIGHT="12" WC="0.90" CONTENT="i"/>
						</TextLine>
					</TextBlock>
				</ComposedBlock>
				<GraphicalElement ID="cblock_5" HPOS="849" VPOS="284" WIDTH="4" HEIGHT="403"></GraphicalElement >
				<ComposedBlock ID="cblock_6" HPOS="164" VPOS="660" WIDTH="815" HEIGHT="826">
					<TextBlock ID="block_14" HPOS="308" VPOS="660" WIDTH="671" HEIGHT="548">
						<TextLine ID="line_22" HPOS="308" VPOS="660" WIDTH="668" HEIGHT="28">
							<String ID="string_77" HPOS="308" VPOS="660" WIDTH="60" HEIGHT="28" WC="0.91" CONTENT="afgift"/><SP WIDTH="8" VPOS="660" HPOS="368"/>
							<String ID="string_78" HPOS="376" VPOS="660" WIDTH="32" HEIGHT="22" WC="0.93" CONTENT="för"/><SP WIDTH="8" VPOS="660" HPOS="408"/>
							<String ID="string_79" HPOS="416" VPOS="661" WIDTH="87" HEIGHT="21" WC="0.93" CONTENT="senaste"/><SP WIDTH="11" VPOS="661" HPOS="503"/>
							<String ID="string_80" HPOS="514" VPOS="660" WIDTH="72" HEIGHT="27" WC="0.92" CONTENT="tjenst;"/><SP WIDTH="389" VPOS="660" HPOS="586"/>
							<String ID="string_81" HPOS="975" VPOS="675" WIDTH="1" HEIGHT="3" WC="0.92" CONTENT="|"/>
						</TextLine>
						<TextLine ID="line_23" HPOS="308" VPOS="686" WIDTH="669" HEIGHT="39">
							<String ID="string_82" HPOS="308" VPOS="695" WIDTH="40" HEIGHT="23" WC="0.95" CONTENT="och"/><SP WIDTH="24" VPOS="695" HPOS="348"/>
							<String ID="string_83" HPOS="372" VPOS="695" WIDTH="54" HEIGHT="21" WC="0.95" CONTENT="skall"/><SP WIDTH="23" VPOS="695" HPOS="426"/>
							<String ID="string_84" HPOS="449" VPOS="701" WIDTH="81" HEIGHT="15" WC="0.96" CONTENT="samma"/><SP WIDTH="20" VPOS="701" HPOS="530"/>
							<String ID="string_85" HPOS="550" VPOS="686" WIDTH="46" HEIGHT="31" WC="0.89" CONTENT="be-|"/><SP WIDTH="254" VPOS="686" HPOS="596"/>
							<String ID="string_86" HPOS="850" VPOS="688" WIDTH="2" HEIGHT="37" WC="0.69" CONTENT="|"/><SP WIDTH="123" VPOS="688" HPOS="852"/>
							<String ID="string_87" HPOS="975" VPOS="698" WIDTH="2" HEIGHT="22" WC="0.79" CONTENT="j"/>
						</TextLine>
						<TextLine ID="line_24" HPOS="308" VPOS="721" WIDTH="669" HEIGHT="40">
							<String ID="string_88" HPOS="308" VPOS="729" WIDTH="170" HEIGHT="27" WC="0.71" CONTENT="räkningsgrund"/><SP WIDTH="31" VPOS="729" HPOS="478"/>
							<String ID="string_89" HPOS="509" VPOS="730" WIDTH="77" HEIGHT="26" WC="0.69" CONTENT="—jemväl"/><SP WIDTH="83" VPOS="730" HPOS="586"/>
							<String ID="string_90" HPOS="669" VPOS="726" WIDTH="1" HEIGHT="28" WC="0.83" CONTENT="|"/><SP WIDTH="181" VPOS="726" HPOS="670"/>
							<String ID="string_91" HPOS="851" VPOS="726" WIDTH="2" HEIGHT="35" WC="0.88" CONTENT="|"/><SP WIDTH="123" VPOS="726" HPOS="853"/>
							<String ID="string_92" HPOS="976" VPOS="721" WIDTH="1" HEIGHT="26" WC="0.88" CONTENT="|"/>
						</TextLine>
						<TextLine ID="line_25" HPOS="308" VPOS="748" WIDTH="670" HEIGHT="90">
							<String ID="string_93" HPOS="308" VPOS="765" WIDTH="115" HEIGHT="27" WC="0.96" CONTENT="tillämpas,"/><SP WIDTH="23" VPOS="765" HPOS="423"/>
							<String ID="string_94" HPOS="446" VPOS="765" WIDTH="27" HEIGHT="21" WC="0.96" CONTENT="dä"/><SP WIDTH="23" VPOS="765" HPOS="473"/>
							<String ID="string_95" HPOS="496" VPOS="764" WIDTH="40" HEIGHT="22" WC="0.92" CONTENT="den"/><SP WIDTH="16" VPOS="764" HPOS="536"/>
							<String ID="string_96" HPOS="552" VPOS="765" WIDTH="45" HEIGHT="33" WC="0.88" CONTENT="be-|"/><SP WIDTH="72" VPOS="765" HPOS="597"/>
							<String ID="string_97" HPOS="669" VPOS="767" WIDTH="2" HEIGHT="24" WC="0.94" CONTENT="|"/><SP WIDTH="180" VPOS="767" HPOS="671"/>
							<String ID="string_98" HPOS="851" VPOS="783" WIDTH="2" HEIGHT="9" WC="0.94" CONTENT="|"/><SP WIDTH="90" VPOS="783" HPOS="853"/>
							<String ID="string_99" HPOS="943" VPOS="787" WIDTH="1" HEIGHT="4" WC="0.62" CONTENT="|"/><SP WIDTH="32" VPOS="787" HPOS="944"/>
							<String ID="string_100" HPOS="976" VPOS="748" WIDTH="2" HEIGHT="90" WC="0.96" CONTENT="|"/>
						</TextLine>
						<TextLine ID="line_26" HPOS="308" VPOS="792" WIDTH="636" HEIGHT="34">
							<String ID="string_101" HPOS="308" VPOS="798" WIDTH="100" HEIGHT="22" WC="0.93" CONTENT="fordrade"/><SP WIDTH="22" VPOS="798" HPOS="408"/>
							<String ID="string_102" HPOS="430" VPOS="798" WIDTH="97" HEIGHT="28" WC="0.91" CONTENT="öfvergår"/><SP WIDTH="14" VPOS="798" HPOS="527"/>
							<String ID="string_103" HPOS="541" VPOS="799" WIDTH="55" HEIGHT="21" WC="0.91" CONTENT="från"/><SP WIDTH="73" VPOS="799" HPOS="596"/>
							<String ID="string_104" HPOS="669" VPOS="792" WIDTH="2" HEIGHT="24" WC="0.93" CONTENT="|"/><SP WIDTH="180" VPOS="792" HPOS="671"/>
							<String ID="string_105" HPOS="851" VPOS="806" WIDTH="1" HEIGHT="3" WC="0.93" CONTENT="|"/><SP WIDTH="91" VPOS="806" HPOS="852"/>
							<String ID="string_106" HPOS="943" VPOS="794" WIDTH="1" HEIGHT="20" WC="0.86" CONTENT="|"/>
						</TextLine>
						<TextLine ID="line_27" HPOS="308" VPOS="833" WIDTH="278" HEIGHT="27">
							<String ID="string_107" HPOS="308" VPOS="833" WIDTH="243" HEIGHT="27" WC="0.91" CONTENT="kommunalbefattning"/><SP WIDTH="6" VPOS="833" HPOS="551"/>
							<String ID="string_108" HPOS="557" VPOS="833" WIDTH="29" HEIGHT="21" WC="0.92" CONTENT="till"/>
						</TextLine>
						<TextLine ID="line_28" HPOS="309" VPOS="839" WIDTH="669" HEIGHT="58">
							<String ID="string_109" HPOS="309" VPOS="867" WIDTH="123" HEIGHT="28" WC="0.91" CONTENT="statstjenst"/><SP WIDTH="22" VPOS="867" HPOS="432"/>
							<String ID="string_110" HPOS="454" VPOS="868" WIDTH="51" HEIGHT="22" WC="0.93" CONTENT="eller"/><SP WIDTH="18" VPOS="868" HPOS="505"/>
							<String ID="string_111" HPOS="523" VPOS="869" WIDTH="73" HEIGHT="20" WC="0.75" CONTENT="tvärt-|"/><SP WIDTH="381" VPOS="869" HPOS="596"/>
							<String ID="string_112" HPOS="977" VPOS="839" WIDTH="1" HEIGHT="58" WC="0.95" CONTENT="|"/>
						</TextLine>
						<TextLine ID="line_29" HPOS="308" VPOS="902" WIDTH="670" HEIGHT="41">
							<String ID="string_113" HPOS="308" VPOS="908" WIDTH="41" HEIGHT="21" WC="0.96" CONTENT="om,"/><SP WIDTH="17" VPOS="908" HPOS="349"/>
							<String ID="string_114" HPOS="366" VPOS="904" WIDTH="56" HEIGHT="20" WC="0.96" CONTENT="samt"/><SP WIDTH="14" VPOS="904" HPOS="422"/>
							<String ID="string_115" HPOS="436" VPOS="902" WIDTH="27" HEIGHT="22" WC="0.93" CONTENT="dä"/><SP WIDTH="10" VPOS="902" HPOS="463"/>
							<String ID="string_116" HPOS="473" VPOS="902" WIDTH="113" HEIGHT="22" WC="0.92" CONTENT="befordran"/><SP WIDTH="390" VPOS="902" HPOS="586"/>
							<String ID="string_117" HPOS="976" VPOS="904" WIDTH="2" HEIGHT="39" WC="0.90" CONTENT="|"/>
						</TextLine>
						<TextLine ID="line_30" HPOS="308" VPOS="936" WIDTH="670" HEIGHT="28">
							<String ID="string_118" HPOS="308" VPOS="944" WIDTH="51" HEIGHT="20" WC="0.91" CONTENT="eger"/><SP WIDTH="15" VPOS="944" HPOS="359"/>
							<String ID="string_119" HPOS="374" VPOS="943" WIDTH="47" HEIGHT="15" WC="0.93" CONTENT="rum"/><SP WIDTH="10" VPOS="943" HPOS="421"/>
							<String ID="string_120" HPOS="431" VPOS="936" WIDTH="46" HEIGHT="22" WC="0.93" CONTENT="frän"/><SP WIDTH="11" VPOS="936" HPOS="477"/>
							<String ID="string_121" HPOS="488" VPOS="936" WIDTH="99" HEIGHT="22" WC="0.91" CONTENT="arvodes-"/><SP WIDTH="83" VPOS="936" HPOS="587"/>
							<String ID="string_122" HPOS="670" VPOS="939" WIDTH="1" HEIGHT="5" WC="0.95" CONTENT="|"/><SP WIDTH="181" VPOS="939" HPOS="671"/>
							<String ID="string_123" HPOS="852" VPOS="949" WIDTH="1" HEIGHT="7" WC="0.85" CONTENT="|"/><SP WIDTH="90" VPOS="949" HPOS="853"/>
							<String ID="string_124" HPOS="943" VPOS="943" WIDTH="35" HEIGHT="21" WC="0.0" CONTENT="|"/>
						</TextLine>
						<TextLine ID="line_31" HPOS="309" VPOS="966" WIDTH="669" HEIGHT="33">
							<String ID="string_125" HPOS="309" VPOS="972" WIDTH="67" HEIGHT="27" WC="0.92" CONTENT="tjenst"/><SP WIDTH="23" VPOS="972" HPOS="376"/>
							<String ID="string_126" HPOS="399" VPOS="971" WIDTH="30" HEIGHT="21" WC="0.93" CONTENT="till"/><SP WIDTH="25" VPOS="971" HPOS="429"/>
							<String ID="string_127" HPOS="454" VPOS="972" WIDTH="66" HEIGHT="26" WC="0.91" CONTENT="tjenst"/><SP WIDTH="19" VPOS="972" HPOS="520"/>
							<String ID="string_128" HPOS="539" VPOS="971" WIDTH="58" HEIGHT="22" WC="0.44" CONTENT="medj"/><SP WIDTH="255" VPOS="971" HPOS="597"/>
							<String ID="string_129" HPOS="852" VPOS="984" WIDTH="1" HEIGHT="8" WC="0.94" CONTENT="|"/><SP WIDTH="90" VPOS="984" HPOS="853"/>
							<String ID="string_130" HPOS="943" VPOS="980" WIDTH="2" HEIGHT="14" WC="0.52" CONTENT="|"/><SP WIDTH="31" VPOS="980" HPOS="945"/>
							<String ID="string_131" HPOS="976" VPOS="966" WIDTH="2" HEIGHT="9" WC="0.52" CONTENT="|"/>
						</TextLine>
						<TextLine ID="line_32" HPOS="308" VPOS="1006" WIDTH="280" HEIGHT="22">
							<String ID="string_132" HPOS="308" VPOS="1007" WIDTH="36" HEIGHT="21" WC="0.92" CONTENT="lön"/><SP WIDTH="23" VPOS="1007" HPOS="344"/>
							<String ID="string_133" HPOS="367" VPOS="1006" WIDTH="13" HEIGHT="22" WC="0.90" CONTENT="&amp;"/><SP WIDTH="22" VPOS="1006" HPOS="380"/>
							<String ID="string_134" HPOS="402" VPOS="1008" WIDTH="44" HEIGHT="20" WC="0.96" CONTENT="stat"/><SP WIDTH="26" VPOS="1008" HPOS="446"/>
							<String ID="string_135" HPOS="472" VPOS="1006" WIDTH="52" HEIGHT="22" WC="0.92" CONTENT="eller"/><SP WIDTH="22" VPOS="1006" HPOS="524"/>
							<String ID="string_136" HPOS="546" VPOS="1012" WIDTH="42" HEIGHT="16" WC="0.90" CONTENT="om-"/>
						</TextLine>
						<TextLine ID="line_33" HPOS="308" VPOS="1041" WIDTH="670" HEIGHT="35">
							<String ID="string_137" HPOS="308" VPOS="1041" WIDTH="72" HEIGHT="21" WC="0.89" CONTENT="vändt."/><SP WIDTH="10" VPOS="1041" HPOS="380"/>
							<String ID="string_138" HPOS="390" VPOS="1041" WIDTH="114" HEIGHT="21" WC="0.89" CONTENT="Dockmä"/><SP WIDTH="12" VPOS="1041" HPOS="504"/>
							<String ID="string_139" HPOS="516" VPOS="1044" WIDTH="81" HEIGHT="32" WC="0.89" CONTENT="stäm-|"/><SP WIDTH="380" VPOS="1044" HPOS="597"/>
							<String ID="string_140" HPOS="977" VPOS="1052" WIDTH="1" HEIGHT="20" WC="0.95" CONTENT="|"/>
						</TextLine>
						<TextLine ID="line_34" HPOS="308" VPOS="1073" WIDTH="670" HEIGHT="30">
							<String ID="string_141" HPOS="308" VPOS="1075" WIDTH="158" HEIGHT="28" WC="0.92" CONTENT="pelafgiften"/><SP WIDTH="23" VPOS="1075" HPOS="466"/>
							<String ID="string_142" HPOS="489" VPOS="1076" WIDTH="36" HEIGHT="22" WC="0.92" CONTENT="uti"/><SP WIDTH="20" VPOS="1076" HPOS="525"/>
							<String ID="string_143" HPOS="545" VPOS="1077" WIDTH="52" HEIGHT="21" WC="0.90" CONTENT="härj"/><SP WIDTH="380" VPOS="1077" HPOS="597"/>
							<String ID="string_144" HPOS="977" VPOS="1073" WIDTH="1" HEIGHT="21" WC="0.71" CONTENT="|"/>
						</TextLine>
						<TextLine ID="line_35" HPOS="309" VPOS="1110" WIDTH="545" HEIGHT="27">
							<String ID="string_145" HPOS="309" VPOS="1110" WIDTH="147" HEIGHT="22" WC="0.96" CONTENT="omnämnda"/><SP WIDTH="17" VPOS="1110" HPOS="456"/>
							<String ID="string_146" HPOS="473" VPOS="1110" WIDTH="45" HEIGHT="22" WC="0.96" CONTENT="fall"/><SP WIDTH="15" VPOS="1110" HPOS="518"/>
							<String ID="string_147" HPOS="533" VPOS="1112" WIDTH="6" HEIGHT="20" WC="0.91" CONTENT="i"/><SP WIDTH="16" VPOS="1112" HPOS="539"/>
							<String ID="string_148" HPOS="555" VPOS="1112" WIDTH="42" HEIGHT="20" WC="0.78" CONTENT="in-!"/><SP WIDTH="255" VPOS="1112" HPOS="597"/>
							<String ID="string_149" HPOS="852" VPOS="1125" WIDTH="2" HEIGHT="12" WC="0.90" CONTENT="|"/>
						</TextLine>
						<TextLine ID="line_36" HPOS="309" VPOS="1144" WIDTH="670" HEIGHT="29">
							<String ID="string_150" HPOS="309" VPOS="1151" WIDTH="47" HEIGHT="20" WC="0.93" CONTENT="gen"/><SP WIDTH="11" VPOS="1151" HPOS="356"/>
							<String ID="string_151" HPOS="367" VPOS="1144" WIDTH="121" HEIGHT="22" WC="0.91" CONTENT="händelse"/><SP WIDTH="12" VPOS="1144" HPOS="488"/>
							<String ID="string_152" HPOS="500" VPOS="1146" WIDTH="87" HEIGHT="22" WC="0.92" CONTENT="under-"/><SP WIDTH="390" VPOS="1146" HPOS="587"/>
							<String ID="string_153" HPOS="977" VPOS="1168" WIDTH="2" HEIGHT="5" WC="0.90" CONTENT="|"/>
						</TextLine>
						<TextLine ID="line_37" HPOS="309" VPOS="1176" WIDTH="666" HEIGHT="32">
							<String ID="string_154" HPOS="309" VPOS="1179" WIDTH="69" HEIGHT="27" WC="0.0" CONTENT="BTIEOn"/><SP WIDTH="31" VPOS="1179" HPOS="378"/>
							<String ID="string_155" HPOS="409" VPOS="1195" WIDTH="50" HEIGHT="5" WC="0.0" CONTENT="ss"/><SP WIDTH="58" VPOS="1195" HPOS="459"/>
							<String ID="string_156" HPOS="517" VPOS="1196" WIDTH="49" HEIGHT="6" WC="0.30" CONTENT="RR"/><SP WIDTH="18" VPOS="1196" HPOS="566"/>
							<String ID="string_157" HPOS="584" VPOS="1196" WIDTH="4" HEIGHT="5" WC="0.43" CONTENT="5"/><SP WIDTH="53" VPOS="1196" HPOS="588"/>
							<String ID="string_158" HPOS="641" VPOS="1184" WIDTH="12" HEIGHT="19" WC="0.89" CONTENT="4"/><SP WIDTH="40" VPOS="1184" HPOS="653"/>
							<String ID="string_159" HPOS="693" VPOS="1197" WIDTH="6" HEIGHT="11" WC="0.0" CONTENT="+"/><SP WIDTH="35" VPOS="1197" HPOS="699"/>
							<String ID="string_160" HPOS="734" VPOS="1186" WIDTH="58" HEIGHT="20" WC="0.9" CONTENT="2l—I"/><SP WIDTH="36" VPOS="1186" HPOS="792"/>
							<String ID="string_161" HPOS="828" VPOS="1176" WIDTH="54" HEIGHT="30" WC="0.0" CONTENT="1:"/><SP WIDTH="23" VPOS="1176" HPOS="882"/>
							<String ID="string_162" HPOS="905" VPOS="1198" WIDTH="21" HEIGHT="2" WC="0.0" CONTENT="—"/><SP WIDTH="18" VPOS="1198" HPOS="926"/>
							<String ID="string_163" HPOS="944" VPOS="1187" WIDTH="31" HEIGHT="19" WC="0.56" CONTENT="&quot;50"/>
						</TextLine>
					</TextBlock>
					<TextBlock ID="block_15" HPOS="164" VPOS="1214" WIDTH="815" HEIGHT="162">
						<TextLine ID="line_38" HPOS="334" VPOS="1214" WIDTH="263" HEIGHT="28">
							<String ID="string_164" HPOS="334" VPOS="1214" WIDTH="54" HEIGHT="22" WC="0.95" CONTENT="Sker"/><SP WIDTH="6" VPOS="1214" HPOS="388"/>
							<String ID="string_165" HPOS="394" VPOS="1215" WIDTH="137" HEIGHT="27" WC="0.95" CONTENT="transporten"/><SP WIDTH="6" VPOS="1215" HPOS="531"/>
							<String ID="string_166" HPOS="537" VPOS="1216" WIDTH="51" HEIGHT="20" WC="0.82" CONTENT="utan"/><SP WIDTH="8" VPOS="1216" HPOS="588"/>
							<String ID="string_167" HPOS="596" VPOS="1214" WIDTH="1" HEIGHT="7" WC="0.81" CONTENT="|"/>
						</TextLine>
						<TextLine ID="line_39" HPOS="310" VPOS="1248" WIDTH="278" HEIGHT="28">
							<String ID="string_168" HPOS="310" VPOS="1248" WIDTH="125" HEIGHT="28" WC="0.96" CONTENT="ansökning,"/><SP WIDTH="20" VPOS="1248" HPOS="435"/>
							<String ID="string_169" HPOS="455" VPOS="1255" WIDTH="50" HEIGHT="20" WC="0.93" CONTENT="eger"/><SP WIDTH="18" VPOS="1255" HPOS="505"/>
							<String ID="string_170" HPOS="523" VPOS="1251" WIDTH="65" HEIGHT="19" WC="0.92" CONTENT="stäm-"/>
						</TextLine>
						<TextLine ID="line_40" HPOS="309" VPOS="1282" WIDTH="670" HEIGHT="33">
							<String ID="string_171" HPOS="309" VPOS="1282" WIDTH="97" HEIGHT="28" WC="0.90" CONTENT="pelafgift"/><SP WIDTH="14" VPOS="1282" HPOS="406"/>
							<String ID="string_172" HPOS="420" VPOS="1283" WIDTH="47" HEIGHT="21" WC="0.95" CONTENT="icke"/><SP WIDTH="16" VPOS="1283" HPOS="467"/>
							<String ID="string_173" HPOS="483" VPOS="1289" WIDTH="52" HEIGHT="15" WC="0.95" CONTENT="rum."/><SP WIDTH="443" VPOS="1289" HPOS="535"/>
							<String ID="string_174" HPOS="978" VPOS="1303" WIDTH="1" HEIGHT="12" WC="0.92" CONTENT="|"/>
						</TextLine>
						<TextLine ID="line_41" HPOS="207" VPOS="1316" WIDTH="772" HEIGHT="28">
							<String ID="string_175" HPOS="207" VPOS="1318" WIDTH="24" HEIGHT="21" WC="0.91" CONTENT="B."/><SP WIDTH="30" VPOS="1318" HPOS="231"/>
							<String ID="string_176" HPOS="261" VPOS="1316" WIDTH="158" HEIGHT="23" WC="0.90" CONTENT="Förordnande"/><SP WIDTH="25" VPOS="1316" HPOS="419"/>
							<String ID="string_177" HPOS="444" VPOS="1318" WIDTH="32" HEIGHT="21" WC="0.96" CONTENT="att"/><SP WIDTH="25" VPOS="1318" HPOS="476"/>
							<String ID="string_178" HPOS="501" VPOS="1318" WIDTH="28" HEIGHT="26" WC="0.93" CONTENT="pä"/><SP WIDTH="22" VPOS="1318" HPOS="529"/>
							<String ID="string_179" HPOS="551" VPOS="1318" WIDTH="46" HEIGHT="22" WC="0.89" CONTENT="be-|"/><SP WIDTH="347" VPOS="1318" HPOS="597"/>
							<String ID="string_180" HPOS="944" VPOS="1316" WIDTH="35" HEIGHT="27" WC="0.59" CONTENT="|"/>
						</TextLine>
						<TextLine ID="line_42" HPOS="164" VPOS="1345" WIDTH="815" HEIGHT="31">
							<String ID="string_181" HPOS="164" VPOS="1347" WIDTH="1" HEIGHT="29" WC="0.92" CONTENT="|"/><SP WIDTH="82" VPOS="1347" HPOS="165"/>
							<String ID="string_182" HPOS="247" VPOS="1352" WIDTH="71" HEIGHT="22" WC="0.96" CONTENT="stämd"/><SP WIDTH="15" VPOS="1352" HPOS="318"/>
							<String ID="string_183" HPOS="333" VPOS="1351" WIDTH="32" HEIGHT="23" WC="0.96" CONTENT="tid"/><SP WIDTH="10" VPOS="1351" HPOS="365"/>
							<String ID="string_184" HPOS="375" VPOS="1341" WIDTH="18" HEIGHT="45" WC="0.51" CONTENT="af"/><SP WIDTH="1" VPOS="1341" HPOS="393"/>
							<String ID="string_185" HPOS="394" VPOS="1351" WIDTH="48" HEIGHT="23" WC="0.51" CONTENT="ett"/><SP WIDTH="8" VPOS="1351" HPOS="442"/>
							<String ID="string_186" HPOS="450" VPOS="1352" WIDTH="23" HEIGHT="22" WC="0.88" CONTENT="år"/><SP WIDTH="8" VPOS="1352" HPOS="473"/>
							<String ID="string_187" HPOS="481" VPOS="1352" WIDTH="52" HEIGHT="22" WC="0.93" CONTENT="eller"/><SP WIDTH="8" VPOS="1352" HPOS="533"/>
							<String ID="string_188" HPOS="541" VPOS="1345" WIDTH="57" HEIGHT="30" WC="0.92" CONTENT="der-"/><SP WIDTH="-7" VPOS="1345" HPOS="598"/>
							<String ID="string_189" HPOS="591" VPOS="1341" WIDTH="9" HEIGHT="45" WC="0.94" CONTENT="|"/><SP WIDTH="377" VPOS="1341" HPOS="600"/>
							<String ID="string_190" HPOS="977" VPOS="1363" WIDTH="2" HEIGHT="7" WC="0.62" CONTENT="|"/>
						</TextLine>
					</TextBlock>
					<TextBlock ID="block_16" HPOS="241" VPOS="1386" WIDTH="357" HEIGHT="29">
						<TextLine ID="line_43" HPOS="241" VPOS="1386" WIDTH="357" HEIGHT="29">
							<String ID="string_191" HPOS="241" VPOS="1386" WIDTH="183" HEIGHT="24" WC="0.91" CONTENT="utöfverbestrida"/><SP WIDTH="4" VPOS="1386" HPOS="424"/>
							<String ID="string_192" HPOS="428" VPOS="1388" WIDTH="89" HEIGHT="24" WC="0.91" CONTENT="embete,"/><SP WIDTH="6" VPOS="1388" HPOS="517"/>
							<String ID="string_193" HPOS="523" VPOS="1388" WIDTH="65" HEIGHT="27" WC="0.92" CONTENT="tjenst"/><SP WIDTH="8" VPOS="1388" HPOS="588"/>
							<String ID="string_194" HPOS="596" VPOS="1389" WIDTH="2" HEIGHT="21" WC="0.94" CONTENT="|"/>
						</TextLine>
					</TextBlock>
					<TextBlock ID="block_17" HPOS="241" VPOS="1422" WIDTH="613" HEIGHT="28">
						<TextLine ID="line_44" HPOS="241" VPOS="1422" WIDTH="613" HEIGHT="28">
							<String ID="string_195" HPOS="241" VPOS="1422" WIDTH="52" HEIGHT="22" WC="0.96" CONTENT="eller"/><SP WIDTH="14" VPOS="1422" HPOS="293"/>
							<String ID="string_196" HPOS="307" VPOS="1422" WIDTH="135" HEIGHT="28" WC="0.94" CONTENT="beställning,"/><SP WIDTH="17" VPOS="1422" HPOS="442"/>
							<String ID="string_197" HPOS="459" VPOS="1428" WIDTH="46" HEIGHT="16" WC="0.96" CONTENT="som"/><SP WIDTH="16" VPOS="1428" HPOS="505"/>
							<String ID="string_198" HPOS="521" VPOS="1423" WIDTH="77" HEIGHT="21" WC="0.55" CONTENT="under"/><SP WIDTH="-10" VPOS="1423" HPOS="598"/>
							<String ID="string_199" HPOS="588" VPOS="1418" WIDTH="12" HEIGHT="36" WC="0.55" CONTENT="|"/><SP WIDTH="253" VPOS="1418" HPOS="600"/>
							<String ID="string_200" HPOS="853" VPOS="1445" WIDTH="1" HEIGHT="3" WC="0.95" CONTENT="|"/>
						</TextLine>
					</TextBlock>
					<TextBlock ID="block_18" HPOS="240" VPOS="1451" WIDTH="614" HEIGHT="35">
						<TextLine ID="line_45" HPOS="240" VPOS="1451" WIDTH="614" HEIGHT="35">
							<String ID="string_201" HPOS="240" VPOS="1463" WIDTH="62" HEIGHT="16" WC="0.96" CONTENT="mom."/><SP WIDTH="17" VPOS="1463" HPOS="302"/>
							<String ID="string_202" HPOS="319" VPOS="1463" WIDTH="20" HEIGHT="21" WC="0.58" CONTENT="4,"/><SP WIDTH="16" VPOS="1463" HPOS="339"/>
							<String ID="string_203" HPOS="355" VPOS="1456" WIDTH="17" HEIGHT="27" WC="0.79" CONTENT="D,"/><SP WIDTH="16" VPOS="1456" HPOS="372"/>
							<String ID="string_204" HPOS="388" VPOS="1463" WIDTH="10" HEIGHT="15" WC="0.94" CONTENT="€"/><SP WIDTH="15" VPOS="1463" HPOS="398"/>
							<String ID="string_205" HPOS="413" VPOS="1457" WIDTH="40" HEIGHT="21" WC="0.95" CONTENT="och"/><SP WIDTH="15" VPOS="1457" HPOS="453"/>
							<String ID="string_206" HPOS="468" VPOS="1464" WIDTH="10" HEIGHT="14" WC="0.82" CONTENT="e"/><SP WIDTH="15" VPOS="1464" HPOS="478"/>
							<String ID="string_207" HPOS="493" VPOS="1458" WIDTH="95" HEIGHT="28" WC="0.96" CONTENT="nämnas,"/><SP WIDTH="265" VPOS="1458" HPOS="588"/>
							<String ID="string_208" HPOS="853" VPOS="1451" WIDTH="1" HEIGHT="26" WC="0.89" CONTENT="|"/>
						</TextLine>
					</TextBlock>
				</ComposedBlock>
				<GraphicalElement ID="cblock_7" HPOS="943" VPOS="897" WIDTH="3" HEIGHT="334"></GraphicalElement >
				<GraphicalElement ID="cblock_8" HPOS="851" VPOS="928" WIDTH="5" HEIGHT="483"></GraphicalElement >
				<GraphicalElement ID="cblock_9" HPOS="159" VPOS="212" WIDTH="8" HEIGHT="1245"></GraphicalElement >
				<GraphicalElement ID="cblock_10" HPOS="594" VPOS="269" WIDTH="6" HEIGHT="1217"></GraphicalElement >
				<GraphicalElement ID="cblock_11" HPOS="758" VPOS="284" WIDTH="6" HEIGHT="1206"></GraphicalElement >
				<GraphicalElement ID="cblock_12" HPOS="669" VPOS="834" WIDTH="5" HEIGHT="655"></GraphicalElement >
				<GraphicalElement ID="cblock_13" HPOS="977" VPOS="1111" WIDTH="4" HEIGHT="378"></GraphicalElement >
			</PrintSpace>
		</Page>
	</Layout>
</alto>
