1045 1723
699 224 57 17 2:dra.
767 219 11 31 |
792 223 54 23 3:dje.

150 316 210 22 Permissionssedel.
384 334 111 4 ......
509 316 38 28 Ji

151 352 118 27 Prestbref
284 368 18 5 ..
333 368 34 5 <.
384 368 176 6 0000000.
601 364 26 4 —
637 363 130 5 |-1—|—|
800 352 149 20 4/-]
891 348 16 35 —
917 348 36 35 |—-

150 386 168 28 Privilegiibref
328 386 52 22 eller
392 386 168 22 tillständsreso-

180 421 76 27 Tution,
271 427 44 16 som
326 420 24 22 af
359 421 92 22 Senaten
463 421 53 22 eller
526 428 33 16 ve-

180 456 132 22 derbörande
324 456 121 28 myndighet
454 456 105 22 utfärdas:

181 493 32 20 1:0
227 491 34 22 för
271 491 133 28 anläggande
414 490 24 22 af
446 491 51 22 bok-
508 491 51 22 eller

207 526 147 27 stentryckeri,
374 525 126 28 bokhandel,
519 526 40 22 och

207 561 34 21 för
261 567 68 15 annan
348 561 86 26 rörelse,
449 561 32 22 till
497 561 62 22 hvars

207 595 115 22 utöfvande
334 595 152 28 privilegiibref
493 596 66 21 erfor-

207 631 58 27 dras,
280 630 106 27 belägges,
402 629 55 23 efter
467 633 92 19 omstän-

207 665 126 28 digheterna
343 665 39 22 och
391 665 168 28 anläggningens

207 700 52 21 eller
281 700 105 21 rörelsens
404 700 155 27 beskaffenhet,

207 735 48 21 med
271 735 91 26 stämpel
373 734 55 22 ifrån
438 735 27 21 20
475 734 33 22 till
519 735 39 22 och

206 769 49 21 med
269 769 41 21 500
321 769 67 26 mark,
401 769 39 22 allt
449 769 55 22 efter
514 776 44 15 som

206 803 36 22 vid
257 803 72 28 hvarje
344 803 84 22 tillfälle
444 804 90 27 pröfvas.

178 839 34 21 2:0
230 838 34 22 för
283 838 121 22 inrättande
420 838 24 22 af
457 839 79 27 apotek
551 839 7 22 i

235 874 49 22 BLA
302 869 40 37 nns
360 869 25 37 ere
422 890 50 6 sie
496 890 40 5 RR
550 869 8 37 KR
599 876 28 21 60
650 871 36 37 —I
706 886 12 3 —
731 871 47 37 J-I
789 886 19 4 —
830 871 36 37 —)
879 888 22 3 —
915 871 34 37 |—

206 909 33 21 för
256 908 121 22 inrättande
397 908 23 22 af
438 908 78 28 apotek
530 909 28 27 på

235 943 145 27 landsbygden
405 960 152 6 ........
599 945 28 21 20
646 955 118 4 —1—|—-1
784 957 26 3 —
830 957 73 3 —-]—
922 955 27 3 (—

178 978 34 21 3:o
227 978 34 21 för
275 978 123 27 utgifvande
414 978 23 21 af
449 979 109 26 periodisk

148 1080 150 27 Protestbevis,
314 1088 24 14 se
352 1081 177 22 Notariatsbevis.

147 1115 121 27 Protokoll,
278 1115 59 22 öfver
348 1116 124 21 ekonomisk
479 1116 78 27 besigt-

279 1150 50 28 ning
344 1151 13 21 å
372 1150 95 27 prestbol
479 1153 56 19 samt
545 1151 13 21 å

279 1185 174 28 kronobemman,
479 1185 78 21 krono-

279 1220 105 21 boställen
392 1220 38 22 och
438 1220 119 22 andrakro-
732 1221 2 14 |

279 1254 168 26 nolägenheter
441 1250 12 35 .
465 1271 4 4 .
486 1271 4 3 .
501 1255 56 25 fritt

204 1304 11 9 5
277 1287 60 21 öfver
348 1294 71 14 annan
430 1288 125 26 besigtning,

279 1321 120 28 värdering,
431 1322 125 27 utmätning,

279 1356 101 28 avarstad
388 1356 52 22 eller
448 1356 57 28 dylik
514 1356 42 22 för-

278 1392 103 27 rättning,
389 1390 33 22 för
432 1390 125 28 hvarjeark|
599 1402 71 6 —|—-]
704 1392 57 21 2|—]
798 1393 57 21 1|1—]
876 1405 24 3 —
921 1390 26 22 [50

205 1443 9 11 5
277 1428 73 25 annat,
359 1426 77 28 utdrag
444 1426 71 27 derur,
523 1426 34 22 för
731 1427 2 25 |

278 1462 73 27 hvarje
366 1462 38 22 ark
425 1478 24 5 ..
466 1478 89 6 .....
611 1464 59 20 4|—|
704 1463 57 21 2i:—j
798 1464 56 20 1|—]|
874 1476 27 4 —
921 1461 27 21 [50]
