1039 1714
768 147 36 22 HI

83 223 54 17 samt
159 220 83 24 föreslå,
258 223 30 17 att
304 222 57 18 detta
376 222 207 26 petitionsmemorial
598 223 69 19 btefve
681 222 153 20 öfverlemnadt

82 248 32 20 till
136 249 148 25 Lagutskottet
304 250 31 19 för
358 252 30 17 att
403 250 37 20 der
454 251 115 19 behandlas
585 251 104 19 eventuelt
708 252 4 18 i
727 258 105 13 samman-

82 277 57 26 hang
161 278 48 19 med
232 278 101 26 förslaget
348 278 32 20 till
394 285 31 20 ny
439 280 168 25 utsökningslag.
637 279 140 26 Helsingfors,
792 280 41 20 den

83 306 11 18 7
111 306 99 20 Februari
228 306 59 20 1894.

553 334 28 23 E.
597 334 167 28 Segercrantz.

153 432 147 27 (Öfversättning).

233 484 52 19 Till
306 484 163 21 Hedervärda
489 484 198 21 Bondeständet.

149 535 46 20 Den
217 535 61 20 svära
301 537 101 19 missväxt
424 543 46 14 som
491 536 23 21 är
531 537 52 20 1892
599 537 111 20 hemsökte
725 536 46 21 värt
784 537 50 20 land

81 564 38 19 har
143 563 94 27 äterigen
262 565 64 19 riktat
349 565 218 26 landtbefolkningens
594 565 184 26 uppmärksamhet
806 565 26 27 pä

82 593 240 26 socknemagasinernas
342 594 116 26 betydelse,
475 595 100 19 särskildt
589 595 7 19 i
612 595 25 19 de
652 595 130 26 nordligaste
798 595 36 20 de-

81 621 58 20 larne
162 622 22 19 af
204 622 78 23 landet,
304 623 37 19 der
359 623 152 25 jordbrukaren
533 623 35 20 vid
590 623 125 20 inträffande
733 624 102 19 missväxt

81 651 82 26 nödgas
185 653 50 23 taga
258 651 32 19 sin
311 651 87 26 tillflykt
413 651 33 20 till
460 652 132 25 upptagande
607 654 22 17 at
644 651 143 26 spanmälslän
803 653 32 18 för

81 681 31 17 att
133 678 21 21 fä
175 679 131 26 erforderligt
327 681 75 18 utsäde
420 680 32 19 till
467 681 47 18 sina
529 679 66 21 äkrar.
626 680 40 20 Det
681 681 23 19 är
719 681 80 19 derföre
814 681 23 19 af

82 708 110 26 synnerlig
206 708 45 19 vikt
260 710 31 17 att
312 708 1 19 i
327 709 163 20 kommunernas
500 709 120 26 magasiner
629 709 69 19 finnas
708 709 127 26 tillräckliga

81 735 93 21 förråder
195 737 23 18 af
236 737 38 19 säd
288 737 32 19 för
334 737 195 20 tillfredsställande
545 738 22 19 af
580 738 171 19 förekommande
766 738 68 19 behof.

83 765 122 20 Emellertid
225 765 39 20 har
286 766 35 19 det
342 766 44 19 ofta
408 765 65 20 händt
495 768 31 17 att
541 765 158 27 ifrägavarande
715 767 120 25 magasiner

81 793 47 20 icke
150 794 80 19 kunnat
253 794 94 26 uppfylla
369 794 57 19 detta
444 795 31 19 till
491 794 98 20 ändamål
604 796 6 18 i
626 795 40 19 den
681 795 52 25 grad
748 795 40 20 och
803 797 31 17 ut-

82 823 123 25 sträckning
220 829 46 13 som
282 823 94 26 önskligt
390 823 60 20 varit.
480 823 119 20 Orsakerna
613 823 71 20 härtill
698 823 71 20 kunna
784 830 51 13 vara

82 851 23 19 af
118 850 147 27 mängahanda
281 851 53 26 slag,
345 858 48 13 men
404 852 107 25 sjelffallet
521 853 28 22 är,
563 854 30 17 att
602 853 163 18 kommunernas
775 851 59 21 läne-

82 880 120 25 magasiner
216 880 32 19 för
264 880 32 19 sin
312 880 106 20 förkofran
433 881 7 18 i
455 881 88 20 främsta
557 882 89 18 rummet
664 881 35 19 äro
715 881 7 19 i
737 881 64 19 behof
814 881 23 19 af

81 908 140 26 lagstadgade
243 909 106 26 garantier
370 909 32 20 för
424 911 30 18 ett
476 909 70 20 säkert
565 909 40 20 och
619 908 119 21 förlustfritt
753 909 81 20 äterbe-

81 938 127 20 kommande
231 938 23 19 af
274 938 25 19 de
321 938 81 26 utgifna
424 937 69 21 länen.
525 938 32 20 En
579 938 67 20 sädan
669 937 80 21 förmän
772 938 63 20 hafva

82 966 228 26 socknemagasinerna
332 967 54 19 dock
408 967 46 19 icke
476 968 31 18 för
530 967 135 19 närvarande.
703 967 132 25 Visserligen

81 994 61 26 ingär
162 995 31 19 uti
215 995 51 19 flera
288 996 22 18 af
323 995 119 26 Kejserliga
457 995 103 21 Senatens
575 996 260 25 Ekonomiedepartement

81 1024 112 19 faststälda
208 1024 86 25 stadgar
309 1024 31 19 för
356 1024 227 26 socknemagasinerna
599 1025 39 19 den
653 1024 140 26 bestämning,
804 1026 31 18 att

81 1052 58 20 länet
158 1052 83 26 ätföljer
260 1053 131 25 egendomen
406 1053 40 19 och
461 1055 30 17 att
506 1052 94 24 sälunda,
616 1053 61 19 äfven
693 1059 33 13 om
743 1054 91 25 egendo-

82 1088 46 13 men
145 1080 112 21 öfverlätes
272 1082 32 18 till
320 1088 26 12 en
361 1088 75 16 annan,
452 1082 123 20 densamma
590 1083 61 25 utgör
666 1083 50 25 pant
733 1082 40 20 och
788 1082 47 19 häf-

81 1112 32 17 tar
134 1110 31 19 för
184 1110 55 20 förra
255 1116 88 20 egarens
358 1109 36 21 län
409 1110 32 20 till
456 1111 124 25 magasinet.
611 1110 75 20 Denna
700 1110 135 26 bestämning

82 1139 77 19 saknar
174 1139 54 19 dock
243 1139 48 19 stöd
306 1139 7 19 i
329 1138 78 20 allmän
422 1139 42 26 lag,
477 1139 39 19 och
532 1139 95 20 enskilda
637 1140 131 24 borgenärer,
780 1139 55 19 hvil-

81 1168 39 26 kas
135 1168 117 26 fordringar
268 1168 35 19 äro
319 1168 132 19 säkerstälda
465 1174 77 19 genom
557 1168 128 25 inteckning,
697 1166 80 28 åtnjuta
788 1168 47 19 der-

81 1197 38 22 för,
137 1196 35 20 vid
195 1196 96 20 exekutiv
314 1196 126 26 försäljning
461 1197 22 19 af
501 1197 136 25 egendomen,
653 1195 135 21 förmänsrätt
803 1196 32 20 till

81 1225 170 26 köpeskillingen
275 1225 85 19 framför
382 1226 159 24 magasinernas
563 1225 123 26 fordringar,
701 1225 72 19 hvilka
788 1225 47 19 icke

81 1254 63 19 hafva
165 1253 70 27 nägon
254 1253 136 20 förmänsrätt
405 1254 46 19 alls.
481 1254 89 26 Följden
584 1254 63 19 häraf
659 1254 23 19 är
697 1255 30 18 att
742 1254 92 24 magasi-

81 1288 76 14 nernas
173 1283 116 25 fordringar
304 1283 7 19 i
326 1282 131 20 konkursfall
472 1282 50 20 eller
537 1282 27 20 dä
578 1282 136 26 läntagarens
731 1282 104 26 egendom

81 1312 74 18 varder
170 1311 164 25 utmätningsvis
351 1310 52 24 säld,
419 1311 43 19 ofta
476 1311 64 19 blifva
555 1311 104 23 obetalda,
674 1311 33 19 till
722 1312 53 18 stort
786 1317 49 13 men

81 1340 32 19 för
129 1340 63 19 dessa
206 1340 84 26 nyttiga
305 1338 194 27 läneinrättningar.
521 1340 40 19 Det
576 1346 49 12 vore
640 1340 81 18 derföre
736 1340 23 18 af
766 1340 69 18 utom-

81 1369 105 24 ordentlig
207 1369 45 24 vigt
272 1370 30 17 att
323 1368 233 25 socknemagasinerna,
571 1367 72 19 hvilka
658 1367 23 19 af
693 1367 40 19 lätt
747 1367 88 19 insedda

82 1396 47 19 skäl
150 1396 47 19 icke
218 1396 71 19 kunna
310 1396 51 19 söka
382 1395 123 26 inteckning
524 1396 33 19 till
572 1395 99 20 säkerhet
685 1395 32 19 för
731 1396 47 18 sina
793 1395 41 20 for-

82 1425 90 25 dringar,
192 1425 7 18 i
219 1425 57 18 detta
295 1424 99 19 afseende
413 1424 115 25 beviljades
550 1423 67 27 laglig
637 1422 135 21 förmänsrätt
786 1424 49 19 med

83 1453 109 20 enahanda
212 1453 109 23 företräde,
348 1459 45 13 som
413 1453 128 20 tillkommer
562 1452 79 20 sädana
663 1452 106 20 allmänna
788 1451 46 21 frän
