1028 1717
779 145 27 19 49

432 216 26 18 51
476 216 17 23 S.

151 282 30 20 Då
197 283 114 25 utmätning
325 283 20 19 af
359 283 40 19 fast
416 283 96 25 egendom
528 282 43 26 gått
585 283 43 19 åter
642 282 48 20 eller
704 288 72 19 genom
789 282 45 19 full-

83 317 75 20 bordad
180 317 116 25 försäljning
319 317 92 25 upphört,
434 317 76 19 anmäle
532 317 211 19 auktionsförrättaren
764 317 71 24 genast

83 351 74 25 derom,
180 350 26 27 pä
227 351 68 19 landet
317 351 36 19 hos
377 351 94 20 domaren
486 351 36 20 och
537 351 6 19 i
558 351 44 19 stad
616 351 36 19 hos
668 352 74 23 rätten;
759 350 76 25 bilägge

83 386 42 24 ock,
147 385 26 20 dä
195 385 118 25 försäljning
333 386 21 19 af
375 385 107 20 intecknad
503 385 97 25 egendom
622 385 58 24 skett,
695 385 7 19 i
716 384 92 20 afseende
823 384 12 19 ä

83 420 56 19 såväl
153 420 120 25 anteckning
289 426 34 13 om
338 420 67 19 hvilka
419 420 138 25 inteckningar
571 419 111 20 bibehållits
697 425 44 13 som
751 418 37 20 ock
798 419 35 18 för-

84 454 60 19 fallna
159 454 146 25 inteckningars
322 454 95 24 dödande,
432 453 124 26 erforderligt
570 453 72 25 utdrag
656 459 25 14 ur
695 453 39 19 den
748 453 6 19 i
768 453 11 20 6
790 453 44 25 kap.

85 489 12 19 9
114 490 10 23 8
141 488 127 20 omförmälda
281 488 62 25 längd
357 488 59 25 jemte
427 487 267 26 inteckningshandlingarna
704 487 82 20 rörande
796 487 39 19 den

83 523 52 25 gäld,
157 529 43 13 som
215 523 64 19 blifvit
294 528 24 13 ur
333 522 159 25 köpeskillingen
506 522 72 24 betald,
594 524 51 17 samt
660 522 80 25 uppgift
754 521 13 20 å
782 521 52 20 bibe-

83 556 68 20 hållna
161 557 36 20 och
206 557 90 20 förfallna
307 557 114 24 nyttjande-
432 557 38 19 och
480 557 95 19 afkomst-
585 556 48 20 eller
642 555 62 20 andra
714 555 121 26 rättigheter.

432 660 26 20 52
476 661 16 24 8.

153 729 53 20 Skall
221 735 28 19 ny
264 729 81 19 auktion
361 729 11 19 &
387 729 38 19 fast
440 729 97 25 egendom
552 729 61 24 enligt
627 729 26 19 42
668 728 50 20 eller
732 728 26 20 45
767 724 12 35 $
776 728 59 24 för-

83 763 63 26 siggå,
157 763 60 20 varde
227 763 70 20 dervid
307 763 95 25 iakttaget
412 763 52 20 hvad
474 769 32 14 om
517 763 60 20 första
587 763 107 19 auktionen
704 764 22 18 är
736 762 98 25 stadgadt;

83 798 53 19 dock
157 800 29 17 att
208 798 85 24 fordran,
316 803 43 14 som
375 797 26 26 på
415 797 65 26 grund
494 798 20 19 af
528 797 92 20 anmälan
634 797 82 25 intagits
731 797 7 19 i
752 797 39 19 den
806 796 30 20 till

85 833 61 19 första
161 833 107 19 auktionen
285 832 111 26 uppgjorda
411 832 261 26 borgenärsförteckningen,
686 831 44 20 icke
744 831 92 20 behöfver

84 867 53 25 ånyo
153 867 92 20 anmälas.

435 942 25 19 53
477 943 17 23 $.

154 1011 22 26 Ej
192 1011 31 20 mä
239 1011 44 25 den,
300 1017 44 14 som
358 1011 91 19 förrättar
463 1011 81 19 auktion
559 1009 11 21 &
585 1011 74 18 utmätt
674 1009 102 26 egendom,
792 1009 44 25 sjelf

85 1046 52 25 köpa
151 1045 66 26 något,
232 1051 41 14 som
290 1045 12 19 å
317 1045 38 20 den
371 1045 81 19 auktion
467 1044 65 25 säljes.

425 1159 11 20 6
452 1158 48 20 Kar.

119 1249 44 23 Om
178 1249 159 28 redovisning
353 1249 45 22 och
413 1248 142 27 fördelning
570 1247 27 22 af
609 1247 63 22 hvad
687 1247 39 22 till
743 1247 65 28 följd

313 1283 27 22 af
352 1283 140 27 utmätning
506 1281 101 22 influtit.

441 1357 45 23 18.

156 1419 63 20 Hafva
234 1419 112 26 penningar
360 1418 49 20 eller
423 1418 82 20 utdömd
520 1424 46 13 vara
580 1417 60 25 tagits
655 1417 7 19 i
676 1418 41 18 mät
729 1416 49 21 eller
787 1423 49 19 pen-

87 1454 71 26 ningar
171 1454 30 20 till
215 1454 48 26 följd
277 1454 20 20 af
312 1453 114 25 utmätning
440 1452 20 20 af
474 1452 29 20 lös
517 1452 97 26 egendom
624 1451 30 20 till
664 1452 173 25 utmätningsman

758 1490 11 18 4
