1045 1714
269 141 81 23 Ständ.
367 141 37 23 Sv.
421 154 25 4 —
461 142 73 28 Prop.
549 142 42 22 N:o
605 142 22 22 4.
768 143 27 21 81

72 210 51 17 vare
138 204 33 22 för
186 205 116 22 anförande
317 205 23 21 af
354 205 58 27 dylik
427 205 78 28 klagan
516 206 59 21 tiden
585 205 78 28 fjorton
674 205 67 28 dagar
751 205 73 27 längre

74 241 26 19 än
115 239 7 21 i
137 238 72 27 hvarje
224 239 38 21 fall
276 241 24 19 är
314 239 117 26 bestämdt;
447 239 41 22 och
502 239 55 28 gälle
568 240 6 20 i
584 239 67 22 sädan
664 239 102 22 händelse
776 245 49 15 ena-

74 273 71 22 handa
159 273 134 27 förlängning
308 273 23 22 af
344 274 58 21 tiden
417 274 33 21 för
465 273 134 28 redovisning
614 274 40 21 och
668 273 121 26 fördelning
803 273 23 22 af

74 307 75 26 medel,
165 313 46 16 som
225 307 33 22 till
273 307 51 28 följd
340 307 23 22 af
376 309 120 26 utmätning
510 307 85 22 influtit.

141 342 42 21 För
198 342 72 22 hvilka
285 342 58 22 delar
358 342 22 21 af
388 342 72 22 landet
470 349 29 15 nu
509 342 128 22 föreskrifna
646 342 73 27 längre
729 342 96 21 besvärs-

74 377 31 22 tid
120 377 55 22 skall
192 377 63 27 gälla,
274 377 128 22 bestämmes
421 383 77 22 genom
512 377 78 22 allmän
611 377 64 27 nädig
689 377 136 26 kungörelse.

419 475 26 22 31
461 475 19 27 &.

141 532 72 27 Böter,
229 533 91 21 ådömda
336 532 54 22 efter
405 533 187 27 utsökningslagen
603 532 51 21 eller
664 533 71 21 denna
744 531 82 22 förord-

75 568 56 27 ning,
146 567 85 22 tillfalla
245 567 82 22 kronan
343 567 40 22 och
398 567 121 22 förvandlas
534 567 69 22 säsom
616 567 8 21 i
637 566 123 27 strafflagen
770 568 55 25 sägs.

347 758 160 28 Förordning,
534 758 166 22 innefattande
727 757 99 28 upphäf-

280 793 73 22 vande
379 792 45 23 och
444 793 102 28 ändring
569 792 28 22 af
616 792 121 23 särskilda
759 798 68 21 para-

281 827 83 28 grafer
378 827 9 22 i
400 827 209 28 konkursstadgan
619 827 28 22 af
654 827 45 22 den
710 827 15 22 9
733 827 94 22 Novem-

281 863 43 21 ber
338 861 64 23 1868.

145 949 50 21 Med
217 948 149 28 upphäfvande
388 949 23 22 af
428 948 11 28 $
458 950 26 21 31
501 951 7 20 i
522 949 185 27 konkursstadgan
722 949 23 21 af
758 948 41 21 den
814 949 13 20 9

77 984 120 22 November
221 983 62 25 1868,
307 983 75 22 varder
407 984 122 27 härigenom
554 983 131 26 förordnadt,
704 985 32 20 att
759 983 69 21 nedan

76 1019 92 22 nämnda
191 1018 123 27 paragrafer
336 1018 8 21 i
366 1024 80 16 samma
467 1019 75 26 stadga
562 1018 60 21 skola
639 1017 82 22 erhälla
735 1017 93 27 följande

77 1053 128 22 förändrade
220 1053 91 26 lydelse:

431 1126 11 27 s
457 1127 21 20 6.

146 1177 65 23 Utom
225 1178 56 21 hvad
296 1179 7 20 i
318 1177 11 28 $
343 1178 14 21 5
372 1181 24 19 är
411 1179 120 26 medgifvet,
543 1184 38 21 ege
592 1178 60 21 äfven
662 1179 111 26 borgenär,
785 1184 44 15 som

78 1213 47 22 klar
147 1213 40 21 och
209 1213 88 26 ostridig
317 1212 85 22 fordran
419 1213 62 27 visar,
497 1213 38 21 hos
550 1211 79 23 Rätten
644 1213 53 21 söka
711 1213 33 21 att
758 1212 73 27 gälde-

78 1249 49 20 närs
145 1247 104 27 egendom
264 1247 54 22 skall
333 1247 32 21 till
380 1247 95 22 konkurs
490 1246 94 23 afträdas
598 1247 7 21 i
621 1247 146 26 efterföljande
782 1246 47 22 fall:

147 1282 21 23 a)
185 1288 33 15 om
233 1281 161 28 verkställighet
410 1281 23 22 af
446 1281 118 28 utmätning
579 1281 13 22 å
605 1281 112 27 gäldenärs
728 1281 102 27 egendom

78 1318 24 19 är
117 1315 23 22 af
154 1323 25 14 en
195 1316 52 21 eller
261 1315 52 22 flere
328 1316 66 21 andre
405 1316 128 27 borgenärer
543 1315 80 28 begärd
633 1316 40 21 och
687 1315 84 22 befaras
781 1316 50 25 kan,

78 1351 32 20 att
124 1349 89 27 tillgång
228 1350 31 21 till
275 1350 120 21 sökandens
411 1349 125 27 förnöjande
552 1350 83 24 brister,
651 1350 38 20 der
703 1350 40 21 den
754 1351 77 19 utmät-

79 1384 50 27 ning
145 1384 126 25 fullbordas;

147 1418 20 27 b)
190 1425 34 14 om
245 1418 107 28 gäldenär,
372 1418 45 22 sine
432 1418 128 27 borgenärer
575 1417 33 22 till
622 1417 90 28 förfång,
728 1417 104 22 afhänder

80 1455 31 26 sig
126 1454 52 21 eller
192 1453 152 22 undanskaffar
358 1454 46 21 sina
419 1453 122 27 tillgångar;

752 1488 10 17 6
