1061 1714
245 139 12 22 8
418 138 84 23 Ständ.
517 137 38 24 Sv.
569 151 28 3 —
611 138 73 27 Prop.
698 138 43 22 N:o
757 138 21 22 4.

217 204 103 21 exekutor
335 204 21 21 få
372 204 33 22 del
420 205 39 21 och
476 205 116 21 detsamma
607 205 47 20 med
667 204 142 27 påminnelser
819 203 95 26 bemöta;
929 204 39 22 och

217 238 107 27 förelägge
335 238 164 22 Ofverexekutor
508 239 129 27 borgenären
648 239 31 21 tid
689 238 77 27 dertill,
775 239 62 27 högst
847 239 73 21 trettio
933 239 37 21 da-

217 279 44 21 gar.
284 273 25 27 Ej
324 273 34 21 mä
374 273 60 27 eljest
448 273 53 22 flera
515 273 85 22 skrifter
612 275 26 19 än
650 279 26 16 en
686 273 13 21 å
707 273 105 21 hvardera
823 273 59 22 sidan
892 273 77 22 vexlas.

564 343 26 21 10
604 341 18 28 &.

287 393 77 21 Finner
387 393 162 22 öfverexekutor
570 394 74 26 nödigt
663 393 69 22 lemna
749 395 49 25 part
815 393 86 22 rädrum
915 395 32 20 att
962 394 7 20 i

217 427 143 22 hufvudskrift
375 427 67 22 förete
458 428 107 27 handling,
581 428 40 21 den
637 428 41 21 han
694 428 6 20 i
715 427 84 22 afskrift
814 427 89 27 ingifvit,
914 428 55 21 före-

217 461 60 28 lägge
294 462 77 21 honom
386 463 43 20 viss
445 463 41 26 dag
501 462 71 22 dertill
588 463 40 20 och
642 463 96 26 äfventyr
753 464 32 20 att
799 463 64 21 mälet
873 462 55 22 ändä
938 462 31 21 af-

217 498 72 26 göres;
309 496 55 27 gifve
383 496 40 22 ock
442 497 139 26 vederparten
596 496 83 22 tillfälle
695 498 32 20 att
741 497 24 21 af
777 497 128 26 handlingen
920 499 49 25 taga

219 531 40 26 del,
275 537 34 15 om
325 531 45 21 skäl
389 531 71 21 dertill
479 531 123 26 förefinnes;
618 531 39 22 och
672 537 37 21 ege
725 531 42 22 han
783 531 27 22 dä
825 531 31 27 sig
871 531 97 22 deröfver

217 567 64 25 yttra,
297 571 34 15 om
346 565 42 21 han
404 565 36 22 det
455 566 69 21 äskar.

567 618 25 20 11
608 616 19 27 8.

287 668 46 21 Har
352 668 19 26 ej
387 668 105 26 borgenär
506 668 57 22 inom
579 669 47 20 natt
641 668 39 21 och
696 668 30 26 är,
741 669 66 21 sedan
822 669 77 21 honom
914 668 56 22 före-

218 702 59 22 lades
293 703 32 21 att
339 702 57 27 gifva
410 702 102 27 gäldenär
528 703 33 21 del
577 702 22 22 af
612 702 151 27 ansökningen,
774 702 111 22 inkommit
895 702 33 22 till
938 702 31 21 öf-

219 736 141 22 verexekutor
378 736 48 22 med
444 737 58 21 bevis
520 738 31 20 att
567 736 116 28 delgifning
698 738 63 25 skett,
777 737 40 22 och
831 739 25 19 är
871 737 17 27 ej
904 736 66 22 heller

219 777 48 15 svar
285 770 47 22 frän
351 771 127 27 gäldenären
497 771 93 27 ingifvet,
608 772 35 20 mä
658 772 144 26 ansökningen
818 772 18 26 ej
851 772 73 21 vidare
940 770 30 23 ät-

219 805 52 27 gärd
287 805 115 21 föranleda.

288 839 45 27 Lag
348 846 81 15 samma
446 846 57 21 vare,
520 840 37 22 der
571 841 56 21 inom
643 841 65 26 sagda
723 841 31 21 tid
769 840 202 28 lagsökningshand-

219 874 98 28 lingarna
332 874 47 21 icke
394 874 70 22 blifvit
479 875 33 21 till
526 875 162 21 öfverexekutor
698 875 117 22 äterstälda
826 876 39 21 och
876 875 18 27 ej
906 876 66 21 heller

219 909 69 27 styrkt
302 909 85 21 afskrift
402 908 22 22 af
439 910 48 20 dem
502 910 100 26 ingifvits.

566 978 27 21 12
608 977 17 27 8.

289 1028 107 22 Invänder
406 1031 55 25 part,
472 1030 32 21 att
514 1029 64 22 mälet
589 1029 18 27 ej
617 1029 41 21 hör
668 1030 161 22 öfverexekutor
839 1030 32 22 till
879 1030 52 21 eller
939 1031 31 21 att

220 1062 50 23 flere
291 1063 65 22 hafva
378 1064 6 20 i
408 1064 64 22 mälet
490 1064 33 21 del
539 1064 39 22 och
593 1064 53 22 böra
661 1064 46 22 deri
722 1064 70 27 höras,
808 1064 39 22 och
861 1064 77 22 varder
953 1064 18 27 ej

220 1097 154 28 invändningen
399 1098 71 27 gillad,
493 1098 88 22 fortfare
606 1098 177 22 Ofverexekutorn
806 1102 50 19 utan
879 1099 92 27 uppskof

220 1132 47 22 med
283 1132 72 22 mälet.

566 1185 27 21 13
608 1184 17 28 $.

289 1236 34 21 Nu
346 1236 66 22 nekar
427 1235 47 27 den,
493 1242 46 16 som
556 1236 69 27 sökes,
644 1236 32 22 sin
696 1237 56 21 hand
771 1237 39 21 och
825 1236 146 27 förskrifning:

220 1270 39 20 har
275 1270 43 20 han
333 1270 19 26 ej
367 1269 58 21 förut
441 1270 36 20 vid
492 1270 91 21 domstol
598 1270 51 21 eller
658 1270 55 20 inför
724 1270 162 21 öfverexekutor
896 1270 76 21 erkänt

220 1303 235 27 fordringshandlingen
481 1303 50 21 eller
550 1303 46 27 ock,
616 1304 67 26 enligt
700 1304 12 21 &
727 1303 127 28 handlingen
871 1305 101 21 tecknadt

220 1338 98 27 behörigt
332 1337 66 27 bevis,
418 1338 7 21 i
445 1338 79 21 vittnes
542 1340 89 19 närvaro
647 1338 55 21 inför
716 1338 138 27 kronofogde,
869 1338 103 27 länsman,

221 1372 122 28 stadsfogde
365 1372 53 22 eller
440 1373 95 21 notarius
553 1373 97 27 publicus
670 1373 75 21 erkänt
760 1373 130 26 densamma;
906 1373 66 22 varde

220 1407 66 22 mälet
301 1407 69 22 säsom
386 1407 81 28 tvistigt
482 1407 33 22 till
530 1407 92 22 domstol
636 1407 109 27 förvisadt,
761 1408 40 21 och
815 1408 75 21 teckne
906 1407 66 22 öfver-

221 1441 104 23 exekutor
340 1442 36 21 det
391 1442 13 21 &
418 1442 161 28 handlingarna.
