1045 1717
214 173 70 37 XXII
424 178 30 22 U.
469 178 29 22 B.
514 190 27 3 —
557 178 72 28 Prop.
645 178 43 22 N:o
703 178 24 21 4.

184 246 32 21 till
242 246 109 28 betalning
374 245 23 21 af
419 246 33 21 sin
473 245 93 27 fordran,
589 246 23 21 sä
631 246 103 21 behöfver
749 246 41 21 den
806 244 131 23 sistnämnda

185 282 93 26 utvägen
293 280 115 28 ingalunda
424 280 92 22 utesluta
531 280 136 28 möjligheten
683 280 23 22 af
721 280 72 28 dylika
808 279 57 22 aftal.
885 279 53 21 Till-

184 314 61 22 fället
260 314 33 22 till
308 314 80 22 sådana
403 314 38 22 har
456 315 22 28 ju
495 314 64 22 äfven
574 315 58 21 förut
647 314 52 22 stått
714 316 65 27 öppet
793 316 56 20 samt
860 314 78 28 jemväl

184 348 74 22 blifvit
280 348 131 29 begagnadt;
433 356 47 14 men
506 348 37 22 det
564 348 163 28 ifrågavarande
742 349 196 27 utmätningssättet

185 383 99 29 erbjuder
306 385 31 19 ett
359 383 97 29 lämpligt
478 383 40 21 och
541 384 66 28 enligt
620 383 59 21 hvad
694 391 35 13 oss
744 390 63 22 synes
823 382 65 22 äfven
903 382 35 22 väl

185 417 130 28 berättigadt
329 417 110 21 korrektiv
454 418 43 28 just
512 421 44 17 mot
574 426 25 12 en
615 417 66 21 sådan
695 418 110 28 borgenär,
816 417 23 21 af
850 417 88 21 hvilken

186 460 77 20 genom
285 452 90 27 frivillig
399 452 216 21 öfverenskommelse
638 453 112 27 ingenting
774 452 44 21 står
843 455 31 18 att
898 451 40 21 fås.

187 486 140 29 Möjligheten
343 486 24 21 af
382 486 118 21 änberörda
515 486 228 22 öfverenskommelser
764 488 63 26 utgör
849 486 89 21 sålunda

186 522 55 20 intet
263 520 124 28 tillräckligt
410 520 44 21 skäl
471 520 32 22 till
518 521 140 27 utträngande
674 521 23 21 af
711 520 164 28 ifrågavarande
890 520 49 21 kor-

186 555 70 21 rektiv
278 554 48 22 från
349 554 98 28 gällande
466 555 40 28 lag.
536 554 61 22 Huru
612 555 48 21 litet
675 555 64 21 äfven
755 554 184 28 konkurstvånget

186 590 82 28 lämpar
290 590 32 27 sig
345 591 32 19 att
399 590 65 20 sättas
487 590 8 20 i
515 590 71 20 stället
600 589 34 21 för
649 589 152 21 löneinförseln
816 589 123 29 isynnerhet

187 623 49 21 med
258 622 103 22 afseende
381 623 12 21 &
408 623 58 28 lägre
482 624 96 20 aflönade
594 624 114 28 löntagare,
723 623 61 22 torde
799 626 51 18 utan
865 623 74 21 vidare

186 665 52 14 vara
254 658 55 20 klart
324 665 34 13 om
374 665 48 13 man
438 662 60 24 tager
513 658 7 20 i
536 658 146 26 betraktande,
697 658 28 21 all
740 658 41 21 den
797 658 91 28 omgäng
898 657 41 22 och

187 692 93 21 kostnad
296 699 45 14 som
356 691 229 22 konkursförfarandet
599 692 88 21 medför.

256 726 93 21 Beaktar
364 733 48 13 man
429 726 107 21 dessutom
552 726 47 21 med
615 726 54 21 huru
684 726 90 29 mycken
790 726 97 28 omgäng,
902 726 37 21 be-

186 762 51 20 svär
252 760 41 22 och
308 759 93 22 kostnad
417 760 36 20 det
468 768 52 13 vore
535 760 99 22 förenadt
649 763 31 19 att
694 760 35 22 för
744 768 26 14 en
784 760 95 27 fordran,
893 768 46 14 som

189 795 49 21 icke
260 795 62 27 utgär
336 794 49 22 frän
399 794 132 28 tredjedelen
546 795 23 21 af
584 795 36 21 det
634 795 134 28 lönebelopp,
784 802 45 14 som
845 794 95 22 tillfaller

189 828 129 30 gäldenären
340 829 55 21 efter
417 829 73 29 hvarje
516 829 202 28 betalningstermin,
742 829 81 28 nödgas
849 829 91 21 utverka

190 863 92 21 särskild
296 864 119 27 utmätning
427 863 34 21 för
470 863 73 29 hvarje
555 863 203 29 betalningstillfälle
769 863 89 29 (således
871 864 70 20 4—12

189 898 144 27 utmätningar
369 905 34 13 om
419 893 10 37 €
440 897 58 27 året),
534 898 83 20 hvilket
657 897 38 21 allt
727 897 128 29 gäldenären
885 899 57 19 ännu

190 932 71 21 kunde
284 931 91 22 illudera
395 938 78 21 genom
496 934 32 19 att
548 932 29 28 pä
595 931 92 22 förhand
702 931 105 22 öfverläta
821 932 34 21 sin
869 932 36 21 lön
920 932 22 21 ät

190 965 68 29 tredje
274 973 55 19 man,
343 966 25 21 sä
382 966 57 21 inses
454 966 41 21 lätt
510 966 54 21 huru
579 966 47 21 litet
639 966 188 21 tillfredställande
837 965 36 22 det
883 967 6 19 i
900 965 42 23 den

188 1000 80 28 nådiga
291 1000 160 29 propositionen
472 1000 121 28 föreslagna
608 1000 41 22 och
663 1000 24 21 af
700 1000 113 22 Utskottet
827 1000 115 28 tillstyrkta

191 1034 183 29 förfaringssättet
388 1036 24 20 är
426 1035 7 20 i
448 1034 106 30 praktiskt
569 1034 127 22 hänseende.

257 1068 33 22 Pä
313 1068 70 29 grund
406 1068 23 22 af
450 1069 38 21 det
510 1069 89 21 anförda
621 1069 22 21 fä
665 1068 85 23 derföre
769 1068 174 22 undertecknade

189 1102 111 22 värdsamt
314 1103 90 22 föreslä:

464 1144 33 21 alt
524 1144 83 21 landets
631 1143 125 29 Höglofliga
779 1144 90 21 ständer
892 1144 51 21 ville

395 1178 159 21 äterremittera
582 1178 104 27 förslaget
715 1178 35 21 till
778 1178 166 28 utsökningslag

396 1212 35 22 till
453 1212 153 28 Lagutskottet,
625 1212 36 28 för
675 1214 34 19 att
723 1212 168 28 omformuleras
904 1212 38 22 sä-

400 1247 69 21 lunda
491 1248 32 19 att
544 1248 46 19 rätt
607 1246 36 21 till
657 1246 92 27 införsel
770 1247 10 20 i
800 1247 144 26 gäldenärens

396 1280 38 20 lön
458 1280 51 20 eller
528 1279 95 27 pension
648 1279 67 27 blefve
741 1280 66 27 äfven
827 1280 117 27 framdeles

398 1313 127 27 bibehållen,
543 1314 52 21 dock
608 1313 51 21 med
671 1314 42 21 den
727 1314 169 28 inskränkning,
912 1316 34 20 att

398 1348 77 22 endast
488 1355 28 14 en
531 1348 100 28 tredjedel
646 1348 29 28 af
686 1348 37 22 lön
738 1348 51 22 eller
800 1348 95 29 pension
906 1348 38 22 mä

397 1384 61 26 tagas
473 1382 10 21 i
497 1382 97 29 anspråk
609 1382 35 22 till
657 1383 63 27 gälds
735 1383 118 29 betalning.

262 1428 139 29 Helsingfors
417 1428 41 22 den
473 1430 13 20 8
501 1428 44 30 Maj
562 1428 61 22 1894.

260 1482 30 21 E.
305 1480 154 22 Tensikkala.
675 1480 67 24 Juho
756 1481 120 23 Koivisto.

259 1520 130 23 Lagutskottets
401 1520 111 19 betänkande
524 1522 36 16 N:o
573 1521 17 17 5.
