1025 1717
401 116 44 24 N:o
466 118 21 22 4.
768 117 26 21 93

70 182 68 27 träde,
155 189 46 15 som
216 182 54 22 efter
285 183 56 21 hvad
357 183 61 22 ofvan
435 184 98 27 stadgats
548 185 35 21 vid
598 185 96 22 konkurs
710 185 67 21 borde
787 185 37 21 ho-

70 223 50 15 nom
142 217 125 27 tillkomma,
292 217 80 22 erhålla
393 218 112 27 betalning
525 225 25 14 ur
566 219 41 21 den
623 221 95 19 utmätta
733 219 91 27 egendo-

69 256 55 21 men,
148 251 55 21 dock
225 252 17 26 ej
262 251 33 22 för
311 251 116 28 förlagslån
443 252 32 21 till
490 252 56 22 bruk
561 253 51 21 eller
626 253 77 27 fabrik,
719 253 33 21 för
764 253 60 27 jord-

69 291 64 20 egare
148 284 162 22 tillkommande
325 286 121 27 ersättning
460 286 33 22 för
508 286 91 22 husröta
614 287 51 21 eller
679 287 101 26 vanhäfd,
791 287 33 21 för

70 319 117 27 utskylder,
210 318 33 22 för
265 319 95 27 fordran,
384 326 45 16 som
444 320 8 21 i
467 322 19 25 4,
502 322 13 20 9
532 320 51 22 eller
604 322 25 20 10
649 321 11 27 8
684 320 138 28 omförmälts,

69 353 51 22 eller
142 353 33 21 för
198 354 120 27 ersättning
341 354 51 22 eller
413 355 74 27 medel,
510 361 46 15 som
570 356 7 20 i
593 355 12 28 $
624 356 24 20 13
664 357 37 20 äro
723 356 99 26 nämnda,

69 388 25 21 så
116 388 46 21 vidt
185 388 17 27 ej
222 388 130 28 egendomen
367 388 69 22 blifvit
452 389 60 22 äfven
528 389 33 22 för
577 390 39 21 den
632 389 88 22 fordran
736 391 86 20 utmätt.

69 422 127 22 Kostnaden
219 422 33 22 för
274 423 142 27 egendomens
431 424 127 21 utmätande
574 424 39 21 och
627 423 126 28 försäljning
768 425 56 20 samt

69 456 180 28 köpeskillingens
272 457 120 28 fördelning
411 458 38 21 och
465 464 71 15 annan
551 458 34 21 för
599 458 156 28 utsökningens
770 458 54 22 slut-

68 491 91 22 förande
181 491 140 22 föreskrifven
345 492 76 27 åtgård
443 492 54 22 skall
519 492 77 22 främst
613 499 26 15 ur
653 493 170 27 köpeskillingen

68 526 82 28 gäldas,
175 526 37 21 der
233 526 46 22 icke
302 527 42 21 viss
363 527 94 21 kostnad
472 527 56 21 varit
543 528 32 20 till
590 534 56 21 gagn
661 527 57 22 blott
732 527 34 22 för
780 528 43 21 viss

69 560 95 28 fordran,
180 561 8 21 i
202 560 81 22 hvilket
305 561 36 22 fall
364 562 67 21 sådan
454 562 94 22 kostnad
570 562 40 22 bör
627 564 50 20 näst
692 562 45 22 före
753 562 70 22 denna

69 596 59 27 utgå.

138 630 78 22 Denna
230 630 127 28 förordning
372 630 54 22 skall
442 631 107 27 tillämpas
563 631 48 22 från
628 632 40 21 den

224 681 5 7 »
245 665 53 21 dock
314 666 17 26 ej
348 666 8 20 i
371 666 26 21 de
411 666 106 21 konkurs-
533 666 39 22 och
587 666 234 27 förmånsrättstvister,

69 699 72 21 hvilka
156 698 138 23 derförinnan
310 700 68 28 gjorts
394 700 126 28 anhängiga.

276 890 125 27 Förslag
417 890 28 22 till
456 890 123 28 förordning,
589 890 140 22 innefattande
738 890 83 28 ändring

206 930 21 21 af
249 930 103 22 särskilda
371 932 25 25 $$
417 930 5 21 i
438 931 141 27 förordningen
595 931 21 21 af
632 931 37 21 den
686 931 13 21 9
715 931 108 22 november

206 970 53 22 1868
276 976 31 16 om
323 970 115 28 inteckning
454 971 5 21 i
475 971 42 21 fast
534 971 106 27 egendom.

137 1043 131 27 Härigenom
284 1044 95 27 stadgas,
396 1045 33 20 att
444 1044 69 22 nedan
530 1045 93 21 nämnda
639 1044 25 28 $$
680 1045 7 21 i
701 1044 121 22 förordnin-

69 1084 40 20 gen
126 1077 22 21 af
163 1078 41 21 den
221 1080 12 19 9
249 1078 115 21 november
382 1079 52 21 1868
451 1085 34 15 om
500 1079 124 27 inteckning
639 1079 6 21 i
660 1078 44 22 fast
720 1079 102 27 egendom

70 1112 60 22 skola
146 1112 81 22 erhålla
241 1112 95 28 följande
350 1112 130 23 förändrade
495 1113 88 27 lydelse:

415 1176 11 27 $
445 1177 31 20 12.

137 1215 78 21 Finnes
237 1215 123 21 sökandens
375 1216 152 27 rättsanspråk
542 1222 52 15 vara
609 1216 106 27 ostridigt,
732 1216 90 21 ovilkor-

68 1250 40 26 ligt
124 1249 38 21 och
177 1249 33 21 till
225 1249 102 27 beloppet
342 1249 152 28 erforderligen
508 1250 115 26 bestämdt,
635 1252 55 19 samt
701 1250 122 27 fastighets-

70 1290 90 20 egarens
176 1284 121 27 skyldighet
313 1285 34 20 att
362 1284 72 21 derför
448 1290 93 16 ansvara
557 1284 16 27 ej
587 1284 66 22 heller
663 1284 83 27 tvistig;
758 1284 65 22 varde

68 1318 152 26 inteckningen
237 1318 22 21 af
272 1318 80 22 Rätten
367 1318 107 27 faststäld,
491 1319 56 21 ändå
558 1320 33 20 att
600 1318 192 28 fastighetsegaren
804 1319 18 27 ej

69 1352 72 20 dertill
156 1353 127 25 samtycker.
307 1352 43 21 Vid
364 1352 61 26 fråga
440 1359 34 15 om
489 1353 124 26 inteckning
628 1352 33 21 för
671 1353 87 26 sytning
768 1352 55 21 skall

70 1385 54 21 dock
146 1385 109 27 iakttagas
270 1385 56 21 hvad
340 1386 8 20 i
362 1385 153 28 förordningen
531 1386 23 21 af
568 1386 41 21 den
625 1387 26 20 20
663 1386 49 27 juni
729 1387 54 20 1864
799 1387 24 19 är

69 1420 109 27 stadgadt.
