1025 1720
236 162 27 21 38
436 160 27 22 U.
479 160 28 22 B.
523 173 27 2 —
565 160 74 28 Prop.
655 160 42 22 N:o
710 160 22 21 4.

207 229 49 21 hela
277 228 183 29 pantfordringen,
483 236 45 14 som
551 229 54 20 efter
620 228 140 28 fastighetens
776 228 65 21 värde
856 229 7 20 i
878 227 80 22 förhäl-

210 263 63 22 lande
297 263 33 21 till
355 263 41 21 alla
420 263 164 28 fastigheternas
600 262 158 28 sammanlagda
774 262 65 21 värde
854 262 62 21 faller
930 263 29 27 pä

209 297 76 27 denna,
307 297 41 22 och
370 300 32 18 att
423 297 72 28 hvarje
517 297 108 28 fastighet,
647 296 75 21 endast
742 297 6 20 i
764 296 39 21 fall
818 296 37 21 det
869 296 90 21 sälunda

209 332 61 28 gifna
296 332 249 28 ansvarighetsbeloppet
568 331 48 22 icke
641 331 63 28 utgär
718 331 48 20 frän
782 338 26 13 en
824 331 51 20 eller
890 338 69 13 annan

209 366 23 21 af
257 366 27 21 de
311 366 75 28 öfriga,
411 366 123 28 ytterligare
559 365 34 22 fär
618 368 61 25 tagas
694 366 7 20 i
717 365 92 28 anspräk
824 365 34 21 för
873 365 87 26 bristen,

209 401 87 21 hvilken
319 400 28 21 dä
367 401 77 28 jemväl
465 400 94 21 fördelas
579 400 66 27 enligt
660 399 144 29 nyssnämnda
818 399 76 28 grund,
909 399 52 21 lika-

209 442 45 14 som
281 434 47 27 ock,
353 434 38 21 der
412 435 7 20 i
441 434 70 28 någon
527 434 22 21 af
563 434 153 28 fastigheterna
732 434 77 21 saknas
825 433 89 29 tillgång
928 434 32 20 till

209 468 106 30 gäldande
324 468 23 22 af
362 468 48 22 dess
426 468 62 22 andel
502 469 7 21 i
524 468 91 21 nämnda
631 468 59 26 brist,
705 468 70 21 denna
790 468 62 21 andel
868 468 27 28 pä
911 476 49 13 ena-

209 503 71 22 handa
295 505 42 19 sätt
352 502 94 22 fördelas
461 502 28 30 pä
504 502 27 22 de
546 502 136 22 återstående
698 510 18 14 o.
732 510 16 14 s.
764 510 20 14 v.

277 538 35 21 En
334 538 25 21 sä
374 537 116 27 beskaffad,
503 537 76 21 endast
593 537 116 21 subsidiärt
724 536 113 22 solidarisk
853 537 108 27 ansvarig-

210 573 37 21 het
261 572 80 21 förmår
356 572 56 21 dock
426 572 55 26 icke,
496 580 33 13 om
545 572 42 21 den
602 574 26 18 än
643 572 72 28 gifver
728 571 115 28 tillräcklig
857 571 104 26 säkerhet,

209 606 156 22 tillfredsställa
380 606 103 22 behofvet
498 606 22 21 af
535 606 68 21 snabb
618 606 41 21 och
673 606 40 20 lätt
728 606 123 20 realisation
867 605 23 21 af
900 608 61 26 pant-

211 641 130 28 fordringen.
371 640 159 22 Panthafvaren
546 640 66 22 mäste
628 640 52 22 söka
696 640 98 28 samtliga
809 640 152 28 fastigheterna

209 676 7 21 i
232 678 49 24 mät,
296 676 66 21 äfven
376 682 35 14 om
426 683 26 13 en
468 675 51 21 eller
534 675 65 28 nägra
613 675 23 21 af
651 674 48 22 dem
711 675 94 27 försloge
816 675 32 20 till
855 674 106 28 gäldande

210 710 23 22 af
247 710 53 22 hans
315 710 94 26 fordran;
425 710 42 21 och
481 710 46 20 ifall
542 710 26 21 de
584 710 85 21 tillhöra
683 709 70 21 skilda
768 717 69 20 egare,
852 709 67 21 mäste
935 716 26 14 en

210 745 53 21 hvar
277 745 23 21 af
315 744 49 21 dem
384 744 99 28 lagsökas
499 744 34 21 för
547 744 42 21 den
604 744 13 20 &
631 744 53 20 hans
700 744 103 28 fastighet
816 743 94 21 fallande
926 743 36 21 de-

210 779 35 21 len
270 779 23 21 af
317 779 83 28 gälden.
429 778 36 22 Dä
490 778 41 21 den
555 778 119 22 subsidiära
694 778 163 27 ansvarigheten
873 777 89 22 sälunda

211 813 47 21 icke
280 813 42 21 kan
344 813 106 28 tillämpas
465 816 51 18 utan
531 812 100 28 samtidig
645 813 123 21 realisation
784 812 23 22 af
821 812 40 21 alla
877 812 26 21 de
919 812 43 20 för-

211 847 93 28 pantade
329 847 161 28 fastigheterna,
515 847 124 21 förutsätter
665 847 70 20 denna
749 847 134 28 tillämpning
898 846 64 21 äfven

211 884 36 23 att,
262 881 46 22 ifall
323 881 71 28 någon
409 881 23 20 af
447 881 48 21 dem
511 883 22 18 är
548 883 77 18 utmätt
639 881 34 21 för
688 889 70 13 annan
772 881 94 26 fordran,
881 881 82 20 inteck-

211 915 168 28 ningshafvaren
401 917 23 19 är
446 915 118 28 berättigad
580 915 47 26 och,
641 915 90 21 såframt
745 915 42 21 han
803 915 38 21 vill
855 917 45 19 mot
915 915 48 20 sist-

211 949 92 22 nämnda
324 949 104 29 fastighet
442 951 51 26 göra
508 949 49 22 dess
573 949 119 22 subsidiära
708 949 136 28 ansvarighet
858 948 105 29 gällande,

212 984 65 21 äfven
302 984 76 28 pligtig
402 987 32 18 att
458 983 43 22 låta
525 985 80 20 utmäta
620 983 41 22 och
676 984 52 27 sälja
743 983 27 22 de
786 983 74 28 öfriga,
876 982 87 22 oaktadt

212 1019 53 21 hans
283 1018 89 21 fordran
387 1020 57 19 ännu
458 1018 49 21 icke
521 1020 23 19 är
558 1018 107 21 förfallen.
695 1017 49 22 Och
759 1019 50 20 enär
825 1017 138 22 omförmälda

214 1053 144 28 begränsning
382 1053 23 21 af
429 1052 216 29 pantansvarigheten
669 1055 140 26 uppmuntrar
823 1052 32 21 till
872 1055 30 18 ett
917 1051 46 22 vid-

212 1087 82 22 sträckt
318 1087 141 21 användande
481 1087 66 26 deraf,
571 1087 42 20 kan
631 1086 36 21 det
682 1086 85 21 inträffa
781 1089 32 18 att
828 1087 23 20 af
865 1087 50 20 flera
930 1086 34 21 för

213 1129 80 13 samma
319 1121 187 28 fordringsbelopp
530 1120 129 22 intecknade
685 1121 127 27 fastigheter
827 1120 71 28 någon
914 1121 50 20 eller

212 1155 67 28 några
292 1155 123 28 ytterligare
430 1157 37 19 äro
482 1155 35 20 för
531 1154 91 22 särskild
637 1155 89 20 fordran
740 1154 128 22 intecknade
878 1162 87 21 gemen-

213 1192 55 18 samt
281 1189 50 21 med
347 1196 26 13 en
388 1197 69 13 annan
473 1189 103 28 fastighet
589 1192 56 18 samt
659 1189 71 21 denna
744 1189 47 20 äter
804 1189 7 20 i
827 1190 32 19 sin
874 1192 35 17 tur
915 1189 50 21 med

214 1231 25 13 en
256 1223 67 28 tredje
339 1231 19 13 o.
373 1231 15 13 s.
404 1231 26 18 v.,
444 1223 83 22 hvilket
541 1224 38 21 allt
593 1223 42 21 kan
650 1223 66 21 hafva
730 1223 34 21 till
779 1223 59 28 följd,
853 1226 32 18 att
898 1223 67 21 under

216 1257 85 28 tryckta
323 1258 139 20 ekonomiska
482 1257 149 21 förhållanden
646 1259 147 25 utmätningen
808 1258 23 19 af
847 1265 25 12 en
888 1258 76 26 fastig-

213 1290 37 21 het
274 1290 40 21 lätt
339 1290 43 21 kan
405 1290 66 28 draga
492 1290 49 21 med
556 1291 33 27 sig
604 1297 26 14 en
646 1290 78 28 mängd
739 1290 66 21 andra
821 1290 40 21 och
876 1290 89 21 sälunda

215 1324 112 22 framkalla
342 1332 26 14 en
384 1324 50 22 svär
449 1324 125 22 ekonomisk
589 1324 49 22 kris.

281 1359 44 21 Det
339 1359 58 21 förut
412 1359 92 21 nämnda
519 1361 82 27 strängt
616 1359 126 21 solidariska
757 1359 117 29 hypoteket
881 1359 38 21 har
929 1358 36 22 det

215 1394 98 28 afgjorda
337 1394 119 22 företrädet
479 1394 90 21 framför
592 1402 29 13 nu
647 1394 115 21 omordade
783 1397 84 25 system,
883 1396 32 19 att
929 1393 37 22 det

216 1430 104 21 utesluter
342 1429 41 21 alla
400 1429 63 22 dessa
479 1429 62 22 svåra
556 1429 143 28 olägenheter,
714 1437 48 13 men
777 1432 33 18 ter
824 1430 33 27 sig
873 1428 12 22 å
900 1428 65 22 andra

216 1464 60 22 sidan
292 1465 7 20 i
314 1464 38 22 det
366 1464 102 22 afseende
482 1464 82 22 mindre
579 1464 123 28 förmänligt
717 1464 35 21 för
766 1464 199 28 fastighetsegarcn,

280 1504 132 22 Lagutskottets
425 1504 110 17 betänkande
547 1504 37 17 N:o
596 1504 18 17 5.
