1061 1714
238 131 33 35 20
411 135 81 23 Ständ.
508 136 39 23 Sv.
561 149 29 3 —
605 136 73 27 Prop.
693 137 42 22 N:o
750 137 21 22 4.

282 201 11 20 I
315 200 44 27 fall,
382 207 46 16 som
450 202 8 21 i
480 202 27 21 26
529 201 12 28 &
559 203 14 20 2
589 207 62 16 mom.
667 202 62 27 afses,
744 202 40 21 bör
799 203 168 22 underrättelsen

211 234 66 27 jemte
291 235 84 28 uppgift
390 235 13 22 å
416 235 210 29 förrättningsstället
641 236 108 22 meddelas
765 236 23 22 sä
804 237 68 27 tidigt,
884 238 32 20 att
923 237 45 27 gäl-

214 269 92 22 denären
324 269 43 23 kan
383 271 32 21 sin
430 271 43 21 rätt
487 271 35 21 vid
537 271 146 27 utmätningen
698 270 91 27 bevaka;
805 271 59 27 njute
880 271 54 22 dock
949 271 18 27 ej

213 303 34 22 för
262 304 76 22 sådant
352 305 99 22 ändamål
466 304 73 28 längre
553 305 86 22 rådrum
655 307 27 20 än
697 305 45 21 åtta
757 305 73 28 dagar.

559 408 62 28 288.
693 398 7 14 '

280 466 56 22 Kan'
350 467 18 26 ej
384 467 119 27 utmätning
517 468 76 25 genast
607 466 115 28 företagas,
737 467 27 22 dä
779 468 188 27 utmätningsman-

212 507 41 16 nen
274 501 35 21 för
330 501 76 22 sådant
429 501 98 22 ändamål
547 502 32 26 sig
596 501 80 26 instält,
692 501 39 22 och
746 503 24 19 är
785 501 47 22 fara
846 503 33 20 att
893 503 75 26 godset

212 536 68 21 under
302 535 57 22 tiden
383 536 77 22 stickes
485 542 24 15 ur
530 538 77 25 vägen;
627 535 42 22 läte
684 536 230 27 utmätningsmannen,
930 537 37 21 der

212 570 132 28 borgenären
361 571 65 26 nödig
443 571 92 22 kostnad
555 570 122 27 förskjuter,
691 571 52 21 värd
759 565 74 38 hällas'
844 571 57 21 öfver
915 571 52 28 god-

212 607 40 26 set,
267 605 34 22 till
316 605 48 21 dess
379 606 120 27 utmätning
513 607 43 20 kan
571 606 44 21 ske.

558 704 28 21 29
602 702 17 28 S.

280 760 255 28 Verkställighetsätgärd
557 762 40 26 mä,
620 760 88 22 säframt
726 760 19 28 ej
760 760 135 28 synnerligen
909 762 57 21 trän-

211 795 68 27 gande
295 795 181 27 omständigheter
491 794 76 22 sådant
581 795 92 28 påkalla,
689 796 46 20 icke
750 794 107 28 företagas
874 795 11 21 å
896 802 70 15 annan

210 829 32 21 tid
264 832 27 19 än
314 829 90 22 emellan
426 829 90 22 klockan
535 830 42 21 fem
596 829 27 28 på
638 835 116 21 morgonen
770 830 39 21 och
824 829 91 22 klockan
930 830 35 21 nio

211 864 28 27 på
254 863 87 23 aftonen
356 864 19 28 ej
391 864 67 21 heller
472 864 12 21 å
499 865 48 21 sön-
561 864 52 22 eller
627 863 98 27 helgdag.

557 962 28 22 30
599 962 18 27 &.

279 1019 187 28 Utmätningsman
480 1025 51 16 vare
546 1020 121 27 berättigad
682 1020 38 26 att,
732 1020 24 21 så
767 1020 45 21 vidt
820 1020 36 21 det
864 1020 33 21 för
905 1020 61 21 verk-

210 1054 136 26 ställigheten
365 1054 114 26 erfordras,
495 1054 44 21 låta
553 1056 70 25 öppna
638 1054 32 22 lås
686 1054 39 22 och
740 1054 81 26 dörrar,
836 1054 130 27 genomsöka

211 1089 40 22 hus
274 1088 39 22 och
335 1088 196 28 förvaringsställen
553 1090 62 25 samt,
639 1094 34 16 om
694 1089 42 21 han
759 1090 69 20 möter
850 1089 114 26 motstånd,

210 1123 98 22 använda
330 1123 37 21 det
389 1123 56 27 våld,
466 1129 45 16 som
530 1124 23 20 är
569 1123 74 27 nödigt
658 1123 32 21 till
705 1122 141 22 motståndets
862 1122 103 22 öfvervin-

209 1158 77 26 nande,
303 1157 39 21 och
357 1157 24 21 af
394 1158 141 26 polismakten
550 1158 85 26 påkalla
649 1157 92 22 bistånd.

556 1256 27 19 31
599 1254 18 27 $.

278 1312 46 22 Har
339 1311 46 27 den,
401 1318 47 15 som
463 1311 68 28 ålagts
547 1312 31 21 att
593 1310 42 23 fast
650 1311 104 27 egendom
769 1310 90 28 afträda,
875 1311 12 21 å
903 1317 62 21 egen-

209 1346 77 22 domen
300 1347 91 26 lösören,
406 1345 73 22 hvilka
494 1346 18 27 ej
528 1346 52 21 böra
595 1345 74 27 åtfölja
681 1345 128 27 densamma,
820 1345 54 22 skall
887 1347 78 20 utmät-

208 1381 161 27 ningsmannen,
392 1381 24 22 så
434 1381 44 22 vidt
498 1381 35 22 det
548 1383 52 20 utan
615 1381 105 26 svårighet
735 1381 42 22 kan
793 1381 43 26 ske,
853 1381 34 22 vid
903 1381 62 22 verk-

209 1416 135 27 ställigheten
367 1415 49 22 dem
440 1415 91 22 derifrän
553 1415 140 22 undanskaffa
711 1415 39 22 och
770 1416 34 21 till
822 1415 41 22 den
878 1415 87 28 afhyste

209 1450 57 28 eller,
283 1451 38 21 der
335 1451 42 21 han
393 1450 19 27 ej
424 1452 24 19 är
459 1450 110 27 tillstädes,
580 1450 53 22 hans
641 1450 82 25 hustru,
731 1450 86 22 husfolk
826 1450 51 21 eller
885 1450 79 22 ombud
