1025 1720
203 139 27 20 30
509 140 44 23 N:o
572 142 23 22 4.

173 206 108 27 förskjuta
300 207 40 20 den
356 207 101 26 kostnad,
472 213 46 15 som
532 206 34 21 för
581 207 144 26 egendomens
740 207 130 27 förvaltning
885 207 42 21 kan

174 246 53 15 vara
242 239 70 29 nödig.

521 271 27 20 26
565 269 18 28 $.

243 305 120 26 Öfverlåter
378 310 70 27 någon
464 310 33 21 sin
512 309 57 23 fasta
585 310 103 27 egendom
703 310 31 21 till
751 316 78 20 annan,
846 311 40 25 mä,
895 310 32 21 in-

173 351 44 14 nan
232 350 41 21 nye
288 351 78 21 egaren
382 345 50 22 sökt
446 344 85 28 lagfart,
546 345 150 22 öfverlåtelsen
706 345 47 22 icke
763 346 79 26 utgöra
852 345 76 21 hinder

173 379 34 22 för
223 380 142 27 egendomens
380 380 128 22 utmätande
521 380 34 22 för
569 380 58 21 förre
643 386 91 21 egarens
748 379 57 28 gäld.

242 414 66 22 Sökes
324 415 13 20 å
352 414 141 26 öfverlåtelse,
509 421 45 15 som
569 415 46 21 före
629 415 124 26 utmätning
768 415 64 26 skett,
848 414 79 27 lagfart

174 448 40 22 sist
230 449 12 21 å
257 449 37 21 det
313 450 47 26 ting
378 449 56 26 eller,
450 449 7 21 i
473 449 55 27 stad,
551 450 7 21 å
573 450 40 21 den
634 448 110 22 allmänna
758 448 169 28 rättegångsdag

173 483 34 22 för
221 483 193 29 lagfartsärenden,
431 490 45 16 som
492 486 49 20 näst
557 484 54 22 efter
626 484 75 22 trettio
713 484 67 26 dagar
790 483 47 22 från
848 485 80 20 utmät-

173 518 79 27 ningen
267 518 95 27 infaller;
383 519 28 21 då
426 519 69 27 gånge
510 519 150 26 utmätningen
677 519 52 25 åter,
746 518 90 22 såframt
851 518 18 27 ej
885 517 44 22 for-

174 552 61 28 dran,
259 559 46 15 som
326 553 97 27 utsökes,
446 554 25 20 är
489 553 8 21 i
516 552 130 28 egendomen
669 552 117 22 intecknad
801 552 51 22 eller
867 552 61 27 eljest

174 587 67 22 sådan
262 588 39 26 att,
318 586 54 23 efter
387 589 22 26 ty
425 588 7 21 i
447 587 35 28 lag
496 588 8 21 i
519 587 65 28 öfrigt
599 588 95 27 stadgas,
710 587 130 27 egendomen
857 586 73 22 derför

173 622 78 27 häftar,
268 623 57 21 ändå
341 624 33 21 att
385 623 41 22 den
436 623 89 22 kommit
538 629 26 16 ur
575 622 141 28 gäldenärens
727 622 70 27 hand;
813 628 50 16 vare
874 622 54 22 dock

173 664 42 21 nye
237 664 78 22 egaren
337 658 77 28 pligtig
436 659 34 21 att
491 658 38 22 hos
549 658 47 27 den,
613 658 12 21 å
640 658 86 21 hvilken
744 657 146 22 förrättandet
906 657 25 22 af

173 693 90 22 auktion
279 693 12 21 å
307 693 132 26 egendomen
462 693 130 26 ankommer,
616 699 34 16 om
673 692 149 23 öfverlåtelsen
842 692 85 22 anmäla

173 728 40 21 och
235 728 33 21 sin
291 727 199 28 åtkomsthandling
504 729 8 20 i
527 727 146 22 hufvudskrift
696 727 50 22 eller
769 727 111 22 besannad
897 727 30 22 af-

173 762 64 22 skrift
259 764 76 26 uppte.
364 763 53 26 Har,
433 763 67 21 innan
515 763 59 21 tiden
589 761 34 22 för
639 761 96 23 sökande
750 762 24 21 af
786 762 79 27 lagfart
880 763 47 26 gått

173 797 33 22 till
229 797 64 27 ända,
309 797 100 22 anmälan
430 797 59 22 skett
504 797 50 22 eller
569 796 151 22 öfverlåtelsen
735 797 61 27 eljest
810 795 69 23 blifvit
894 796 36 22 för

174 831 233 23 auktionsförrättaren
423 832 89 27 kunnig,
527 832 44 21 låte
585 831 43 22 han
644 831 49 22 med
707 831 75 22 vidare
794 831 134 28 verkställig-

173 867 38 21 het
227 867 64 21 anstå
305 867 33 21 till
353 867 49 21 dess
418 866 32 28 sig
464 867 63 25 visat,
543 872 34 16 om
592 866 81 27 lagfart
688 866 69 22 sökes.

242 901 84 22 Varder
345 900 150 23 öfverlåtelsen
512 900 21 22 af
551 907 40 21 nye
606 906 79 22 egaren
702 900 86 22 anmäld
802 900 55 22 först
873 899 57 23 efter

173 936 38 22 det
233 936 132 27 egendomen
383 935 69 23 blifvit
472 936 52 26 såld,
539 942 52 15 vare
606 934 154 29 försäljningen
776 936 58 21 emot
848 935 78 22 honom

173 970 106 28 gällande,
303 971 57 21 ändå
382 972 34 20 att
438 970 79 28 lagfart
539 971 61 21 sökts
616 970 51 21 eller
682 970 64 22 sökes
760 970 58 21 inom
834 970 32 22 tid
880 976 48 16 som

173 1004 59 23 förut
248 1006 25 20 är
287 1005 64 28 sagd;
368 1004 38 22 och
422 1005 73 22 anvise
510 1004 235 23 auktionsförrättaren
760 1004 80 22 honom
851 1006 33 20 att
894 1004 34 22 sin

174 1042 45 19 rätt
234 1040 33 21 till
281 1040 171 28 köpeskillingen
468 1040 35 21 vid
517 1040 149 26 fördelningen
682 1039 62 22 deraf
756 1039 90 22 bevaka.

521 1104 26 20 27
564 1103 19 27 8.

242 1142 234 27 Utmätningsmannen
492 1142 80 28 åligger
587 1144 40 25 att,
643 1142 28 22 då
686 1142 44 22 fast
745 1143 103 27 egendom
857 1142 70 22 blifvit

174 1179 64 25 tagen
254 1178 7 21 i
276 1178 51 26 mät,
343 1178 77 26 genast
440 1177 85 22 anmäla
543 1177 37 21 det
602 1176 39 22 hos
657 1177 163 21 öfverexekutor
836 1176 39 22 och
889 1176 35 22 til-

173 1212 51 26 lika,
240 1218 34 15 om
289 1211 131 28 gäldenären
434 1212 35 21 vid
479 1212 149 26 utmätningen
639 1211 107 28 uppgifvit
756 1210 172 27 auktionsställe,

174 1247 71 21 såsom
260 1247 7 21 i
283 1248 13 20 5
311 1246 51 26 kap.
380 1248 25 20 13
422 1247 12 26 $
451 1248 57 25 sägs,
523 1246 56 27 gifva
594 1246 37 21 det
646 1246 112 22 tillkänna.

521 1309 27 20 28
565 1308 18 27 8.

242 1348 47 22 Har
303 1347 44 23 fast
363 1348 103 28 egendom
481 1348 68 22 blifvit
564 1349 88 27 utmätt,
668 1354 51 16 vare
734 1349 194 27 utmätningsman-

173 1389 42 16 nen
231 1383 78 28 pligtig
323 1385 34 20 att
372 1385 85 26 genast,
474 1384 14 21 ä
501 1384 74 21 landet
591 1383 33 22 till
639 1384 102 21 domaren
757 1384 39 22 och
810 1384 8 21 i
832 1384 50 22 stad
897 1384 32 22 till

177 1420 73 21 rätten
271 1419 93 22 insända
385 1419 59 21 bevis
460 1424 35 17 om
510 1418 157 28 utmätningen,
683 1419 140 28 upptagande
838 1419 41 22 den
894 1422 36 19 ut-

173 1456 71 20 mätta
258 1454 142 27 fastighetens
416 1460 65 16 namn
498 1454 38 22 och
551 1460 103 20 nummer,
670 1454 142 28 gäldenärens
828 1454 39 22 och
880 1454 51 22 bor-
