1045 1714
344 140 23 22 U.
383 141 24 22 B.
424 154 27 2 —
466 142 63 28 Prop.
545 141 37 23 N:o
597 141 20 23 8.
801 142 26 22 27

449 220 12 25 s
478 221 33 19 23.

176 278 46 22 Till
236 278 174 30 förebyggande
426 280 25 21 af
464 283 34 19 att
513 288 29 14 en
557 283 49 25 tyst
620 280 151 22 förmänsrätt
781 280 76 22 blefve

107 312 89 22 kronan
206 316 119 25 gentemot
333 314 75 29 öfriga
418 314 185 29 fordringsägare
611 315 8 21 i
628 314 229 29 stämpelförsäljares

107 347 28 22 bo
152 347 144 22 förbehållen
310 348 29 28 pä
355 348 75 28 grund
446 349 25 21 af
491 348 176 29 bestämningen
682 350 8 20 i
706 350 10 25 &
732 351 26 19 22
774 348 27 22 af
813 348 44 22 den

108 382 85 28 nädiga
208 383 159 27 propotionen,
382 382 42 22 har
434 384 121 26 utskottet,
566 390 48 14 som
625 383 27 21 af
661 383 136 29 principiela
808 382 50 22 skäl

107 416 51 21 icke
174 423 66 15 anser
262 424 29 14 en
309 416 66 29 dylik
396 418 117 20 utsträckt
530 417 149 22 förmänsrätt
694 417 100 28 önsklig,
809 419 49 19 ute-

108 450 67 22 slutit
197 450 138 22 hithörande
359 451 133 28 stadgande.
523 452 85 21 Härtill
630 459 68 21 synes
722 452 25 21 sä
765 450 94 30 mycket

107 492 62 14 mera
184 484 51 22 skäl
250 484 132 27 förefinnas,
398 493 50 14 som
464 486 88 22 kronan
568 490 53 24 äger
636 485 71 22 frihet
721 488 34 19 att
764 485 41 22 vid
819 492 39 14 an-

107 518 112 28 tagandet
234 520 26 20 af
274 519 219 30 stämpelförsäljare
512 520 127 22 förbehälla
657 522 37 27 sig
710 519 149 30 tillfyllesgö-

107 553 70 22 rande
193 553 93 29 borgen.

455 626 12 25 8
483 627 33 20 24.

176 686 149 23 Beträffande
347 687 45 22 den
410 687 41 27 tid,
472 687 73 22 under
560 687 95 22 hvilken
671 685 188 30 stämpelförsälj-

107 721 139 28 ningsställe
269 721 41 22 bör
331 729 54 14 vara
406 721 38 22 för
468 722 154 21 allmänheten
648 721 151 28 tillgängligt,
818 719 42 22 har

108 755 122 27 utskottet,
246 756 52 21 med
313 755 100 29 ändring
432 756 24 21 af
469 758 13 26 $
498 759 25 19 23
539 757 8 21 i
563 756 44 22 den
622 756 85 28 nädiga
721 755 138 29 propositio-

108 797 52 18 nen,
184 789 96 22 beslutit
295 789 90 27 föreslä,
403 793 35 19 att
452 791 81 22 sädant
552 789 219 30 försäljningsställe
790 788 70 23 borde

109 825 73 21 hållas
206 827 69 26 öppet
290 825 8 21 i
314 824 51 23 stad
387 825 52 22 från
461 825 100 22 klockan
580 827 11 20 9
612 824 49 22 före
680 825 37 21 till
732 823 99 22 klockan
847 825 12 19 2

107 859 61 22 efter
177 859 124 29 middagen
317 862 59 19 samt
386 860 30 28 pä
426 860 78 21 landet
514 860 13 21 ä
537 859 40 28 tid,
589 866 48 15 som
648 859 118 28 försäljare
776 865 84 22 genom

109 894 139 29 kungörelse
263 895 8 20 i
280 894 74 29 kyrka
363 894 70 22 borde
442 895 65 28 gifva
517 894 156 23 allmänheten
683 894 121 21 tillkänna.
819 893 42 22 Ut-

109 930 88 21 skottet
212 929 41 21 har
268 929 8 21 i
292 929 63 22 detta
370 929 108 22 afseende
493 930 108 28 upptagit
616 929 39 21 det
669 928 93 29 förslag,
779 935 49 14 som
837 927 26 22 af

109 964 49 21 ofta
176 964 96 21 berörda
290 964 86 21 komite
392 964 112 26 afgifvits.
534 964 116 29 Derjämte
666 963 41 22 har
722 963 116 22 utskottet
852 962 9 21 i

108 998 76 22 denna
198 999 111 28 paragraf
321 998 73 22 infört
410 1007 28 13 en
454 999 152 28 bestämning,
622 1000 34 20 att
665 1000 34 19 ett
712 997 115 29 exemplar
837 996 26 22 af

109 1033 265 29 stämpelförordningen
390 1034 67 22 alltid
471 1034 70 22 borde
551 1034 73 21 finnas
636 1032 111 22 tillhands
758 1032 13 22 ä
781 1031 79 28 hvarje

109 1068 226 28 försäljningsställe.

432 1188 59 29 Kap.
507 1189 27 21 V.

459 1246 12 27 8
487 1248 32 20 34.

180 1302 77 22 Sedan
273 1309 94 15 numera
383 1302 45 21 den
443 1310 46 20 nya
504 1302 136 28 strafflagen
656 1301 62 21 trädt
732 1301 8 21 i
755 1300 106 28 gällande

111 1336 67 26 kraft,
194 1336 42 21 har
258 1336 115 21 utskottet
398 1339 71 17 ersatt
484 1336 28 20 de
533 1336 8 20 i
557 1336 23 27 $$
596 1338 82 19 33—35
694 1336 8 19 i
718 1335 44 20 den
778 1334 84 28 nådiga

111 1370 177 29 propositionen
310 1369 115 29 ingäende
447 1368 241 22 straffbestämmelser
710 1368 51 21 med
780 1375 28 14 en
824 1375 39 21 ge-

112 1412 103 14 mensam
238 1412 33 20 ny
294 1404 9 27 &
327 1406 33 25 34,
383 1402 162 22 innehällande
569 1409 27 15 en
617 1402 142 28 hänvisning
777 1402 38 22 till
835 1401 28 22 de

112 1438 243 29 straffbestämningar
370 1438 99 22 nämnda
483 1438 40 28 lag
537 1438 8 21 i
561 1439 26 27 ty
602 1436 42 22 fall
658 1435 99 30 stadgar.

180 1485 216 24 Bevillningsutskottets
408 1485 115 18 betänkande
536 1485 36 18 N:o
585 1485 15 17 4.
