1042 1720
212 141 12 20 8
516 141 45 24 N:o
580 142 23 23 8.

183 208 117 21 desamma.
329 207 189 22 Hufvudrubriken
538 208 130 27 ,Fullmakt*
684 208 39 21 har
738 207 103 22 fördelats
856 209 28 26 på
899 209 37 21 två

182 241 206 28 underafdelningar,
412 242 133 22 omfattande
571 243 40 21 den
634 249 40 14 ena
696 242 101 22 fullmakt
819 242 12 21 å
853 242 83 27 verklig

182 276 65 27 tjenst
265 277 53 21 eller
337 276 122 28 befattning
480 277 40 21 och
540 277 40 22 den
599 277 65 21 andra
680 277 157 21 förordnanden
852 279 33 19 att
899 277 38 21 be-

182 311 69 22 strida
268 311 80 22 sådana
362 311 90 27 tjenster
467 312 52 21 eller
533 311 147 28 befattningar
696 311 109 22 äfvensom
815 311 68 22 andra
892 311 44 22 för-

183 346 123 21 ordnanden
322 346 22 21 af
359 353 58 15 mera
431 346 95 28 tillfällig
541 349 70 20 natur.

250 381 44 22 Det
310 381 8 21 i
336 380 139 23 förenämnda
494 381 124 28 förordning
638 381 67 22 under
720 381 101 22 rubriken
835 381 102 22 fullmakt

182 415 105 28 ingående
303 416 118 27 stadgande
435 417 79 26 derom,
525 417 55 21 huru
591 417 90 27 stämpel
692 417 34 21 till
736 416 99 22 fullmakt
846 417 13 20 &
869 416 68 27 tjenst

183 450 49 22 med
246 450 68 22 indelt
328 450 36 21 lön
379 450 39 22 bör
433 450 111 28 beräknas,
560 451 40 21 har
614 451 116 27 uteslutits,
747 452 50 20 enär
807 450 130 22 utfärdande

183 484 23 22 af
219 484 101 22 fullmakt
335 484 27 28 på
377 484 65 28 tjenst
456 485 49 21 med
521 486 69 20 sådan
605 485 36 21 lön
651 485 18 27 ej
680 485 73 22 vidare
764 484 172 28 ifrågakommer.

182 519 108 27 Derjemte
304 519 40 21 har
359 519 84 21 skilnad
458 521 83 20 ansetts
552 520 52 21 böra
615 522 64 25 göras
689 520 91 22 emellan
791 520 146 26 statstjenster

183 553 39 22 och
244 553 145 27 befattningar
411 554 6 20 i
440 554 112 22 kommuns
575 554 66 27 tjenst
663 554 116 28 äfvensom,
795 554 7 21 i
821 554 62 27 fråga
901 560 36 15 om

182 588 92 28 tjenster
296 588 23 22 af
340 589 37 21 det
398 588 58 22 förra
474 590 75 26 slaget,
565 590 90 21 emellan
670 589 80 22 sådana
765 589 49 22 med
829 589 108 21 ordinarie

182 624 36 21 lön
240 624 40 21 och
303 624 81 21 sådana
407 624 49 21 med
477 624 80 22 arvode
575 624 13 22 å
605 626 50 20 stat.
684 624 104 22 Gällande
810 623 127 28 förordning

182 660 40 26 gör
236 658 106 27 nemligen
358 658 46 22 icke
420 658 68 28 någon
503 659 98 21 bestämd
611 659 84 21 skilnad
705 659 136 21 härutinnan.
865 658 72 22 Emel-

182 692 63 22 lertid
264 698 62 22 synes
346 692 40 22 den
405 692 6 22 i
431 692 150 28 förordningen
601 693 107 27 påbjudna
723 693 149 27 skattesatsen,
888 694 10 20 4
909 693 28 27 9/,

183 727 23 22 af
227 728 69 26 lönen,
319 727 53 21 böra
394 727 109 27 tillämpas
525 728 76 22 endast
623 728 35 21 vid
674 728 120 28 statstjenst
809 727 49 22 med
872 728 35 21 lön
924 727 14 22 &

182 764 52 24 stat,
249 762 76 20 medan
342 762 96 21 deremot
453 762 35 21 vid
503 762 237 27 arvodesbefattningar
750 762 7 21 i
767 762 120 27 statstjenst
897 762 40 21 och

183 796 35 22 vid
240 796 80 22 sådana
342 796 146 27 befattningar
510 797 7 21 i
539 796 112 22 kommuns
666 797 71 27 tjenst,
754 796 13 22 å
782 796 72 22 hvilka
868 796 69 27 någon

182 830 178 27 statsmyndighet
375 830 97 22 utfärdar
487 830 106 27 fullmakt,
609 831 192 27 stämpelbeloppet
811 830 66 22 borde
885 831 53 27 utgå

182 865 49 21 med
246 865 77 21 endast
338 864 88 27 hälften,
442 865 52 21 eller
509 865 48 22 med
573 866 8 21 2
587 866 34 26 9/,
637 865 28 25 af,
681 865 7 21 i
703 865 59 21 förra
777 865 61 21 fallet
848 865 89 21 arvodet

183 899 40 22 och
245 899 7 21 i
275 905 74 16 senare
373 899 59 22 fallet
450 900 99 27 samtliga
567 901 13 20 å
595 902 44 19 stat
654 900 105 27 uppförda
773 899 164 22 löneförmåner.

183 935 11 21 I
213 934 94 27 enlighet
326 933 48 22 med
392 934 56 21 hvad
468 934 88 22 sålunda
572 935 7 21 i
594 935 88 21 korthet
697 934 128 22 framhållits
840 934 39 21 har
893 933 44 22 för-

183 969 70 27 slaget
274 969 34 21 till
330 969 165 27 ifrågavarande
518 970 74 21 rubrik
611 969 70 22 blifvit
696 969 121 28 uppgjordt.
846 969 43 22 För
905 971 33 20 att

183 1003 95 28 aflägsna
301 1004 41 21 den
365 1004 151 27 oegentlighet,
535 1011 44 15 som
602 1005 68 26 ligger
692 1005 52 26 deri,
761 1006 32 20 att
815 1004 122 21 kontrakts-

183 1038 173 27 prostefullmakt
380 1038 46 21 icke
452 1039 77 27 drager
553 1039 98 27 stämpel,
676 1039 28 22 då
729 1039 39 22 den
794 1039 98 21 utfärdas
915 1038 23 22 åt

184 1072 46 27 den,
247 1079 45 15 som
308 1072 58 22 förut
382 1073 85 22 erhållit
482 1073 99 22 fullmakt
596 1073 13 22 å
619 1076 136 25 prostenamn
767 1073 40 22 och
818 1073 119 28 värdighet,

183 1107 39 22 har
240 1107 287 27 kontraktsprostefullmakt
545 1109 7 20 i
572 1108 59 21 detta
649 1108 38 21 fall
703 1108 80 27 påförts
799 1108 90 27 stämpel
904 1108 33 21 till

182 1147 82 16 samma
278 1141 84 28 belopp,
378 1147 45 16 som
439 1141 33 22 för
487 1142 70 28 öfriga
572 1142 153 28 expeditioner,
741 1142 72 21 hvilka
827 1141 52 28 utgå
889 1141 47 22 från

184 1176 40 21 den
240 1176 130 27 myndighet,
386 1182 44 15 som
447 1177 97 21 utfärdar
559 1177 134 22 fullmakten.

250 1210 136 22 Beträffande
417 1212 47 20 åter
493 1211 191 28 stämpelbeloppet
713 1211 34 22 för
775 1211 124 22 fullmakter
925 1211 12 21 å

183 1245 152 27 kyrkoherde-,
346 1245 136 28 kapellans-,
497 1246 164 26 komminister-,
678 1246 259 27 domkyrkosysslomans-

184 1279 39 21 och
232 1279 269 27 sockneadjunktstjenster
511 1282 56 18 samt
576 1279 111 21 klockare-
697 1280 39 20 och
747 1279 189 27 orgelnistsysslor,

183 1313 39 21 har
240 1313 66 21 sådan
329 1312 114 22 förändrad
458 1314 69 26 grund
543 1313 33 22 för
591 1314 193 27 stämpelafgiftens
799 1314 138 21 beräknande

184 1347 76 22 införts
282 1349 34 20 att
337 1348 105 26 stämpeln
465 1348 63 27 utgår
545 1348 55 22 efter
615 1350 90 25 procent
720 1348 24 22 af
757 1348 101 28 samtliga
874 1348 63 22 dessa

182 1382 90 28 tjenster
295 1382 115 28 åtföljande
432 1382 165 27 löneförmäner,
613 1383 74 21 dervid
705 1383 117 22 beräknats
841 1385 33 19 att
888 1384 12 20 2
909 1383 29 27 9/,

184 1416 24 22 af
225 1417 63 21 dessa
307 1416 157 22 löneförmåner
481 1418 66 21 borde
565 1418 6 21 i
588 1418 26 21 de
628 1416 62 23 flesta
705 1418 38 22 fall
758 1420 109 20 motsvara
881 1418 56 21 hvad

184 1452 178 27 stämpelskatten
378 1452 12 22 å
406 1452 63 22 dessa
484 1452 123 22 fullmakter
622 1452 33 22 för
671 1452 134 22 närvarande
820 1454 69 26 utgör.
