1061 1720
223 146 30 21 24
389 144 82 23 Ständ.
486 144 38 23 Sv.
539 157 27 2 —
581 144 73 27 Prop.
669 143 42 22 N:o
726 143 22 22 4.

196 207 64 22 hafva
282 207 118 22 Ständerna
421 209 53 20 trott
496 207 32 27 sig
549 213 39 20 ega
603 207 112 26 anledning
731 207 32 21 att
777 206 40 21 här
832 206 69 21 införa
917 208 31 19 ett

196 241 125 28 uttryckligt
336 241 116 28 stadgande
467 242 6 21 i
489 243 78 25 ämnet;
583 241 89 22 hvarvid
686 241 117 21 Ständerna
814 240 71 27 utgätt
900 240 48 22 frän

197 276 40 21 den
252 275 135 28 uppfattning
402 277 32 20 att
449 282 80 15 samma
547 275 143 27 grundsatser,
709 281 46 16 som
769 275 57 27 gälla
845 281 34 16 om
900 281 49 21 pre-

196 310 104 27 skription
310 310 24 21 af
342 310 215 27 hufvudförbindelse,
574 309 100 28 billigtvis
688 309 61 22 äfven
766 309 53 22 böra
828 309 121 23 utsträckas

196 345 33 20 till
244 346 62 21 ränta
321 344 51 22 eller
388 351 68 15 annan
472 345 67 27 afgift,
555 345 27 21 dä
597 345 122 21 densamma
734 344 77 21 utfästs
829 346 32 19 att
875 345 74 26 gäldas

196 379 13 21 å
223 379 43 22 viss
280 379 38 22 tid.

153 420 21 18 29
187 419 10 23 8
266 413 73 27 Tiden,
361 414 57 21 inom
440 414 85 21 hvilken
548 414 39 21 den
603 414 7 21 i
625 414 69 20 denna
708 413 101 27 paragraf
823 414 127 21 omnämnda

197 448 203 28 &tervinningstalan
422 449 35 21 vid
479 450 119 26 utmätning
620 449 54 21 skall
696 449 108 27 anställas,
823 449 38 22 har
880 448 71 22 blifvit

197 483 104 27 förlängd,
318 485 50 19 enär
383 484 25 20 de
424 484 53 26 skäl,
494 490 44 15 som
553 484 7 21 i
576 483 60 27 fräga
651 490 33 14 om
700 483 133 28 ätervinning
849 484 34 21 vid
898 484 52 21 kon-

197 518 52 20 kurs
263 518 105 21 mähända
383 518 44 21 tala
441 517 34 22 för
490 524 26 15 en
527 518 85 21 kortare
622 518 194 26 preskriptionstid,
824 518 47 22 icke
879 518 71 21 kunna

197 552 104 27 åberopas
316 552 132 22 beträffande
464 552 131 27 återvinning
609 552 35 21 vid
660 552 125 27 utmätning,
801 553 36 21 der
852 553 100 21 intresset

198 587 23 21 af
234 594 26 14 en
275 587 115 27 skyndsam
405 587 113 27 utredning
533 587 23 21 af
569 587 50 21 boet
634 588 7 20 i
655 586 82 22 mindre
753 587 53 27 grad
821 587 120 27 föreligger.

267 621 79 22 Senare
362 623 116 20 momentet
493 621 23 21 af
529 622 133 27 paragrafen,
677 627 45 16 som
738 628 61 21 synes
815 628 50 15 vara
880 621 72 22 alltför

198 656 87 22 allmänt
301 655 98 22 affattadt
415 656 39 21 och
469 656 60 21 äfven
544 657 7 21 i
567 655 64 28 öfrigt
647 656 76 27 egnadt
739 657 33 21 att
787 655 113 23 framkalla
915 655 36 22 be-

199 690 148 27 tänkligheter,
362 690 39 22 har
416 691 115 21 uteslutits.

153 724 44 24 318
267 725 94 22 Emedan
377 725 122 27 strafflagen
507 732 87 15 numera
602 721 48 36 trädt
662 727 12 20 i
682 726 138 27 tillämpning,
835 726 40 21 har
882 725 70 22 denna

198 760 101 27 paragraf
313 760 85 21 erhällit
413 766 25 15 en
453 760 63 22 häraf
529 760 98 27 päkallad
643 760 114 22 förändrad
773 760 86 28 lydelse.

472 867 112 29 Förslaget
598 868 32 21 till
646 868 136 29 förordning,
802 869 151 28 innefattande

404 902 153 28 upphäfvande
572 903 37 21 och
624 903 97 28 ändring
736 903 27 28 af
774 903 107 22 särskilda
885 910 68 20 para-

404 937 75 28 grafer
492 937 10 21 i
516 937 187 28 konkursstadgan
718 937 27 28 af
757 937 41 22 den
820 937 9 22 9
837 937 116 22 November

404 971 65 22 1868.

99 1042 21 17 10
130 1042 42 17 0.11
188 1040 10 23 $
268 1035 33 21 De
316 1034 23 22 af
352 1034 120 22 Ständerna
486 1035 99 28 vidtagna
600 1036 142 27 ändringarna
761 1036 3 21 i
783 1036 14 21 3
819 1042 62 15 mom.
899 1036 27 21 10
940 1037 13 26 &

200 1069 39 22 och
254 1069 13 21 3
283 1075 62 15 mom.
363 1071 23 19 11
404 1069 12 26 $
430 1069 45 22 afse
490 1071 31 20 att
536 1070 124 27 tydliggöra,
683 1071 32 20 att
730 1070 33 21 till
777 1070 127 27 fordringar,
920 1070 34 21 för

200 1103 71 22 hvilka
286 1103 101 28 fastighet
401 1106 24 19 är
443 1104 126 27 underpant,
593 1104 99 22 hänföras
715 1105 61 21 äfven
799 1105 49 21 dei
862 1106 14 20 4
890 1111 64 15 mom.

200 1139 27 20 22
243 1138 12 25 8
271 1138 22 21 af
306 1138 284 27 inteckningsförordningen
598 1139 92 21 nämnda
696 1139 110 27 utskylder
815 1139 38 21 och
863 1140 90 26 utlagor,

200 1172 108 21 äfvensom
323 1174 32 19 att
370 1173 99 26 samtliga
484 1173 7 20 i
508 1173 25 20 12
549 1173 39 21 och
604 1173 41 21 109
660 1173 27 26 $$
702 1173 94 27 sjölagen
816 1174 138 26 uppräknade

199 1206 205 27 fordringsanspräk,
420 1207 72 21 hvilka
507 1207 66 26 enligt
595 1207 65 27 sagda
675 1207 82 28 lagrum
772 1207 63 22 hafva
850 1207 104 22 förmäns-

200 1242 44 20 rätt
258 1241 7 21 i
281 1240 69 27 fartyg
365 1241 51 21 eller
430 1241 53 26 gods
498 1242 8 21 i
520 1241 74 28 fartyg,
618 1244 38 19 äro
679 1241 100 22 förenade
795 1243 48 20 med
858 1244 96 25 panträtt

200 1275 7 20 i
223 1273 64 21 sädan
303 1274 113 26 egendom;
432 1274 92 21 hvarhos
539 1275 117 26 ändringen
667 1275 132 21 beträffande
813 1275 142 21 nästnämnda

201 1308 92 27 anspräk
309 1307 79 27 äsyftar
403 1308 105 21 vinnande
524 1308 23 21 af
560 1308 145 28 likformighet
715 1310 49 20 med
773 1310 161 26 uttryckssättet
948 1310 7 20 i

202 1342 27 22 15
243 1342 12 27 $
269 1342 95 28 sjölagen
379 1342 66 27 enligt
460 1342 47 22 dess
523 1342 77 27 lydelse
616 1344 7 20 i
638 1344 165 26 propositionen.

157 1378 20 18 15
191 1377 9 23 $
270 1377 95 22 Emedan
388 1377 40 21 den
444 1377 7 21 i
468 1378 14 20 2
504 1384 62 16 mom.
588 1378 25 22 15
628 1378 13 27 $
656 1378 86 28 intagna
765 1379 137 27 bestämning,
922 1380 33 21 att

201 1414 68 20 rätten
293 1412 75 22 endast
386 1412 34 21 för
435 1413 37 21 det
492 1412 36 22 fall
551 1415 32 19 att
604 1414 129 26 borgenärer
755 1414 52 21 eller
826 1414 129 27 gäldenären

201 1447 113 22 underlåta
330 1449 31 20 att
376 1448 56 21 inom
448 1448 42 22 viss
505 1448 31 22 tid
551 1449 72 21 anvisa
638 1448 128 28 tillräckliga
781 1449 69 22 medel
859 1449 34 21 till
902 1449 53 21 kon-
