1050 1723
224 147 12 19 8
421 145 28 23 U.
465 146 28 21 B.
509 158 26 3 —
550 146 73 27 Prop.
639 146 43 22 N:o
697 146 21 22 8.

194 211 53 28 gast
268 217 55 14 vara
338 212 35 19 att
387 210 22 22 h.
425 217 20 16 o.
460 211 23 21 h.
498 211 113 22 utsesluta
628 211 39 21 det
683 211 58 22 sista
755 213 128 20 momentet
898 211 26 22 af
936 213 13 26 &

194 246 20 26 4,
237 245 25 21 så
284 248 42 18 när
348 251 49 15 som
419 245 30 28 på
466 245 172 29 hänvisningen
655 245 38 22 till
708 247 28 26 8$
752 247 12 21 7
781 245 43 22 och
841 247 32 27 14,
890 247 60 20 samt

194 280 64 29 gifva
280 281 13 27 $
316 280 12 21 7
351 287 30 14 en
403 279 74 22 delvis
498 287 33 22 ny
553 280 132 29 affattning.
718 280 123 22 Utskottet
862 281 36 21 får
920 281 30 28 på

194 316 66 21 dessa
275 314 53 23 skäl
340 314 95 23 föreslå:

468 387 31 20 att
516 385 125 22 Ständerna
656 385 48 22 ville
720 392 28 15 ur
756 385 192 28 författningsför-

399 419 68 29 slaget
487 419 92 23 utesluta
600 420 53 22 sista
667 421 112 21 momentet
794 420 24 28 af
830 421 16 27 $
859 420 22 27 4,
898 420 50 22 dock

401 455 47 21 med
470 455 145 22 bibehållande
630 455 28 28 af
669 455 161 28 hänvisningen
845 455 33 22 till
892 457 26 24 $$
934 455 15 21 7

399 489 37 21 och
450 489 28 21 14
491 491 56 20 samt
561 489 9 22 i
584 489 69 22 stället
667 489 61 29 gifva
742 491 14 24 $
771 489 15 22 7
799 489 95 28 följande
903 489 45 28 för-

398 524 99 21 ändrade
511 524 86 27 lydelse:

262 622 10 9 »
276 604 138 28 Expedition,
425 612 44 15 som
479 605 9 21 i
498 605 214 28 öfverensstämmelse
723 605 48 21 med
781 604 165 29 föreskrifterna

192 639 8 22 i
215 641 17 24 $
246 639 15 22 3
274 639 50 22 eller
346 639 67 28 enligt
435 640 92 28 tidigare
541 640 102 29 gällande
658 639 135 29 bestämning
809 639 109 28 utfärdats
932 640 14 21 å

191 674 170 27 stämpelpapper
383 674 49 22 eller
445 675 86 27 försetts
545 675 47 22 med
607 674 167 28 stämpelmärke,
791 676 26 19 är
832 674 20 28 ej
866 675 80 21 under-

191 708 76 22 kastad
287 709 125 28 ytterligare
432 709 161 28 stämpelafgift,
617 716 32 14 om
668 709 42 22 den
725 708 33 22 till
772 709 126 28 myndighet
912 709 34 22 in-

191 744 87 22 lemnas.
307 739 33 27 Är
363 744 91 22 deremot
472 745 121 27 expedition
608 744 37 22 vid
659 744 144 28 utfärdandet
817 744 127 28 stämpelfri,

190 779 54 21 skall
264 779 123 21 densamma
408 779 37 21 vid
466 779 149 22 inlemnandet
629 779 49 21 eller
692 779 129 27 uppteendet
835 778 37 22 hos
888 778 57 22 dom-

190 814 41 21 stol
245 813 49 22 eller
310 813 125 29 myndighet
449 814 96 22 karteras
560 814 69 22 såsom
644 813 72 28 bilaga
731 813 67 28 enligt
812 815 17 24 $
843 813 21 22 4.

258 848 117 29 Handling
397 848 49 23 eller
463 848 68 29 skrift,
555 856 43 15 som
623 848 67 29 enligt
704 850 18 24 $
737 848 15 21 6
766 848 70 28 blifvit
857 847 87 28 försedd

189 883 47 21 med
258 883 161 28 stämpelmärke
437 883 32 22 till
488 883 64 28 högre
566 883 65 28 valör,
647 886 31 19 än
693 883 57 22 hvad
763 882 36 28 för
814 882 82 29 bilagor
909 883 35 21 uti

187 920 18 23 S
218 919 14 20 4
246 917 102 29 stadgadt
363 919 32 26 är,
411 917 95 29 behöfver
521 918 25 27 ej,
563 918 28 22 då
607 918 124 21 densamma
745 917 69 22 såsom
829 917 72 28 bilaga
908 917 34 22 in-

188 952 83 22 lemnas
286 952 49 21 eller
349 954 76 26 upptes
439 952 38 22 hos
495 952 87 22 domstol
597 951 50 23 eller
653 951 132 29 myndighet,
807 951 67 28 förses
895 952 49 22 med

186 987 125 28 ytterligare
332 987 95 27 stämpel.
456 982 33 26 Är
511 987 92 22 deremot
623 987 42 21 slik
684 987 109 27 handling
815 986 49 21 eller
878 987 65 27 skrift

187 1021 67 28 enligt
267 1023 18 24 $
300 1021 14 21 6
328 1021 120 28 stämpelfri
463 1021 49 22 eller
527 1021 74 29 belagd
615 1021 48 22 med
673 1021 59 28 lägre
740 1020 95 28 stämpel,
846 1022 31 20 än
886 1021 56 22 hvad

185 1055 36 28 för
236 1055 81 28 bilagor
330 1055 73 28 gäller,
420 1055 36 22 bör
471 1056 123 22 densamma
611 1056 37 21 vid
662 1055 148 22 inlemnandet
824 1055 50 21 eller
888 1063 54 20 upp-

186 1090 83 21 teendet
290 1090 68 21 såsom
374 1090 70 27 bilaga
458 1090 72 27 förses,
547 1091 8 21 i
569 1091 62 27 förra
645 1090 60 27 fallet
720 1089 48 22 med
782 1089 25 22 så
821 1089 41 28 hög
876 1091 66 20 stäm-

182 1124 43 27 pel,
240 1131 44 14 som
298 1125 34 20 uti
347 1123 90 28 tariffen
453 1125 8 21 i
475 1128 12 21 8
501 1125 16 20 4
531 1125 103 28 angifves,
650 1126 56 20 samt
720 1125 10 20 i
739 1130 77 15 senare
823 1123 118 22 händelsen

185 1159 47 21 med
246 1159 124 28 ytterligare
385 1159 89 27 stämpel
489 1159 32 22 till
530 1159 80 22 sådant
621 1159 80 27 belopp,
710 1160 33 21 att
749 1158 191 27 stämpelafgiften,

184 1193 145 22 inberäknadt
352 1193 39 22 den
415 1194 92 28 tidigare
523 1195 70 21 åsatta
606 1194 114 27 stämpeln,
736 1193 86 28 uppgår
837 1193 33 21 till
884 1193 56 21 hvad

183 1228 69 27 sagda
267 1228 65 27 tariff
341 1228 146 28 föreskrifver.

254 1262 89 21 Saknar
356 1263 109 27 handling
480 1263 48 20 eller
543 1263 70 27 skrift,
630 1263 28 20 då
673 1263 43 20 den
731 1263 57 26 ånyo
803 1261 37 21 vid
853 1262 87 21 domstol

183 1295 50 21 eller
254 1296 126 27 myndighet
400 1296 83 27 företes,
507 1297 41 21 den
563 1297 94 26 stämpel,
672 1296 102 21 hvarmed
790 1295 41 22 den
847 1295 93 28 tidigare

183 1329 69 28 blifvit
272 1330 94 28 försedd,
381 1330 54 22 skall
449 1337 31 21 ny
494 1331 89 27 stämpel
599 1331 32 22 till
645 1331 103 28 stadgadt
762 1329 72 28 belopp
849 1329 88 22 anbrin-

182 1371 39 21 gas
236 1365 13 20 å
263 1364 142 28 handlingen,
421 1366 74 21 innan
509 1365 123 22 densamma
646 1365 37 28 får
698 1363 137 30 emottagas".

249 1497 70 23 Bilaga
331 1497 30 18 till
373 1498 214 23 Bevillningsutskottets
600 1499 117 19 betänkande
730 1501 37 19 N:o
780 1502 15 18 4.
