1025 1720
777 143 26 20 25

81 211 49 25 ning
151 211 34 26 för
205 211 106 25 underhåll,
335 219 43 12 som
396 207 69 35 någon
481 207 78 35 ålagts-
569 215 28 17 att
617 212 29 20 till
659 213 55 19 make
728 213 44 19 eller
786 212 47 19 barn

81 245 79 25 utgifva.

434 333 46 24 98.

148 400 22 26 Ej
193 400 32 21 mä
239 401 7 19 i
261 401 105 25 gäldenärs
388 401 25 20 bo
436 401 60 25 något
518 403 92 23 utmätas,
633 407 43 13 som
699 401 64 19 finnes
785 400 48 20 höra

80 440 65 14 annan
167 434 36 25 till,
220 435 37 19 och
272 435 17 25 ej
305 435 62 19 heller
382 435 115 25 utmätning
512 436 35 19 ske
562 435 32 19 till
609 434 77 25 förfäng
700 434 20 20 af
734 434 38 20 den
787 436 45 22 rätt,

79 475 64 13 annan
158 469 32 19 till
204 469 131 25 gäldenärens
350 469 50 25 gods
414 475 53 19 eger.

147 503 108 26 Egendom,
270 510 43 13 som
329 504 63 19 under
406 503 207 21 fideikommissvilkor
627 503 116 19 innehafves
757 502 75 26 f(utesl.),

79 538 23 20 sä
123 538 38 20 ock
181 544 66 14 annan
261 538 98 26 egendom
374 538 48 20 eller
436 538 100 26 rättighet,
552 544 43 14 som
609 537 44 20 icke
667 538 39 19 kan
720 537 112 25 öfverlätas,

80 572 34 21 mä
128 573 17 26 ej
161 573 6 19 i
183 575 40 18 mät
238 575 61 23 tagas.

426 661 25 19 10
468 661 17 24 8.

147 728 71 21 Påstår
233 735 66 14 annan
315 729 30 25 sig
360 735 46 13 vara
421 735 57 20 egare
494 729 29 20 till
538 729 30 20 lös
580 729 103 25 egendom,
694 734 43 14 som
747 729 7 18 i
764 728 66 25 gälde-

78 766 47 17 närs
147 764 24 19 bo
195 764 70 24 finnes,
285 769 46 14 men
352 761 38 22 kan
404 763 17 26 ej
438 765 70 24 genast
531 764 43 19 visa
596 764 31 19 sin
649 765 46 22 rätt,
717 769 47 14 vare
781 763 50 19 hans

78 797 86 26 anspråk
179 798 17 25 ej
213 798 70 19 hinder
305 798 29 19 för
354 798 134 25 egendomens
503 798 122 19 utmätande.
655 797 74 26 Bjuder
743 797 40 19 han
798 797 34 19 vid

78 833 140 24 utmätningen
239 832 103 20 sannolika
364 832 42 19 skäl
428 833 31 18 för
473 831 112 26 anspråket,
601 832 84 19 hänvise
700 831 132 25 utmätnings-

79 872 86 14 mannen
187 866 72 20 honom
283 868 29 18 att
335 866 31 20 sin
388 866 54 20 talan
457 866 51 20 efter
523 866 101 25 stämning
639 866 69 24 utföra,
724 866 38 19 och
776 865 56 19 varde

79 901 174 25 verkställigheten
269 900 102 20 tillsvidare
385 900 83 25 instäld;
484 902 83 18 stämme
582 900 51 20 dock
647 900 45 24 han,
708 906 43 14 som
762 900 71 25 godset

78 936 55 19 freda
155 936 40 24 vill,
218 936 120 25 borgenären
361 935 37 20 och
420 936 119 24 gäldenären
553 935 30 19 till
598 934 86 20 domstol
699 934 6 20 i
721 936 62 23 orten,
798 934 35 20 der

81 970 71 25 godset
174 970 69 24 finnes,
260 972 52 18 samt
327 970 69 24 styrke
410 970 34 19 det
459 970 37 19 hos
511 970 210 24 utmätningsmannen
733 969 55 19 inom
803 970 29 18 tre

78 1004 95 20 månader
187 1004 50 20 efter
251 1004 143 25 utmätningen,
409 1004 48 19 eller
472 1004 60 19 varde
547 1004 34 19 det
596 1005 85 18 utmätta
696 1003 30 19 till
736 1003 97 25 gäldande

78 1039 20 19 af
112 1039 132 25 borgenärens
260 1039 79 19 fordran
354 1038 92 20 användt.

147 1073 93 19 Kommer
261 1072 66 26 någon
348 1073 51 19 efter
420 1073 140 25 utmätningen
578 1072 45 20 med
637 1072 93 25 anspråk,
745 1078 44 13 som
804 1077 27 13 nu

80 1108 22 18 är
117 1107 63 25 sagdt,
204 1113 45 13 vare
271 1106 34 20 det
327 1106 17 26 ej
367 1106 71 20 hinder
459 1107 29 19 för
502 1106 188 26 verkställighetens
705 1105 123 21 slutförande

78 1140 35 20 der
134 1141 18 25 ej
168 1141 152 19 öfverexekutor
341 1140 124 20 annorlunda
486 1140 108 20 förordnar.
624 1140 76 20 Varder
721 1140 46 24 den,
789 1145 43 15 som

78 1175 109 26 anspråket
207 1175 64 25 väckt,
293 1175 21 19 af
335 1175 154 20 öfverexekutor
509 1175 98 20 hänvisad
622 1176 30 18 att
667 1175 32 19 sin
713 1174 53 20 talan
782 1174 51 20 efter

80 1210 103 25 stämning
204 1210 70 24 utföra,
294 1209 65 26 åligge
380 1210 74 19 honom
477 1211 29 18 att
526 1210 54 19 inom
596 1211 29 18 tre
641 1208 93 20 månader
748 1208 85 20 derefter

79 1246 85 18 stämma
185 1244 35 19 och
239 1244 209 25 ulmätningsmannen
468 1243 66 20 derom
548 1243 119 25 underrätta,
683 1243 34 19 vid
732 1243 100 25 äfventyr,

80 1285 42 13 som
139 1280 54 18 förut
207 1281 21 17 är
243 1278 88 20 nämndt.

148 1313 40 19 Vill
203 1313 123 25 borgenären
341 1312 46 25 sjelf
402 1314 89 23 stämma,
507 1312 71 19 stånde
592 1312 35 19 det
641 1312 72 19 honom
728 1312 50 19 fritt.

148 1343 30 23 Är
193 1347 56 25 tredje
264 1353 57 12 mans
337 1346 87 24 anspråk
428 1347 29 23 på
468 1347 109 23 eganderätt
588 1346 29 18 till
626 1347 71 17 utmätt
706 1346 29 18 lös
743 1346 88 24 egendom

78 1386 70 19 genom
164 1380 109 19 underrätts
288 1380 45 19 dom
348 1379 112 25 förkastadt,
471 1380 62 23 varde,
544 1379 52 19 ändå
606 1381 27 17 att
643 1379 68 19 domen
720 1379 113 25 motvädjas,

79 1414 163 25 verkställigheten
263 1413 85 26 slutförd
369 1413 34 20 och
424 1413 117 25 borgenären
561 1412 104 26 berättigad
686 1414 27 18 att
726 1413 107 25 utfallande

80 1448 60 20 medel
154 1450 41 18 mot
206 1450 49 24 pant
269 1448 44 20 eller
327 1448 69 26 borgen
411 1448 53 25 lyfta.
