1031 1717
187 149 27 20 54

158 217 96 25 faststäld,
276 224 37 19 ege
333 218 122 25 gäldenären
470 219 39 18 rätt
524 219 29 18 att
568 220 85 17 stämma
668 223 31 14 om
715 217 127 26 återvinning
856 217 54 20 inom

158 258 36 14 sex
217 252 99 22 månader,
339 252 89 25 räknadt,
443 252 7 19 i
466 252 54 26 fråga
542 259 32 13 om
596 253 40 19 fast
657 252 102 25 egendom,
781 252 68 25 fartyg
863 251 49 20 eller

157 287 50 25 gods
223 286 6 19 i
244 287 71 24 fartyg,
330 287 45 19 från
390 287 33 19 det
438 287 107 20 auktionen
561 289 56 22 samt,
631 287 7 19 i
654 286 54 25 fråga
723 293 32 12 om
769 292 66 13 annan
850 291 61 20 egen-

157 321 52 24 dom,
225 320 43 20 från
284 321 34 20 det
332 321 136 25 fördelningen
485 327 52 14 vann
552 321 43 25 laga
610 321 57 20 kraft.

508 424 24 20 15
550 425 17 23 8.

226 493 64 20 Innan
312 493 81 19 auktion
409 493 11 19 å
437 493 38 20 fast
498 493 103 25 egendom,
615 493 66 26 fartyg
696 493 48 20 eller
758 493 50 26 gods
823 493 6 20 i
844 493 67 26 fartyg

156 527 54 25 eller,
225 527 7 20 i
246 528 35 19 fall
305 533 43 13 som
363 527 6 19 i
385 528 18 23 3,
419 528 13 18 4
447 527 38 20 och
500 529 12 18 5
529 528 24 23 $$
569 529 86 22 nämnts,
677 527 112 26 fördelning
811 527 20 19 af
852 527 59 26 köpe-

158 561 106 26 skillingen
286 563 29 19 för
337 568 66 13 annan
425 562 97 25 egendom
544 562 72 19 vunnit
639 562 44 25 laga
705 563 57 24 kraft,
777 561 48 20 eller
840 561 71 26 klagan

157 596 55 20 öfver
227 596 62 19 sådan
303 596 82 19 auktion
399 596 48 19 eller
462 596 111 25 fördelning
583 596 94 25 slutligen
687 597 97 24 pröfvats,
795 603 36 19 ege
842 597 69 25 borge-

158 632 38 18 när
210 631 70 19 endast
298 632 41 18 mot
354 634 49 21 pant
417 630 48 19 eller
481 631 74 25 borgen
570 631 51 23 lyfta
635 631 52 19 hvad
702 631 73 19 honom
791 631 66 19 blifvit
871 631 40 19 till-

157 664 62 26 lagdt,
227 664 35 20 der
271 664 17 26 ej
305 664 68 26 (utesl.)
389 664 25 20 de
429 664 123 26 borgenärer,
561 664 67 20 hvilka
642 664 43 20 icke
700 664 39 20 fått
754 665 31 25 sig
799 664 36 20 full
851 665 60 19 betal-

156 698 50 26 ning
221 698 112 25 tillerkänd,
349 698 37 20 och
401 698 118 25 gäldenären
535 698 68 26 (utesl.)
619 698 98 25 medgifva
724 701 27 17 att
765 699 84 25 lyftning
863 701 49 18 utan

156 732 64 20 sådan
235 733 85 19 säkerhet
334 732 34 20 må
383 733 37 19 ske.

225 768 23 25 Ej
271 768 33 19 må
326 768 51 20 dock
398 767 26 26 på
446 768 65 25 grund
528 768 20 20 af
562 768 85 24 auktion,
664 774 41 13 som
721 768 43 20 icke
779 768 74 20 vunnit
867 768 44 26 laga

157 802 57 25 kraft,
230 802 88 26 lyftning
333 804 48 18 utan
396 802 93 20 säkerhet
504 802 74 20 tillåtas
593 802 118 20 annorledes
722 804 25 18 än
757 803 46 19 med
813 803 97 26 köparens

159 837 108 24 samtycke,
289 839 50 17 utan
360 836 23 20 så
404 838 22 18 är
447 838 29 18 att
499 837 77 25 klagan,
599 842 43 14 som
657 837 56 19 öfver
727 837 106 20 auktionen
848 838 61 24 föres,

157 870 63 26 angår
234 871 71 19 endast
320 872 129 24 borgenärers
463 871 94 19 inbördes
573 871 97 20 företräde
685 871 37 19 och
730 871 119 21 auktionens
859 878 51 20 upp-

156 905 98 20 häfvande
269 905 55 19 deraf
339 906 42 19 icke
397 906 37 18 kan
451 906 50 25 följa.

509 1009 24 19 16
551 1010 16 23 $.

225 1072 28 24 Är
268 1077 113 25 utmätning
396 1077 5 18 i
418 1077 38 20 död
471 1083 57 14 mans
543 1077 24 20 bo
583 1077 104 23 verkstäld,
703 1077 37 20 och
755 1077 40 25 vill,
807 1077 62 20 innan
880 1077 29 20 tid

156 1111 32 20 till
203 1111 133 25 egendomens
352 1111 115 20 afträdande
482 1113 22 18 är
519 1114 39 22 ute,
573 1112 98 25 borgenär
683 1113 29 19 för
722 1112 32 19 sin
765 1112 78 19 fordran
853 1112 57 25 njuta

155 1145 107 26 betalning,
286 1151 52 18 vare,
353 1145 7 19 i
375 1145 56 26 fråga
452 1152 31 13 om
507 1145 48 20 hans
579 1146 114 25 skyldighet
713 1148 30 17 att
762 1146 58 19 ställa
834 1147 76 25 borgen

155 1179 50 20 eller
227 1185 66 14 annan
315 1180 92 19 säkerhet
421 1181 30 18 för
466 1180 52 19 hvad
532 1181 40 18 han
587 1181 66 24 lyftar,
669 1181 90 24 gällande
774 1181 53 18 hvad
842 1181 68 19 derom

155 1215 23 18 är
193 1214 94 19 särskildt
301 1213 98 25 stadgadt.

507 1281 25 20 17
549 1282 18 23 8.

225 1349 81 26 Belopp,
323 1355 43 14 som
380 1349 63 26 enligt
460 1350 25 19 11
503 1351 10 23 $
529 1350 17 25 ej
563 1349 39 20 kan
617 1349 84 20 fördelas
716 1350 12 19 &
743 1350 65 20 derför
817 1350 92 20 bestämd

156 1384 30 20 tid
208 1384 49 20 eller
278 1385 78 25 jemlikt
376 1385 24 18 12
417 1385 10 23 $
445 1384 64 20 blifvit
525 1385 32 19 vid
572 1384 138 26 fördelningen
725 1385 60 20 afsatt
800 1385 29 20 för
844 1385 66 26 någon

156 1419 108 26 borgenärs
288 1419 85 26 fordran,
395 1419 51 19 skall
461 1419 139 26 ofördröjligen
614 1419 7 19 i
636 1419 64 20 iänets
716 1420 72 19 ränteri
802 1419 109 21 nedsättas.

158 1453 41 20 Har
213 1453 122 26 klagandens
350 1453 49 20 eller
408 1453 133 25 borgenärens
552 1453 87 27 anspräk
651 1453 64 20 blifvit
727 1454 101 25 godkändt
838 1460 73 19 genom
