1059 1714
224 130 28 21 38
400 130 82 22 Ständ.
498 130 38 23 Sv.
551 144 28 2 —
594 131 73 27 Prop.
682 131 43 22 N:o
740 131 22 21 8.

64 272 89 16 Stämpelaf-

57 296 103 16 gift
96 286 25 31 för
125 296 35 16 dom-

80 319 60 15 stolars,
242 310 74 22 finskt
335 310 43 22 och
393 310 73 29 ryskt,
483 310 100 22 däckadt
864 315 31 19 i-|
932 314 27 23 31

72 336 74 39 olenillan
276 361 12 11 ”
352 362 11 9 m
423 362 11 8 oo»
483 345 114 22 odäckadt|
635 358 27 3 —
680 342 32 20 |
732 358 27 3 —
776 360 28 2 —-!
824 358 73 3 ——|
933 348 55 19 1/—

68 365 84 16 mynäighe-
423 368 3 4 ?

59 389 31 11 ters
99 388 24 12 och
132 391 29 9 em-
242 378 143 23 främmande
400 379 68 21 lands
484 397 4 4 .
506 396 90 5 .....
605 381 1 28 |
636 393 26 3 —
684 392 27 3 i!
732 394 164 2 —-i-J——]
932 383 57 19 5—

59 410 83 39 Pan
164 415 7 31 |
229 414 19 28 b)
272 414 37 22 för
331 413 63 21 inom
416 413 102 22 Finland
541 410 65 26 elleri
864 408 2 36 |

243 448 38 22 till
302 448 119 28 Ryssland
443 448 89 28 gäende
552 448 45 22 far-
772 478 2 3 |
864 445 1 5 |

242 484 53 27 tyg:
864 486 2 23 i
992 494 1 7 |

242 516 100 22 dackadb
356 533 4 4 o
379 533 67 5 kas;
464 533 132 6 sera
824 520 42 23 —i
934 520 9 19 1

242 550 116 23 odäekadt
381 567 68 6 0...
466 544 130 42 0.0.00.
864 548 30 20 i—|
920 544 16 43 —
962 554 27 19 (50

185 585 127 28 Patentbref
322 585 14 21 ä
350 585 140 28 uppfinning
507 602 89 5 .....
824 589 28 19 20

185 619 154 28 Pensionsbref
350 620 14 20 &
378 620 98 27 pension
492 619 56 22 eller
562 621 34 21 år-

213 654 45 28 ligt
284 653 128 22 understöd
434 654 26 21 af
481 654 116 22 allmänna

213 684 86 38 medel:
680 694 1 12 |

216 726 32 19 1:0
268 723 14 22 &
296 722 116 23 ordinarie
427 723 98 28 pension
541 723 65 22 ellerj
679 728 2 7 |
957 723 36 25 ||

227 757 99 30 pension
341 758 24 21 ät
380 757 50 27 den,
445 757 95 22 hvilken
550 757 46 22 för-

228 791 192 30 fattningsenligt
440 795 24 18 är
484 791 38 22 till
542 799 55 22 pen-

228 827 82 22 sionen
333 826 136 28 berättigad,
485 829 42 19 när
542 834 55 21 pen-
772 827 2 11 i
865 829 1 29 |

228 861 82 22 sionen
326 860 138 29 öfverstiger
480 863 40 20 200
531 861 66 21 mark

228 902 37 15 om
280 895 56 28 året,
352 896 27 27 !/,
394 897 97 26 procent
506 894 26 23 af
544 895 52 22 dess

228 929 92 30 belopp.

214 968 35 20 2:0
264 965 14 21 å
293 966 65 20 extra
374 963 114 23 ordinarie
498 964 98 29 pension
957 981 2 12 |

228 1000 57 21 eller
294 999 70 29 ärligt
374 998 126 22 understöd
511 999 25 21 ät
546 998 50 25 den,

228 1034 96 22 hvilken
340 1034 51 21 icke
402 1032 194 30 författningsen-

227 1068 45 29 ligt
287 1071 25 18 är
327 1068 37 21 till
379 1068 128 28 pensionen
522 1068 75 22 berät-

226 1102 75 28 tigad:
362 1117 2 3 :
771 1116 2 15 |

228 1137 21 28 a)
265 1136 29 22 dä
308 1137 129 27 pensionen
448 1137 55 21 eller
513 1137 83 21 under-

242 1171 76 21 stödet
326 1170 140 29 öfverstiger
474 1174 41 19 200
523 1170 73 28 mark,

241 1212 53 14 men
310 1204 51 22 icke
376 1206 91 28 uppgär
482 1205 38 21 till
533 1208 63 23 2,000

240 1239 67 22 mark
329 1246 38 14 om
389 1240 55 27 äret,
468 1243 13 18 4
500 1241 97 27 procent
679 1248 1 7 |
771 1249 2 18 |

241 1272 26 22 af
279 1273 53 21 dess
347 1272 91 28 belopp.
771 1276 2 5 |

227 1307 21 28 db)
264 1306 30 22 dä
306 1306 128 30 pensionen
444 1306 58 22 eller
512 1306 83 22 under-

241 1341 77 23 stödet
332 1342 90 28 uppgär
437 1342 39 21 till
491 1341 57 22 eller
563 1341 33 22 öf-

240 1377 116 28 verstiger
381 1379 63 24 2,000
471 1376 66 22 mark
559 1383 37 15 om

240 1411 56 28 äret,
312 1414 12 20 8
340 1413 97 28 procent
452 1411 26 22 af
490 1411 52 22 dess
558 1411 38 22 be-

240 1445 61 30 lopp.
