1045 1723
214 140 28 21 50
518 140 45 23 N:o
582 141 21 22 8.

259 253 34 22 för
307 260 27 15 en
349 253 68 22 insats
429 253 22 22 af
460 255 41 20 200
511 253 61 21 mark
583 253 50 22 eller
644 252 113 27 derunder,
768 251 48 22 med

275 306 11 9 »
318 305 10 10 n»
375 305 10 9 =»
427 288 23 22 af
462 294 45 16 mer
522 289 27 20 än
565 289 42 20 200
621 287 62 22 mark
697 293 49 16 men
756 287 18 27 ej
786 286 31 22 öf-

287 323 137 28 verstigande
439 324 41 21 400
495 323 67 26 mark,
578 322 61 22 med.

258 358 34 22 för
315 365 26 15 en
363 358 69 22 insats
454 357 58 22 öfver
534 358 42 21 400
590 357 62 22 mark
666 357 33 22 till
715 339 39 39 och
768 338 48 40 med

288 394 42 21 600
345 393 67 26 mark,
427 393 69 22 med
485 389 15 37 .

260 435 19 15 o.
294 435 17 15 s.
327 434 19 16 v.
362 428 66 27 enligt
443 434 81 15 samma
538 405 206 54 beräkningsgrund.

288 462 204 29 Depositionsbevis,
512 468 45 16 som
575 461 33 22 för
626 461 107 22 vinnande
748 461 24 22 af
784 461 32 22 in-

259 497 102 28 teckning
379 497 51 22 eller
448 497 110 27 betalning
575 496 79 22 företes
669 496 39 22 hos
724 495 92 22 domstol

260 533 52 21 eller
327 532 104 22 exekutor
440 531 40 22 bör
491 532 53 21 dock
555 537 52 16 vara
617 531 118 28 stämpladt
745 531 70 21 säsom

259 567 8 22 i
282 567 113 22 enahanda
417 566 100 23 afseende
538 565 34 22 för
594 565 139 28 förskrifning
747 565 68 22 finnes

260 601 108 28 stadgadt.

202 635 217 28 Fideikommissbref
430 636 103 27 stämplas
549 637 71 21 säsom
635 635 142 22 Testamente.

202 670 135 26 Fraktsedel,
353 676 23 16 se
390 671 178 21 Konnässement.

203 704 122 26 Frakislut,
341 711 24 15 se
379 704 129 28 Certeparti.

202 739 113 22 Fullmakt
334 739 32 22 till
383 741 60 26 post-
458 739 39 23 och
509 739 257 28 jernvägsförsändelsers
781 740 35 21 ut-

231 774 94 28 tagande
335 776 56 20 samt
402 775 34 21 att
446 775 13 21 ä
468 774 144 22 landtränteri
623 774 51 21 eller
684 773 48 22 från
743 780 72 15 annan

230 808 65 22 kassa
309 808 54 28 lyfta
372 808 36 22 lön
419 810 55 20 samt
484 808 58 22 läne-
554 808 39 22 och
603 808 68 22 andra
681 808 69 22 medel
768 808 34 26 fri

203 843 286 29 Förmyndareredovisning
501 844 67 27 jemte
582 843 95 28 bilagor.
709 860 4 4 .
744 860 5 4 .
764 842 52 29 fria

202 878 117 29 Förnyelse
343 878 30 27 af
386 878 137 29 försäkring,
546 879 58 22 bevis
627 879 79 26 derom,
725 884 24 15 se
763 877 52 22 För-

231 913 151 28 säkringsbref.

202 948 92 26 Förord,
309 954 24 16 se
347 943 217 33 Äktenskapsförord.

202 983 164 28 Förskrifning,
377 983 121 22 skuldsedel
508 983 51 22 eller
567 984 67 21 annat
642 982 173 27 fordringsbevis,

231 1017 27 22 då
280 1017 67 22 sådan
366 1017 102 28 handling
485 1017 33 22 för
536 1017 107 22 vinnande
658 1016 23 22 af
693 1017 124 27 inteckning

231 1052 51 22 eller
297 1051 110 28 betalning
422 1052 39 22 hos
476 1052 92 22 domstol
584 1051 51 22 eller
648 1051 103 22 exekutor
760 1051 56 22 före-

231 1088 40 25 tes,
287 1087 78 27 drager
379 1087 91 27 stämpel
485 1086 53 22 efter
553 1086 193 28 kapitalbeloppet:

258 1121 34 21 till
307 1121 40 22 och
361 1121 48 22 med
425 1122 41 21 200
480 1121 84 22 mark
556 1117 19 37 .
595 1137 5 5 .
631 1137 4 4 .

260 1155 123 22 derutöfver
397 1155 33 22 för
445 1155 73 28 hvarje
532 1155 53 22 fulla
600 1156 41 21 200
657 1137 61 40 mark
734 1137 32 39 till
774 1137 41 40 och

287 1190 49 21 med
352 1191 61 26 1,000
428 1190 61 21 mark
526 1207 4 5 .
561 1207 5 4 .

259 1224 85 22 utöfver
361 1225 60 26 1,000
436 1225 67 26 mark,
513 1224 35 22 för
556 1206 81 45 hvarje”
639 1206 53 39 fulla
703 1206 41 39 100
754 1206 61 39 mark

259 1259 23 20 af
290 1259 49 20 hela
349 1259 36 20 det
396 1259 167 26 kapitalbelopp,
574 1259 67 20 hvarå
648 1258 166 27 förskrifningen

258 1292 61 27 lyder
346 1308 5 5 .
382 1308 5 4 .

287 1322 79 36 Derest
378 1304 136 54 afbetalning
525 1309 17 38 åa
556 1308 106 45 kapitalet
667 1308 76 39 förut
750 1304 64 53 skett,

258 1361 108 22 beräknas
384 1360 194 28 stämpelbeloppet
596 1361 77 21 endast
691 1360 54 23 efter
758 1360 57 22 hvad

258 1396 8 21 i
280 1395 83 28 kapital
379 1395 99 23 återstår.

288 1431 41 21 Vid
343 1430 121 28 bevakning
478 1430 8 22 i
499 1431 96 22 konkurs
606 1430 51 22 eller
668 1431 147 27 årsproklama

260 1466 78 28 drager
351 1466 139 28 förskrifning
505 1466 92 28 stämpel
774 1482 40 6 n

905 251 28 22 10

902 1189 29 21 20]

902 1291 28 21 20]

902 1465 27 21 25
