1059 1714
224 127 27 21 14
391 125 81 23 Ständ.
489 126 38 23 Sv.
545 141 21 2 —
584 127 73 26 Prop.
673 126 42 23 N:o
729 127 21 21 4.

194 192 69 26 sökes,
278 192 100 21 befordra
393 192 42 21 den
450 192 32 21 till
496 192 166 27 verkställighet,
679 198 33 15 om
728 192 41 21 den
784 192 104 22 vinnande
899 193 50 20 stäl-

194 225 31 21 ler
249 228 52 25 pant
323 226 54 21 eller
398 226 80 27 borgen
500 226 33 21 för
547 227 86 26 godsets
649 226 129 27 återbäring;
794 227 64 26 gitter
873 226 41 21 han
930 227 18 26 ej

194 260 63 21 ställa
279 260 107 27 säkerhet,
405 260 65 22 varde
488 261 81 26 godset,
589 261 38 21 der
642 261 41 22 han
699 261 36 21 det
751 261 69 26 äskar,
836 261 23 21 af
872 263 79 20 utmät-

194 295 153 26 ningsmannen
361 295 88 27 belagdt
464 295 48 21 med
527 295 109 27 qvarstad.

263 329 62 22 Hvad
340 329 92 22 domstol
446 329 110 22 förordnat
571 336 34 15 om
621 331 100 26 qvarstad
737 331 39 21 och
787 329 162 28 skingringsför-

194 364 43 22 bud
259 365 35 21 må
315 365 40 21 ock
377 366 51 20 utan
448 365 75 20 hinder
541 364 23 22 af
577 365 49 21 förd
641 365 76 27 klagan
733 365 23 22 af
769 365 181 27 utmätningsman

193 399 133 22 verkställas.
352 399 45 27 Lag
411 405 82 16 samma
506 405 50 16 vare
572 405 34 16 om
622 400 49 21 dom
686 399 110 27 angående
812 399 136 27 tjenstehjons

194 433 97 27 flyttning
306 433 7 21 i
329 433 53 21 eller
397 439 26 15 ur
438 433 70 27 tjenst.

547 513 46 27 98.

263 571 55 20 Dom
333 571 7 20 i
355 571 50 21 tvist
421 577 34 15 om
470 571 123 27 hyresmans
608 570 99 28 flyttning
724 572 7 21 i
746 571 51 22 eller
811 577 26 15 ur
847 571 40 22 hus
897 571 52 21 eller

195 611 33 15 om
243 605 121 27 skyldighet
379 604 33 22 för
426 605 93 21 brukare
533 605 24 21 af
570 611 80 16 annans
663 605 48 27 jord
728 607 32 20 att
771 605 40 22 den
821 605 83 22 afträda
914 606 35 21 mä

194 639 23 21 af
237 641 178 25 utmätningsman
437 640 126 22 verkställas
585 641 51 20 utan
658 641 75 21 hinder
751 640 62 22 deraf
827 642 31 20 att
873 641 40 22 den
929 641 19 26 ej

194 675 74 20 vunnit
289 675 50 26 laga
360 674 63 25 kraft,
447 675 86 22 säframt
555 675 40 22 den
618 675 104 21 vinnande
741 675 74 22 ställer
831 678 50 24 pant
896 676 52 21 eller

193 708 80 28 borgen
293 709 34 21 för
346 709 37 21 det
398 708 135 28 skadeständ,
548 709 85 22 hvartill
649 709 41 22 han
705 709 42 22 kan
762 710 81 21 kännas
858 709 90 28 skyldig,

195 749 34 15 om
244 743 76 22 domen
336 743 84 22 ändras.

540 824 27 21 10
582 824 18 27 8.

262 877 30 26 Är
306 882 7 21 i
329 883 65 20 annat
408 881 43 22 mål
467 883 26 20 än
509 882 7 21 i
531 882 56 21 7—9
602 881 23 28 8$
641 883 83 20 nämnts
740 882 41 27 det,
797 882 88 22 hvarom
901 881 48 22 blif-

192 916 33 21 vit
240 916 80 25 dömdt,
335 917 76 21 sädant
426 917 32 20 att
472 917 195 27 ändringssökande
683 917 18 27 ej
716 917 77 21 varder
807 917 96 27 onyttigt,
914 922 34 16 om

195 951 75 22 domen
292 951 38 27 gär
352 951 7 21 i
382 951 127 26 fullbordan,
531 957 37 22 ege
589 951 167 27 öfverexekutor,
778 951 37 22 der
829 954 52 25 pant
897 951 52 22 eller

193 986 80 27 borgen
289 985 72 22 ställes
377 991 45 16 som
436 986 7 21 i
458 986 131 21 sistnämnda
603 985 101 27 paragraf
718 987 64 26 sagts,
798 986 107 27 förordna,
916 987 31 20 att

195 1020 75 21 domen
285 1020 35 21 må
335 1020 132 26 verkställas,
483 1020 55 22 ändå
552 1022 33 20 att
599 1021 90 26 ändring
704 1020 45 21 deri
764 1021 69 21 sökes.

543 1101 25 21 11
585 1101 18 26 S.

263 1158 61 21 Huru
339 1157 70 22 beslut
423 1158 7 21 i
445 1158 144 27 konkursmä!,
605 1157 24 22 sä
644 1158 39 21 ock
698 1158 49 21 dom
763 1158 7 21 i
785 1157 109 28 vexelmäl,
906 1158 41 27 mä,

194 1193 51 20 utan
260 1192 75 21 hinder
351 1192 23 21 af
382 1192 201 27 ändringssökande,
594 1192 137 27 verkställas
730 1188 9 36 ;
742 1193 74 20 derom
827 1192 55 27 gälle
892 1193 55 21 hvad

194 1227 101 22 särskildt
310 1229 24 18 är
350 1227 105 26 stadgadt.
472 1244 3 2 -

542 1306 25 20 12
583 1305 18 26 8.

261 1363 62 21 Hvad
338 1363 7 21 i
360 1363 56 21 2—6
431 1362 24 27 $$
470 1365 24 19 är
508 1362 99 28 stadgadt
623 1368 34 15 om
672 1363 65 21 sättet
747 1362 33 21 för
790 1362 157 22 verkställande

193 1397 23 22 af
236 1397 49 28 laga
303 1397 56 22 kraft
378 1397 81 27 egande
475 1397 54 27 dom,
545 1397 55 27 gälle
615 1397 40 21 ock
669 1403 34 15 om
718 1396 168 28 verkställighet,
902 1403 45 16 som

193 1431 51 28 följa
259 1432 34 22 mä
308 1433 63 21 innan
387 1432 76 21 domen
478 1432 75 21 vunnit
568 1433 48 26 laga
630 1431 63 22 kraft.
