1048 1723
216 146 28 20 64
389 144 83 23 Ständ.
488 145 38 23 Sv.
543 157 28 3 —
585 145 74 27 Prop.
674 145 42 22 N:o
731 145 21 21 4.

187 210 104 22 förvisadt
306 210 33 22 till
355 211 101 26 domstol;
473 212 26 21 då
513 211 35 22 må
564 211 116 27 ersättning
695 210 98 28 tilläggas
803 210 138 26 vederparten

187 244 34 22 för
242 245 52 21 hans
317 244 102 26 kostnad;
442 246 40 21 och
505 252 38 22 ege
562 245 55 22 ändå
632 245 124 27 domstolen,
772 247 39 19 när
826 244 64 22 målet
906 244 36 22 der

188 280 101 27 fullföljes
304 280 75 26 pröfva
394 280 55 21 hvad
465 280 118 27 ersättning
598 280 40 21 den
654 286 39 15 ene
708 281 76 25 parten
800 280 38 21 bör
853 279 33 22 till
901 279 41 21 den

188 315 66 21 andre
269 314 81 27 utgifva
365 314 33 22 för
413 314 118 23 kostnaden
547 315 39 21 hos
602 314 169 22 öfverexekutor.

541 412 47 27 28

258 475 10 21 I
282 475 68 22 andra
365 476 175 26 utsökningsmä!,
556 478 27 19 än
598 475 8 22 i
622 476 10 19 1
649 475 11 27 $
670 477 38 20 äro
718 475 98 27 nämnda,
827 475 117 22 bestämme

190 507 168 30 Ofverexekutor,
373 510 55 22 efter
442 511 23 26 ty
480 511 78 27 skäligt
572 509 73 27 finnes,
662 516 34 15 om
709 509 39 22 och
759 510 32 21 till
801 510 55 21 hvad
867 510 77 27 belopp

191 544 40 21 den
248 544 108 28 tappande
373 547 75 25 parten
463 545 39 21 bör
517 545 33 22 till
565 545 40 22 den
621 545 65 22 andre
701 545 63 29 gälda
779 545 117 27 ersättning
911 544 33 23 för

189 579 54 22 hans
258 579 92 22 kostnad
365 579 39 22 hos
420 579 170 22 öfverexekutor.

547 683 47 28 38

260 745 40 22 Vid
316 746 160 27 verkställighet
489 747 24 22 af
521 748 56 27 dom,
588 747 136 27 hvarigenom
734 747 212 27 betalningsskyldig-

190 781 37 21 het
242 780 68 22 blifvit
325 781 69 27 någon
409 781 69 28 älagd,
495 781 54 23 skall
563 782 71 22 tillika
648 783 85 26 uttagas
743 782 29 21 all
782 781 64 28 nödig
855 781 91 22 kostnad

191 815 33 22 för
238 816 153 27 utmätningen,
407 815 34 22 för
456 817 40 21 den
511 819 93 20 utmätta
620 817 140 28 egendomens
775 817 52 21 värd
843 817 39 21 och
897 817 48 21 dess

190 850 126 28 försäljning
331 850 57 27 eller,
405 851 37 21 der
457 852 88 22 utdömd
560 858 51 16 vara
625 852 65 27 tagits
705 852 7 22 i
727 853 50 26 mät,
792 851 155 23 fortskaffande

191 885 32 21 till
245 885 192 27 betalningsstället
456 888 55 20 samt
529 887 34 21 för
577 886 180 28 köpeskillingens
772 886 120 28 fördelning
907 886 39 22 och

191 926 70 16 annan
276 919 34 22 för
325 920 198 28 verkställighetens
538 922 132 22 slutförande
685 922 140 22 föreskrifven
840 921 81 27 ätgärd.

542 1026 47 27 48.

260 1087 121 23 Innehäller
404 1089 55 26 dom,
483 1096 44 15 som
550 1090 55 22 skall
624 1089 132 27 verkställas,
773 1089 76 21 sädant
864 1088 83 22 förord-

192 1122 76 27 nande,
288 1128 45 16 som
349 1123 6 21 i
371 1123 13 21 3
399 1123 48 27 kap.
463 1124 14 20 2
492 1123 11 27 $
518 1125 13 20 2
547 1124 39 22 och
601 1124 56 20 4—6
672 1124 120 27 punkterna
808 1122 139 28 omförmäits,

193 1157 64 21 varde
273 1156 40 23 ock
328 1157 35 21 vid
379 1158 185 28 verkställigheten
579 1158 119 22 kostnaden
714 1158 72 21 derför
800 1158 38 22 hos
849 1158 41 21 den
901 1159 46 26 tap-

191 1191 69 27 pande
275 1193 94 25 uttagen.

543 1289 13 21 5
567 1284 23 38 &.

259 1350 43 21 För
324 1356 70 16 annan
411 1350 167 29 verkställighet,
599 1354 26 20 än
646 1352 8 21 i
668 1352 13 21 3
698 1352 39 21 och
751 1352 15 21 4
781 1351 23 28 $$
820 1353 58 27 sagts
893 1354 55 20 samt

192 1384 70 22 nedan
280 1385 8 21 i
302 1385 14 21 2
331 1391 62 15 mom.
408 1388 93 24 nämnes,
517 1392 50 16 vare
583 1387 41 21 den
639 1388 106 26 tappande
762 1387 39 21 ock
816 1387 61 22 alltid
892 1387 57 27 skyl-

194 1420 35 26 dig
250 1421 32 20 att
303 1420 64 27 gälda
388 1420 130 26 kostnaden;
541 1421 54 22 dock
610 1421 34 21 mä
659 1422 68 21 denna
743 1422 19 28 ej
776 1423 92 27 uttagas,
884 1423 64 21 innan

194 1454 100 28 beloppet
308 1454 70 22 blifvit
393 1454 23 22 af
429 1455 163 23 öfverexekutor
608 1456 52 22 eller
675 1456 92 23 domstol
782 1457 113 23 bestämdt.
