1059 1720
313 148 82 24 Ständ.
412 150 37 22 Sv.
466 163 24 2 —
506 151 74 27 Prop.
596 151 41 22 N:o
652 150 20 22 4.
816 151 25 21 11

464 217 28 21 24
506 216 17 27 8.

186 267 11 21 I
213 268 91 26 utslaget
320 268 54 21 skall
389 257 235 37 fordringshandlingen
640 268 51 21 eller
707 269 40 20 den
764 268 34 21 del
806 268 66 26 deraf,

118 308 45 14 som
178 301 66 21 målet
258 304 66 24 rörer,
340 302 115 26 ordagrant
470 302 80 22 införas
565 302 51 21 eller
632 302 132 21 omedelbart
775 302 55 21 efter
839 303 33 20 ut-

117 336 69 26 slaget
201 335 119 23 afskrifvas.

465 400 27 20 25
508 399 17 27 8.

187 450 33 21 Då
236 449 42 23 fast
293 450 102 27 egendom
411 451 51 21 eller
477 451 69 27 fartyg
562 451 22 21 af
594 451 164 21 öfverexekutor
768 450 104 22 förklaras

120 486 84 25 utmätt,
220 485 93 27 iakttage
329 483 163 24 öfverexekutor
507 486 55 21 hvad
578 486 6 21 i
599 486 14 21 4
628 485 48 28 kap.
692 485 27 22 28
734 485 12 27 $
760 487 24 19 är
799 485 33 21 för
840 487 32 20 ut-

117 520 156 27 mätningsman
288 519 141 22 föreskrifvet.

448 618 14 20 3
478 619 62 24 Kap.

285 672 52 23 Om
355 671 212 28 verkställighet
585 671 31 23 af
630 671 74 23 dom.

473 732 45 27 18.

188 790 46 21 Har
255 797 49 14 man
326 791 13 21 å
358 790 31 22 sin
410 791 113 26 vederpart
539 789 101 22 domstols
656 790 48 27 laga
720 790 58 21 kraft
792 789 81 28 egande

120 825 48 21 dom
183 825 7 21 i
205 825 112 27 tvistemål,
332 825 40 22 och
386 825 76 22 varder
478 825 18 27 ej
512 825 76 21 domen
603 825 58 21 inom
676 825 46 21 deri
734 824 96 27 förelagd
842 825 31 20 tid

119 859 107 27 fullgjord,
242 860 68 26 gånge
326 860 39 21 den
381 861 51 19 utan
447 859 101 27 uppehåll
563 860 7 20 i
584 859 168 27 verkställighet.

188 894 11 20 I
213 894 73 21 hvilka
307 894 38 21 fall
366 893 160 27 verkställighet
548 893 35 21 må
604 894 36 20 ske
663 894 12 21 å
693 894 55 26 dom,
767 900 45 15 som
826 893 47 22 icke

120 928 74 22 vunnit
209 928 48 28 laga
271 928 64 27 kraft,
351 928 59 27 skiljs
430 929 2 21 i
448 928 69 22 7—11
533 927 29 27 $$.

188 963 61 21 Hvad
272 964 7 20 i
300 963 68 21 denna
386 963 34 27 lag
435 965 48 25 sägs
498 969 35 15 om
549 962 49 22 dom
612 963 8 21 i
635 962 113 28 tvistemål,
763 962 55 27 gälle
834 962 40 21 ock

120 1003 34 16 om
168 998 70 26 utslag
253 998 7 21 i
275 998 107 26 brottmål,
398 998 24 21 så
436 998 45 21 vidt
496 997 122 26 derigenom
633 1000 24 19 är
668 997 74 22 dömdt
753 1002 34 16 om
798 999 75 20 ersätt-

118 1033 52 27 ning
185 1032 51 22 elier
251 1034 71 25 annat,
338 1039 44 15 som
398 1032 22 22 åt
434 1032 70 28 någon
518 1031 55 23 skall
588 1031 108 29 fullgöras.

474 1096 47 28 28.

188 1148 186 27 Utmätningsman
390 1154 43 21 ege,
444 1150 51 20 utan
506 1148 173 22 öfverexekutors
690 1147 114 25 föreskrift,
812 1148 62 20 verk-

119 1183 63 21 ställa
197 1183 49 26 laga
260 1182 58 21 kraft
333 1183 80 26 egande
428 1183 58 21 dom:

190 1217 22 26 1)
228 1217 26 21 dä
272 1217 120 27 skyldighet
406 1218 32 20 att
452 1217 64 26 gälda
531 1217 117 27 penningar
662 1216 52 21 eller
728 1222 63 15 varor
805 1215 69 22 blifvit

120 1251 40 22 den
174 1252 107 27 tappande
296 1252 72 27 älagd;

189 1286 21 25 2)
227 1286 27 21 dä
273 1286 70 26 någon
361 1285 69 22 blifvit
444 1285 116 27 förpligtad
574 1286 33 20 att
621 1285 42 21 viss
678 1285 32 20 lös
725 1284 103 27 egendom
842 1284 33 21 till

120 1326 68 16 annan
204 1320 90 26 utgifva;

188 1353 23 28 3)
228 1354 26 20 dä
265 1354 119 20 domstolen
394 1354 110 20 förordnat
514 1354 109 25 angäende
633 1352 101 26 gvarstad
744 1352 52 20 eller
804 1352 70 26 sking-

119 1386 145 28 ringsförbud;

188 1421 24 27 4)
228 1421 26 21 dä
270 1420 74 23 dömdt
358 1423 23 19 är
396 1421 7 21 i
418 1420 60 28 fräga
492 1427 34 15 om
541 1420 139 28 tjenstehjons
695 1419 99 27 flyttning
804 1419 8 21 i
823 1418 52 22 eller

120 1462 25 15 ur
160 1456 74 27 tjenst;
