1031 1717
312 146 29 23 U.
356 147 27 22 B.
402 160 23 2 —
441 148 73 28 Prop.
530 149 45 22 N:o
590 149 22 22 2.
781 151 25 20 27

292 222 71 20 mans,
377 216 79 22 skola
466 217 96 27 afgifter,
574 225 48 13 som
633 218 54 27 efter
696 218 71 22 röktal
776 219 59 27 utgå,

292 249 132 22 debiteras
446 251 70 27 efter
539 252 162 27 lägenheternas
719 259 114 15 samman-

293 284 64 26 lagda
366 284 105 27 skattetal,
486 285 121 21 sålunda
622 288 38 18 att
671 286 99 28 hvarje
781 287 52 27 tju-

290 318 357 27 gufem-etthundradedels
668 320 118 27 mantal,
805 320 31 21 sä

292 352 43 20 ock
355 353 179 27 mantalsdel,
547 360 53 14 som
614 354 53 21 icke
682 354 99 28 uppgår
795 354 41 21 till

291 386 72 21 detta
375 386 100 28 belopp,
486 394 63 14 anses
558 388 72 20 säsom
640 395 27 14 en
677 388 157 27 hemmansrök,

291 420 52 21 dock
357 422 33 19 att
403 420 50 28 flere
466 422 64 20 rökar
544 422 20 28 ej
577 422 38 20 mä
630 422 105 21 beräknas
748 424 31 19 än
791 430 42 14 an-

293 455 52 20 talet
360 455 127 27 lägenheter.

359 489 93 21 Besttter
467 490 39 21 och
520 490 80 21 brukar
611 490 73 28 någon
696 490 54 28 flera
763 491 71 27 lägen-

292 523 63 27 heter,
373 530 47 14 som
435 524 53 21 höra
503 524 35 21 till
552 531 86 14 samma
652 525 182 21 hemmansnum-

291 564 52 20 mer,
359 564 64 15 anses
438 558 24 21 de
476 558 72 22 säsöm
562 566 27 14 en
605 559 42 21 rök.

359 592 45 20 För
420 592 101 28 lägenhet,
537 600 46 14 som
596 593 68 27 enligt
674 594 28 20 12
712 594 15 27 $
736 593 97 28 åtnjuter

291 625 110 28 frihetsär,
422 627 96 27 erläggas
540 627 44 21 icke
606 627 90 27 afgifter
713 627 72 21 såsom
799 627 36 28 för

291 660 94 20 särskild
399 660 43 21 rök.

529 798 31 20 35
575 798 19 26 $.

359 870 77 34 Årliga
451 876 101 28 afgälden
567 877 53 27 från
632 878 84 27 parcell
726 877 106 28 uppdäres

291 910 28 28 af
325 911 145 27 kronofogden
480 911 37 21 vid
528 911 125 28 uppbörden
662 911 29 28 af
699 912 134 20 kronomedel

291 945 38 21 och
340 945 169 27 tillgodoräknas
520 946 163 27 innehafvaren
693 946 28 27 af
727 947 106 19 stommen

287 979 32 28 på
332 980 47 20 dess
388 980 182 27 kronoutskylder.
600 979 67 28 Utgår
677 980 102 28 afgälden
788 980 45 20 icke

290 1020 29 14 ur
333 1014 117 27 parcellen,
472 1021 49 14 vare
542 1016 107 19 stommen
663 1014 73 28 derför
750 1014 81 21 under-

287 1050 62 25 pant.

362 1078 130 32 Öfverstiger
506 1082 103 28 afgälden
623 1084 117 20 stommens
753 1082 78 22 krono-

291 1116 115 28 utskylder,
422 1117 65 21 varde
502 1117 135 27 öfverskottet
646 1117 187 27 stominnehafva-

291 1158 39 13 ren
346 1150 180 22 tillhandahållet.

358 1184 188 28 Innehafvare
574 1185 30 27 af
622 1186 209 26 stomlägenhet,

289 1218 68 28 från
370 1219 105 21 hvilken
490 1220 98 26 parcell
598 1219 189 27 härförinnan
796 1219 37 27 af-

289 1253 143 27 söndrats,
455 1260 42 20 ege
512 1253 68 27 sjelf
591 1253 126 27 uppbära
731 1254 50 20 den
795 1254 38 20 år-

291 1287 56 27 liga
370 1287 130 27 afgälden
523 1288 64 26 från
611 1288 138 26 parcellen
769 1288 64 20 eller

291 1321 53 21 låta
364 1322 158 26 densamma,
544 1322 45 20 der
610 1322 47 20 den
676 1323 29 19 är
719 1321 114 21 endast
820 1317 17 35 i

287 1355 153 27 penningar
471 1355 97 26 utfäst,
599 1355 31 26 af
655 1355 178 27 kronofogden

289 1388 147 27 uppbäras;
452 1395 58 14 men
525 1388 98 21 brister
637 1388 196 27 stominnehaf-

290 1429 80 14 varen
391 1422 10 20 i
422 1422 160 28 utgörandet
596 1423 29 27 af
639 1422 63 21 sina
716 1422 116 28 utlagor,

289 1457 42 21 må
353 1457 46 21 den
421 1457 99 27 afgäld,
540 1464 54 14 som
616 1457 42 27 för
671 1457 49 21 den
735 1457 96 27 afsön-

155 1496 46 23 Lag-
214 1497 32 17 och
258 1496 180 19 Ekonomiutskottets
450 1496 109 19 betänkande
571 1498 36 16 N:o
619 1497 15 18 1.
