1025 1723
126 1148 32 22 83

199 147 27 19 46
396 146 28 22 U.
440 146 28 22 B.
485 159 25 3 —
525 147 75 27 Prop.
615 146 42 22 N:o
672 147 24 21 4.

171 212 103 28 förslaget
288 213 134 28 konseqvent
437 213 104 21 fasthållit
561 213 148 28 grundsatsen,
724 216 31 18 att
770 214 75 21 endast
861 214 64 21 verk-

171 246 30 28 lig
215 248 95 26 panträtt
325 247 115 28 berättigar
455 247 32 21 till
502 247 109 28 betalning
625 255 25 13 ur
664 247 119 28 tillgångar,
794 255 44 13 som
850 248 73 21 blifvit

171 281 34 21 för
221 288 80 14 annans
316 281 87 21 fordran
419 284 96 24 utmätta,
527 282 41 21 och
583 284 31 18 att
628 282 134 28 följaktligen
777 282 147 28 fordringsan-

171 316 70 28 språk,
257 323 44 14 som
317 316 39 21 har
370 316 76 22 endast
460 316 138 22 förmånsrätt
613 316 32 22 till
655 316 109 29 betalning
775 316 36 22 vid
822 317 103 26 konkurs,

171 350 68 22 under
253 351 120 27 utmätning
387 351 48 21 icke
450 351 43 21 kan
508 353 62 26 göras
585 351 98 28 gällande
699 351 48 21 med
762 351 83 21 mindre
859 359 65 21 egen-

171 384 77 22 domen
263 385 68 21 tillika
348 385 71 21 blifvit
433 386 35 20 för
483 385 76 22 sådant
574 385 92 29 anspråk
681 388 82 19 utmätt.
791 386 133 28 Stadgandet

172 421 23 19 är
210 419 89 21 sålunda
314 419 79 28 egnadt
412 423 31 18 att
458 420 35 21 för
513 428 26 13 en
555 420 81 21 mindre
651 420 117 29 lagkunnig
783 422 143 27 utmätnings-

171 461 48 14 man
234 454 122 28 tydliggöra
370 457 133 25 panträttens
518 454 103 22 innebörd
637 455 41 21 och
692 457 92 26 gränsen
795 455 89 22 emellan
898 463 26 13 en

172 488 67 21 sådan
253 491 44 18 rätt
311 489 41 21 och
367 488 164 22 förmånsrätten
547 490 20 27 ($
583 490 26 21 20
625 489 256 28 förmånsrättsförordn.).

240 627 32 21 Af
294 627 36 22 det
346 627 90 22 anförda
451 628 61 21 torde
526 628 206 28 hufvudgrunderna
748 629 7 20 i
770 628 27 21 de
813 628 112 29 förelagda

173 661 131 22 omfattande
329 662 144 29 lagförslagen
497 663 48 21 med
571 663 125 28 erforderlig
715 663 106 29 tydlighet
836 663 89 29 framgå.

171 697 48 22 Vid
240 697 42 21 den
303 697 137 28 granskning,
459 705 46 14 som
527 701 74 25 egnats
624 697 62 22 dessa
708 698 100 28 grunder,
830 698 38 21 har
882 698 44 22 Ut-

173 731 80 21 skottet
275 735 70 18 ansett
368 731 47 22 dem
434 732 111 21 äfvensom
561 733 26 20 de
601 734 61 19 flesta
677 733 41 20 och
732 733 153 28 väsentligaste
901 733 24 21 af

173 765 26 22 de
222 766 230 28 detaljbestämningar,
474 767 59 21 hvari
549 767 108 21 desamma
672 767 128 26 utvecklats,
814 767 73 21 kunna
901 767 25 22 af

173 800 118 21 Ständerna
315 800 132 28 godkännas.
481 801 138 21 Beträffande
644 801 66 28 några
732 801 94 28 detaljer,
851 801 74 22 hvilka

172 834 48 21 icke
235 834 34 21 stå
283 835 7 20 i
307 834 37 21 det
359 835 135 21 omedelbara
510 835 39 22 och
565 835 137 29 nödvändiga
713 836 152 28 sammanhang
875 836 49 21 med

172 868 121 29 grunderna
308 872 31 18 att
355 869 26 21 de
397 869 47 21 med
460 870 63 21 dessa
539 870 51 21 böra
605 870 33 21 stå
653 870 52 21 eller
718 870 58 27 falla,
786 870 38 22 har
833 870 93 22 Utskot-

171 906 32 18 tet
218 903 62 26 dock,
295 903 70 21 såsom
381 904 66 21 ofvan
462 904 93 28 antydts,
569 904 72 22 funnit
657 904 45 22 skäl
717 905 33 21 till
760 905 167 29 anmärkningar

171 938 42 21 och
238 938 188 28 ändringsförslag,
450 938 74 22 hvilka
546 939 113 22 Utskottet
680 947 30 13 nu
724 939 39 28 går
779 942 36 24 att,
830 940 96 28 följande

171 972 157 28 stadgandenas
345 972 162 30 ordningsföljd,
521 973 123 21 framställa.

503 1084 11 20 1
530 1083 69 21 KAP.

239 1144 48 21 Den
298 1146 7 19 i
317 1146 12 20 3
341 1146 12 26 8
364 1144 175 22 förekommande
550 1146 161 28 bestämningen
727 1148 31 18 att
767 1146 107 28 Kejsaren
885 1146 40 22 och

173 1178 143 22 Storfurstens
335 1179 238 28 befallningshafvande
589 1180 7 20 i
611 1180 58 20 vissa
683 1180 39 20 fall
738 1180 60 26 skall,
813 1180 65 21 äfven
894 1180 32 21 ef-

172 1216 33 18 ter
228 1213 36 21 det
287 1213 190 29 utsökningslagen
500 1214 57 20 trädt
572 1215 7 19 i
593 1214 99 28 gällande
708 1214 64 27 kraft,
787 1222 51 14 vara
853 1214 73 22 öfver-

172 1248 103 20 exekutor
301 1248 79 26 jemväl
404 1248 34 20 för
465 1248 47 20 stad
531 1248 41 20 och
586 1249 137 25 magistraten
738 1250 189 25 utmätningsman,

171 1288 62 13 anser
247 1280 114 22 Utskottet
376 1280 35 21 väl
426 1288 51 14 vara
492 1280 23 21 af
529 1280 103 22 behofvet
647 1281 107 27 påkallad.
783 1282 34 27 Ty
831 1282 94 21 förutom

171 1317 32 18 att
227 1314 36 21 det
289 1314 35 21 för
351 1322 26 13 en
392 1314 31 21 tid
439 1314 78 22 framåt
531 1314 72 22 kunde
618 1314 68 23 blifva
701 1315 73 21 alltför
789 1316 138 28 betungande

171 1348 34 22 för
230 1350 58 20 vissa
311 1348 81 22 mindre
408 1349 72 21 städer
502 1352 31 18 att
548 1349 69 21 aflöna
633 1349 89 22 särskild
739 1350 131 28 stadsfogde,
885 1350 39 22 hos

171 1383 86 22 hvilken
280 1384 127 28 tjensteman
431 1384 114 21 framdeles
561 1384 67 21 måste
643 1384 125 22 förutsättas
784 1385 66 28 högre
865 1385 61 21 kom-

171 1418 146 29 petensvilkor
332 1420 27 19 än
374 1418 34 21 för
423 1418 133 22 närvarande
572 1418 112 28 erfordras,
695 1419 73 22 kunna
777 1420 40 21 ock
825 1420 99 28 möjligen

171 1453 66 22 andra
262 1452 181 29 omständigheter
467 1453 99 22 stundom
590 1454 56 22 vålla
661 1454 109 29 svårighet
786 1457 31 19 att
831 1454 94 22 omedel-

239 1493 131 23 Lagutskottets
382 1493 110 18 betänkande
505 1496 34 16 N:o
552 1494 17 18 5.
