1025 1720
420 125 44 24 N:o
484 127 21 21 4.
783 122 26 21 55

83 192 51 22 stad
150 192 58 22 öfver
224 194 33 20 tre
272 192 103 22 mänader
389 192 48 22 frän
452 192 149 27 mottagandet
616 191 23 22 af
653 191 25 22 de
694 192 7 20 i
717 192 12 21 3
745 192 50 26 kap.
812 192 25 20 21

81 226 42 22 och
139 228 27 20 22
182 227 26 27 $$
224 227 94 21 nämnda
333 227 134 27 handlingar.

434 302 26 20 24
476 301 19 27 8.

153 346 139 22 Försummar
309 346 108 28 borgenär
432 348 32 20 att
480 353 26 15 ur
520 348 82 20 utmätt
616 346 104 27 egendom
737 347 52 26 taga
803 346 37 21 be-

84 380 90 27 talning,
197 380 62 22 hafve
278 380 17 28 ej
312 382 46 20 rätt
373 381 32 21 till
420 382 65 20 ränta
499 380 48 22 frän
563 380 41 22 den
620 380 37 27 tid,
674 380 37 22 det
726 380 22 22 af
761 380 79 22 honom

84 414 73 22 berott
177 416 33 19 att
226 415 110 27 betalning
352 416 67 27 njuta,
437 416 37 21 der
489 416 18 27 ej
523 416 28 27 pä
566 416 70 26 grund
652 415 23 21 af
689 414 129 28 stadgandet
833 414 7 21 i

86 450 25 21 19
128 449 12 28 &
156 449 67 22 sådan
240 451 64 20 ränta
319 450 36 21 mä
369 450 78 21 honom
463 450 180 27 tillegodokomma.

153 483 47 22 Har
222 485 70 26 någon
315 484 43 21 fått
379 484 54 27 lyfta
454 484 228 27 köpeskillingsmedel,
698 484 66 21 innan
780 483 61 28 fråga

84 524 35 15 om
138 516 76 23 bättre
233 520 45 19 rätt
293 518 33 21 till
341 518 48 21 dem
404 519 69 21 blifvit
488 519 101 27 slutligen
604 518 97 27 pröfvad,
718 517 39 22 och
772 517 68 22 finnes

84 552 43 21 han
144 551 66 22 sedan
225 553 76 27 pligtig
318 554 33 20 att
366 553 37 22 det
417 553 81 28 lyftade
512 553 51 22 eller
578 553 71 27 någon
666 553 33 22 del
713 552 62 22 deraf
784 553 56 20 åter-

83 586 63 27 bära,
161 586 62 28 gälde
238 589 66 20 ränta
320 587 53 22 efter
389 594 36 15 sex
440 587 33 22 för
488 587 112 22 hundrade
616 593 34 16 om
665 588 53 21 året.

449 670 8 4 x

432 670 20 19 25
476 668 17 27 &.

154 713 112 22 Förhäller
289 714 184 27 utmätningsman
488 715 68 21 medel
570 715 34 21 för
618 714 179 28 fordringsegare,
814 714 27 21 dä

85 748 71 22 denne
172 755 48 21 eger
236 750 45 20 rätt
297 751 33 19 att
346 749 47 22 dem
408 749 47 22 utfä
471 749 38 22 och
524 750 32 21 till
572 750 62 21 deras
650 749 96 27 lyftande
761 749 32 27 sig
804 755 37 15 an-

85 783 74 27 mäler,
182 783 63 28 gälde
260 785 64 20 ränta
340 784 54 21 efter
409 791 36 15 sex
460 784 33 22 för
508 784 113 21 hundrade
636 789 34 16 om
687 784 46 21 äret
749 783 39 22 och
804 789 37 16 an-

84 824 64 16 svare
164 818 110 22 dessutom
288 818 34 21 för
338 819 135 28 tjenstefelet.

411 968 11 20 7
445 968 74 22 KAP.

86 1038 39 20 Om
141 1037 104 27 gvarstad,
262 1038 203 27 skingringsförbud
480 1039 54 20 samt
549 1038 130 24 reseförbud,
691 1038 22 20 sä
724 1038 39 21 ock
773 1044 69 15 annan

175 1077 168 28 handräekning,
360 1085 45 14 som
420 1078 24 21 af
458 1078 160 21 öfverexekutor
632 1078 36 21 mä
682 1078 76 28 gifvas.

447 1148 8 20 1
473 1147 18 27 8.

156 1193 72 26 Begär
242 1194 107 27 borgenär
364 1194 39 21 hos
419 1194 169 25 öfverexekutor,
604 1193 32 21 till
652 1193 100 22 säkerhet
767 1193 33 21 för
810 1193 33 22 sin

87 1227 96 27 fordran,
200 1229 103 26 gvarstad
318 1229 14 20 &
347 1229 24 21 sä
386 1229 84 26 mycket
486 1228 23 21 af
520 1229 141 27 gäldenärens
676 1228 47 21 lösa
734 1228 109 27 egendom,

88 1268 46 15 som
156 1263 44 21 kan
222 1265 45 19 mot
290 1263 41 22 den
346 1263 89 22 fordran
445 1269 69 20 svara,
530 1263 51 21 eller
596 1262 64 21 äskar
675 1269 50 15 man
742 1262 103 27 gvarstad

89 1296 13 21 å
117 1297 54 21 visst
193 1296 60 28 gods,
276 1304 46 15 som
345 1304 72 15 annan
439 1297 90 22 innehar
548 1297 39 21 och
601 1296 88 22 hvartill
703 1302 51 16 man
769 1296 76 27 påstår

89 1330 73 23 bättre
177 1333 55 20 rätt:
248 1332 40 22 har
303 1333 111 21 sökanden
429 1333 89 21 företett
533 1332 113 22 sannolika
662 1332 47 21 skäl
719 1332 33 21 för
763 1338 82 14 samma

88 1364 89 22 fordran
200 1365 51 21 eller
273 1367 53 25 rätt,
350 1366 39 21 och
410 1366 88 27 pröfvar
520 1365 169 26 öfverexekutor,
707 1366 37 20 det
758 1364 47 22 fara
821 1366 24 20 är

90 1400 33 20 att
138 1400 77 27 godset
230 1400 24 21 af
266 1400 143 28 vederparten
424 1400 153 21 undanstickes
593 1399 51 22 eller
654 1398 114 27 förstöres;
779 1399 66 21 varde

90 1436 28 21 dä
134 1435 103 27 gvarstad
252 1435 97 28 beviljad.
