1023 1720
433 214 26 18 14
476 215 16 22 8.

150 264 99 19 Invänder
265 264 99 24 gäldenär,
379 267 29 17 att
423 264 39 20 han
476 264 66 20 blifvit
557 267 90 22 tvungen
664 264 47 19 eller
724 264 74 20 förledd
808 267 30 17 att

82 298 78 24 utgifva
175 298 37 19 den
225 298 101 24 handling,
337 298 61 19 hvarå
408 298 76 20 krafvet
496 298 93 25 grundas,
600 298 37 20 och
648 298 52 19 visar
712 298 38 19 han
765 305 73 13 sanno-

82 331 40 19 lika
145 332 43 19 skäl
209 332 30 20 för
253 332 162 26 invändningen;
432 332 60 20 varde
507 332 37 20 ock
559 332 60 20 målet
634 332 96 20 förvisadt
742 332 31 20 till
782 333 56 19 dom-

83 366 43 24 stol,
150 366 36 20 der
208 366 16 26 ej
240 366 120 25 gäldenären
378 367 118 19 försummat
510 369 30 17 att
555 366 84 26 tvånget
655 366 48 20 eller
717 366 121 20 förledandet

84 401 78 19 anmäla
177 401 37 19 och
228 401 95 25 kungöra,
339 400 67 21 såsom
420 402 7 19 i
444 403 24 19 15
486 403 10 23 8
513 402 87 24 stadgas.

433 478 25 19 15
476 479 17 23 8.

152 529 97 19 Anmälan
268 535 32 13 om
322 528 62 26 tvång
405 529 49 20 eller
468 529 112 20 förledande
595 529 50 20 skall
660 531 57 23 göras
734 529 32 19 vid
782 529 55 19 dom-

83 563 38 19 stol
136 563 49 19 eller
199 563 36 20 hos
251 563 152 20 öfverexekutor
417 564 54 19 inom
481 564 44 25 fyra
536 564 72 19 veckor
620 564 60 19 sedan
691 563 84 25 tvånget
786 570 50 18 upp-

82 597 62 20 hörde
168 597 46 20 eller
229 598 123 20 förledandet
367 598 86 26 skedde;
470 605 45 13 vare
531 598 36 20 ock
582 598 119 25 gäldenären
716 598 72 25 pligtig
802 599 35 23 att,

82 632 53 19 inom
155 632 41 18 lika
218 632 28 19 tid
267 632 49 20 efter
338 632 33 19 det
386 633 92 19 anmälan
494 633 85 25 gjordes,
595 632 40 19 låta
649 632 124 20 domstolens
789 632 48 19 eller

84 666 178 20 öfverexekutorns
277 666 55 20 bevis
348 666 67 19 derom
431 666 6 20 i
448 666 99 20 allmänna
558 666 127 25 tidningarna
694 666 80 20 införas.
790 666 46 20 För-

85 706 89 14 summas
190 700 61 26 något
266 700 20 20 af
300 700 52 20 hvad
368 700 84 20 sålunda
467 704 21 17 är
500 700 129 25 föreskrifvet,
640 707 35 19 ege
686 701 152 19 öfverexekutor

82 737 48 18 utan
149 735 72 19 hinder
242 735 20 19 af
283 735 129 25 invändning,
431 736 82 20 hvarom
534 736 6 19 i
557 736 26 20 14
599 736 10 24 $
627 738 60 22 sagts,
703 736 133 24 borgenärens

81 772 40 18 rätt
136 770 75 25 pröfva.

434 835 25 19 16
476 835 17 23 8.

152 885 39 20 Gör
205 885 96 24 gäldenär
316 887 41 18 mot
371 885 78 20 krafvet
464 887 61 18 annat
539 885 32 26 jäf,
587 887 24 18 än
627 891 28 13 nu
669 887 22 17 är
701 885 89 23 nämndt,
800 885 37 19 och

83 919 93 20 behöfver
190 919 34 19 det
240 919 93 25 styrkas;
349 919 25 20 då
390 919 50 20 skall
455 920 38 19 han
509 920 44 19 sina
567 920 54 19 bevis
637 922 70 23 genast
723 919 67 25 förete,
800 919 38 20 och

83 954 32 19 må
137 954 16 25 ej
176 953 62 20 andra
260 955 25 18 än
307 954 97 25 skriftliga
426 955 56 19 bevis
503 955 59 24 gälla.
593 954 72 20 Finner
687 954 151 19 öfverexekutor

81 988 63 25 jäfvet
158 988 106 25 grundadt,
278 994 46 14 vare
338 988 32 25 lag
386 995 43 13 som
444 989 6 19 i
467 989 25 19 13
509 990 10 23 $
537 990 60 24 sagts.

433 1065 24 19 17
475 1065 17 23 8.

152 1110 39 24 Äro
207 1115 16 25 ej
241 1114 75 21 sädana
332 1116 42 19 skäl
388 1116 31 19 för
430 1116 83 24 handen,
529 1118 29 18 att
574 1115 60 20 mälet
642 1116 34 19 bör
685 1116 66 19 säsom
760 1115 78 25 tvistigt

83 1149 83 19 förvisas
182 1149 29 20 till
227 1150 93 24 domstol,
335 1149 71 25 älägge
421 1150 152 20 öfverexekutor
588 1150 119 25 gäldenären
716 1149 122 25 betalnings-

84 1181 120 27 skyldighet,
219 1184 34 19 vid
268 1184 94 24 äfventyr
376 1184 20 19 af
410 1185 120 24 utmätning.

152 1218 92 20 Fordran,
266 1224 44 14 som
324 1218 64 25 enligt
403 1219 12 19 2
432 1220 10 22 &
458 1219 82 19 utsökes
556 1225 23 13 ur
594 1218 39 20 fast
649 1218 102 25 egendom,
760 1218 79 19 varde
828 1214 15 34 i

84 1253 23 23 ty
128 1252 35 18 fall
186 1252 30 19 till
239 1252 102 25 betalning
362 1252 59 20 derur
443 1252 103 25 faststäld;
573 1252 37 20 och
632 1253 90 19 förordne
737 1253 101 19 öfverexe-

84 1286 59 19 kutor
164 1286 68 24 tillika,
250 1288 29 17 att
294 1286 123 25 egendomen
433 1287 50 19 skall
498 1293 59 14 anses
573 1287 30 19 för
617 1287 38 19 den
671 1287 79 19 fordran
765 1288 74 18 utmätt

84 1320 37 19 och
136 1320 59 25 säljas
210 1320 7 19 i
232 1320 38 20 den
286 1320 90 25 ordning,
392 1326 42 14 som
450 1327 32 13 om
498 1323 74 18 utmätt
587 1321 40 19 fast
641 1321 97 24 egendom
752 1320 86 25 stadgas.

152 1354 42 19 Har
214 1354 100 25 gäldenär,
332 1360 44 13 som
388 1355 52 24 gjort
454 1355 125 24 invändning
594 1360 31 13 om
642 1354 62 25 tväng
718 1355 49 19 eller
781 1355 58 19 förle-

84 1387 70 25 dande,
177 1387 116 20 försummat
314 1390 29 18 att
364 1388 50 19 efter
435 1389 25 18 15
477 1389 11 23 8
504 1389 68 19 derom
587 1388 79 19 anmäla
681 1388 48 19 eller
742 1389 97 24 kungöra,

84 1422 38 20 kan
138 1421 158 26 öfverexekutor,
312 1428 32 14 om
360 1421 43 20 skäl
418 1422 135 26 förekommer,
569 1422 98 25 förordna,
675 1424 29 18 att
717 1423 122 25 borgenären

85 1457 52 20 skall
153 1456 59 20 ställa
227 1459 49 23 pant
291 1457 49 20 eller
353 1457 75 25 borgen
443 1457 29 19 för
487 1457 52 20 hvad
554 1457 39 20 han
608 1457 64 25 lyftar.
