<?xml version="1.0" encoding="UTF-8"?>
<alto xmlns="http://www.loc.gov/standards/alto/ns-v3#" xmlns:xlink="http://www.w3.org/1999/xlink" xmlns:xsi="http://www.w3.org/2001/XMLSchema-instance" xsi:schemaLocation="http://www.loc.gov/standards/alto/ns-v3# http://www.loc.gov/alto/v3/alto-3-0.xsd">
	<Description>
		<MeasurementUnit>pixel</MeasurementUnit>
		<sourceImageInformation>
			<fileName>/tmp/tess_phke3c4f_input.PNG</fileName>
		</sourceImageInformation>
		<OCRProcessing ID="OCR_0">
			<ocrProcessingStep>
				<processingSoftware>
					<softwareName>tesseract 5.3.4</softwareName>
				</processingSoftware>
			</ocrProcessingStep>
		</OCRProcessing>
	</Description>
	<Layout>
		<Page WIDTH="1056" HEIGHT="1717" PHYSICAL_IMG_NR="0" ID="page_0">
			<PrintSpace HPOS="0" VPOS="0" WIDTH="1056" HEIGHT="1717">
				<ComposedBlock ID="cblock_0" HPOS="352" VPOS="126" WIDTH="487" HEIGHT="30">
					<TextBlock ID="block_0" HPOS="352" VPOS="126" WIDTH="487" HEIGHT="30">
						<TextLine ID="line_0" HPOS="352" VPOS="126" WIDTH="487" HEIGHT="30">
							<String ID="string_0" HPOS="352" VPOS="126" WIDTH="24" HEIGHT="22" WC="0.91" CONTENT="U."/><SP WIDTH="16" VPOS="126" HPOS="376"/>
							<String ID="string_1" HPOS="392" VPOS="127" WIDTH="24" HEIGHT="21" WC="0.91" CONTENT="B."/><SP WIDTH="19" VPOS="127" HPOS="416"/>
							<String ID="string_2" HPOS="435" VPOS="140" WIDTH="21" HEIGHT="3" WC="0.93" CONTENT="—"/><SP WIDTH="19" VPOS="140" HPOS="456"/>
							<String ID="string_3" HPOS="475" VPOS="128" WIDTH="64" HEIGHT="28" WC="0.96" CONTENT="Prop."/><SP WIDTH="15" VPOS="128" HPOS="539"/>
							<String ID="string_4" HPOS="554" VPOS="128" WIDTH="38" HEIGHT="22" WC="0.96" CONTENT="N:o"/><SP WIDTH="15" VPOS="128" HPOS="592"/>
							<String ID="string_5" HPOS="607" VPOS="127" WIDTH="20" HEIGHT="23" WC="0.95" CONTENT="8."/><SP WIDTH="187" VPOS="127" HPOS="627"/>
							<String ID="string_6" HPOS="814" VPOS="131" WIDTH="25" HEIGHT="19" WC="0.96" CONTENT="65"/>
						</TextLine>
					</TextBlock>
				</ComposedBlock>
				<ComposedBlock ID="cblock_1" HPOS="110" VPOS="191" WIDTH="762" HEIGHT="1134">
					<TextBlock ID="block_1" HPOS="110" VPOS="191" WIDTH="762" HEIGHT="962">
						<TextLine ID="line_1" HPOS="113" VPOS="191" WIDTH="757" HEIGHT="30">
							<String ID="string_7" HPOS="113" VPOS="191" WIDTH="140" HEIGHT="29" WC="0.96" CONTENT="handlingar"/><SP WIDTH="16" VPOS="191" HPOS="253"/>
							<String ID="string_8" HPOS="269" VPOS="192" WIDTH="25" HEIGHT="21" WC="0.96" CONTENT="af"/><SP WIDTH="14" VPOS="192" HPOS="294"/>
							<String ID="string_9" HPOS="308" VPOS="200" WIDTH="85" HEIGHT="14" WC="0.93" CONTENT="samma"/><SP WIDTH="16" VPOS="200" HPOS="393"/>
							<String ID="string_10" HPOS="409" VPOS="193" WIDTH="166" HEIGHT="28" WC="0.96" CONTENT="beskaffenhet,"/><SP WIDTH="17" VPOS="193" HPOS="575"/>
							<String ID="string_11" HPOS="592" VPOS="194" WIDTH="41" HEIGHT="21" WC="0.95" CONTENT="har"/><SP WIDTH="15" VPOS="194" HPOS="633"/>
							<String ID="string_12" HPOS="648" VPOS="194" WIDTH="59" HEIGHT="22" WC="0.93" CONTENT="dock"/><SP WIDTH="16" VPOS="194" HPOS="707"/>
							<String ID="string_13" HPOS="723" VPOS="194" WIDTH="51" HEIGHT="22" WC="0.96" CONTENT="icke"/><SP WIDTH="11" VPOS="194" HPOS="774"/>
							<String ID="string_14" HPOS="785" VPOS="194" WIDTH="85" HEIGHT="22" WC="0.96" CONTENT="vunnit"/>
						</TextLine>
						<TextLine ID="line_2" HPOS="113" VPOS="226" WIDTH="756" HEIGHT="31">
							<String ID="string_15" HPOS="113" VPOS="226" WIDTH="277" HEIGHT="28" WC="0.83" CONTENT="Bevillningsutskottets"/><SP WIDTH="23" VPOS="226" HPOS="390"/>
							<String ID="string_16" HPOS="413" VPOS="228" WIDTH="176" HEIGHT="28" WC="0.93" CONTENT="godkännande,"/><SP WIDTH="32" VPOS="228" HPOS="589"/>
							<String ID="string_17" HPOS="621" VPOS="228" WIDTH="106" HEIGHT="21" WC="0.91" CONTENT="hvarföre"/><SP WIDTH="21" VPOS="228" HPOS="727"/>
							<String ID="string_18" HPOS="748" VPOS="228" WIDTH="47" HEIGHT="29" WC="0.96" CONTENT="jag,"/><SP WIDTH="25" VPOS="228" HPOS="795"/>
							<String ID="string_19" HPOS="820" VPOS="236" WIDTH="49" HEIGHT="14" WC="0.96" CONTENT="som"/>
						</TextLine>
						<TextLine ID="line_3" HPOS="112" VPOS="260" WIDTH="757" HEIGHT="30">
							<String ID="string_20" HPOS="112" VPOS="260" WIDTH="52" HEIGHT="21" WC="0.91" CONTENT="icke"/><SP WIDTH="23" VPOS="260" HPOS="164"/>
							<String ID="string_21" HPOS="187" VPOS="260" WIDTH="46" HEIGHT="22" WC="0.93" CONTENT="kan"/><SP WIDTH="23" VPOS="260" HPOS="233"/>
							<String ID="string_22" HPOS="256" VPOS="260" WIDTH="52" HEIGHT="22" WC="0.92" CONTENT="dela"/><SP WIDTH="22" VPOS="260" HPOS="308"/>
							<String ID="string_23" HPOS="330" VPOS="262" WIDTH="127" HEIGHT="21" WC="0.91" CONTENT="utskottets"/><SP WIDTH="24" VPOS="262" HPOS="457"/>
							<String ID="string_24" HPOS="481" VPOS="262" WIDTH="67" HEIGHT="28" WC="0.91" CONTENT="äsigt,"/><SP WIDTH="23" VPOS="262" HPOS="548"/>
							<String ID="string_25" HPOS="571" VPOS="264" WIDTH="35" HEIGHT="19" WC="0.93" CONTENT="att"/><SP WIDTH="21" VPOS="264" HPOS="606"/>
							<String ID="string_26" HPOS="627" VPOS="262" WIDTH="132" HEIGHT="21" WC="0.92" CONTENT="densamma"/><SP WIDTH="16" VPOS="262" HPOS="759"/>
							<String ID="string_27" HPOS="775" VPOS="263" WIDTH="8" HEIGHT="21" WC="0.95" CONTENT="i"/><SP WIDTH="15" VPOS="263" HPOS="783"/>
							<String ID="string_28" HPOS="798" VPOS="262" WIDTH="71" HEIGHT="28" WC="0.96" CONTENT="högre"/>
						</TextLine>
						<TextLine ID="line_4" HPOS="113" VPOS="294" WIDTH="756" HEIGHT="30">
							<String ID="string_29" HPOS="113" VPOS="294" WIDTH="57" HEIGHT="28" WC="0.95" CONTENT="grad"/><SP WIDTH="22" VPOS="294" HPOS="170"/>
							<String ID="string_30" HPOS="192" VPOS="298" WIDTH="29" HEIGHT="18" WC="0.92" CONTENT="än"/><SP WIDTH="23" VPOS="298" HPOS="221"/>
							<String ID="string_31" HPOS="244" VPOS="295" WIDTH="76" HEIGHT="28" WC="0.93" CONTENT="öfriga"/><SP WIDTH="22" VPOS="295" HPOS="320"/>
							<String ID="string_32" HPOS="342" VPOS="296" WIDTH="255" HEIGHT="28" WC="0.89" CONTENT="stämpelbevillningar"/><SP WIDTH="23" VPOS="296" HPOS="597"/>
							<String ID="string_33" HPOS="620" VPOS="297" WIDTH="75" HEIGHT="21" WC="0.93" CONTENT="skulle"/><SP WIDTH="16" VPOS="297" HPOS="695"/>
							<String ID="string_34" HPOS="711" VPOS="296" WIDTH="158" HEIGHT="22" WC="0.96" CONTENT="åstadkomma"/>
						</TextLine>
						<TextLine ID="line_5" HPOS="113" VPOS="328" WIDTH="756" HEIGHT="31">
							<String ID="string_35" HPOS="113" VPOS="328" WIDTH="124" HEIGHT="28" WC="0.92" CONTENT="olägenhet"/><SP WIDTH="15" VPOS="328" HPOS="237"/>
							<String ID="string_36" HPOS="252" VPOS="328" WIDTH="36" HEIGHT="22" WC="0.96" CONTENT="för"/><SP WIDTH="16" VPOS="328" HPOS="288"/>
							<String ID="string_37" HPOS="304" VPOS="329" WIDTH="44" HEIGHT="21" WC="0.96" CONTENT="den"/><SP WIDTH="16" VPOS="329" HPOS="348"/>
							<String ID="string_38" HPOS="364" VPOS="330" WIDTH="116" HEIGHT="22" WC="0.93" CONTENT="allmänna"/><SP WIDTH="15" VPOS="330" HPOS="480"/>
							<String ID="string_39" HPOS="495" VPOS="331" WIDTH="106" HEIGHT="26" WC="0.90" CONTENT="rörelsen,"/><SP WIDTH="20" VPOS="331" HPOS="601"/>
							<String ID="string_40" HPOS="621" VPOS="330" WIDTH="95" HEIGHT="22" WC="0.92" CONTENT="härmed"/><SP WIDTH="15" VPOS="330" HPOS="716"/>
							<String ID="string_41" HPOS="731" VPOS="330" WIDTH="89" HEIGHT="29" WC="0.92" CONTENT="nödgas"/><SP WIDTH="15" VPOS="330" HPOS="820"/>
							<String ID="string_42" HPOS="835" VPOS="338" WIDTH="34" HEIGHT="14" WC="0.92" CONTENT="re-"/>
						</TextLine>
						<TextLine ID="line_6" HPOS="113" VPOS="363" WIDTH="757" HEIGHT="30">
							<String ID="string_43" HPOS="113" VPOS="363" WIDTH="165" HEIGHT="21" WC="0.91" CONTENT="servationsvis"/><SP WIDTH="24" VPOS="363" HPOS="278"/>
							<String ID="string_44" HPOS="302" VPOS="364" WIDTH="74" HEIGHT="21" WC="0.92" CONTENT="uttala"/><SP WIDTH="19" VPOS="364" HPOS="376"/>
							<String ID="string_45" HPOS="395" VPOS="365" WIDTH="48" HEIGHT="21" WC="0.93" CONTENT="min"/><SP WIDTH="16" VPOS="365" HPOS="443"/>
							<String ID="string_46" HPOS="459" VPOS="365" WIDTH="136" HEIGHT="28" WC="0.93" CONTENT="skiljaktiga"/><SP WIDTH="15" VPOS="365" HPOS="595"/>
							<String ID="string_47" HPOS="610" VPOS="366" WIDTH="100" HEIGHT="27" WC="0.96" CONTENT="mening."/><SP WIDTH="30" VPOS="366" HPOS="710"/>
							<String ID="string_48" HPOS="740" VPOS="365" WIDTH="47" HEIGHT="28" WC="0.96" CONTENT="Jag"/><SP WIDTH="16" VPOS="365" HPOS="787"/>
							<String ID="string_49" HPOS="803" VPOS="373" WIDTH="67" HEIGHT="13" WC="0.96" CONTENT="anser"/>
						</TextLine>
						<TextLine ID="line_7" HPOS="113" VPOS="397" WIDTH="756" HEIGHT="30">
							<String ID="string_50" HPOS="113" VPOS="397" WIDTH="118" HEIGHT="28" WC="0.93" CONTENT="nämligen"/><SP WIDTH="16" VPOS="397" HPOS="231"/>
							<String ID="string_51" HPOS="247" VPOS="398" WIDTH="179" HEIGHT="28" WC="0.92" CONTENT="olägenheterna"/><SP WIDTH="15" VPOS="398" HPOS="426"/>
							<String ID="string_52" HPOS="441" VPOS="398" WIDTH="26" HEIGHT="22" WC="0.97" CONTENT="af"/><SP WIDTH="13" VPOS="398" HPOS="467"/>
							<String ID="string_53" HPOS="480" VPOS="399" WIDTH="45" HEIGHT="21" WC="0.96" CONTENT="den"/><SP WIDTH="14" VPOS="399" HPOS="525"/>
							<String ID="string_54" HPOS="539" VPOS="398" WIDTH="132" HEIGHT="29" WC="0.96" CONTENT="föreslagna"/><SP WIDTH="15" VPOS="398" HPOS="671"/>
							<String ID="string_55" HPOS="686" VPOS="399" WIDTH="183" HEIGHT="28" WC="0.94" CONTENT="beskattningen"/>
						</TextLine>
						<TextLine ID="line_8" HPOS="112" VPOS="431" WIDTH="757" HEIGHT="29">
							<String ID="string_56" HPOS="112" VPOS="432" WIDTH="8" HEIGHT="20" WC="0.93" CONTENT="i"/><SP WIDTH="16" VPOS="432" HPOS="120"/>
							<String ID="string_57" HPOS="136" VPOS="431" WIDTH="144" HEIGHT="22" WC="0.91" CONTENT="förhällande"/><SP WIDTH="16" VPOS="431" HPOS="280"/>
							<String ID="string_58" HPOS="296" VPOS="432" WIDTH="38" HEIGHT="22" WC="0.93" CONTENT="till"/><SP WIDTH="15" VPOS="432" HPOS="334"/>
							<String ID="string_59" HPOS="349" VPOS="432" WIDTH="131" HEIGHT="22" WC="0.93" CONTENT="fördelarna"/><SP WIDTH="15" VPOS="432" HPOS="480"/>
							<String ID="string_60" HPOS="495" VPOS="433" WIDTH="67" HEIGHT="21" WC="0.92" CONTENT="deraf"/><SP WIDTH="9" VPOS="433" HPOS="562"/>
							<String ID="string_61" HPOS="571" VPOS="441" WIDTH="54" HEIGHT="13" WC="0.93" CONTENT="vara"/><SP WIDTH="10" VPOS="441" HPOS="625"/>
							<String ID="string_62" HPOS="635" VPOS="433" WIDTH="167" HEIGHT="22" WC="0.92" CONTENT="försvinnande"/><SP WIDTH="12" VPOS="433" HPOS="802"/>
							<String ID="string_63" HPOS="814" VPOS="434" WIDTH="55" HEIGHT="26" WC="0.92" CONTENT="smä,"/>
						</TextLine>
						<TextLine ID="line_9" HPOS="112" VPOS="467" WIDTH="757" HEIGHT="29">
							<String ID="string_64" HPOS="112" VPOS="468" WIDTH="27" HEIGHT="26" WC="0.96" CONTENT="ty"/><SP WIDTH="15" VPOS="468" HPOS="139"/>
							<String ID="string_65" HPOS="154" VPOS="474" WIDTH="33" HEIGHT="14" WC="0.92" CONTENT="om"/><SP WIDTH="15" VPOS="474" HPOS="187"/>
							<String ID="string_66" HPOS="202" VPOS="467" WIDTH="70" HEIGHT="21" WC="0.96" CONTENT="också"/><SP WIDTH="16" VPOS="467" HPOS="272"/>
							<String ID="string_67" HPOS="288" VPOS="474" WIDTH="28" HEIGHT="14" WC="0.93" CONTENT="en"/><SP WIDTH="16" VPOS="474" HPOS="316"/>
							<String ID="string_68" HPOS="332" VPOS="468" WIDTH="199" HEIGHT="28" WC="0.87" CONTENT="stämpelkostnad"/><SP WIDTH="14" VPOS="468" HPOS="531"/>
							<String ID="string_69" HPOS="545" VPOS="468" WIDTH="26" HEIGHT="21" WC="0.96" CONTENT="af"/><SP WIDTH="14" VPOS="468" HPOS="571"/>
							<String ID="string_70" HPOS="585" VPOS="471" WIDTH="26" HEIGHT="19" WC="0.96" CONTENT="10"/><SP WIDTH="15" VPOS="471" HPOS="611"/>
							<String ID="string_71" HPOS="626" VPOS="468" WIDTH="70" HEIGHT="28" WC="0.96" CONTENT="penni"/><SP WIDTH="16" VPOS="468" HPOS="696"/>
							<String ID="string_72" HPOS="712" VPOS="468" WIDTH="37" HEIGHT="21" WC="0.93" CONTENT="för"/><SP WIDTH="15" VPOS="468" HPOS="749"/>
							<String ID="string_73" HPOS="764" VPOS="467" WIDTH="105" HEIGHT="22" WC="0.92" CONTENT="afsända-"/>
						</TextLine>
						<TextLine ID="line_10" HPOS="112" VPOS="501" WIDTH="757" HEIGHT="30">
							<String ID="string_74" HPOS="112" VPOS="508" WIDTH="53" HEIGHT="14" WC="0.91" CONTENT="rens"/><SP WIDTH="24" VPOS="508" HPOS="165"/>
							<String ID="string_75" HPOS="189" VPOS="501" WIDTH="117" HEIGHT="29" WC="0.91" CONTENT="exemplar"/><SP WIDTH="15" VPOS="501" HPOS="306"/>
							<String ID="string_76" HPOS="321" VPOS="502" WIDTH="26" HEIGHT="21" WC="0.93" CONTENT="af"/><SP WIDTH="13" VPOS="502" HPOS="347"/>
							<String ID="string_77" HPOS="360" VPOS="502" WIDTH="204" HEIGHT="22" WC="0.92" CONTENT="konnässementer"/><SP WIDTH="19" VPOS="502" HPOS="564"/>
							<String ID="string_78" HPOS="583" VPOS="502" WIDTH="42" HEIGHT="22" WC="0.93" CONTENT="och"/><SP WIDTH="15" VPOS="502" HPOS="625"/>
							<String ID="string_79" HPOS="640" VPOS="502" WIDTH="140" HEIGHT="22" WC="0.92" CONTENT="fraktsedlar"/><SP WIDTH="15" VPOS="502" HPOS="780"/>
							<String ID="string_80" HPOS="795" VPOS="502" WIDTH="74" HEIGHT="29" WC="0.92" CONTENT="möjli-"/>
						</TextLine>
						<TextLine ID="line_11" HPOS="113" VPOS="536" WIDTH="759" HEIGHT="30">
							<String ID="string_81" HPOS="113" VPOS="543" WIDTH="45" HEIGHT="21" WC="0.96" CONTENT="gen"/><SP WIDTH="26" VPOS="543" HPOS="158"/>
							<String ID="string_82" HPOS="184" VPOS="536" WIDTH="78" HEIGHT="21" WC="0.93" CONTENT="kunde"/><SP WIDTH="27" VPOS="536" HPOS="262"/>
							<String ID="string_83" HPOS="289" VPOS="536" WIDTH="89" HEIGHT="22" WC="0.96" CONTENT="kännas"/><SP WIDTH="27" VPOS="536" HPOS="378"/>
							<String ID="string_84" HPOS="405" VPOS="536" WIDTH="147" HEIGHT="30" WC="0.96" CONTENT="betungande"/><SP WIDTH="23" VPOS="536" HPOS="552"/>
							<String ID="string_85" HPOS="575" VPOS="537" WIDTH="40" HEIGHT="21" WC="0.93" CONTENT="vid"/><SP WIDTH="29" VPOS="537" HPOS="615"/>
							<String ID="string_86" HPOS="644" VPOS="536" WIDTH="180" HEIGHT="29" WC="0.90" CONTENT="försändningar"/><SP WIDTH="23" VPOS="536" HPOS="824"/>
							<String ID="string_87" HPOS="847" VPOS="536" WIDTH="25" HEIGHT="22" WC="0.97" CONTENT="af"/>
						</TextLine>
						<TextLine ID="line_12" HPOS="112" VPOS="570" WIDTH="755" HEIGHT="28">
							<String ID="string_88" HPOS="112" VPOS="570" WIDTH="90" HEIGHT="22" WC="0.96" CONTENT="mindre"/><SP WIDTH="22" VPOS="570" HPOS="202"/>
							<String ID="string_89" HPOS="224" VPOS="570" WIDTH="77" HEIGHT="28" WC="0.96" CONTENT="värde,"/><SP WIDTH="24" VPOS="570" HPOS="301"/>
							<String ID="string_90" HPOS="325" VPOS="572" WIDTH="25" HEIGHT="20" WC="0.96" CONTENT="sä"/><SP WIDTH="15" VPOS="572" HPOS="350"/>
							<String ID="string_91" HPOS="365" VPOS="571" WIDTH="41" HEIGHT="22" WC="0.96" CONTENT="bör"/><SP WIDTH="15" VPOS="571" HPOS="406"/>
							<String ID="string_92" HPOS="421" VPOS="571" WIDTH="59" HEIGHT="22" WC="0.93" CONTENT="dock"/><SP WIDTH="15" VPOS="571" HPOS="480"/>
							<String ID="string_93" HPOS="495" VPOS="572" WIDTH="14" HEIGHT="21" WC="0.93" CONTENT="&amp;"/><SP WIDTH="14" VPOS="572" HPOS="509"/>
							<String ID="string_94" HPOS="523" VPOS="571" WIDTH="72" HEIGHT="22" WC="0.96" CONTENT="andra"/><SP WIDTH="14" VPOS="571" HPOS="595"/>
							<String ID="string_95" HPOS="609" VPOS="572" WIDTH="66" HEIGHT="20" WC="0.96" CONTENT="sidan"/><SP WIDTH="16" VPOS="572" HPOS="675"/>
							<String ID="string_96" HPOS="691" VPOS="572" WIDTH="8" HEIGHT="20" WC="0.93" CONTENT="i"/><SP WIDTH="16" VPOS="572" HPOS="699"/>
							<String ID="string_97" HPOS="715" VPOS="571" WIDTH="152" HEIGHT="22" WC="0.91" CONTENT="betraktande"/>
						</TextLine>
						<TextLine ID="line_13" HPOS="113" VPOS="606" WIDTH="756" HEIGHT="27">
							<String ID="string_98" HPOS="113" VPOS="608" WIDTH="73" HEIGHT="25" WC="0.92" CONTENT="tagas,"/><SP WIDTH="16" VPOS="608" HPOS="186"/>
							<String ID="string_99" HPOS="202" VPOS="607" WIDTH="34" HEIGHT="20" WC="0.93" CONTENT="att"/><SP WIDTH="15" VPOS="607" HPOS="236"/>
							<String ID="string_100" HPOS="251" VPOS="606" WIDTH="13" HEIGHT="20" WC="0.93" CONTENT="ä"/><SP WIDTH="15" VPOS="606" HPOS="264"/>
							<String ID="string_101" HPOS="279" VPOS="613" WIDTH="87" HEIGHT="14" WC="0.93" CONTENT="samma"/><SP WIDTH="15" VPOS="613" HPOS="366"/>
							<String ID="string_102" HPOS="381" VPOS="606" WIDTH="178" HEIGHT="22" WC="0.92" CONTENT="konnässement"/><SP WIDTH="15" VPOS="606" HPOS="559"/>
							<String ID="string_103" HPOS="574" VPOS="606" WIDTH="56" HEIGHT="22" WC="0.93" CONTENT="eller"/><SP WIDTH="15" VPOS="606" HPOS="630"/>
							<String ID="string_104" HPOS="645" VPOS="606" WIDTH="126" HEIGHT="21" WC="0.92" CONTENT="fraktsedel"/><SP WIDTH="19" VPOS="606" HPOS="771"/>
							<String ID="string_105" HPOS="790" VPOS="606" WIDTH="79" HEIGHT="21" WC="0.96" CONTENT="kunna"/>
						</TextLine>
						<TextLine ID="line_14" HPOS="112" VPOS="639" WIDTH="757" HEIGHT="30">
							<String ID="string_106" HPOS="112" VPOS="639" WIDTH="115" HEIGHT="29" WC="0.88" CONTENT="angifvas,"/><SP WIDTH="23" VPOS="639" HPOS="227"/>
							<String ID="string_107" HPOS="250" VPOS="640" WIDTH="60" HEIGHT="22" WC="0.96" CONTENT="huru"/><SP WIDTH="23" VPOS="640" HPOS="310"/>
							<String ID="string_108" HPOS="333" VPOS="642" WIDTH="62" HEIGHT="20" WC="0.93" CONTENT="stora"/><SP WIDTH="15" VPOS="642" HPOS="395"/>
							<String ID="string_109" HPOS="410" VPOS="640" WIDTH="178" HEIGHT="29" WC="0.92" CONTENT="försändningar"/><SP WIDTH="15" VPOS="640" HPOS="588"/>
							<String ID="string_110" HPOS="603" VPOS="648" WIDTH="49" HEIGHT="14" WC="0.96" CONTENT="som"/><SP WIDTH="16" VPOS="648" HPOS="652"/>
							<String ID="string_111" HPOS="668" VPOS="640" WIDTH="66" HEIGHT="28" WC="0.96" CONTENT="helst,"/><SP WIDTH="25" VPOS="640" HPOS="734"/>
							<String ID="string_112" HPOS="759" VPOS="642" WIDTH="60" HEIGHT="20" WC="0.96" CONTENT="samt"/><SP WIDTH="16" VPOS="642" HPOS="819"/>
							<String ID="string_113" HPOS="835" VPOS="642" WIDTH="34" HEIGHT="20" WC="0.96" CONTENT="att"/>
						</TextLine>
						<TextLine ID="line_15" HPOS="113" VPOS="674" WIDTH="756" HEIGHT="29">
							<String ID="string_114" HPOS="113" VPOS="674" WIDTH="52" HEIGHT="22" WC="0.96" CONTENT="med"/><SP WIDTH="15" VPOS="674" HPOS="165"/>
							<String ID="string_115" HPOS="180" VPOS="674" WIDTH="29" HEIGHT="22" WC="0.92" CONTENT="de"/><SP WIDTH="14" VPOS="674" HPOS="209"/>
							<String ID="string_116" HPOS="223" VPOS="675" WIDTH="48" HEIGHT="21" WC="0.90" CONTENT="smä"/><SP WIDTH="15" VPOS="675" HPOS="271"/>
							<String ID="string_117" HPOS="286" VPOS="674" WIDTH="208" HEIGHT="29" WC="0.91" CONTENT="försändningarne"/><SP WIDTH="16" VPOS="674" HPOS="494"/>
							<String ID="string_118" HPOS="510" VPOS="675" WIDTH="69" HEIGHT="22" WC="0.92" CONTENT="äfven"/><SP WIDTH="14" VPOS="675" HPOS="579"/>
							<String ID="string_119" HPOS="593" VPOS="676" WIDTH="9" HEIGHT="20" WC="0.93" CONTENT="i"/><SP WIDTH="15" VPOS="676" HPOS="602"/>
							<String ID="string_120" HPOS="617" VPOS="675" WIDTH="73" HEIGHT="28" WC="0.91" CONTENT="öfrigt"/><SP WIDTH="15" VPOS="675" HPOS="690"/>
							<String ID="string_121" HPOS="705" VPOS="679" WIDTH="38" HEIGHT="17" WC="0.92" CONTENT="äro"/><SP WIDTH="16" VPOS="679" HPOS="743"/>
							<String ID="string_122" HPOS="759" VPOS="674" WIDTH="110" HEIGHT="22" WC="0.91" CONTENT="förenade"/>
						</TextLine>
						<TextLine ID="line_16" HPOS="114" VPOS="708" WIDTH="755" HEIGHT="30">
							<String ID="string_123" HPOS="114" VPOS="710" WIDTH="25" HEIGHT="20" WC="0.93" CONTENT="sä"/><SP WIDTH="15" VPOS="710" HPOS="139"/>
							<String ID="string_124" HPOS="154" VPOS="710" WIDTH="83" HEIGHT="27" WC="0.91" CONTENT="mänga"/><SP WIDTH="15" VPOS="710" HPOS="237"/>
							<String ID="string_125" HPOS="252" VPOS="710" WIDTH="127" HEIGHT="27" WC="0.88" CONTENT="omgängar"/><SP WIDTH="14" VPOS="710" HPOS="379"/>
							<String ID="string_126" HPOS="393" VPOS="710" WIDTH="43" HEIGHT="21" WC="0.96" CONTENT="och"/><SP WIDTH="15" VPOS="710" HPOS="436"/>
							<String ID="string_127" HPOS="451" VPOS="710" WIDTH="89" HEIGHT="26" WC="0.94" CONTENT="besvär,"/><SP WIDTH="17" VPOS="710" HPOS="540"/>
							<String ID="string_128" HPOS="557" VPOS="712" WIDTH="34" HEIGHT="19" WC="0.93" CONTENT="att"/><SP WIDTH="15" VPOS="712" HPOS="591"/>
							<String ID="string_129" HPOS="606" VPOS="709" WIDTH="77" HEIGHT="21" WC="0.92" CONTENT="dessas"/><SP WIDTH="14" VPOS="709" HPOS="683"/>
							<String ID="string_130" HPOS="697" VPOS="708" WIDTH="172" HEIGHT="30" WC="0.92" CONTENT="uppskattande"/>
						</TextLine>
						<TextLine ID="line_17" HPOS="112" VPOS="743" WIDTH="756" HEIGHT="30">
							<String ID="string_131" HPOS="112" VPOS="744" WIDTH="8" HEIGHT="21" WC="0.93" CONTENT="i"/><SP WIDTH="22" VPOS="744" HPOS="120"/>
							<String ID="string_132" HPOS="142" VPOS="744" WIDTH="131" HEIGHT="28" WC="0.91" CONTENT="penningar"/><SP WIDTH="22" VPOS="744" HPOS="273"/>
							<String ID="string_133" HPOS="295" VPOS="744" WIDTH="110" HEIGHT="28" WC="0.93" CONTENT="vanligen"/><SP WIDTH="23" VPOS="744" HPOS="405"/>
							<String ID="string_134" HPOS="428" VPOS="744" WIDTH="138" HEIGHT="29" WC="0.92" CONTENT="öfverstiger"/><SP WIDTH="15" VPOS="744" HPOS="566"/>
							<String ID="string_135" HPOS="581" VPOS="743" WIDTH="195" HEIGHT="29" WC="0.92" CONTENT="försändningens"/><SP WIDTH="16" VPOS="743" HPOS="776"/>
							<String ID="string_136" HPOS="792" VPOS="744" WIDTH="76" HEIGHT="21" WC="0.96" CONTENT="värde."/>
						</TextLine>
						<TextLine ID="line_18" HPOS="112" VPOS="778" WIDTH="757" HEIGHT="30">
							<String ID="string_137" HPOS="112" VPOS="778" WIDTH="185" HEIGHT="22" WC="0.92" CONTENT="Vidkommande"/><SP WIDTH="23" VPOS="778" HPOS="297"/>
							<String ID="string_138" HPOS="320" VPOS="780" WIDTH="48" HEIGHT="20" WC="0.92" CONTENT="äter"/><SP WIDTH="22" VPOS="780" HPOS="368"/>
							<String ID="string_139" HPOS="390" VPOS="779" WIDTH="244" HEIGHT="29" WC="0.92" CONTENT="postremissvexlarne"/><SP WIDTH="19" VPOS="779" HPOS="634"/>
							<String ID="string_140" HPOS="653" VPOS="779" WIDTH="56" HEIGHT="21" WC="0.96" CONTENT="eller"/><SP WIDTH="15" VPOS="779" HPOS="709"/>
							<String ID="string_141" HPOS="724" VPOS="786" WIDTH="17" HEIGHT="14" WC="0.96" CONTENT="s."/><SP WIDTH="18" VPOS="786" HPOS="741"/>
							<String ID="string_142" HPOS="759" VPOS="779" WIDTH="21" HEIGHT="22" WC="0.93" CONTENT="k."/><SP WIDTH="17" VPOS="779" HPOS="780"/>
							<String ID="string_143" HPOS="797" VPOS="778" WIDTH="72" HEIGHT="22" WC="0.92" CONTENT="bank-"/>
						</TextLine>
						<TextLine ID="line_19" HPOS="110" VPOS="813" WIDTH="759" HEIGHT="29">
							<String ID="string_144" HPOS="110" VPOS="813" WIDTH="140" HEIGHT="29" WC="0.85" CONTENT="postvexlar,"/><SP WIDTH="18" VPOS="813" HPOS="250"/>
							<String ID="string_145" HPOS="268" VPOS="814" WIDTH="24" HEIGHT="20" WC="0.96" CONTENT="sä"/><SP WIDTH="16" VPOS="814" HPOS="292"/>
							<String ID="string_146" HPOS="308" VPOS="817" WIDTH="24" HEIGHT="17" WC="0.96" CONTENT="är"/><SP WIDTH="15" VPOS="817" HPOS="332"/>
							<String ID="string_147" HPOS="347" VPOS="813" WIDTH="39" HEIGHT="22" WC="0.96" CONTENT="det"/><SP WIDTH="12" VPOS="813" HPOS="386"/>
							<String ID="string_148" HPOS="398" VPOS="814" WIDTH="27" HEIGHT="28" WC="0.96" CONTENT="ju"/><SP WIDTH="16" VPOS="814" HPOS="425"/>
							<String ID="string_149" HPOS="441" VPOS="822" WIDTH="28" HEIGHT="13" WC="0.93" CONTENT="en"/><SP WIDTH="16" VPOS="822" HPOS="469"/>
							<String ID="string_150" HPOS="485" VPOS="814" WIDTH="62" HEIGHT="21" WC="0.96" CONTENT="känd"/><SP WIDTH="16" VPOS="814" HPOS="547"/>
							<String ID="string_151" HPOS="563" VPOS="814" WIDTH="41" HEIGHT="21" WC="0.97" CONTENT="sak"/><SP WIDTH="16" VPOS="814" HPOS="604"/>
							<String ID="string_152" HPOS="620" VPOS="815" WIDTH="34" HEIGHT="19" WC="0.93" CONTENT="att"/><SP WIDTH="5" VPOS="815" HPOS="654"/>
							<String ID="string_153" HPOS="659" VPOS="813" WIDTH="125" HEIGHT="21" WC="0.93" CONTENT="bankerna"/><SP WIDTH="12" VPOS="813" HPOS="784"/>
							<String ID="string_154" HPOS="796" VPOS="814" WIDTH="13" HEIGHT="20" WC="0.93" CONTENT="ä"/><SP WIDTH="8" VPOS="814" HPOS="809"/>
							<String ID="string_155" HPOS="817" VPOS="813" WIDTH="52" HEIGHT="21" WC="0.96" CONTENT="dem"/>
						</TextLine>
						<TextLine ID="line_20" HPOS="111" VPOS="848" WIDTH="758" HEIGHT="28">
							<String ID="string_156" HPOS="111" VPOS="848" WIDTH="70" HEIGHT="22" WC="0.91" CONTENT="hafva"/><SP WIDTH="15" VPOS="848" HPOS="181"/>
							<String ID="string_157" HPOS="196" VPOS="848" WIDTH="70" HEIGHT="28" WC="0.92" CONTENT="vinst,"/><SP WIDTH="13" VPOS="848" HPOS="266"/>
							<String ID="string_158" HPOS="279" VPOS="848" WIDTH="28" HEIGHT="28" WC="0.96" CONTENT="ju"/><SP WIDTH="15" VPOS="848" HPOS="307"/>
							<String ID="string_159" HPOS="322" VPOS="848" WIDTH="79" HEIGHT="28" WC="0.96" CONTENT="längre"/><SP WIDTH="16" VPOS="848" HPOS="401"/>
							<String ID="string_160" HPOS="417" VPOS="848" WIDTH="28" HEIGHT="22" WC="0.93" CONTENT="de"/><SP WIDTH="16" VPOS="848" HPOS="445"/>
							<String ID="string_161" HPOS="461" VPOS="852" WIDTH="38" HEIGHT="18" WC="0.92" CONTENT="äro"/><SP WIDTH="12" VPOS="852" HPOS="499"/>
							<String ID="string_162" HPOS="511" VPOS="848" WIDTH="144" HEIGHT="28" WC="0.92" CONTENT="utelöpande,"/><SP WIDTH="17" VPOS="848" HPOS="655"/>
							<String ID="string_163" HPOS="672" VPOS="850" WIDTH="59" HEIGHT="19" WC="0.96" CONTENT="samt"/><SP WIDTH="10" VPOS="850" HPOS="731"/>
							<String ID="string_164" HPOS="741" VPOS="850" WIDTH="35" HEIGHT="19" WC="0.93" CONTENT="att"/><SP WIDTH="13" VPOS="850" HPOS="776"/>
							<String ID="string_165" HPOS="789" VPOS="848" WIDTH="80" HEIGHT="28" WC="0.92" CONTENT="dylika"/>
						</TextLine>
						<TextLine ID="line_21" HPOS="110" VPOS="882" WIDTH="757" HEIGHT="29">
							<String ID="string_166" HPOS="110" VPOS="883" WIDTH="86" HEIGHT="25" WC="0.92" CONTENT="vexlar,"/><SP WIDTH="16" VPOS="883" HPOS="196"/>
							<String ID="string_167" HPOS="212" VPOS="882" WIDTH="36" HEIGHT="22" WC="0.93" CONTENT="för"/><SP WIDTH="15" VPOS="882" HPOS="248"/>
							<String ID="string_168" HPOS="263" VPOS="882" WIDTH="81" HEIGHT="22" WC="0.92" CONTENT="hvilka"/><SP WIDTH="14" VPOS="882" HPOS="344"/>
							<String ID="string_169" HPOS="358" VPOS="883" WIDTH="149" HEIGHT="28" WC="0.92" CONTENT="provisionen"/><SP WIDTH="16" VPOS="883" HPOS="507"/>
							<String ID="string_170" HPOS="523" VPOS="883" WIDTH="110" HEIGHT="27" WC="0.96" CONTENT="vanligen"/><SP WIDTH="15" VPOS="883" HPOS="633"/>
							<String ID="string_171" HPOS="648" VPOS="882" WIDTH="113" HEIGHT="22" WC="0.96" CONTENT="beräknas"/><SP WIDTH="17" VPOS="882" HPOS="761"/>
							<String ID="string_172" HPOS="778" VPOS="882" WIDTH="37" HEIGHT="21" WC="0.93" CONTENT="till"/><SP WIDTH="14" VPOS="882" HPOS="815"/>
							<String ID="string_173" HPOS="829" VPOS="890" WIDTH="38" HEIGHT="13" WC="0.93" CONTENT="en-"/>
						</TextLine>
						<TextLine ID="line_22" HPOS="111" VPOS="916" WIDTH="758" HEIGHT="30">
							<String ID="string_174" HPOS="111" VPOS="918" WIDTH="52" HEIGHT="21" WC="0.90" CONTENT="dast"/><SP WIDTH="15" VPOS="918" HPOS="163"/>
							<String ID="string_175" HPOS="178" VPOS="918" WIDTH="28" HEIGHT="28" WC="0.86" CONTENT="1/,"/><SP WIDTH="15" VPOS="918" HPOS="206"/>
							<String ID="string_176" HPOS="221" VPOS="925" WIDTH="60" HEIGHT="21" WC="0.96" CONTENT="proc."/><SP WIDTH="17" VPOS="925" HPOS="281"/>
							<String ID="string_177" HPOS="298" VPOS="918" WIDTH="56" HEIGHT="21" WC="0.93" CONTENT="eller"/><SP WIDTH="14" VPOS="918" HPOS="354"/>
							<String ID="string_178" HPOS="368" VPOS="917" WIDTH="122" HEIGHT="28" WC="0.92" CONTENT="derunder,"/><SP WIDTH="17" VPOS="917" HPOS="490"/>
							<String ID="string_179" HPOS="507" VPOS="917" WIDTH="37" HEIGHT="22" WC="0.93" CONTENT="till"/><SP WIDTH="14" VPOS="917" HPOS="544"/>
							<String ID="string_180" HPOS="558" VPOS="917" WIDTH="56" HEIGHT="29" WC="0.96" CONTENT="följe"/><SP WIDTH="15" VPOS="917" HPOS="614"/>
							<String ID="string_181" HPOS="629" VPOS="916" WIDTH="69" HEIGHT="22" WC="0.96" CONTENT="häraf"/><SP WIDTH="13" VPOS="916" HPOS="698"/>
							<String ID="string_182" HPOS="711" VPOS="916" WIDTH="69" HEIGHT="22" WC="0.96" CONTENT="äfven"/><SP WIDTH="9" VPOS="916" HPOS="780"/>
							<String ID="string_183" HPOS="789" VPOS="917" WIDTH="80" HEIGHT="21" WC="0.96" CONTENT="kunna"/>
						</TextLine>
						<TextLine ID="line_23" HPOS="110" VPOS="950" WIDTH="757" HEIGHT="30">
							<String ID="string_184" HPOS="110" VPOS="952" WIDTH="104" HEIGHT="28" WC="0.92" CONTENT="utgifvas"/><SP WIDTH="23" VPOS="952" HPOS="214"/>
							<String ID="string_185" HPOS="237" VPOS="952" WIDTH="82" HEIGHT="28" WC="0.90" CONTENT="gratis;"/><SP WIDTH="24" VPOS="952" HPOS="319"/>
							<String ID="string_186" HPOS="343" VPOS="952" WIDTH="43" HEIGHT="22" WC="0.96" CONTENT="och"/><SP WIDTH="22" VPOS="952" HPOS="386"/>
							<String ID="string_187" HPOS="408" VPOS="952" WIDTH="71" HEIGHT="22" WC="0.96" CONTENT="borde"/><SP WIDTH="22" VPOS="952" HPOS="479"/>
							<String ID="string_188" HPOS="501" VPOS="952" WIDTH="40" HEIGHT="21" WC="0.93" CONTENT="vid"/><SP WIDTH="26" VPOS="952" HPOS="541"/>
							<String ID="string_189" HPOS="567" VPOS="951" WIDTH="81" HEIGHT="22" WC="0.92" CONTENT="sädant"/><SP WIDTH="22" VPOS="951" HPOS="648"/>
							<String ID="string_190" HPOS="670" VPOS="950" WIDTH="146" HEIGHT="22" WC="0.92" CONTENT="förhällande"/><SP WIDTH="23" VPOS="950" HPOS="816"/>
							<String ID="string_191" HPOS="839" VPOS="958" WIDTH="28" HEIGHT="14" WC="0.97" CONTENT="en"/>
						</TextLine>
						<TextLine ID="line_24" HPOS="111" VPOS="986" WIDTH="758" HEIGHT="29">
							<String ID="string_192" HPOS="111" VPOS="987" WIDTH="153" HEIGHT="28" WC="0.92" CONTENT="obligatorisk"/><SP WIDTH="23" VPOS="987" HPOS="264"/>
							<String ID="string_193" HPOS="287" VPOS="986" WIDTH="169" HEIGHT="29" WC="0.92" CONTENT="stämpelafgift"/><SP WIDTH="23" VPOS="986" HPOS="456"/>
							<String ID="string_194" HPOS="479" VPOS="986" WIDTH="25" HEIGHT="22" WC="0.96" CONTENT="af"/><SP WIDTH="22" VPOS="986" HPOS="504"/>
							<String ID="string_195" HPOS="526" VPOS="989" WIDTH="24" HEIGHT="19" WC="0.96" CONTENT="10"/><SP WIDTH="21" VPOS="989" HPOS="550"/>
							<String ID="string_196" HPOS="571" VPOS="986" WIDTH="70" HEIGHT="28" WC="0.96" CONTENT="penni"/><SP WIDTH="16" VPOS="986" HPOS="641"/>
							<String ID="string_197" HPOS="657" VPOS="986" WIDTH="36" HEIGHT="21" WC="0.93" CONTENT="för"/><SP WIDTH="15" VPOS="986" HPOS="693"/>
							<String ID="string_198" HPOS="708" VPOS="986" WIDTH="80" HEIGHT="28" WC="0.92" CONTENT="hvarje"/><SP WIDTH="16" VPOS="986" HPOS="788"/>
							<String ID="string_199" HPOS="804" VPOS="988" WIDTH="65" HEIGHT="26" WC="0.92" CONTENT="post-"/>
						</TextLine>
						<TextLine ID="line_25" HPOS="110" VPOS="1020" WIDTH="759" HEIGHT="29">
							<String ID="string_200" HPOS="110" VPOS="1021" WIDTH="156" HEIGHT="27" WC="0.91" CONTENT="remissvexel,"/><SP WIDTH="16" VPOS="1021" HPOS="266"/>
							<String ID="string_201" HPOS="282" VPOS="1021" WIDTH="129" HEIGHT="21" WC="0.92" CONTENT="oberoende"/><SP WIDTH="15" VPOS="1021" HPOS="411"/>
							<String ID="string_202" HPOS="426" VPOS="1020" WIDTH="26" HEIGHT="22" WC="0.93" CONTENT="af"/><SP WIDTH="9" VPOS="1020" HPOS="452"/>
							<String ID="string_203" HPOS="461" VPOS="1021" WIDTH="94" HEIGHT="21" WC="0.91" CONTENT="vexelns"/><SP WIDTH="12" VPOS="1021" HPOS="555"/>
							<String ID="string_204" HPOS="567" VPOS="1020" WIDTH="91" HEIGHT="29" WC="0.92" CONTENT="belopp,"/><SP WIDTH="15" VPOS="1020" HPOS="658"/>
							<String ID="string_205" HPOS="673" VPOS="1020" WIDTH="104" HEIGHT="21" WC="0.92" CONTENT="hvarken"/><SP WIDTH="8" VPOS="1020" HPOS="777"/>
							<String ID="string_206" HPOS="785" VPOS="1020" WIDTH="84" HEIGHT="21" WC="0.96" CONTENT="kunna"/>
						</TextLine>
						<TextLine ID="line_26" HPOS="110" VPOS="1054" WIDTH="759" HEIGHT="30">
							<String ID="string_207" HPOS="110" VPOS="1056" WIDTH="9" HEIGHT="21" WC="0.93" CONTENT="i"/><SP WIDTH="15" VPOS="1056" HPOS="119"/>
							<String ID="string_208" HPOS="134" VPOS="1056" WIDTH="77" HEIGHT="28" WC="0.93" CONTENT="någon"/><SP WIDTH="15" VPOS="1056" HPOS="211"/>
							<String ID="string_209" HPOS="226" VPOS="1055" WIDTH="134" HEIGHT="29" WC="0.55" CONTENT="väsendtlig"/><SP WIDTH="15" VPOS="1055" HPOS="360"/>
							<String ID="string_210" HPOS="375" VPOS="1056" WIDTH="57" HEIGHT="28" WC="0.93" CONTENT="grad"/><SP WIDTH="14" VPOS="1056" HPOS="432"/>
							<String ID="string_211" HPOS="446" VPOS="1056" WIDTH="97" HEIGHT="21" WC="0.96" CONTENT="inverka"/><SP WIDTH="12" VPOS="1056" HPOS="543"/>
							<String ID="string_212" HPOS="555" VPOS="1055" WIDTH="99" HEIGHT="27" WC="0.93" CONTENT="menligt"/><SP WIDTH="15" VPOS="1055" HPOS="654"/>
							<String ID="string_213" HPOS="669" VPOS="1055" WIDTH="13" HEIGHT="21" WC="0.93" CONTENT="å"/><SP WIDTH="15" VPOS="1055" HPOS="682"/>
							<String ID="string_214" HPOS="697" VPOS="1054" WIDTH="44" HEIGHT="22" WC="0.96" CONTENT="den"/><SP WIDTH="11" VPOS="1054" HPOS="741"/>
							<String ID="string_215" HPOS="752" VPOS="1054" WIDTH="117" HEIGHT="22" WC="0.96" CONTENT="allmänna"/>
						</TextLine>
						<TextLine ID="line_27" HPOS="110" VPOS="1088" WIDTH="759" HEIGHT="30">
							<String ID="string_216" HPOS="110" VPOS="1090" WIDTH="103" HEIGHT="22" WC="0.92" CONTENT="rörelsen"/><SP WIDTH="23" VPOS="1090" HPOS="213"/>
							<String ID="string_217" HPOS="236" VPOS="1090" WIDTH="56" HEIGHT="22" WC="0.93" CONTENT="eller"/><SP WIDTH="22" VPOS="1090" HPOS="292"/>
							<String ID="string_218" HPOS="314" VPOS="1090" WIDTH="158" HEIGHT="22" WC="0.91" CONTENT="ästadkomma"/><SP WIDTH="25" VPOS="1090" HPOS="472"/>
							<String ID="string_219" HPOS="497" VPOS="1090" WIDTH="130" HEIGHT="28" WC="0.92" CONTENT="synnerligt"/><SP WIDTH="16" VPOS="1090" HPOS="627"/>
							<String ID="string_220" HPOS="643" VPOS="1089" WIDTH="81" HEIGHT="22" WC="0.96" CONTENT="besvär"/><SP WIDTH="15" VPOS="1089" HPOS="724"/>
							<String ID="string_221" HPOS="739" VPOS="1088" WIDTH="36" HEIGHT="22" WC="0.93" CONTENT="för"/><SP WIDTH="15" VPOS="1088" HPOS="775"/>
							<String ID="string_222" HPOS="790" VPOS="1088" WIDTH="79" HEIGHT="22" WC="0.91" CONTENT="veder-"/>
						</TextLine>
						<TextLine ID="line_28" HPOS="110" VPOS="1124" WIDTH="324" HEIGHT="29">
							<String ID="string_223" HPOS="110" VPOS="1124" WIDTH="102" HEIGHT="23" WC="0.92" CONTENT="börande"/><SP WIDTH="14" VPOS="1124" HPOS="212"/>
							<String ID="string_224" HPOS="226" VPOS="1124" WIDTH="208" HEIGHT="29" WC="0.91" CONTENT="banktjenstemän."/>
						</TextLine>
					</TextBlock>
					<TextBlock ID="block_2" HPOS="110" VPOS="1158" WIDTH="758" HEIGHT="167">
						<TextLine ID="line_29" HPOS="178" VPOS="1158" WIDTH="690" HEIGHT="30">
							<String ID="string_225" HPOS="178" VPOS="1160" WIDTH="34" HEIGHT="21" WC="0.92" CONTENT="Pä"/><SP WIDTH="15" VPOS="1160" HPOS="212"/>
							<String ID="string_226" HPOS="227" VPOS="1159" WIDTH="76" HEIGHT="29" WC="0.93" CONTENT="grund"/><SP WIDTH="16" VPOS="1159" HPOS="303"/>
							<String ID="string_227" HPOS="319" VPOS="1159" WIDTH="67" HEIGHT="21" WC="0.93" CONTENT="häraf"/><SP WIDTH="13" VPOS="1159" HPOS="386"/>
							<String ID="string_228" HPOS="399" VPOS="1159" WIDTH="43" HEIGHT="22" WC="0.95" CONTENT="och"/><SP WIDTH="15" VPOS="1159" HPOS="442"/>
							<String ID="string_229" HPOS="457" VPOS="1159" WIDTH="8" HEIGHT="21" WC="0.93" CONTENT="i"/><SP WIDTH="16" VPOS="1159" HPOS="465"/>
							<String ID="string_230" HPOS="481" VPOS="1159" WIDTH="110" HEIGHT="21" WC="0.91" CONTENT="händelse"/><SP WIDTH="18" VPOS="1159" HPOS="591"/>
							<String ID="string_231" HPOS="609" VPOS="1159" WIDTH="64" HEIGHT="21" WC="0.96" CONTENT="mina"/><SP WIDTH="16" VPOS="1159" HPOS="673"/>
							<String ID="string_232" HPOS="689" VPOS="1158" WIDTH="41" HEIGHT="21" WC="0.93" CONTENT="här"/><SP WIDTH="15" VPOS="1158" HPOS="730"/>
							<String ID="string_233" HPOS="745" VPOS="1158" WIDTH="123" HEIGHT="22" WC="0.92" CONTENT="ofvanföre"/>
						</TextLine>
						<TextLine ID="line_30" HPOS="110" VPOS="1192" WIDTH="758" HEIGHT="30">
							<String ID="string_234" HPOS="110" VPOS="1194" WIDTH="138" HEIGHT="22" WC="0.95" CONTENT="omnämnda"/><SP WIDTH="22" VPOS="1194" HPOS="248"/>
							<String ID="string_235" HPOS="270" VPOS="1194" WIDTH="89" HEIGHT="28" WC="0.96" CONTENT="förslag"/><SP WIDTH="23" VPOS="1194" HPOS="359"/>
							<String ID="string_236" HPOS="382" VPOS="1194" WIDTH="8" HEIGHT="20" WC="0.80" CONTENT="i"/><SP WIDTH="15" VPOS="1194" HPOS="390"/>
							<String ID="string_237" HPOS="405" VPOS="1195" WIDTH="34" HEIGHT="19" WC="0.95" CONTENT="ett"/><SP WIDTH="16" VPOS="1195" HPOS="439"/>
							<String ID="string_238" HPOS="455" VPOS="1194" WIDTH="56" HEIGHT="20" WC="0.95" CONTENT="eller"/><SP WIDTH="14" VPOS="1194" HPOS="511"/>
							<String ID="string_239" HPOS="525" VPOS="1195" WIDTH="72" HEIGHT="19" WC="0.93" CONTENT="annat"/><SP WIDTH="15" VPOS="1195" HPOS="597"/>
							<String ID="string_240" HPOS="612" VPOS="1192" WIDTH="107" HEIGHT="22" WC="0.96" CONTENT="afseende"/><SP WIDTH="16" VPOS="1192" HPOS="719"/>
							<String ID="string_241" HPOS="735" VPOS="1192" WIDTH="26" HEIGHT="22" WC="0.93" CONTENT="af"/><SP WIDTH="12" VPOS="1192" HPOS="761"/>
							<String ID="string_242" HPOS="773" VPOS="1192" WIDTH="95" HEIGHT="21" WC="0.96" CONTENT="landets"/>
						</TextLine>
						<TextLine ID="line_31" HPOS="111" VPOS="1226" WIDTH="756" HEIGHT="31">
							<String ID="string_243" HPOS="111" VPOS="1228" WIDTH="127" HEIGHT="29" WC="0.31" CONTENT="höglofiige"/><SP WIDTH="15" VPOS="1228" HPOS="238"/>
							<String ID="string_244" HPOS="253" VPOS="1228" WIDTH="99" HEIGHT="22" WC="0.92" CONTENT="Ständer"/><SP WIDTH="15" VPOS="1228" HPOS="352"/>
							<String ID="string_245" HPOS="367" VPOS="1228" WIDTH="102" HEIGHT="25" WC="0.93" CONTENT="beaktas,"/><SP WIDTH="16" VPOS="1228" HPOS="469"/>
							<String ID="string_246" HPOS="485" VPOS="1227" WIDTH="103" HEIGHT="22" WC="0.96" CONTENT="anhåller"/><SP WIDTH="13" VPOS="1227" HPOS="588"/>
							<String ID="string_247" HPOS="601" VPOS="1227" WIDTH="41" HEIGHT="28" WC="0.96" CONTENT="jag"/><SP WIDTH="10" VPOS="1227" HPOS="642"/>
							<String ID="string_248" HPOS="652" VPOS="1234" WIDTH="37" HEIGHT="14" WC="0.93" CONTENT="om"/><SP WIDTH="11" VPOS="1234" HPOS="689"/>
							<String ID="string_249" HPOS="700" VPOS="1226" WIDTH="167" HEIGHT="22" WC="0.92" CONTENT="betänkandets"/>
						</TextLine>
						<TextLine ID="line_32" HPOS="110" VPOS="1260" WIDTH="757" HEIGHT="30">
							<String ID="string_250" HPOS="110" VPOS="1262" WIDTH="215" HEIGHT="22" WC="0.72" CONTENT="&amp;terremitterande"/><SP WIDTH="15" VPOS="1262" HPOS="325"/>
							<String ID="string_251" HPOS="340" VPOS="1262" WIDTH="37" HEIGHT="21" WC="0.93" CONTENT="till"/><SP WIDTH="15" VPOS="1262" HPOS="377"/>
							<String ID="string_252" HPOS="392" VPOS="1262" WIDTH="266" HEIGHT="28" WC="0.92" CONTENT="Bevillningsutskottet"/><SP WIDTH="17" VPOS="1262" HPOS="658"/>
							<String ID="string_253" HPOS="675" VPOS="1260" WIDTH="37" HEIGHT="22" WC="0.93" CONTENT="för"/><SP WIDTH="14" VPOS="1260" HPOS="712"/>
							<String ID="string_254" HPOS="726" VPOS="1260" WIDTH="141" HEIGHT="28" WC="0.92" CONTENT="vidtagande"/>
						</TextLine>
						<TextLine ID="line_33" HPOS="110" VPOS="1296" WIDTH="253" HEIGHT="29">
							<String ID="string_255" HPOS="110" VPOS="1298" WIDTH="26" HEIGHT="20" WC="0.93" CONTENT="af"/><SP WIDTH="13" VPOS="1298" HPOS="136"/>
							<String ID="string_256" HPOS="149" VPOS="1297" WIDTH="86" HEIGHT="28" WC="0.90" CONTENT="nödiga"/><SP WIDTH="14" VPOS="1297" HPOS="235"/>
							<String ID="string_257" HPOS="249" VPOS="1296" WIDTH="114" HEIGHT="28" WC="0.92" CONTENT="ätgärder."/>
						</TextLine>
					</TextBlock>
				</ComposedBlock>
				<ComposedBlock ID="cblock_2" HPOS="584" VPOS="1364" WIDTH="210" HEIGHT="22">
					<TextBlock ID="block_3" HPOS="584" VPOS="1364" WIDTH="210" HEIGHT="22">
						<TextLine ID="line_34" HPOS="584" VPOS="1364" WIDTH="210" HEIGHT="22">
							<String ID="string_258" HPOS="584" VPOS="1364" WIDTH="20" HEIGHT="22" WC="0.95" CONTENT="S."/><SP WIDTH="15" VPOS="1364" HPOS="604"/>
							<String ID="string_259" HPOS="619" VPOS="1364" WIDTH="36" HEIGHT="21" WC="0.96" CONTENT="W."/><SP WIDTH="15" VPOS="1364" HPOS="655"/>
							<String ID="string_260" HPOS="670" VPOS="1370" WIDTH="43" HEIGHT="15" WC="0.96" CONTENT="von"/><SP WIDTH="15" VPOS="1370" HPOS="713"/>
							<String ID="string_261" HPOS="728" VPOS="1364" WIDTH="66" HEIGHT="21" WC="0.96" CONTENT="Troil."/>
						</TextLine>
					</TextBlock>
				</ComposedBlock>
				<ComposedBlock ID="cblock_3" HPOS="179" VPOS="1474" WIDTH="420" HEIGHT="24">
					<TextBlock ID="block_4" HPOS="179" VPOS="1474" WIDTH="420" HEIGHT="24">
						<TextLine ID="line_35" HPOS="179" VPOS="1474" WIDTH="420" HEIGHT="24">
							<String ID="string_262" HPOS="179" VPOS="1474" WIDTH="214" HEIGHT="24" WC="0.91" CONTENT="Bevillningsutskottets"/><SP WIDTH="12" VPOS="1474" HPOS="393"/>
							<String ID="string_263" HPOS="405" VPOS="1474" WIDTH="116" HEIGHT="18" WC="0.96" CONTENT="betänkande"/><SP WIDTH="13" VPOS="1474" HPOS="521"/>
							<String ID="string_264" HPOS="534" VPOS="1474" WIDTH="36" HEIGHT="18" WC="0.96" CONTENT="N:o"/><SP WIDTH="12" VPOS="1474" HPOS="570"/>
							<String ID="string_265" HPOS="582" VPOS="1474" WIDTH="17" HEIGHT="17" WC="0.96" CONTENT="4."/>
						</TextLine>
					</TextBlock>
				</ComposedBlock>
			</PrintSpace>
		</Page>
	</Layout>
</alto>
