1042 1717
251 148 54 20 XVI
449 148 29 22 U.
494 148 28 22 B.
539 161 27 2 —
582 148 73 27 Prop.
671 148 42 22 N:o
728 148 23 22 4.

293 215 43 21 2:0.
369 215 92 21 Samma
479 215 87 28 stadgas
581 216 15 26 $
615 216 24 20 71
653 215 70 27 första
737 217 74 19 satsen
826 215 28 28 af
866 222 65 14 mom.
950 215 23 21 2:

496 289 114 28 Fastighet
632 290 38 21 må
685 290 19 27 ej
718 290 70 27 säljas
802 290 128 21 annorledes
945 292 30 19 än

426 331 78 20 genom
526 324 98 28 offentlig
646 324 98 27 auktion,
767 325 37 20 der
826 324 20 28 ej
869 325 46 20 alla
938 324 37 21 vid

427 359 200 21 sammankomsten
642 359 140 20 närvarande
798 358 129 28 borgenärer
937 358 38 22 och

426 393 132 28 gäldenären
580 393 35 21 det
635 393 123 28 medgifva;
774 393 38 21 och
827 393 65 21 varde
904 395 69 26 pant-

428 429 45 20 rätt
495 428 37 21 och
554 434 78 15 annan
654 427 109 28 rättighet,
784 428 36 27 för
835 427 88 22 hvilken
937 427 37 28 fa-

427 463 106 27 stigheten
563 462 82 27 häftar,
670 464 60 19 samt
757 464 45 19 rätt
828 463 36 20 till
887 463 89 27 utskyld

433 497 112 27 (utesl.),
568 503 46 14 som
636 496 98 28 framför
748 497 42 21 den
805 497 41 20 har
860 497 114 27 företräde,

428 531 37 21 vid
479 531 161 28 försäljningen
655 531 70 21 städse
742 531 130 22 bibehällna.

294 607 42 20 3:0.
368 605 335 29 Förmänsrättsförordningens
718 607 13 26 $
748 607 31 20 20
794 613 65 14 mom.
876 607 23 20 1:

497 681 35 21 Dä
552 683 82 19 utmätt
650 681 46 27 fast
711 681 108 28 egendom,
834 681 75 27 fartyg
925 681 51 21 eller

427 716 53 26 gods
494 715 10 21 i
517 716 75 27 fartyg
607 716 71 27 säljes,
689 716 57 20 skall
753 715 151 28 pantfordran
912 717 63 25 samt,

428 750 10 20 i
453 750 65 27 fråga
533 756 35 15 om
582 750 46 27 fast
638 750 108 27 egendom,
758 750 88 28 utskyld
861 750 115 27 (utesl.),

429 791 46 14 som
500 784 96 28 framför
624 784 42 21 den
693 784 42 21 har
759 784 114 28 företräde,
896 784 81 28 främst

431 819 58 27 utgå,
512 818 9 21 i
542 819 42 21 den
605 818 101 22 inbördes
727 819 94 27 ordning
836 819 38 21 och
887 819 32 28 pä
933 821 44 19 sätt

431 854 73 20 derom
519 855 25 19 är
559 853 105 21 särskildt
677 854 107 27 stadgadt.

292 928 42 21 4:0.
368 928 309 28 Inteckningsförordningens
700 929 12 26 $
736 929 32 19 22
790 935 65 14 mom.
873 924 12 36 4
906 928 71 28 första

225 964 85 19 satsen:

505 1037 29 22 Ur
554 1037 110 28 fastighet,
682 1044 47 14 som
748 1039 26 19 är
791 1037 117 22 intecknad
928 1038 51 21 eller

431 1072 60 27 eljest
507 1072 125 27 underpant
652 1072 35 26 för
702 1071 100 27 fordran,
819 1072 36 21 må
870 1072 20 27 ej
903 1071 73 28 fram-

430 1105 37 27 för
473 1105 72 21 denna
553 1107 88 26 uttagas
651 1107 72 19 annat
736 1105 74 28 belopp
822 1107 31 19 än
869 1106 108 27 (utesl.)

431 1139 91 28 kronan,
537 1140 106 21 kommun
658 1140 52 21 eller
720 1139 85 22 enskild
815 1139 162 22 tillkommande

431 1173 88 28 utskyld
540 1173 38 22 och
601 1173 95 22 likartad
711 1174 83 27 utlaga,
810 1174 72 21 såsom
897 1174 79 27 frälse-

429 1209 73 25 ränta,
517 1209 95 25 tomtöre,
625 1207 161 28 parcellafgäld
800 1208 52 21 eller
866 1208 110 27 skiftesbi-

431 1241 60 27 drag,
514 1241 88 21 hvilken
624 1243 26 19 är
666 1241 131 27 fastigheten
813 1242 94 27 lagligen
921 1243 58 20 åsatt

431 1275 38 20 och
487 1274 35 21 till
538 1274 112 27 betalning
666 1274 98 28 förfallit
777 1277 58 18 samt
851 1275 20 28 ej
888 1275 90 22 utestätt

431 1308 74 27 längre
521 1308 32 21 tid
567 1311 31 18 än
612 1309 10 20 i
632 1309 145 27 jordabalken
792 1311 55 26 sägs.

294 1371 142 28 Helsingfors,
452 1371 42 22 den
509 1372 12 21 5
536 1373 40 27 maj
594 1373 60 20 1894.

703 1441 72 24 Ferd.
790 1442 118 23 Jusélius.

293 1492 130 22 Lagutskottets
436 1492 110 18 betänkande
559 1493 37 17 N:o
608 1493 18 17 5.
