1053 1723
140 832 12 21 5
169 833 19 25 8.

229 135 13 21 8
398 135 80 23 Ständ.
494 135 36 23 Sv.
545 148 27 3 —
587 135 73 27 Prop.
675 135 43 22 N:o
733 135 22 22 8.

200 199 41 22 het
265 199 131 30 medgifvas
422 201 81 21 endast
524 201 85 21 sådana
630 200 191 29 leveransanbud,
844 207 49 15 som
915 199 38 22 till

199 235 64 27 post-
277 234 44 22 och
333 234 285 30 jernvägsförvaltningen
633 235 109 28 ingifvas.
768 235 83 22 Denna
864 234 89 22 undan-

200 268 201 29 tagsbestämning
416 269 66 22 torde
496 277 55 14 vara
565 269 121 23 föranledd
701 269 67 22 deraf
776 271 40 27 att,
827 269 77 22 derest
914 276 39 15 en-

201 303 52 22 dast
274 303 53 22 med
349 303 97 30 stämpel
468 304 98 29 belagda
579 304 185 23 leveransanbud
779 304 62 29 finge
857 305 96 21 emotta-

200 345 48 22 gas,
269 337 126 23 utländska
412 338 77 23 anbud
504 339 97 28 specielt
615 339 39 22 till
666 339 287 28 jernvägsförvaltningen

200 372 50 22 ofta
271 373 93 21 komme
386 374 35 20 att
441 373 88 22 lemnas
551 375 57 20 utan
629 373 115 22 afseende.
774 373 36 22 Dä
824 373 130 22 emellertid

201 413 87 15 samma
302 407 51 22 skäl
368 407 47 22 kan
430 407 91 22 anföras
536 407 179 22 vidkommande
730 407 76 30 öfriga
818 407 135 22 kronoleve-

200 448 85 21 ranser,
309 440 70 23 hafva
400 441 130 23 Ständerna
554 441 117 23 utsträckt
692 441 201 30 stämpelfriheten
915 441 38 22 till

201 475 46 22 alla
260 475 190 30 leveransanbud,
474 484 50 15 som
545 477 113 22 inlemnas
680 477 38 22 till
737 477 90 22 kronan
842 477 56 22 eller
914 476 40 23 all-

200 513 54 19 män
268 510 139 30 inrättning.

269 545 104 22 Emedan
395 545 57 22 sista
473 548 128 20 momentet
616 546 25 21 af
654 547 14 21 4
683 548 13 25 &
712 546 129 22 innehåller
855 546 99 21 bestäm-

201 580 90 29 ningar,
315 580 81 22 hvilka
418 581 40 22 vid
477 581 134 29 jemförelse
633 581 54 21 med
712 581 158 28 stadgandena
889 581 8 21 i
913 582 12 21 7
941 581 14 27 8

201 615 77 22 lemna
291 622 52 15 rum
358 615 37 22 för
409 615 63 22 olika
486 615 110 30 tolkning
610 617 60 20 samt
684 616 53 21 med
752 615 107 22 afseende
868 615 88 29 jemväl

202 649 60 28 derå,
285 651 35 20 att
341 649 177 30 ifrågavarande
543 650 143 29 stadganden
708 650 126 29 rätteligen
859 653 39 18 äro
921 651 34 20 att

202 684 109 22 hänföras
332 684 38 22 till
389 685 52 28 kap.
456 684 30 29 II,
502 685 162 22 innefattande
680 685 114 21 särskilda
808 683 147 23 föreskrifter

202 719 119 28 angående
342 719 85 22 bruket
450 719 26 22 af
495 720 104 29 stämpel,
618 719 70 22 hafva
703 719 131 22 Ständerna
847 719 109 22 uteslutit

201 753 98 23 berörda
320 757 110 25 moment,
452 754 53 22 med
527 754 119 29 undantag
663 754 27 22 af
702 754 173 29 hänvisningen
889 754 38 22 till
943 755 12 21 7

203 788 43 23 och
263 790 26 21 14
304 790 34 27 8$,
354 791 60 20 samt
428 790 71 28 gifvit
519 790 6 22 7
540 792 14 26 $
569 797 29 15 en
614 789 74 22 delvis
703 797 33 21 ny
750 789 132 29 affattning.

271 830 110 22 Finlands
402 830 73 23 Bank.
504 830 63 22 Enär
589 830 129 22 Ständerna
740 830 80 22 funnit
840 830 37 28 sig
899 830 56 22 böra

202 865 104 22 likställa
329 865 126 29 anvisning
469 865 8 22 i
492 865 66 29 fräga
581 873 37 14 om
637 865 98 29 stämpel
750 865 54 22 med
818 865 73 27 vexel,
915 864 42 22 har

203 899 66 22 ordet
283 899 126 29 anvisning
423 900 43 21 här
480 900 126 22 uteslutits.

272 941 111 22 Kommun
397 940 135 29 medgifven
547 940 171 30 stämpelfrihet
732 940 66 22 torde
814 940 55 22 böra
883 940 74 29 preci-

203 982 62 14 seras
281 975 94 28 derhän,
398 977 34 20 att
451 975 71 22 sädan
537 975 72 22 frihet
624 975 72 28 gäller
712 975 70 22 äfven
797 974 160 29 expeditioner

203 1009 98 22 rörande
315 1009 84 28 beslut,
415 1017 49 14 som
479 1009 229 29 författningsenligt
722 1009 66 22 skola
800 1008 155 23 underställas

204 1043 113 23 Senatens
333 1044 56 22 eller
405 1044 132 22 Guvernörs
552 1044 118 29 pröfning.

273 1084 102 23 Medellös
393 1092 80 21 person
496 1085 40 22 har
559 1087 88 20 ansetts
669 1085 63 28 böra,
754 1084 10 22 i
786 1084 104 29 enlighet
904 1083 53 22 med

203 1119 62 21 hvad
287 1119 36 22 för
345 1119 144 22 närvarande
512 1123 25 18 är
552 1119 113 28 stadgadt,
681 1119 92 28 ätnjuta
787 1117 170 30 stämpelfrihet

203 1153 42 22 vid
258 1153 69 28 känd,
343 1160 38 15 om
396 1156 29 19 än
440 1153 52 22 icke
507 1153 128 29 behörigen
651 1152 99 29 intygad
764 1152 133 29 fattigdom.

273 1193 117 28 Samfund,
413 1200 49 15 som
482 1193 70 22 verka
568 1193 8 22 i
592 1193 176 28 allmännyttigt
782 1192 68 29 syfte,
867 1192 90 29 ätnjuta

204 1227 71 22 sedan
290 1227 111 29 gammalt
415 1234 29 15 en
459 1227 131 29 begränsad
605 1227 176 28 stämpelfrihet.
797 1227 82 28 Enligt
889 1226 68 22 Stän-

205 1261 82 21 dernas
309 1261 151 21 förmenande
480 1261 42 21 bör
536 1262 9 19 i
560 1261 82 20 sådant
656 1261 108 20 afseende
780 1261 53 20 med
848 1260 52 21 dem
914 1261 45 20 lik-

204 1295 79 20 ställas
299 1294 29 21 de
338 1294 9 21 i
356 1293 107 29 gällande
472 1294 136 28 näringslag
617 1293 118 29 påbjudna
744 1293 213 29 yrkesföreningar.

272 1334 91 27 Inlagor
376 1333 43 22 och
433 1333 147 29 expeditioner
594 1333 15 29 i,
624 1333 72 22 bland
710 1335 77 27 annat,
803 1333 102 22 ärenden
919 1340 40 15 an-

205 1368 88 29 gående
308 1370 64 27 post-
387 1367 42 23 och
442 1367 213 30 jernvägstrafiken
670 1371 39 19 äro
725 1368 75 29 enligt
815 1367 45 22 den
873 1367 86 30 nådiga

204 1403 176 30 propositionen
403 1403 149 29 stämpelfria.
587 1403 129 22 Ständerna
736 1402 72 23 hafva
829 1402 130 23 emellertid

205 1440 78 21 ansett
305 1438 177 29 konsegvensen
497 1438 85 28 fordra,
602 1439 34 21 att
651 1445 87 15 samma
752 1437 72 23 frihet
839 1438 119 22 tillerkän-
