1023 1714
311 143 28 23 U.
355 144 27 22 B.
400 157 22 2 —
440 145 73 28 Prop.
530 145 42 22 N:o
587 145 24 22 4.
795 146 12 21 9

84 211 94 22 furstens
199 211 236 28 befallningshafvande
456 213 133 21 fortfarande
605 221 50 13 vara
671 213 165 22 öfverexekutor

84 245 65 21 äfven
171 245 34 21 för
227 245 54 26 stad,
303 246 5 20 i
331 245 86 22 hvilken
438 247 101 21 händelse
555 248 136 27 magistraten
707 247 83 21 komme
805 250 32 18 att

83 286 51 14 vara
150 279 85 21 stadens
251 281 180 26 utmätningsman
447 282 19 25 (3
483 281 25 27 $).

152 313 131 26 Emellertid,
303 313 28 21 dä
345 313 35 21 för
394 314 148 29 landsbygden
558 315 41 21 den
614 315 123 21 nuvarande
753 316 83 27 organi-

84 348 97 20 sationen
203 347 23 21 af
248 347 27 21 de
290 347 157 22 öfverordnade
462 349 115 21 exekutiva
591 349 175 28 myndigheterna
782 349 54 21 säle-

84 381 37 22 des
144 382 83 21 komme
250 385 31 18 att
303 382 110 27 fortbestä,
436 383 38 21 bör
496 390 26 14 en
541 385 66 26 utväg
622 383 127 27 framhällas,
766 383 70 22 hvari-

83 423 76 21 genom
182 416 26 21 de
230 425 29 12 nu
281 416 24 21 af
327 417 212 22 exekutionssätenas
557 419 60 27 ringa
632 418 57 21 antal
704 417 132 29 härflytande

84 451 163 28 olägenheterna
265 452 6 20 i
289 451 97 28 betydlig
401 451 48 22 män
465 451 71 22 kunde
551 452 133 21 förminskas.
714 452 64 21 Detta
795 452 41 21 blir

82 485 107 27 nämligen
207 485 87 28 möjligt,
309 486 6 20 i
331 485 37 21 fall
384 485 70 28 nägon
470 486 51 21 eller
536 485 66 28 nägra
617 486 38 21 hos
671 486 166 21 öfverexekutor

83 519 96 21 anstälde
202 519 126 28 tjenstemän
347 519 52 22 eller
413 519 22 22 af
450 520 77 21 honom
547 519 69 22 dertill
635 520 101 21 särskildt
753 520 83 21 förord-

82 553 56 21 nade
153 561 102 20 personer
269 553 23 21 fä
307 554 33 27 sig
355 553 119 29 uppdraget
488 557 32 18 att
535 557 44 18 mot
593 554 104 26 bestämd,
712 554 59 28 billig
786 557 50 18 taxa

83 587 41 22 och
146 587 68 22 under
228 589 233 27 tjenstemannaansvar
475 588 131 28 tillhandagä
620 591 71 25 parter
706 588 47 21 med
768 588 69 21 hand-

82 622 79 27 lingars
176 622 125 28 ingifvande
316 622 33 21 till
363 622 166 22 öfverexekutor
543 625 55 18 samt
613 622 80 21 besluts
706 622 40 22 och
755 622 80 28 utslags

82 656 111 21 utlösande
209 656 41 22 och
265 656 171 22 öfversändande
446 657 32 21 till
490 656 166 22 vederbörande.
681 656 80 22 Vidare
770 657 65 21 borde

82 693 71 26 parter
176 690 37 22 vid
235 691 107 21 anlitande
363 691 23 21 af
405 691 222 21 underexekutorerne
646 691 85 21 komma
745 692 7 20 i
767 691 69 29 ätnju-

82 725 64 21 tande
161 725 23 21 af
199 725 40 22 den
255 725 88 27 lättnad,
358 728 31 18 att
404 726 27 21 de
446 726 68 21 under
529 726 57 21 vissa
601 726 105 21 förbehäll
722 726 114 28 berättiga-

83 759 38 22 des
145 762 30 19 att
197 760 48 21 med
262 762 75 26 posten
353 760 31 21 till
400 760 102 21 exekutor
517 760 129 22 öfversända
661 760 126 28 handlingar
802 760 34 21 för

83 794 122 22 erhållande
226 795 23 21 af
264 795 167 28 verkställighet,
446 795 88 21 likasom
550 795 41 21 ock
606 798 31 18 att
651 795 24 21 få
689 795 89 21 influtna
792 802 44 14 me-

83 828 34 22 del
137 829 27 28 på
185 836 79 14 samma
284 831 42 19 sätt
343 830 33 27 sig
391 829 179 21 tillhandahållna.
586 843 26 2 —
628 829 44 21 Det
686 837 16 13 s.
718 829 19 21 k.
752 837 84 21 promo-

83 863 203 27 torialförfarandet,
306 864 83 21 hvilket
410 864 34 20 för
463 864 131 21 närvarande
613 864 37 21 vid
665 864 60 28 fräga
741 872 34 13 om
791 864 44 28 lag-

82 898 91 28 sökning
194 898 40 21 och
256 899 119 27 utmätning
397 898 44 22 stär
462 899 104 27 borgenär
585 898 32 21 till
633 898 54 22 buds
702 898 45 22 ifall
763 898 72 28 gälde-

82 934 76 20 närens
180 932 53 28 gods
255 932 50 22 eller
327 932 42 22 han
391 932 50 29 sjelf
460 933 66 21 finnes
542 934 57 20 inom
615 936 64 18 annat
694 932 142 22 öfverexeku-

81 967 132 22 torsomräde
235 969 26 19 än
284 967 38 21 der
343 967 131 29 borgenären
490 968 44 26 bor,
548 967 39 21 har
601 967 48 21 icke
664 970 81 18 ansetts
761 967 51 21 böra
828 968 7 20 i

82 1002 138 28 lagförslaget
243 1005 112 25 upptagas,
377 1004 50 19 enär
448 1002 137 28 borgenären,
600 1002 68 21 under
682 1002 153 28 förutsättning

82 1039 32 19 att
134 1036 107 21 anlitande
264 1036 23 21 af
309 1036 157 22 ofvanberörda
488 1038 90 26 utvägar
595 1036 140 28 möjliggöres,
751 1036 40 20 kan
807 1036 28 28 på

82 1074 65 18 annat
161 1072 42 20 sätt
218 1071 84 21 komma
317 1070 105 28 hastigare
437 1071 32 21 till
484 1070 65 22 målet
563 1072 27 20 än
605 1070 50 22 med
665 1070 138 28 begagnande
812 1070 24 21 af

82 1105 213 29 promotorialvägen,
309 1105 111 21 hvarutom
437 1105 35 21 det
488 1105 67 21 måste
571 1112 60 14 anses
648 1105 81 21 mindre
739 1104 97 28 lämpligt

82 1142 37 24 att,
134 1139 70 21 såsom
219 1138 60 22 fallet
294 1141 23 19 är
331 1138 37 22 vid
383 1139 164 28 ifrågavarande
562 1139 129 25 förfarande,
706 1138 42 22 låta
764 1139 71 21 öfver-

83 1174 102 21 exekutor
207 1173 89 28 fungera
319 1173 24 21 så
365 1176 32 18 att
415 1176 51 25 säga
486 1174 71 21 såsom
572 1174 163 21 kommissionär
749 1173 35 21 för
799 1180 37 14 en-

83 1208 56 21 skild
155 1210 52 26 part.

150 1242 44 21 För
209 1241 66 28 öfrigt
289 1241 50 29 ingå
354 1242 7 20 i
377 1243 11 20 1
405 1242 48 28 kap.
468 1242 22 21 af
505 1242 41 21 den
562 1242 121 28 föreslagna
698 1242 137 27 utsöknings-

82 1276 62 28 lagen
166 1276 105 21 särskilda
293 1276 164 28 bestämningar,
474 1276 90 21 afsedda
584 1279 31 18 att
631 1275 78 21 bereda
723 1277 65 26 utväg
803 1276 33 20 till

82 1310 151 22 modifierande
255 1310 55 21 efter
332 1310 209 28 omständigheterna
561 1310 22 21 af
602 1309 234 29 utmätningsväsendet

82 1344 28 27 på
132 1344 77 19 sådant
227 1345 47 24 sätt,
295 1350 45 13 som
359 1346 119 17 motsvarar
492 1344 27 19 de
533 1344 70 19 lokala
618 1343 162 20 förhållandena
795 1343 40 20 och

82 1376 108 22 behofven
205 1375 28 29 på
247 1376 70 21 skilda
332 1379 61 18 orter.
416 1376 12 21 I
443 1376 67 21 likhet
525 1376 49 21 med
589 1375 58 22 hvad
659 1376 35 21 för
704 1375 131 22 närvarande

81 1410 67 29 gäller
162 1410 39 21 har
216 1410 104 28 nämligen
337 1409 133 29 kronofogde
485 1410 90 21 likasom
593 1410 116 27 magistrat,
720 1409 38 22 der
766 1409 70 22 denna

82 1447 24 19 är
120 1445 185 27 utmätningsman,
321 1444 124 28 berältigats
460 1447 32 18 att
506 1444 34 21 för
552 1443 107 22 bestämdt
670 1443 45 28 fall,
723 1443 55 22 dock
787 1443 48 22 med

150 1484 131 23 Lagutskottets
293 1484 110 18 betänkande
414 1483 36 18 N:o
463 1485 17 17 5.
