1045 1717
464 131 45 23 N:o
528 132 22 23 8.
830 130 25 21 13

129 197 94 29 ordning
243 197 131 23 förekomma
396 204 82 16 samma
493 198 134 28 stadganden
642 198 7 22 i
664 198 59 22 förra
739 198 60 22 delen
815 198 22 22 af
850 199 33 21 ta-

129 232 62 22 riffen
207 232 68 22 under
291 232 11 27 8
318 234 13 19 4
347 232 39 22 och
400 232 7 22 i
423 232 106 22 särskilda
544 235 94 19 moment
653 232 24 22 af
690 233 11 27 &
721 234 31 20 14.

200 266 12 28 $
228 268 13 20 5
256 266 118 22 innehåller
388 266 135 22 föreskrifter
539 273 34 15 om
589 266 26 22 de
626 267 108 21 allmänna
744 266 140 27 undantagen

129 300 49 21 från
194 300 41 22 den
250 300 7 22 i
273 300 25 28 $$
314 302 12 20 3
342 300 39 22 och
396 302 14 20 4
426 300 104 28 stadgade
546 300 219 28 stämpelskyldighet.
790 301 95 21 Motsva-

130 334 69 22 rande
213 334 133 22 föreskrifter
362 334 116 23 återfinnas
493 336 8 21 i
516 335 122 22 hufvudsak
653 336 70 21 under
738 336 11 27 $
768 336 26 21 14
810 334 22 22 af
841 334 44 28 gäl-

129 369 66 22 lande
216 369 133 28 förordning.
378 369 71 22 Bland
472 370 26 22 de
521 370 116 28 ändringar
658 376 45 16 som
725 370 103 28 vidtagits
850 370 35 21 mä

129 403 124 23 framhållas
269 404 130 28 stadgandet
414 410 34 16 om
464 404 156 28 stämpelfrihet
629 404 34 22 för
673 404 211 26 helsovärdsnämnd,

127 439 95 27 hvilken,
238 439 49 22 med
302 439 100 22 afseende
418 440 12 21 &
446 439 26 22 de
486 440 81 27 vigtiga
578 440 108 21 allmänna
696 440 108 21 intressen
815 439 71 21 denna

130 474 138 21 kommunala
290 474 124 27 myndighet
436 476 167 25 representerar,
627 475 84 21 ansetts
729 474 55 21 böra
800 473 85 28 ätnjuta

131 508 113 22 enahanda
269 508 162 27 stämpelfrihet,
454 515 46 16 som
522 508 120 29 medgifvits
657 507 227 28 fattigvärdsstyrelse,

131 542 109 22 äfvensom
255 542 137 23 föreskriften
407 549 35 15 om
457 543 156 27 stämpelirihet
622 542 34 22 för
666 542 88 23 skrifter
764 542 121 22 inlemnade

130 577 35 21 till
180 577 39 22 och
234 577 59 22 bevis
308 576 115 23 utfärdade
439 577 23 22 af
475 578 194 27 postsparbanken.

201 612 11 27 8
229 613 12 20 6
256 611 118 23 innehåller
388 612 8 21 i
412 611 123 23 alfabetiskt
553 612 111 28 uppställd
681 611 60 23 tariff
752 611 134 23 föreskrifter

131 653 35 16 om
181 647 92 26 stämpel
288 647 33 21 för
337 646 157 28 afhandlingar,
509 647 133 28 upprättade
658 647 23 21 af
694 647 39 21 och
748 646 90 22 emellan
849 652 37 15 en-

131 681 75 22 skilda.
233 681 75 22 Såsom
324 681 23 22 af
354 681 137 28 inledningen
502 681 32 22 till
546 682 70 21 denna
627 681 11 28 $
649 681 94 27 framgår
754 681 39 21 och
802 681 29 26 pä
841 681 45 21 sätt

131 716 67 21 redan
215 716 87 27 antydts
317 715 40 22 har
373 715 41 22 den
429 715 125 28 förändring
570 715 101 28 vidtagits
683 717 39 25 att,
733 715 77 22 medan
821 716 65 21 stäm-

131 750 178 28 pelpligtigheten
331 750 33 21 för
387 750 107 21 enskildes
516 749 129 27 handlingar
660 749 67 27 enligt
742 756 29 15 nu
787 749 100 27 gällande

131 785 127 27 förordning
273 785 98 21 inträder
384 784 56 22 först
455 791 35 14 om
505 785 39 21 och
559 786 40 19 när
614 785 63 21 dessa
691 784 129 27 handlingar
830 783 56 22 före-

131 821 34 20 tes
180 818 57 22 inför
252 818 95 27 offentlig
361 818 130 27 myndighet,
507 819 67 26 enligt
588 818 243 27 författningsförslaget
849 818 37 21 ak-

131 854 48 27 tier,
196 853 141 28 obligationer
352 853 40 22 och
410 853 73 22 vexlar
498 855 55 20 samt
568 853 7 22 i
590 853 57 22 vissa
661 853 37 21 fall
714 853 60 22 äfven
791 853 94 26 checker,

132 888 192 27 depositionsbevis
346 888 40 21 och
408 887 184 28 försäkringsbref
610 888 54 21 böra
686 888 67 21 redan
771 887 36 22 vid
822 886 64 28 utgif-

131 923 81 22 vandet
227 923 83 22 äsättas
324 923 98 26 stämpel.
447 923 109 27 Derjemte
570 922 40 22 har
624 923 34 21 uti
673 922 71 22 denna
759 922 63 27 tariff,
833 922 54 21 lika-

131 964 47 16 som
193 957 7 22 i
216 957 110 22 tarifferna
348 957 69 22 under
441 957 24 28 $$
489 958 13 21 3
518 957 39 22 och
572 958 14 20 4
601 957 22 22 af
635 956 250 29 författningsförslaget,

131 993 137 26 uppräknats
290 992 140 27 undantagen
452 992 48 22 från
524 993 41 21 den
580 992 7 21 i
603 993 34 27 S:n
659 992 111 28 påbjudna
785 991 102 28 stämpel-

132 1027 156 27 skyldigheten.

200 1061 71 22 Bland
294 1061 68 27 öfriga
376 1061 168 28 bestämningar,
560 1067 45 16 som
620 1060 77 23 införts
713 1061 8 21 i
736 1061 71 22 denna
822 1059 63 28 tariff,

132 1096 63 22 torde
209 1096 93 27 följande
316 1096 55 21 böra
385 1096 103 21 särskildt
503 1095 129 22 framhällas.

200 1130 138 22 Beträffande
361 1131 109 25 aktiedref
488 1131 40 21 har
551 1130 41 22 den
611 1130 154 27 obligatoriska
785 1130 102 27 stämpel-

132 1165 88 22 skatten
236 1167 83 20 ansetts
334 1165 54 22 böra
402 1165 118 22 fastställas
536 1165 33 22 till
584 1171 81 16 samma
679 1165 85 27 belopp,
780 1171 46 16 som
841 1165 46 27 gäl-

131 1200 66 21 lande
210 1199 126 28 förordning
350 1199 105 28 påbjuder
465 1200 36 21 vid
510 1199 124 22 företeende
645 1199 22 22 af
676 1199 58 22 aktie
744 1199 57 22 inför
811 1199 76 22 offent-

133 1234 30 27 lig
177 1234 130 27 myndighet.

201 1268 76 23 Säsom
299 1268 63 22 ofvan
384 1268 68 22 redan
474 1269 127 22 framhällits
623 1275 63 21 synes
701 1269 122 22 inkomsten
839 1268 48 22 frän

133 1304 235 27 stämpelbevillningen
382 1304 55 21 utan
453 1304 113 27 olägenhet
576 1304 74 21 kunna
661 1304 52 21 ökas
721 1304 79 27 jemväl
810 1310 77 20 genom

133 1338 138 27 päbjudande
293 1338 23 21 af
336 1344 26 14 en
377 1338 122 26 förhöjning
514 1339 7 19 i
536 1338 179 26 stämpelskatten
731 1338 13 20 &
760 1338 128 26 douppteck-

133 1373 198 27 ningsinstrument.
361 1372 50 21 Med
434 1372 99 21 afseende
547 1372 54 21 härä
615 1372 64 21 hafva
695 1372 59 21 säväl
769 1372 119 21 skattesat-

133 1412 71 21 serna,
227 1412 47 16 som
297 1406 39 22 ock
350 1406 68 27 öfriga
433 1406 160 28 bestämningar
608 1412 35 15 om
658 1406 181 27 stämpelafgiften
854 1405 34 22 för

133 1440 94 23 nämnda
242 1442 131 21 instrument
388 1440 153 23 underkastats
557 1440 119 28 väsentliga
690 1440 158 27 förändringar,
859 1440 28 28 pä
