1025 1723
214 128 27 20 42
520 128 44 24 N:o
584 129 21 23 4.

185 194 63 22 ofvan
272 195 50 21 eller
338 195 60 27 eljest
413 196 7 20 i
436 196 60 21 detta
511 196 81 26 kapitel
608 197 24 19 är
649 195 109 27 stadgadt,
774 195 63 21 lände
854 195 36 21 det
907 195 34 21 vid

185 228 292 28 borgenärsförteckningens
493 229 139 27 uppgörande
643 229 31 21 till
685 229 150 26 efterrättelse,
847 235 34 15 om
892 229 47 26 alla,

185 263 82 21 hvilkas
290 264 45 21 rätt
358 262 23 22 af
394 263 119 28 ändringen
528 263 93 27 beröres,
638 265 36 20 äro
691 270 34 15 om
741 263 123 22 densamma
880 269 59 20 ense;

185 298 55 22 dock
262 299 36 21 mä
320 298 214 22 öfverenskommelse
549 299 7 21 i
571 299 55 22 strid
648 298 49 22 med
717 300 26 20 27
760 299 11 27 $
788 300 13 20 2
815 304 63 16 mom.
895 298 46 22 icke

186 332 79 22 träffas.

530 375 26 20 34
572 374 19 28 8.

254 413 70 22 Sedan
340 414 280 27 borgenärsförteckningen
640 414 69 21 blifvit
725 414 107 27 uppgjord
847 414 39 21 och
902 420 39 15 un-

184 447 140 28 derskrifven,
336 448 90 27 uppläse
437 449 234 21 auktionsförrättaren
682 448 125 22 densamma
817 449 55 20 samt
883 448 58 21 med-

186 482 45 22 dele
253 482 68 28 tydlig
343 483 159 22 underrättelse
526 483 60 22 äfven
602 489 34 16 om
652 483 68 28 öfriga
734 483 207 27 försäljningsvilkor

185 517 39 21 och
247 517 102 22 särskildt
372 523 34 15 om
421 519 68 20 sättet
503 517 33 22 för
551 519 89 26 utropet
655 517 39 22 och
710 517 65 27 tiden,
793 517 27 22 då
834 517 107 28 köpeskil-

184 551 72 28 lingen
272 551 40 22 sist
327 552 54 21 skall
396 558 52 15 vara
463 552 85 27 gulden.

532 623 27 21 85
576 622 18 27 $.

254 661 87 22 Utmätt
360 661 43 22 fast
419 662 103 27 egendom
537 663 63 27 säljes
616 663 6 21 i
637 662 100 28 uppslag,
753 662 38 22 der
807 663 16 27 ej
840 662 101 28 gäldenä-

186 703 38 15 ren
247 696 45 22 före
315 698 89 25 utropet
427 697 82 27 begärt,
532 699 34 20 att
587 697 154 28 försäljningen
761 698 34 21 må
811 697 37 22 ske
863 697 7 21 i
886 704 55 21 upp-

185 731 40 21 och
240 730 73 28 afslag.

532 773 26 21 36
575 773 18 27 $.

254 811 58 22 Skall
334 811 127 28 försäljning
484 812 37 22 ske
544 819 76 20 genom
639 814 64 26 utrop
720 813 6 21 i
741 819 55 21 upp-
811 813 40 21 och
867 813 73 27 afslag,

185 846 128 22 bestämmes
336 845 55 23 först
407 847 202 27 uppslagssumman
625 853 77 21 genom
716 847 45 22 bud
777 847 38 22 och
831 847 109 27 öfverbud,

184 881 34 21 till
240 882 48 21 dess
304 882 67 27 något
386 882 73 21 vidare
474 881 44 23 bud
534 882 17 28 ej
568 884 68 26 göres.
667 882 100 22 Derefter
781 883 66 21 varde
862 882 79 22 dubbla

185 916 101 27 beloppet
301 916 23 22 af
338 916 36 22 det
390 916 23 22 af
423 917 228 27 utmätningsmannen
662 918 12 20 å
684 916 129 29 fastigheten
824 920 59 20 satta
893 920 48 20 vär-

186 951 36 20 det
244 950 60 27 lagdt
326 951 34 21 till
379 951 202 28 uppslagssumman
598 951 39 22 och
652 951 131 28 egendomen
799 952 95 27 utropad
908 952 34 22 för

184 985 163 28 sammanlagda
361 986 108 27 beloppet,
485 986 86 27 hvilket,
588 993 34 14 om
638 986 36 22 det
684 987 18 27 ej
713 987 83 27 bjudes,
807 987 134 28 småningom

185 1026 76 21 genom
278 1019 67 28 afslag
361 1020 94 22 minskas
471 1021 32 21 till
519 1021 48 21 dess
582 1021 72 26 någon
670 1023 63 26 säger
749 1038 7 9 ,
762 1021 69 27 mitt",
844 1021 51 22 eller
905 1021 36 22 be-

185 1053 74 28 loppet
274 1054 91 27 nedgått
381 1054 32 21 till
428 1054 56 21 hvad
499 1054 55 22 först
564 1055 7 21 i
582 1055 92 27 uppslag
684 1055 131 27 bestämdes;
827 1055 38 22 och
876 1056 65 21 varde

185 1088 92 21 sålunda
292 1088 89 22 erhållet
396 1089 44 21 bud
455 1089 48 21 med
513 1089 113 27 klubbslag
637 1089 132 22 bekräftadt.
791 1090 70 21 Hafva
871 1090 70 22 under

186 1122 173 28 afslagsutropen
370 1124 37 20 två
422 1123 51 22 eller
487 1123 51 22 flere
553 1124 29 27 på
596 1129 27 16 en
638 1124 57 27 gång
710 1126 64 25 ropat
791 1141 9 9 ,
803 1125 69 26 mitt",
887 1125 54 21 skall

185 1157 117 22 auktionen
318 1157 93 22 derefter
426 1157 76 22 endast
518 1157 89 22 emellan
623 1158 46 21 dem
685 1158 71 27 fortgå
770 1159 8 20 i
793 1159 97 27 uppslag,
903 1159 39 22 och

186 1192 28 21 då
227 1191 107 22 blifvande
350 1192 77 27 högsta
441 1192 68 21 budet
524 1193 29 27 på
568 1199 81 15 samma
664 1194 45 20 sätt
723 1193 125 22 fastställas.

532 1263 26 19 87
575 1263 18 26 g.

253 1295 43 26 Äro
319 1299 50 22 flere
392 1300 126 27 fastigheter
540 1303 132 25 gemensamt
695 1303 95 20 utmätta
811 1301 34 22 för
860 1308 81 15 samma

184 1334 95 27 fordran,
303 1333 51 22 eller
369 1334 61 22 skola
445 1334 50 22 flere
510 1334 33 22 för
558 1341 82 15 samma
655 1335 187 28 fordringsbelopp
858 1336 82 21 inteck-

184 1369 56 22 nade
254 1369 127 28 fastigheter
396 1369 32 21 till
443 1369 107 28 gäldande
565 1369 62 22 deraf
640 1370 76 27 säljas;
733 1370 27 21 då
775 1371 61 26 skall,
851 1370 90 22 såframt

186 1404 26 21 de
233 1403 64 22 hafva
319 1410 80 15 samme
421 1410 70 21 egare,
514 1403 55 23 först
585 1406 64 26 utrop
666 1404 23 22 af
702 1405 74 28 hvarje
791 1405 102 28 fastighet
908 1405 33 22 för

185 1439 33 27 sig
234 1439 38 22 och
288 1439 66 22 sedan
370 1439 23 22 af
407 1439 42 22 alla
464 1441 132 25 gemensamt
612 1446 39 20 ega
666 1447 49 14 rum
731 1441 62 26 samt,
810 1441 37 21 der
859 1441 36 21 det
905 1447 36 21 ge-
