1059 1723
316 124 83 24 Ständ.
414 124 38 24 Sv.
467 138 27 3 —
508 126 72 27 Prop.
595 126 42 23 N:o
652 126 21 22 4.
811 126 27 22 27

112 187 123 29 inteckning
257 188 35 21 vid
314 188 124 28 försäljning
459 189 23 23 af
502 190 43 22 fast
566 190 104 28 egendom
685 190 129 26 bibebållits,
829 190 40 22 har

112 221 111 23 föreskrift
238 222 74 22 härom
326 222 71 22 blifvit
411 224 70 22 införd
495 224 8 21 i
518 224 70 22 denna
602 224 104 27 paragraf.

387 326 113 30 Förslaget
514 327 34 23 till
555 328 133 28 förordning
703 327 112 29 angående
830 330 38 20 än-

319 362 65 28 dring
399 362 27 28 af
437 362 15 28 $
466 362 29 22 15:
500 362 114 29 sjölagen
629 362 27 28 af
666 362 42 23 den
722 362 10 22 9
738 362 57 22 Juni
804 362 64 27 1873,

318 396 80 22 sädant
420 397 56 22 detta
499 397 85 28 lagrum
606 396 60 28 lyder
683 397 9 22 i
710 396 158 29 förordningen

319 431 41 22 den
375 431 25 22 11
415 431 118 22 November
546 431 66 22 1889.

181 501 135 22 Beträffande
338 501 37 22 det
389 502 7 21 i
411 502 60 21 detta
485 502 83 27 lagrum
582 501 75 28 gjorda
679 501 74 28 tillägg
768 501 101 22 hänvisas

111 536 31 21 till
158 535 55 22 hvad
229 536 35 21 vid
282 536 28 21 10
324 537 14 26 8
352 536 14 21 5
381 537 49 26 kap.
446 536 186 28 utsökningslagen
647 536 89 22 anförts.

180 565 74 33 Öfriga
269 571 7 20 i
291 570 245 29 författningsförslagen
551 571 101 26 vidtagna
674 571 114 26 ändringar
802 571 9 21 i
824 570 44 22 for-

110 604 52 23 melt
176 605 121 22 hänseende
312 605 62 22 torde
388 605 48 22 icke
451 605 96 22 erfordra
562 605 56 22 skild
633 605 131 27 motivering.

180 742 50 22 Med
237 743 100 22 afseende
352 744 13 21 &
379 744 150 22 meddelandet
544 745 7 20 i
566 744 40 21 den
622 743 78 27 nädiga
708 743 160 27 propositionen

110 777 74 22 derom
200 779 32 20 att
247 777 105 22 särskilda
367 778 170 22 administrativa
552 777 138 28 stadganden,
698 783 46 16 som
759 777 109 22 erfordras

111 812 32 21 för
158 811 184 29 kompletterande
351 812 23 22 af
380 819 29 15 nu
424 812 162 28 ifrägavarande
593 812 138 27 lagstiftning,
743 812 84 21 komme
834 814 34 21 att

110 847 7 21 i
126 847 68 22 sinom
202 847 32 22 tid
246 847 103 27 utfärdas,
357 847 69 23 tillåta
434 848 32 27 sig
474 847 119 23 Ständerna
601 848 32 21 att
640 847 65 21 bland
712 846 155 28 förhållanden,

111 882 72 22 hvilka
198 882 90 22 sälunda
302 882 68 22 borde
385 882 77 22 ordnas
477 883 8 21 i
499 882 153 27 sammanhang
668 881 49 23 med
732 882 135 27 utsöknings-

109 918 73 27 lagens
197 917 103 23 trädande
316 918 6 21 i
336 918 140 27 tillämpning,
490 917 122 23 framhälla:

180 987 21 26 1)
216 986 75 28 frägan
306 986 109 28 angäende
430 986 134 27 stadsfogdes
578 986 133 22 tillsättande
726 986 40 22 och
779 992 35 16 om
828 987 39 21 vil-

110 1022 66 21 koren
191 1022 33 21 för
239 1021 123 22 erhällande
378 1020 22 22 af
414 1021 65 22 sädan
495 1020 127 28 befattning,
638 1021 7 21 i
664 1021 81 22 hvilket
767 1020 99 23 afseende

109 1056 19 27 ej
144 1056 56 22 blott
214 1055 84 23 krafvet
312 1056 28 27 pä
354 1056 67 26 högre
436 1056 194 27 kompetensvilkor
653 1057 50 20 utan
718 1055 40 23 ock
773 1055 27 27 pä
815 1056 52 21 stäl-

109 1091 63 22 lande
187 1090 23 22 af
223 1090 64 28 nödig
302 1090 100 22 säkerhet
417 1090 33 22 för
466 1090 192 22 omhänderfäende
668 1090 70 22 medel
748 1090 62 22 torde
824 1090 42 22 för-

108 1126 59 27 tjena
181 1125 130 27 beaktande;

178 1160 22 26 2)
216 1160 132 22 anställande
363 1159 23 23 af
400 1166 16 16 s.
432 1160 22 21 k.
468 1160 188 22 kommissionärer
673 1160 39 21 hos
728 1158 138 23 öfverexeku-

109 1198 85 20 torerne
209 1196 7 18 i
232 1195 98 22 ändamål
352 1196 33 20 att
407 1196 47 21 mot
476 1194 106 28 faststäld,
605 1194 60 28 billig
679 1196 51 20 taxa
744 1194 40 22 och
798 1195 69 21 under

108 1230 156 28 tjenstemanna
286 1235 78 17 ansvar
386 1230 132 26 tillhandagä
531 1230 73 27 parter
619 1229 49 22 med
682 1228 137 28 handlingars
834 1230 32 22 in-

108 1264 100 28 gifvande
222 1265 33 21 till
270 1265 163 21 öfverexekutor
448 1266 55 20 samt
512 1265 81 21 besluts
604 1264 40 22 och
658 1264 81 28 utslags
754 1264 112 22 utlösande

107 1300 65 27 jemte
188 1298 168 23 öfversändande
371 1299 33 21 till
419 1298 167 28 vederbörande,
602 1310 28 4 —
645 1305 25 15 en
686 1298 82 28 ätgärd,
779 1298 86 22 hvilken

108 1334 24 22 sä
146 1333 86 27 mycket
246 1333 68 22 hellre
328 1333 67 22 borde
406 1334 73 21 ställas
490 1334 8 21 i
506 1334 97 26 förening
610 1334 48 21 med
665 1332 201 28 utsökningslagens

109 1366 110 22 införande
240 1372 47 16 som
309 1366 144 22 afskaffandet
475 1366 24 22 af
519 1366 37 21 det
577 1366 33 21 för
632 1365 132 22 närvarande
783 1366 83 27 mycket

108 1401 95 21 anlitade
218 1400 272 28 promotorialförfarandet
497 1400 53 27 eljes
558 1406 51 16 vore
624 1400 78 27 egnadt
714 1401 32 20 att
753 1400 113 21 framkalla

108 1435 182 29 betänkligheter;
306 1436 38 21 och
