1028 1714
217 148 28 19 44

191 215 29 19 till
233 215 92 25 gäldande
344 215 59 25 deraf
421 214 106 24 användas,
548 214 45 20 böra
612 214 21 19 de
652 214 38 19 alla
710 213 26 25 gå
751 214 9 19 i
776 220 24 13 en
814 213 125 26 försäljning,

186 249 29 25 på
231 250 38 18 sätt
283 249 10 19 i
307 249 28 19 37
348 247 15 28 $
378 250 50 24 sägs.

532 322 26 20 37
582 324 18 23 8.

258 380 43 19 När
322 379 47 26 flere
389 379 109 26 fastigheter
516 379 25 25 gå
563 379 9 19 i
591 386 24 12 en
636 378 123 26 försäljning,
782 378 55 26 skall,
860 378 82 21 såframt

190 414 24 20 de
235 414 59 20 hafva
317 420 74 14 samme
412 420 64 19 egare,
498 414 49 20 först
567 415 58 24 utrop
640 414 20 18 af
674 413 68 26 hvarje
757 413 94 25 fastighet
866 413 30 20 för
911 413 32 26 sig

191 449 36 19 och
241 448 62 20 sedan
317 448 20 19 af
351 448 38 20 alla
402 450 124 23 gemensamt
536 454 37 19 ega
583 454 44 13 rum
638 450 57 22 samt,
707 448 35 19 der
752 448 33 19 det
795 454 148 19 gemensamma

191 484 80 25 utropet
293 483 61 24 högre
376 482 78 25 utfallit,
470 482 54 20 detta
539 483 61 25 gälla;
616 482 38 20 och
669 482 61 20 varde
744 482 7 20 i
766 484 24 23 ty
807 482 35 20 fall
859 482 83 20 erhållet

191 517 110 20 öfverskott
315 517 26 25 på
355 517 25 20 de
395 519 122 23 gemensamt
528 517 96 26 utropade
634 517 143 25 fastigheterna
787 517 96 20 fördeladt
892 518 51 19 efter

191 551 38 20 den
244 551 30 20 för
288 551 67 25 hvarje
369 551 95 25 fastighet
478 551 74 25 bjudna
567 551 137 25 köpeskilling.

259 579 87 26 Tillhöra
364 585 142 25 fastigheterna
530 585 62 20 skilde
614 591 62 19 egare,
699 585 51 20 skall
764 585 67 26 hvarje
846 585 95 26 fastighet

191 620 29 19 för
235 619 31 26 sig
280 619 31 20 till
326 619 116 26 försäljning
457 622 87 23 utropas.
575 619 54 26 Stiga
643 619 17 26 ej
676 619 69 20 dervid
760 620 143 25 fastigheterna
912 620 30 19 till

191 653 22 20 så
228 654 48 25 högt
297 654 78 25 belopp,
397 656 29 17 att
449 654 38 19 den
509 655 80 19 utsökta
606 654 114 25 fordringen
734 654 49 20 eller
797 660 64 13 annan
877 656 65 19 sämre

192 690 39 17 rätt
245 688 82 25 egande,
341 688 6 19 i
363 688 45 20 dem
422 691 125 22 gemensamt
561 689 105 19 intecknad
676 689 80 19 fordran
764 689 47 19 fullt
821 689 38 19 kan
869 689 68 25 gäldas

192 723 48 18 eller
261 723 52 24 stiga
335 722 25 20 de
377 722 31 20 till
422 722 54 19 detta
491 723 72 25 belopp
578 723 48 19 eller
640 723 61 24 högre
716 723 37 19 och
768 723 36 19 har
817 723 17 25 ej
850 729 58 18 egare
922 723 21 20 af

192 756 65 25 någon
279 756 59 19 bland
360 756 141 25 fastigheterna
523 757 31 19 för
572 757 64 19 denna
650 757 53 24 gjort
718 757 71 25 högsta
803 757 97 25 anbudet;
917 757 25 20 då

192 791 58 19 varde
272 791 38 18 alla
331 791 141 24 fastigheterna
494 793 124 23 gemensamt
640 791 101 25 utropade.
771 791 30 20 Gå
820 791 17 26 ej
860 791 34 20 vid
909 791 34 20 det

191 831 147 18 gemensamma
359 827 79 22 utropet
460 825 142 24 fastigheterna
616 825 56 20 öfver
686 825 148 25 sammanlagda
849 825 92 26 beloppet

191 859 19 18 af
225 859 39 20 det,
279 865 43 13 som
337 858 75 25 bjudits
428 859 33 18 vid
476 859 24 19 de
516 859 98 19 särskilda
628 861 96 23 utropen;
740 859 48 20 eller
802 859 25 25 gå
839 859 25 20 de
874 859 67 26 högre,

191 893 36 19 och
249 893 90 24 erlägger
359 892 71 25 någon,
453 899 42 13 som
518 893 34 19 vid
573 893 62 19 första
656 893 144 25 försäljningen
816 895 80 18 stannat
911 893 30 20 för

190 927 71 25 högsta
283 927 61 19 budet
359 926 12 20 å
385 927 72 19 honom
480 927 87 25 tillhörig
588 927 99 25 fastighet,
709 929 71 23 genast
794 927 30 20 till
838 927 103 21 auktions-

191 962 116 19 förrättaren
316 961 52 19 hvad
378 962 19 18 af
407 961 131 20 öfverskottet
549 962 119 20 tillkommer
680 962 121 25 borgenären
813 962 47 20 eller
869 968 72 19 annan,

191 1002 42 13 som
248 996 50 19 efter
312 996 72 19 honom
394 996 36 19 har
440 1002 114 18 gemensam
564 996 114 25 inteckning
688 996 6 19 i
705 996 151 26 fastigheterna;
871 996 70 20 stånde

191 1030 32 19 vid
238 1031 61 19 första
310 1030 142 25 försäljningen
463 1030 44 20 fast.
527 1030 10 20 I
549 1032 60 18 annat
616 1030 34 20 fall
665 1030 52 26 gälle
732 1031 50 19 sista
796 1031 145 25 försäljningen,

191 1064 36 19 och
243 1064 60 20 varde
317 1064 129 20 öfverskottet
462 1064 95 20 fördeladt
572 1064 66 20 såsom
653 1071 51 19 nyss
719 1067 23 17 är
757 1065 63 25 sagdt.

259 1098 62 20 Hafva
343 1098 34 20 två
399 1098 48 20 eller
466 1099 48 19 flera
533 1099 20 19 af
567 1099 141 25 fastigheterna
723 1105 75 13 samme
813 1105 62 19 egare,
892 1100 50 19 skall

189 1132 43 22 ock,
247 1132 36 20 der
297 1132 38 19 han
350 1132 33 20 det
398 1132 63 25 äskar,
476 1135 125 22 gemensamt
616 1134 58 24 utrop
690 1133 19 19 af
724 1133 24 19 de
760 1133 73 19 honom
843 1133 99 25 tillhöriga

191 1166 142 26 fastigheterna
347 1172 37 20 ega
399 1173 50 13 rum.

258 1200 97 20 Betäcker
369 1200 16 26 ej
402 1200 157 26 köpeskillingen
580 1202 31 19 för
631 1201 66 25 någon
720 1201 59 20 bland
799 1202 143 25 fastigheterna

191 1234 76 26 belopp,
291 1241 43 13 som
356 1235 60 19 derur
430 1235 36 19 bör
480 1235 49 25 utgå
544 1235 44 19 med
603 1235 96 20 företräde
714 1236 80 19 framför
808 1236 39 20 den
863 1236 79 20 utsökta

191 1268 124 25 fordringen
310 1264 9 34 ;
331 1268 49 19 skall
395 1268 143 25 försäljningen
553 1269 19 19 af
587 1269 38 19 den
641 1269 94 25 fastighet
749 1270 82 19 förfalla.

537 1354 26 19 38
580 1354 17 24 8.

257 1416 70 20 Häftar
341 1417 102 24 egendom,
458 1416 26 26 på
498 1417 66 25 grund
581 1417 20 19 af
615 1417 117 26 inteckning
747 1417 48 21 eller
812 1419 61 25 enligt
888 1419 51 20 stad-

189 1451 88 25 gandena
300 1457 33 13 om
354 1451 80 25 ogulden
455 1451 134 26 köpeskillings
611 1453 44 23 rätt,
678 1452 30 20 för
730 1453 146 25 nyttjanderätt
893 1453 48 20 eller
