1028 1717
418 126 44 24 N:o
482 128 21 22 3.
805 127 12 20 9

163 194 75 22 Kunde
261 194 41 22 den
324 194 119 27 brottslige,
466 195 28 26 på
517 194 68 28 grund
600 194 23 22 af
636 188 38 28 sitt
689 194 157 23 innehafvande

97 229 90 26 embete,
209 229 72 21 känna
295 229 160 27 krigsmaktens
469 229 103 27 ställning
587 230 53 21 eller
654 230 147 26 väsendtligen
815 230 31 21 bi-

97 263 63 21 träda
175 263 133 22 främmande
324 264 59 20 makt
398 264 7 20 i
421 264 102 21 händelse
538 263 23 22 af
575 264 47 26 krig
633 264 48 21 med
691 264 71 27 Ryska
772 264 74 26 Riket;

97 297 86 21 straffes
199 298 47 20 med
262 298 88 21 tukthus
365 298 47 21 från
429 298 38 21 och
483 298 47 21 med
545 304 36 15 sex
597 298 33 21 till
646 298 39 21 och
701 298 48 21 med
765 298 42 21 tolf
815 299 30 21 år.

448 386 11 20 6
475 385 19 27 8.

164 424 70 22 Hafva
256 425 36 21 två
314 425 52 21 eller
388 425 50 22 flere
461 425 76 22 aftalat
553 427 32 20 att
600 425 54 27 begå
670 425 176 26 landsförräderi;

96 459 84 21 straffes
204 459 78 22 enhvar
305 459 24 22 af
350 460 54 27 dem,
427 460 34 21 för
476 459 66 22 sådan
559 459 119 28 stämpling,
694 460 48 21 med
758 459 88 22 tukthus

95 493 48 22 från
158 494 40 22 och
213 494 49 21 med
278 496 31 20 ett
324 495 33 21 till
373 495 39 21 och
428 495 47 21 med
491 495 46 22 åtta
552 495 31 21 år.

448 581 49 28 78.

165 621 46 22 Har
234 622 47 27 den,
304 623 23 20 åt
349 622 85 21 hvilken
456 622 124 27 uppdragits
603 622 96 27 fördrags
719 621 127 28 afslutande,

97 656 52 21 eller
163 656 179 27 underhandling,
359 657 51 21 eller
425 657 96 21 fattande
536 656 23 22 af
572 657 70 21 beslut
657 657 7 20 i
675 656 85 27 ärende,
772 656 77 21 hvaraf

98 691 73 27 Ryska
193 691 75 22 Rikets
292 693 44 19 rätt
358 691 53 22 eller
433 691 102 22 säkerhet
550 691 70 26 beror,
636 691 135 28 uppsåtligen
787 691 61 21 miss-

97 725 79 22 brukat
192 725 58 22 detta
265 725 124 22 förtroende
405 726 32 21 till
453 726 111 27 uppenbar
579 726 68 21 skada
662 725 33 22 för
707 725 70 26 Riket,
789 725 57 27 eller,

98 759 37 22 der
151 760 61 21 dessa
226 760 95 27 fördrag,
337 760 196 28 underhandlingar
548 761 52 21 eller
615 760 70 22 beslut
701 760 49 21 bort
760 760 87 27 hemlig-

98 793 74 28 hållas,
189 795 47 21 dem
252 795 140 27 uppenbarat,
404 795 51 22 eller
471 797 51 20 utan
537 795 32 22 lof
582 795 91 27 utgifvit,
684 795 53 21 eller
747 795 101 27 kungjort

97 829 102 28 handling
214 830 6 21 i
236 829 76 22 sådant
326 830 87 27 ärende;
429 830 82 22 straffes
527 830 47 22 med
590 830 89 21 tukthus
694 829 47 22 från
751 829 39 22 och
800 830 48 21 med

97 863 36 22 två
157 864 33 21 till
210 864 38 21 och
263 865 47 20 med
326 865 30 20 tio
372 865 30 21 år.
432 860 43 26 Äro
491 865 208 27 omständigheterna
714 865 134 26 synnerligen

99 898 128 26 mildrande;
243 905 51 15 vare
308 899 83 22 straffet
406 899 89 22 tukthus
510 899 7 21 i
533 899 63 27 högst
611 899 36 22 två
662 901 30 19 år.

165 933 81 22 Försök
262 936 24 19 är
301 934 116 21 straffbart.

167 968 45 21 Har
234 968 205 27 underhandlingen,
462 969 115 26 rådslaget,
600 969 92 20 beslutet
715 968 52 21 eller
782 968 66 21 hand-

98 1002 71 26 lingen
190 1001 69 22 blifvit
273 1003 81 26 kunnig
368 1002 33 22 för
417 1009 70 15 annan
501 1009 83 21 person,
600 1003 51 21 eller
666 1003 40 20 har
720 1003 128 26 handlingen

99 1036 90 22 kommit
203 1035 6 22 i
226 1036 78 22 dennes
319 1037 63 27 hand,
398 1037 39 21 och
453 1037 139 27 uppenbarar,
603 1036 92 28 utgifver
704 1037 53 21 eller
767 1037 82 27 kungör

98 1071 42 20 han
162 1071 134 27 uppsåtligen
318 1071 64 28 något
406 1072 66 27 deraf,
492 1072 67 21 ehuru
574 1072 43 21 han
633 1073 35 20 vet
683 1073 32 20 att
730 1071 64 22 saken
810 1071 39 22 bör

98 1105 69 22 hållas
190 1105 89 28 hemlig;
303 1106 86 21 straffes
413 1107 48 21 med
483 1106 95 28 fängelse
594 1106 18 27 ej
629 1105 67 22 under
712 1107 30 20 ett
758 1105 23 22 år
797 1106 51 21 eller

98 1139 63 22 böter
176 1140 63 22 minst
254 1141 121 21 tvåhundra
390 1141 69 21 mark.

450 1222 12 20 8
479 1222 18 26 8.

167 1261 129 28 Förfalskar,
318 1262 87 26 förstör,
429 1262 85 26 skadar,
535 1261 150 22 undanskaffar
701 1261 52 21 eller
768 1261 80 21 undan-

99 1296 67 22 håller
189 1297 70 26 någon
274 1296 136 28 uppsåtligen
426 1296 109 27 handling,
552 1302 45 15 som
613 1295 115 22 innefattar
742 1295 59 21 bevis
816 1294 33 22 för

98 1331 73 26 Ryska
194 1331 74 21 Rikets
292 1333 43 19 rätt
358 1331 52 21 eller
425 1330 105 27 säkerhet,
547 1330 39 22 och
602 1332 34 19 vet
651 1330 43 20 han
710 1329 139 27 handlingens

99 1366 53 26 vigt;
176 1365 84 21 straffes
283 1365 48 21 med
354 1364 89 22 tukthus
465 1364 48 21 från
530 1364 38 21 och
584 1364 48 21 med
647 1363 36 21 två
698 1364 33 20 till
747 1363 39 21 och
802 1363 48 21 med

99 1399 31 22 tio
146 1398 31 23 år.

169 1435 81 21 Försök
266 1436 24 20 är
304 1434 118 22 straffbart.
