1039 1717
207 159 27 26 22

402 163 29 22 U.
447 163 27 21 B.
490 175 26 3 —
532 158 73 32 Prop.
622 162 44 22 N:o
681 162 22 20 7.

631 230 50 26 28.

440 294 16 20 I
463 293 166 28 bolagsordning
640 292 35 28 för
685 292 119 25 aktiebolag
811 291 56 21 skall
874 298 56 20 upp-

383 330 72 26 tagas:

451 362 19 28 1)
495 363 94 26 bolagets
610 368 76 20 namn,
705 360 145 22 utmärkande
866 366 62 21 egen-

382 397 82 27 skapen
476 397 28 27 af
516 396 131 27 aktiebolag;

453 431 21 27 2)
493 432 41 20 den
549 432 34 19 ort
597 431 10 20 i
622 430 78 27 landet,
719 430 87 20 hvilken
821 429 56 21 skall
890 436 40 14 an-

382 472 33 14 ses
430 466 74 21 säsom
520 465 92 27 bolagets
627 464 96 26 hemort;

452 500 22 26 3)
492 499 115 28 föremålet
626 499 35 27 för
676 499 93 27 bolagets
783 498 146 24 verksamhet;

450 534 21 27 4)
491 534 96 27 beloppet
595 534 30 26 af
633 533 163 27 aktiekapitalet
808 535 58 18 samt
875 532 55 21 akti-

382 575 65 14 ernas
465 568 63 21 antal
542 568 39 20 och
595 568 35 21 det
645 568 81 27 belopp,
742 566 70 22 hvarä
827 567 24 21 de
867 567 62 27 lyda;

453 602 21 27 5)
493 602 110 21 huruvida
619 602 100 21 aktierna
733 602 60 20 skola
809 602 77 20 ställas
897 601 34 21 till

382 637 45 21 viss
442 644 54 13 man
511 637 51 20 eller
578 638 35 20 till
627 636 161 28 innehafvaren
794 644 7 16 ;

453 672 21 26 6)
494 671 64 27 tiden,
582 672 61 20 inom
666 671 86 21 hvilken
769 670 162 28 aktiekapitalet

381 705 11 21 i
405 705 37 21 sin
457 706 71 20 helhet
541 706 41 21 sist
597 706 56 21 skall
668 712 54 14 vara
736 705 119 25 inbetaldt
847 701 12 34 ;

455 740 19 27 7)
494 740 137 28 bestämning
645 747 34 14 om
690 740 93 27 bolagets
793 740 88 28 styrelse
892 740 39 20 och

381 774 37 27 för
432 774 60 21 huru
507 774 51 28 lång
574 775 33 21 tid
621 775 130 21 densamma
765 775 56 20 skall
830 776 71 24 utses;

453 808 21 24 8)
494 809 59 21 tiden
574 809 37 28 för
632 809 140 27 uppgörande
787 809 29 27 af
828 808 104 21 bokslutet

382 842 39 21 och
436 844 64 20 sättet
514 844 35 27 för
562 844 165 26 granskningen
742 843 28 28 af
782 844 94 26 bolagets
886 842 45 28 för-

382 877 113 27 valtning;

454 912 20 26 9)
494 913 64 26 tiden,
581 912 61 21 inom
663 912 87 22 hvilken
766 912 111 21 ordinarie
893 912 36 20 bo-

383 946 143 27 lagsstämma
541 947 56 21 skall
612 954 38 19 ega
665 954 65 18 rum;

451 982 35 24 10)
506 982 58 20 tiden
587 981 36 27 för
641 981 208 27 vinstutdelningen,
864 981 69 21 derest

383 1015 44 21 icke
438 1015 70 21 tidens
520 1016 161 20 bestämmande
693 1016 36 21 må
739 1016 12 20 å
764 1016 167 26 bolagsstämma

383 1049 130 26 ankomma
503 1045 15 34 ;
529 1052 58 18 samt

451 1084 31 26 11)
500 1086 64 19 sättet
579 1084 36 27 för
630 1084 179 27 bolagsstämmas
819 1091 114 14 samman-

383 1117 100 21 kallande
506 1118 38 21 och
563 1118 36 27 för
614 1118 72 27 öfriga
702 1118 229 26 tillkännagifvanden

382 1151 24 21 ät
422 1152 177 27 bolagsmännen.

632 1205 15 20 3
657 1191 24 44 $.

452 1261 84 26 Ingäs
558 1261 118 27 aktiebolag
698 1262 37 26 för
756 1261 45 19 viss
823 1261 38 26 tid,
882 1261 51 20 eller

382 1294 56 20 skall
460 1294 131 27 förändring
614 1294 29 27 af
654 1294 57 21 aktie
726 1295 29 26 af
765 1294 56 20 visst
834 1295 48 26 slag
898 1294 35 20 till

382 1328 72 21 sådan
475 1328 28 28 af
519 1330 72 20 annat
604 1329 47 27 slag
667 1329 90 23 tillåtas,
773 1328 52 22 eller
839 1329 94 27 utfästes

382 1362 36 28 för
440 1362 59 22 vissa
522 1363 69 21 aktier
609 1363 165 28 företrädesrätt
795 1363 97 28 framför
907 1363 24 21 de

382 1397 72 28 öfriga
478 1404 50 14 vare
542 1397 34 28 sig
592 1398 35 21 till
641 1398 114 27 utdelning
771 1398 51 21 eller
837 1398 10 20 i
861 1400 72 18 annat

382 1432 106 27 afseende,
510 1432 28 20 dä
558 1432 58 21 skall
630 1432 73 21 derom
719 1432 88 28 stadgas
821 1433 10 20 i
846 1432 84 28 bolags-

384 1466 128 28 ordningen.

245 1506 47 22 Lag-
305 1506 31 18 och
350 1506 180 18 Ekonomiutskottets
542 1506 112 18 betänkande
668 1508 36 16 N:o
718 1506 18 18 2.
