1042 1717
220 146 24 19 12
398 142 75 23 Ständ.
489 142 35 22 Sv.
539 154 28 3 —
583 142 64 28 Prop.
662 141 39 23 N:o
716 141 19 23 7.

188 208 38 22 till
240 208 102 22 beslutet
356 207 122 29 bidragit".
502 206 130 23 Ständerna
647 206 70 22 hafva
732 206 117 28 nämligen
865 208 78 20 ansett

188 242 41 22 det
248 242 105 29 åsyftade
374 242 130 22 ändamålet
521 242 83 22 lättare
620 241 79 22 kunna
713 241 67 21 ernås
796 240 97 22 sålunda
908 242 35 19 att

189 276 51 28 den,
256 284 49 15 som
320 277 52 22 icke
386 276 124 29 godkände
526 278 34 20 ett
575 276 84 26 beslut,
669 275 104 22 deremot
783 274 159 30 uttryckligen

189 311 77 22 inlade
284 312 37 21 sin
339 318 111 21 gensaga;
469 312 123 20 hvarutom
610 310 39 22 det
665 310 27 28 ju
711 314 24 17 är
750 310 88 28 tydligt
852 312 35 19 att
903 309 40 21 bo-

189 346 111 28 lagsman,
323 352 49 15 som
393 345 20 29 ej
437 346 61 20 varit
520 344 41 22 vid
579 347 113 19 stämman
710 344 122 28 tillstädes,
851 344 52 21 icke
919 346 25 19 är

189 380 109 28 ansvarig
312 380 37 22 för
364 380 107 21 beslutet.

258 415 12 22 I
285 417 26 20 27
327 416 13 26 8
356 416 34 25 (29
407 414 22 29 &)
453 414 126 22 behandlas
601 413 81 27 frågan
702 420 37 15 om
755 413 188 29 aktiekapitalets

190 449 105 29 höjande.
324 449 37 22 Då
382 449 67 29 dylik
472 449 137 29 förhöjning
631 448 68 22 alltid
719 449 53 21 sker
790 448 103 29 sålunda,
909 450 36 19 ati

190 484 158 28 aktiebolaget
368 484 109 29 inbjuder
499 484 38 21 till
560 483 113 28 teckning
696 483 25 22 af
738 491 46 21 nya
803 483 81 28 aktier,
901 483 43 21 och

190 519 139 28 stadgandet
348 520 9 20 i
381 521 9 19 1
412 521 13 25 &
441 526 37 14 om
494 519 121 21 simultant
629 518 192 29 grundläggande
836 517 26 22 af
874 517 70 28 bolag

190 553 64 29 förty
273 553 51 22 icke
343 554 55 21 härå
418 554 41 21 har
476 553 157 29 tillämpning,
652 553 70 21 äfven
740 560 37 14 om
795 553 45 21 alla
855 552 28 21 de
899 559 46 21 nya

191 588 105 21 aktierna
318 587 78 22 blefve
420 587 135 28 öfvertagna
575 587 26 21 af
618 587 163 22 förutvarande
802 587 142 28 bolagsmän,

191 622 41 21 har
254 625 13 19 2
289 629 67 14 mom.
375 622 8 21 i
406 622 127 27 anledning
555 621 68 22 häraf
639 621 191 28 omformulerats,
846 621 99 23 hvarvid

191 656 69 22 äfven
278 656 159 28 uttryckligen
455 655 164 28 föreskrifvits,
636 657 34 20 att
685 656 166 29 förhöjningen
867 656 26 22 af
906 656 39 23 ak-

191 691 146 28 tiekapitalet
352 691 66 27 skall,
436 691 70 21 sedan
522 690 206 29 aktieteckningen
744 690 112 29 slutförts,
868 694 77 19 anmä-

190 725 35 22 las
246 725 37 22 till
304 725 207 29 handelsregistret
531 725 8 22 i
558 725 44 22 den
621 725 106 28 ordning,
747 733 48 14 som
811 733 38 14 om
864 725 81 30 bolags

192 760 107 22 bildande
314 763 26 18 är
355 760 104 28 stadgad.

259 795 35 21 På
308 795 76 28 grund
399 795 27 21 af
438 795 45 21 den
498 795 153 28 uteslutning,
668 802 48 14 som
727 797 40 26 egt
774 802 51 15 rum
836 795 8 22 i
856 798 10 19 1
878 802 67 15 mom.

192 829 26 21 af
236 832 25 20 26
282 831 13 25 &
311 831 33 24 (28
361 831 33 25 $),
411 829 42 22 har
467 830 8 20 i
493 833 9 18 1
520 836 67 15 mom.
603 828 25 22 af
643 832 25 19 28
685 831 12 25 S
713 830 36 27 (30
765 831 20 26 8)
801 829 59 22 efter
875 829 71 22 orden

192 871 64 19 nvare
274 866 56 19 utan
351 863 87 22 verkan
457 866 48 19 mot
520 864 142 28 bolagsman,
679 864 60 21 som"
755 864 104 28 infogats
875 864 71 22 orden

194 900 114 26 ,motsagt
330 897 100 22 beslutet
449 898 56 21 eller
528 898 56 29 eljes
604 898 46 21 kan
672 898 55 27 visa,
745 900 34 19 att
793 899 45 21 han
853 898 91 23 dertill*

191 933 61 27 (icke
267 932 117 29 bidragit).
394 945 26 3 —
430 933 34 22 Ur
479 937 12 18 4
507 940 67 15 mom.
587 933 7 21 i
604 933 146 22 sistnämnda
757 934 110 27 paragraf
875 933 71 22 hafva

192 967 70 22 orden
280 967 53 28 ,der
348 967 65 28 fråga
428 971 25 17 är
468 974 38 14 om
521 975 29 14 en
566 970 48 19 mot
631 970 25 19 19
671 969 9 26 $
695 967 117 22 stridande
823 967 124 30 utdelning

192 1001 68 22 eller"
282 1001 45 22 fått
350 1002 74 21 såsom
445 1001 152 29 öfverflödiga
623 1003 62 27 utgå,
709 1006 54 17 enär
789 1002 39 21 det
853 1002 94 22 dermed

192 1035 94 23 afsedda
304 1036 48 27 fall,
372 1036 76 21 derest
468 1036 181 29 bolagsstämma
669 1036 97 22 beslutit
785 1037 160 28 utdelningen,

193 1071 116 22 allaredan
332 1071 128 22 innefattas
480 1071 7 22 i
509 1074 11 19 3
544 1078 67 15 mom.
633 1071 49 28 och,
699 1078 36 15 om
751 1072 72 28 något
837 1074 110 19 stämmo-

192 1105 77 22 beslut
284 1105 20 28 ej
320 1105 133 28 föreligger,
471 1100 67 34 ingår
553 1105 73 22 under
641 1106 138 27 stadgandet
794 1107 8 20 i
825 1111 4 17 4
846 1113 101 15 momen-

192 1142 46 19 tets
254 1139 144 22 återstående
414 1139 43 22 del.

261 1174 191 28 Propositionens
473 1178 25 19 33
518 1176 13 25 &
545 1174 130 22 innehåller
691 1175 127 28 stadgande
833 1182 37 14 om
886 1175 61 22 bola-

192 1210 52 27 gets
267 1208 135 29 skyldighet
426 1211 35 18 att
482 1209 39 21 till
544 1209 144 28 inskrifning
710 1209 8 21 i
740 1209 207 28 handelsregistret

192 1243 90 20 anmäla
296 1242 165 28 förändringar
477 1243 9 21 i
501 1243 106 28 bolagets
618 1243 97 27 styrelse
727 1243 42 21 och
781 1250 36 14 om
827 1243 120 28 påföljden

192 1277 37 21 för
244 1276 100 28 bolaget,
361 1276 95 28 sålänge
471 1277 45 21 slik
533 1276 105 22 anmälan
652 1276 51 22 icke
715 1277 68 21 skett.
799 1277 36 21 Då
845 1277 102 22 emeller-

193 1310 34 22 tid
246 1310 8 21 i
275 1310 39 22 det
333 1310 37 22 till
390 1310 143 22 Ständernas
547 1310 144 30 behandling
701 1311 120 29 förelagda
835 1312 112 29 förslaget

192 1345 38 22 till
245 1344 138 30 förordning
397 1346 119 28 angående
532 1345 195 29 handelsregister
742 1346 53 22 med
809 1354 62 14 mera
880 1346 68 30 ingår

193 1380 147 28 bestämning
362 1380 8 22 i
392 1380 59 22 båda
474 1380 67 22 dessa
562 1380 131 28 afseenden,
714 1381 69 22 hafva
811 1381 136 28 Ständerna,

192 1414 74 23 under
284 1414 170 30 förutsättning
475 1418 34 19 att
535 1415 69 23 sådan
624 1415 138 30 förordning
777 1416 82 22 varder
876 1417 71 22 utfär-
