1025 1723
130 811 34 24 88

130 915 33 23 89

203 120 26 20 56
398 119 29 23 U.
443 119 28 22 B.
488 132 27 2 —
530 119 108 28 Prop.
640 125 22 16 N:o
677 119 23 22 4.

177 186 158 28 bestämningar
361 187 66 21 sakna
451 187 57 21 dock
531 187 24 21 sä
576 187 34 21 till
631 187 51 21 vida
705 186 125 28 erforderlig
849 185 80 29 tydlig-

174 220 38 21 het
237 223 31 18 att
292 228 26 14 ur
343 221 108 21 desamma
474 221 48 21 icke
546 221 48 21 med
616 221 83 21 visshet
714 220 94 28 framgår
822 219 108 22 huruvida

175 254 80 29 nödiga
277 254 165 30 arbetsredskap
465 255 51 21 eller
530 255 65 21 andra
610 255 86 21 lösören
710 254 23 22 fä
747 255 134 27 undantagas
895 253 34 22 till

176 291 32 19 ett
230 289 155 29 sammanlagdt
407 290 78 28 belopp
505 290 23 21 af
543 297 54 21 resp.
613 291 27 20 30
655 289 40 22 och
712 290 26 21 75
754 289 59 22 mark
828 289 51 21 eller
894 296 35 14 om

176 323 164 29 arbetsredskap
357 324 40 21 och
413 332 69 14 annan
497 324 136 28 lösegendom
649 324 101 21 särskildt
764 324 35 21 för
813 324 32 28 sig
856 324 73 20 kunna

176 357 73 29 uppgä
274 358 32 21 till
331 358 67 28 sagda
426 359 70 21 värde.
525 358 53 22 Dels
598 358 48 22 med
662 358 102 22 afseende
779 358 52 22 härä
846 358 41 21 och
902 357 29 21 dä

176 392 36 22 det
237 392 66 22 äfven
328 396 59 25 synts
413 393 123 22 Utskottets
559 394 69 20 flertal
643 393 167 21 beaktansvärdt
825 395 32 19 att
871 392 60 22 med-

174 427 60 29 gifva
249 427 103 29 gäldenär
366 428 101 28 rättighet
482 431 31 19 att
527 429 7 20 i
548 428 40 22 fall
603 428 23 22 af
641 428 66 21 behof
717 428 121 28 undantaga
849 427 82 22 arbets-

176 462 99 29 redskap,
290 470 46 13 som
352 465 23 19 är
390 463 127 28 oumbärligt
531 463 34 21 för
575 463 53 21 hans
639 463 110 28 bergning,
761 462 66 22 äfven
837 470 35 13 om
880 462 51 21 dess

177 497 67 21 värde
266 497 129 29 öfverstiger
415 505 54 21 resp.
493 499 26 20 30
535 498 41 21 och
592 498 25 21 75
633 498 66 25 mark,
714 510 27 3 -—
757 497 131 28 exempelvis
903 504 27 13 en

177 532 108 27 symaskin
301 531 52 22 eller
367 535 65 18 annat
447 532 113 29 dyrbarare
575 532 98 29 redskap,
688 531 102 22 hvarmed
801 532 129 28 gäldenären

174 565 65 22 lifnär
261 567 39 27 sig,
316 579 27 3 —
365 566 39 21 har
418 566 101 28 gäldenär
533 567 81 28 tillagts
628 569 43 18 rätt
686 569 31 19 att
731 567 101 27 antingen
847 566 84 21 undan-

175 603 50 26 taga
252 601 131 28 oumbärliga
408 601 163 29 arbetsredskap
596 601 121 22 oberoende
742 601 23 21 af
787 601 62 21 deras
864 600 66 22 värde

177 635 51 22 eller
244 635 66 22 också
326 643 70 14 annan
412 635 137 29 lösegendom
565 636 32 21 till
614 638 30 19 ett
659 635 65 22 värde
739 636 23 21 af
777 643 54 22 resp.
847 636 26 21 30
889 635 41 22 och

178 671 26 21 75
220 670 64 27 mark,
299 670 118 29 hvarjemte
432 671 125 28 paragrafen
574 671 84 22 erhållit
673 674 31 18 ett
718 671 75 28 tillägg
807 671 7 21 i
829 670 57 29 syfte
899 673 32 18 att

176 705 128 22 tillerkänna
326 705 108 28 gäldenär,
450 713 44 14 som
511 706 18 28 ej
546 713 50 20 eger
611 705 164 29 arbetsredskap
791 705 32 21 till
837 704 93 22 nämnda

176 739 74 28 värde,
273 741 43 20 rätt
340 742 32 19 att
398 741 7 20 i
430 740 71 21 stället
522 740 122 28 undantaga
660 747 69 14 annan
744 739 138 28 lösegendom
897 739 34 22 till

178 782 80 14 samma
275 774 66 21 värde
357 774 52 21 eller
423 775 41 21 ock
479 774 49 22 med
542 774 66 22 sådan
625 775 104 28 egendom
744 775 53 28 fylla
812 774 119 22 skilnaden.

244 810 14 20 8
283 810 13 27 &
325 809 39 20 har
389 812 81 19 ansetts
494 809 84 28 påkalla
603 812 31 18 ett
658 809 165 29 förtydligande,
848 809 83 22 hvilket

176 843 194 28 vidhandengifver
385 846 31 19 att
430 844 127 28 paragrafen
572 844 78 21 hänför
664 845 33 27 sig
714 844 33 21 till
761 844 120 28 utmätning
896 843 35 21 för

175 878 117 26 underhåll,
307 885 46 14 som
368 878 70 28 någon
454 878 67 28 ålagts
537 880 31 20 att
582 878 32 21 till
630 879 61 21 make
707 878 51 22 eller
774 879 51 21 barn
840 878 90 28 utgifva.

244 912 60 21 Enär
332 920 75 13 senare
429 915 116 19 momentet
568 913 23 21 af
616 914 12 20 9
656 913 12 27 &
693 912 72 22 kunde
791 913 68 21 lemna
883 920 47 14 rum

176 946 35 22 för
226 946 40 22 den
282 947 103 27 tolkning,
401 949 30 19 att
446 946 89 22 landbos
551 947 51 21 eller
616 950 97 26 torpares
728 947 91 29 legorätt
833 948 48 21 icke
891 955 40 14 un-

176 981 39 21 der
238 981 67 29 några
330 982 181 28 omständigheter
534 982 56 28 finge
606 984 59 26 tagas
680 982 8 20 i
703 983 44 20 mät
761 982 35 21 för
810 982 55 28 gäld,
881 990 48 13 men

176 1023 26 14 en
219 1015 67 22 sädan
301 1016 56 27 äsigt
372 1016 18 28 ej
407 1023 62 21 synes
484 1016 65 21 hafva
564 1016 47 21 skäl
625 1016 35 21 för
675 1016 33 28 sig
723 1017 6 20 i
745 1016 26 21 de
783 1016 38 21 fall
831 1016 29 22 dä
871 1017 60 27 lego-

175 1052 71 19 rätten
261 1050 67 28 enligt
342 1049 76 22 aftalet
433 1050 72 22 derom
521 1050 34 21 fär
570 1054 51 17 utan
635 1050 137 28 jordegarens
787 1050 96 22 hörande
897 1051 34 21 till

176 1092 70 13 annan
269 1092 78 21 person
369 1084 123 27 öfverlätas,
514 1085 38 21 har
570 1084 113 23 Utskottet
697 1092 77 21 genom
790 1085 40 21 den
846 1086 7 20 i
869 1093 61 21 para-

176 1118 76 28 grafen
267 1119 75 28 gjorda
357 1119 132 28 uteslutning
503 1120 82 20 likstält
599 1119 91 22 landbos
706 1119 40 22 och
761 1123 96 25 torpares
872 1120 59 28 lego-

177 1154 49 25 rätt,
239 1154 3 19 i
253 1152 102 22 afseende
371 1152 13 21 ä
399 1153 110 29 möjlighet
524 1156 31 18 att
570 1155 75 27 utgöra
660 1154 91 20 föremäl
760 1154 35 21 för
804 1155 127 27 utmätning,

176 1186 50 22 med
248 1194 70 14 annan
341 1187 104 28 egendom
469 1187 51 21 eller
534 1188 107 27 rättighet,
657 1195 45 13 som
718 1188 7 20 i
741 1196 74 14 senare
830 1188 63 22 delen
908 1189 24 41 af

176 1223 118 19 momentet
308 1220 142 22 omförmäles.

244 1254 53 21 Med
313 1255 102 20 afseende
431 1255 125 21 särskildt
549 1250 12 36 &
574 1255 27 21 de
616 1256 127 20 simulerade
759 1256 59 26 aftal,
828 1256 103 21 hvarmed

175 1287 97 29 oredliga
296 1287 125 28 gäldenärer
445 1289 18 27 ej
490 1288 65 22 sällan
584 1289 52 21 söka
661 1289 128 28 stridiggöra
814 1290 117 28 borgenärs

174 1323 49 25 rätt,
245 1329 63 21 synes
333 1322 26 21 10
382 1322 45 27 &:ns
448 1322 135 29 bestämning
605 1322 72 22 derom
700 1326 37 24 att,
756 1323 27 22 då
798 1324 67 28 tredje
881 1332 49 14 man

174 1356 38 22 vid
235 1357 120 27 utmätning
377 1356 72 29 påstår
465 1358 32 28 sig
511 1364 52 15 vara
578 1365 62 21 egare
656 1358 32 21 till
703 1358 143 29 lösegendom,
861 1366 46 14 som
923 1360 7 20 i

175 1390 113 29 gäldenärs
312 1391 28 21 bo
362 1392 75 26 finnes,
455 1392 41 21 och
517 1392 75 29 bjuder
607 1392 111 22 sannolika
734 1393 45 22 skäl
795 1393 34 23 för
843 1393 89 29 ansprå-

175 1426 43 28 ket,
234 1425 190 29 verkställigheten
440 1427 18 28 ej
475 1426 53 22 skall
543 1427 74 21 vidare
634 1427 73 29 fortgå
721 1428 72 22 förrän
808 1429 79 21 tvisten
896 1436 35 14 om

242 1466 132 22 Lagutskottets
387 1466 109 18 betänkande
508 1469 36 16 N:o
557 1468 17 17 5.
