1045 1725
162 326 228 29 Förtullningsinlaga
420 327 66 27 jemte
518 328 53 22 bila-

191 368 40 21 KÖR
244 378 4 4 a
265 358 33 36 «ai
308 358 26 36 mia
351 378 4 5 1
373 358 12 36 mi
398 378 22 5 om
430 358 11 36 de
463 378 42 6 san
520 363 52 27 fria

162 395 184 35 Leveransanbud
353 397 34 22 till
395 399 57 25 post-
457 398 53 22 eller
514 398 58 27 jern-

191 431 207 29 vägsförvaltningen
412 449 4 4 .
434 449 4 5 .
454 449 5 5 .
476 449 26 5 ..
520 432 52 27 fritt

162 466 77 26 Libell,
255 465 44 23 lika
314 467 48 21 med
377 467 125 27 Exception.

161 500 134 30 Regvisition
316 502 14 21 &
352 502 82 27 anslag,
455 502 117 22 understöd

191 542 72 16 TMA,
289 553 46 5 on
355 534 45 36 homa
418 554 45 4 kin
480 554 26 5 an
520 537 38 28 fri

161 570 104 23 Reversal
280 571 13 22 &
307 572 133 28 inbetalning
458 589 5 5 .
479 590 5 4 .
501 590 4 5 .
534 573 39 21 fritt

162 606 82 22 Annan
265 607 82 28 inlaga,
373 607 70 22 såsom
466 608 105 28 anmälan,

191 641 104 28 skriftligt
310 641 118 23 anförande
443 649 28 16 m.
487 649 84 15 m....

161 676 28 21 B.
208 677 115 27 Bilagor,
332 679 52 20 utan
392 677 100 22 afseende
501 679 13 20 å
522 677 50 22 vidd

265 712 53 21 eller
332 712 76 22 arktal.

161 745 151 28 Borgesskrift
335 763 129 6 .......
502 764 70 5 0.

161 779 231 31 Dupletthandlingar,
402 783 38 20 der
448 783 81 21 sädana
537 789 35 15 en-

190 815 40 27 ligt
255 815 107 23 särskilda
384 817 134 22 föreskrifter
540 824 32 15 er-

191 849 101 23 fOrdras
287 845 10 40 ;
310 868 25 5 «+
352 849 10 25 sas
374 868 134 7 sua
480 845 31 40 ka
520 853 52 28 fria

161 884 114 23 Fullmakt
289 886 33 22 för
338 887 78 22 ombud
440 904 133 6 .......

162 920 203 30 Lånehandlingar,
386 922 26 22 då
428 923 26 21 de
469 923 103 22 inlemnas

190 955 34 21 till
246 956 105 22 Finlands
373 957 69 27 Bank,
465 958 49 21 med
537 958 36 22 det

191 990 111 28 undantag
317 991 34 22 för
366 992 66 27 vexel,
448 999 45 15 som
509 993 7 21 i
532 993 12 27 &
560 994 12 20 6

191 1026 88 21 NÄMNes
305 1042 199 7 ..........
523 1028 50 26 fria

845 1062 27 21 50)

936 747 30 22 50

936 887 32 22 501

936 1061 27 21 25

247 1118 111 28 Handling
381 1119 52 21 eller
457 1119 69 27 skrift,
545 1125 45 16 som
608 1119 65 27 enligt
688 1119 11 27 &
715 1120 13 20 6
744 1119 71 21 blifvit
829 1118 107 28 stämplad

179 1152 48 22 med
243 1153 69 27 högre
327 1153 61 22 valör
404 1155 26 20 än
446 1154 40 21 här
502 1153 62 22 ofvan
580 1153 101 28 angifves,
697 1153 101 22 behöfver
809 1153 53 22 dock
872 1153 25 28 ej,
909 1153 27 21 dä

179 1187 41 22 den
235 1188 71 21 säsom
321 1188 75 27 bilaga
412 1188 104 22 inlemnas
532 1189 52 20 eller
598 1190 76 25 upptes
684 1188 39 22 hos
735 1188 98 27 domstol,
844 1184 92 41 embets-

179 1222 51 21 verk
253 1223 53 20 eller
328 1223 133 27 myndighet,
484 1223 68 22 förses
572 1222 47 23 med
638 1223 125 27 ytterligare
778 1223 99 27 stämpel.

906 1222 32 21 Ar

180 1257 97 21 deremot
293 1257 105 26 handling
415 1258 53 21 eller
484 1257 64 22 skrift
564 1257 66 26 enligt
651 1258 5 25 $
672 1259 12 19 6
700 1257 119 26 stämpelfri
835 1257 52 20 eller
900 1257 37 20 be-

179 1289 50 27 lagd
245 1290 48 21 med
307 1291 61 26 lägre
386 1291 91 26 stämpel
492 1293 27 19 än
534 1291 109 21 ofvanföre
657 1291 95 26 stadgas,
763 1291 40 20 bör
813 1290 126 21 densamma

179 1324 34 21 vid
224 1324 138 22 inlemnande
373 1325 53 22 eller
437 1325 121 27 uppteende
568 1325 72 22 säsom
650 1324 72 27 bilaga
732 1324 69 22 förses
812 1324 7 22 i
829 1323 58 22 förra
898 1324 39 22 fal-

179 1358 30 22 let
225 1359 48 21 med
289 1359 23 21 sä
328 1359 43 27 hög
386 1360 99 27 stämpel,
500 1366 45 15 som
561 1359 31 22 uti
607 1359 135 22 förestående
752 1359 61 22 tariff
820 1358 69 23 finnes
900 1365 36 15 an-

178 1393 77 28 gifven,
276 1397 56 19 samt
347 1393 7 22 i
370 1400 76 15 senare
465 1394 118 22 händelsen
597 1394 49 22 med
656 1394 124 28 ytterligare
796 1394 92 27 stämpel
902 1393 34 22 till

178 1429 76 22 sädant
273 1429 78 28 belopp
375 1431 32 20 att
427 1429 189 28 stämpelafgiften,
631 1429 143 22 inberäknadt
790 1429 40 22 den
845 1429 90 27 tidigare

178 1465 73 21 äsatta
266 1464 114 28 stämpeln,
395 1463 83 29 uppgär
494 1465 34 21 till
542 1464 37 23 det
589 1464 32 22 för
632 1464 83 27 bilagor
725 1464 114 22 faststälda
849 1464 85 27 belopp.

246 1499 56 22 Jmfr
316 1499 7 22 i
339 1499 66 28 öfrigt
420 1499 26 29 $$
464 1500 11 21 7
492 1499 40 22 och
550 1500 32 21 13.
