1025 1725
208 126 27 20 84
513 125 43 24 N:o
576 127 23 22 4.

177 193 51 21 boet
244 192 51 21 derå
310 192 62 27 gjord
387 192 64 27 nödig
466 192 99 26 kostnad,
582 192 114 26 äfvensom,
714 192 37 21 der
763 192 66 26 något
840 192 13 20 å
864 191 68 21 andra

178 227 61 21 sidan
255 226 68 22 blifvit
340 226 90 27 erlagdt,
446 226 36 21 det
498 227 90 21 sålunda
603 226 83 27 utgifna
702 226 50 21 eller
768 226 48 21 dess
831 225 72 21 värde.

249 262 22 26 c)
285 261 46 21 Har
347 261 69 21 under
432 261 26 21 de
473 260 54 22 sista
541 260 75 22 trettio
633 260 93 27 dagarne
741 260 46 21 före
797 260 135 21 konkursens

177 296 76 27 början
269 295 130 28 gäldenären
414 296 71 26 ingått
496 295 59 26 aftal,
565 295 137 27 hvarigenom
712 295 50 26 han,
772 295 160 27 borgenärerne

178 330 33 22 till
232 330 91 28 förfång,
346 330 68 21 iklädt
430 330 32 28 sig
476 330 129 22 förbindelse
621 330 69 21 under
705 330 81 22 sådane
801 329 131 27 omständig-

177 365 62 22 heter
255 367 33 19 att
303 365 48 26 den,
367 365 48 21 med
429 364 85 22 hvilken
530 364 75 22 aftalet
619 364 89 27 ingicks,
723 364 47 22 haft
781 364 68 27 skälig
860 364 73 22 anled-

179 400 51 27 ning
245 401 34 20 att
293 400 39 20 hos
348 399 130 27 gäldenären
494 401 80 25 antaga
589 398 80 28 oredlig
686 398 70 28 afsigt,
767 400 69 26 gånge
847 399 39 21 ock
897 399 36 21 det

178 434 53 22 aftal
247 435 54 21 åter.

248 469 25 27 d)
287 468 46 22 Har
349 468 69 22 under
434 469 26 21 de
475 469 53 21 sista
543 468 75 22 trettio
635 468 94 28 dagarne
741 468 46 21 före
797 468 135 22 konkursens

178 504 76 27 början
270 504 130 26 gäldenären
415 504 69 21 betalt
500 504 69 25 skuld,
585 509 45 15 som
645 503 46 21 före
706 504 135 20 konkursens
856 502 76 28 början

178 538 47 22 icke
241 538 56 21 varit
312 538 34 21 till
360 538 110 27 betalning
485 537 108 27 förfallen;
610 538 68 27 gånge
694 538 40 21 den
749 537 111 27 betalning
876 538 56 25 åter;

178 573 188 28 fordringsegaren
392 573 54 21 dock
469 572 100 28 obetaget
592 573 33 20 att
648 572 7 22 i
677 572 124 22 konkursen
824 574 53 26 göra
900 572 32 21 sin

177 608 90 21 fordran
283 607 104 28 gällande.
411 608 10 21 I
436 608 61 27 fråga
512 614 34 15 om
560 608 65 26 vexel,
642 614 46 15 som
703 608 29 27 på
742 607 131 28 gäldenären
885 607 48 22 dra-

178 649 40 21 gen
235 645 30 24 är,
281 643 36 21 må
331 642 64 22 likväl
411 643 18 27 ej
446 643 59 21 talan
521 649 34 15 om
571 643 123 27 återbäring
710 641 23 22 af
746 642 66 21 redan
823 642 111 21 verkstäld

178 677 111 28 betalning
305 677 75 22 kunna
395 678 104 21 anställas
514 679 45 20 mot
575 684 71 15 annan
663 679 27 20 än
707 677 47 26 den,
766 677 34 21 för
809 677 64 22 hvars
883 677 50 21 räk-

178 713 52 26 ning
252 712 74 21 vexeln
342 712 80 27 dragen
440 714 30 25 är,
486 712 56 26 eller,
559 719 34 15 om
609 712 69 21 denne
694 713 24 20 är
734 711 130 50 gäldenären
879 711 53 28 sjelf,

178 748 58 19 emot
250 746 69 21 första
335 748 154 25 emottagaren.

248 781 21 27 €)
291 776 30 27 Är
343 781 69 21 under
428 781 26 21 de
469 781 52 21 sista
537 781 74 22 trettio
629 781 94 27 dagarne
738 757 47 45 före
798 781 135 22 konkursens

178 816 77 27 början
270 817 54 26 pant
339 815 23 22 af
375 815 130 28 gäldenären
520 815 86 22 lemnad
621 815 33 21 för
665 815 70 26 skuld,
748 822 45 15 som
803 816 66 21 innan
880 815 53 21 kon-

178 851 93 21 kursens
293 851 77 27 början
392 851 46 20 icke
458 850 88 21 förfallit
561 851 39 21 och
614 850 36 21 vid
665 850 64 21 hvars
745 850 105 21 tillkomst
865 850 68 21 sädan

178 885 102 22 säkerhet
296 886 17 26 ej
329 885 57 21 varit
400 884 108 28 betingad,
524 891 51 15 vare
590 884 179 28 pantsättningen
781 887 54 19 utan
846 885 87 21 verkan.

242 919 28 27 f)
285 920 46 21 Har
347 919 69 21 under
430 920 107 26 sistsagda
551 919 32 21 tid
593 918 33 22 för
637 919 70 27 någon
717 918 118 28 borgenärs
844 918 88 22 fordran

176 954 111 27 fastighet,
303 961 46 15 som
364 954 72 21 derför
451 954 47 22 icke
512 954 57 21 varit
584 954 129 26 underpant,
730 954 50 21 eller
790 954 142 27 lösegendom,

178 989 61 21 hvari
253 989 136 27 borgenären
404 989 18 26 ej
438 988 46 22 haft
499 990 106 26 panträtt,
622 988 69 21 blifvit
708 989 5 21 i
723 990 45 20 mät
778 990 76 26 tagen;
865 989 68 27 gänge

177 1024 38 20 det
237 1025 95 20 utmätta
352 1024 50 20 eller
424 1024 56 21 hvad
500 1030 75 20 genom
590 1023 127 27 försäljning
733 1023 61 21 deraf
807 1022 86 27 influtit,
910 1024 23 21 sä

178 1058 47 21 vidt
245 1059 36 20 det
297 1060 57 19 ännu
369 1057 69 22 finnes
453 1059 7 20 i
475 1058 195 26 utmätningsmans
686 1058 78 26 förvar,
780 1058 34 21 till
828 1058 106 21 konkurs-

179 1092 52 21 boet
248 1093 53 20 äter.

245 1127 25 27 g)
293 1126 46 21 Har
362 1126 109 27 egendom,
495 1126 85 21 hvartill
602 1126 158 27 borgenärerne
784 1132 38 21 ega
840 1127 93 20 ätervin-

176 1161 117 26 ningsrätt,
317 1161 90 20 kommit
422 1161 6 21 i
444 1161 69 26 tredje
535 1166 60 15 mans
618 1161 59 21 hand
699 1167 76 20 genom
790 1161 78 21 sädant
883 1161 50 27 fäng

178 1196 35 20 att
236 1195 69 21 denne
327 1194 68 21 finnes
419 1195 122 26 berättigad
564 1195 130 26 egendomen
717 1195 90 26 behålla,
836 1195 51 22 eller
910 1197 24 20 är

176 1229 134 27 egendomen
333 1228 61 27 eljest
416 1229 24 21 sä
463 1229 136 27 förskingrad
622 1229 51 21 eller
695 1229 96 22 förstörd
810 1231 33 19 att
858 1230 41 21 den
915 1230 17 27 ej

178 1263 124 20 återställas
317 1263 54 25 kan;
387 1264 65 19 varde
467 1263 148 20 konkursboet
630 1263 33 20 för
674 1264 33 19 sin
717 1263 79 21 förlust
807 1263 54 21 efter
871 1271 64 19 egen-

179 1297 88 20 domens
290 1296 66 21 värde
375 1298 69 19 ersatt
460 1295 22 22 af
496 1297 47 26 den,
559 1302 46 15 som
621 1297 130 26 egendomen
768 1296 23 21 af
803 1297 130 26 gäldenären

177 1329 96 22 undfätt.

248 1364 24 28 h)
288 1365 134 27 Inteckning,
438 1371 46 15 som
499 1365 68 20 under
583 1365 26 21 de
624 1365 53 21 sista
692 1365 76 22 trettio
785 1365 94 28 dagarne
888 1365 45 22 före

177 1399 140 22 konkursens
339 1399 76 28 början
438 1399 119 21 meddelats
572 1399 7 22 i
593 1399 142 27 gäldenärens
750 1399 57 22 fasta
823 1401 109 26 egendom,

176 1440 54 16 vare
245 1436 54 19 utan
314 1435 87 26 verkan,
416 1434 38 21 der
464 1434 46 21 icke
520 1434 151 27 inteckningen
682 1435 106 26 grundats
799 1436 12 21 å
821 1435 112 22 utfästelse
