1025 1723
200 135 26 19 28
506 134 43 24 N:o
569 136 22 21 4.

519 202 24 20 18
562 201 19 28 8.

239 241 58 22 Skall
320 247 72 15 annan
414 241 88 21 fordran
525 242 102 25 utmätas,
652 243 26 19 än
696 241 7 21 i
725 242 24 20 16
770 241 11 27 $
798 243 24 19 är
838 241 85 23 nämnd,

170 277 49 26 tage
242 275 227 28 utmätningsmannen
485 276 7 21 i
507 275 72 22 förvar
600 275 109 28 handling,
734 281 45 16 som
803 276 70 27 tjenar
891 275 31 21 till

169 310 58 22 bevis
251 316 33 16 om
307 310 131 27 fordringen,
456 311 38 21 der
516 311 67 21 sådan
603 310 104 27 handling
722 309 68 23 finnes
806 311 33 20 att
854 310 68 27 tillgå,

170 345 39 22 och
232 345 75 22 teckne
322 345 7 21 i
344 345 132 28 protokollet
497 345 78 22 förbud
596 345 34 22 för
653 345 47 27 den,
716 345 48 21 från
780 345 85 21 hvilken
881 344 42 22 for-

170 380 89 27 dringen
283 380 54 22 skall
360 381 59 26 utgå,
436 382 32 19 att
486 380 57 27 gifva
562 381 66 27 något
644 380 62 21 deraf
718 381 26 20 ut
759 380 33 21 till
808 386 71 15 annan
895 381 26 20 än

170 415 226 27 utmätningsmannen
412 415 51 22 eller
479 415 46 26 den,
542 415 32 21 till
589 415 85 21 hvilken
690 415 7 21 i
712 414 52 27 följd
775 414 23 21 af
806 414 117 21 utmätnin-

170 455 39 22 gen
233 449 142 28 gäldenärens
394 451 46 20 rätt
462 449 42 22 kan
527 450 85 21 komma
635 450 34 20 att
684 449 96 27 öfvergå;
804 448 39 22 och
858 449 66 21 varde

170 484 66 21 sedan
251 484 80 28 utdrag
346 491 27 14 ur
388 484 132 27 protokollet
535 491 76 21 genom
627 485 238 26 utmätningsmannens
881 483 42 22 för-

170 525 50 21 sorg
243 519 101 22 tillstälät
367 519 47 27 den,
432 519 85 22 hvilken
537 519 101 22 förbudet
658 519 55 22 skall
728 519 120 26 meddelas;
874 525 50 15 vare

170 554 54 21 dock
249 554 134 27 borgenären
407 555 76 26 pligtig
509 556 38 25 att,
571 555 38 21 der
633 554 228 27 utmätningsmannen
887 553 35 22 det

170 589 70 27 äskar,
263 589 121 21 kostnaden
407 589 33 21 för
462 589 112 22 förbudets
597 589 135 27 delgifvande
751 589 112 26 förskjuta.
894 583 30 26 Är

170 623 47 27 den,
233 623 84 22 hvilken
333 623 101 22 förbudet
449 624 55 21 skall
519 623 108 28 delgifvas,
643 625 61 20 utom
719 623 80 26 landet,
811 623 113 21 ankomme

171 659 12 20 å
198 658 134 27 borgenären
348 659 49 26 sjelf
411 660 33 19 att
460 659 143 27 delgifvandet
618 658 92 28 besörja.

237 693 63 21 Hvad
322 693 40 21 här
384 695 24 20 är
428 694 62 26 sagdt
509 700 33 15 om
561 693 88 22 fordran
668 693 55 27 gälle
740 693 38 21 ock
795 699 33 15 om
845 699 78 20 annan,

169 727 7 21 i
194 729 25 20 16
236 727 11 28 $
263 727 46 22 icke
333 728 80 21 nämnd
435 728 110 27 rättighet,
561 729 28 26 på
609 728 69 26 grund
697 727 78 22 hvaraf
788 729 66 26 något
869 727 53 22 skall

170 762 32 22 till
217 762 131 28 gäldenären
364 765 94 25 utgöras.

520 834 24 21 19
561 833 18 28 $.

238 873 100 22 Utmätes
362 873 114 27 gäldenärs
496 874 109 27 egendom,
622 880 45 15 som
682 873 69 22 finnes
766 874 7 20 i
789 879 84 16 annans
887 873 36 21 be-

170 907 96 28 sittning,
289 907 67 22 varde
376 907 153 23 innehafvaren
552 907 122 22 meddeladt
689 907 79 22 förbud
784 909 33 20 att
832 907 91 28 egendo-

170 948 48 15 men
241 942 97 21 utlemna
357 942 32 21 till
403 942 85 27 förfång
503 942 33 22 för
552 943 47 25 den,
616 942 32 21 till
663 942 86 21 hvilken
764 943 7 20 i
786 942 52 27 följd
854 942 22 21 af
889 944 34 19 ut-

169 977 124 27 mätningen
309 977 143 27 gäldenärens
467 979 45 20 rätt
527 978 42 21 kan
585 977 85 22 komma
687 979 32 20 att
735 977 91 28 öfvergå.

517 1053 26 21 20
559 1053 17 27 8.

237 1091 59 23 Skall
318 1092 123 27 utmätning
463 1092 33 21 för
518 1099 26 15 en
567 1092 88 22 fordran
671 1093 38 21 ske
725 1093 13 20 å
752 1093 60 26 gods,
828 1099 46 15 som
890 1099 31 14 re-

170 1127 42 22 dan
235 1129 24 20 är
281 1126 33 22 för
337 1133 72 14 annan
427 1126 88 22 fordran
531 1128 88 26 utmätt,
634 1133 51 15 vare
700 1127 36 21 vid
751 1133 77 15 senare
843 1128 80 21 utmät-

170 1162 78 27 ningen
271 1162 18 27 ej
313 1161 24 22 af
350 1161 77 27 nöden,
444 1163 33 20 att
500 1162 75 27 godset
590 1162 54 27 ånyo
663 1161 142 28 upptecknas,
821 1162 101 21 värderas

170 1197 51 22 eller
235 1196 110 27 förseglas.

237 1231 62 22 Hvad
323 1237 30 15 nu
376 1232 24 19 är
424 1231 63 26 sagdt
509 1231 54 27 gälle
583 1231 39 21 ock
638 1237 34 16 om
688 1231 122 27 utmätning
827 1231 22 22 af
862 1231 59 28 gods,

169 1271 46 16 som
229 1265 60 21 förut
305 1267 24 19 är
343 1265 88 26 belagdt
446 1266 48 20 med
510 1266 102 25 qvarstad
628 1265 33 21 för
675 1266 95 20 fordran.

517 1341 23 20 21
560 1339 18 28 8.

237 1380 99 22 Utmätes
359 1379 43 23 fast
425 1381 110 27 egendom,
551 1380 54 22 skall
625 1381 228 27 utmätningsmannen
869 1387 54 22 upp-

168 1416 60 22 rätta
243 1415 133 27 beskrifning
392 1416 38 21 och
447 1416 112 27 värdering
575 1414 106 28 deröfver;
702 1416 39 22 och
756 1416 55 28 gälle
826 1423 33 15 om
875 1419 47 20 vär-

170 1451 101 27 deringen
287 1450 56 22 hvad
357 1450 59 22 förut
432 1457 34 15 om
481 1451 114 27 värdering
610 1450 23 22 af
646 1450 32 22 lös
695 1451 103 27 egendom
813 1454 25 19 är
853 1452 68 28 sagdt.
