1064 1714
241 140 15 21 4
412 138 83 23 Ständ.
510 138 37 23 Sv.
562 151 28 3 —
604 139 74 26 Prop.
693 138 42 22 N:o
750 138 22 22 4.

215 207 64 19 vänta
293 204 107 28 synnerlig
414 206 60 24 nytta
488 204 52 21 eller
554 204 76 26 skada;
646 204 52 20 eller
714 209 33 15 om
763 204 43 21 han
821 205 24 19 är
860 205 58 25 parts
934 210 35 14 ve-

215 239 143 22 derdeloman.
395 238 45 21 Har
454 238 179 28 utmätningsman
652 237 12 22 å
682 237 103 27 tjenstens
804 240 80 25 vägnar
903 239 66 20 rätte-

214 274 55 26 gång
283 274 49 21 med
347 273 123 27 någondera
484 274 81 26 parten,
581 273 51 21 eller
648 272 62 22 söker
724 274 55 26 part,
793 272 65 22 sedan
870 272 64 22 målet
944 274 25 19 är

215 308 122 27 anhängigt,
353 308 39 21 sak
408 308 49 21 med
477 308 222 26 utmätningsmannen
714 308 52 20 eller
780 307 94 28 tillfogar
889 307 79 22 honom

215 343 64 26 något
294 342 49 21 med
358 342 38 22 ord
412 342 51 22 eller
478 342 94 27 gerning,
584 342 6 21 i
602 342 77 27 uppsåt
688 344 33 19 att
731 342 87 21 dermed
828 344 52 25 göra
890 342 79 21 honom

213 376 72 28 jäfvig,
301 377 35 21 det
351 376 55 22 skall
421 376 19 28 ej
456 376 33 22 för
501 376 33 27 jäf
547 377 85 21 räknas.

283 410 152 22 Förekommer
451 410 33 28 jäf
501 412 57 20 emot
573 410 131 28 kronofogde
720 411 51 21 eller
786 410 130 27 stadsfogde,
932 416 37 16 an-

214 445 54 22 mäle
283 446 43 20 han
341 445 37 21 det
392 447 75 25 genast
482 445 39 21 hos
536 445 169 27 öfverexekutor,
720 451 52 21 som,
789 445 38 21 der
834 445 67 27 jäfvet
912 445 57 27 pröf-

214 486 37 15 vas
273 480 80 27 lagligt,
376 480 112 21 förordnar
503 486 69 15 annan
594 480 180 27 utmätningsman
793 481 7 21 i
819 480 41 21 den
879 479 90 28 jäfviges

215 515 69 22 ställe.
307 509 65 26 Öfver
386 515 79 26 beslut,
481 520 45 15 som
541 516 8 20 i
561 514 117 28 jäfsfrågan
688 515 68 26 gifves
768 514 23 22 af
800 514 169 27 öfverexekutor,

214 550 35 21 må
263 549 78 27 klagan
356 549 19 27 ej
390 549 65 22 föras.

283 579 30 26 Är
333 584 7 21 i
358 584 48 21 stad
424 584 138 27 magistraten
581 585 186 26 utmätningsman,
782 584 56 27 gälle
852 585 45 20 mot
911 584 58 21 leda-

215 621 44 19 mot
274 618 23 21 af
311 619 137 26 magistraten
464 625 80 15 samma
556 618 37 27 jäf,
610 625 44 16 som
670 618 63 23 ofvan
748 621 91 20 nämnts.
862 617 39 23 Om
912 618 57 27 pröf-

215 653 50 27 ning
280 652 23 22 af
314 652 34 27 jäf
361 653 39 21 och
415 653 143 22 förordnande
573 653 23 21 af
610 653 79 27 ojäfvig
704 653 93 22 ledamot
811 659 50 16 vare
871 653 41 27 lag,
923 659 46 16 som

214 688 7 21 i
237 687 116 22 allmänhet
369 693 33 16 om
418 688 111 26 magistrat
544 687 33 22 för
591 689 23 25 ty
629 687 37 22 fall
682 690 24 19 är
721 688 106 27 stadgadt.

562 780 26 21 10
603 779 18 28 8.

283 836 187 27 Utmätningsman
485 837 55 22 skall
555 837 35 22 vid
606 838 32 21 sin
653 837 128 27 förrättning
796 837 62 22 hafva
873 837 49 21 med
937 837 32 26 sig

215 871 88 28 ojäfvigt
317 872 75 21 vittne.

283 905 88 22 Utföres
379 905 128 28 förrättning
515 905 22 23 af
544 907 116 27 magistrat,
670 912 49 15 vare
726 907 66 20 vittne
800 905 19 28 ej
828 905 140 28 erforderligt.

561 999 25 21 11
603 998 18 27 S.

281 1055 46 21 Hos
343 1054 163 22 öfverexekutor
522 1055 54 22 skall
595 1055 59 21 öfver
669 1055 167 27 utsökningsmäl
851 1055 58 21 föras
924 1057 44 19 sär-

213 1088 55 22 skild
284 1089 92 27 dagbok.

283 1123 186 29 Utmätningsman
484 1130 50 16 vare
550 1124 39 22 ock
604 1124 75 27 pligtig
694 1126 32 20 att
741 1124 57 21 hälla
814 1123 84 28 dagbok
909 1123 60 23 öfver

215 1158 42 22 alla
273 1158 225 28 utsökningsärenden,
514 1159 7 21 i
535 1159 72 21 hvilka
622 1158 53 22 hans
690 1158 76 28 ätgärd
781 1158 70 22 äskas.

281 1193 32 21 De
338 1194 97 21 närmare
458 1193 162 22 föreskrifterna
638 1193 108 27 angäende
762 1193 160 27 dagböckernas
937 1192 32 22 fö-

216 1228 65 21 rande
297 1227 108 22 meddelas
420 1234 77 20 genom
512 1228 91 22 särskild
618 1227 64 27 nädig
697 1228 130 26 förordning.

281 1260 32 21 Ur
333 1261 85 27 dagbok
440 1262 55 20 skall
515 1262 108 20 meddelas
642 1262 101 26 skriftligt
757 1262 65 26 intyg,
839 1264 39 18 när
892 1261 77 21 sädant

214 1294 95 26 begäres.

564 1351 60 28 12.8.

282 1404 170 28 Öfverexekutor
460 1410 79 28 åligger
548 1412 31 20 att
591 1417 55 20 noga
657 1411 62 26 tillse,
728 1410 55 22 huru
794 1411 26 21 de
827 1411 140 27 utmätnings-

213 1447 55 25 män,
279 1451 47 16 som
336 1445 67 22 under
413 1445 78 22 honom
502 1445 55 28 lyda,
566 1445 91 23 förrätta
671 1445 55 22 hvad
738 1446 46 21 dem
796 1445 65 28 enligt
872 1445 34 28 lag
916 1445 52 28 ålig-
