1070 1717
351 144 29 23 U.
395 145 28 22 B.
439 157 26 3 —
481 145 73 29 Prop.
569 145 45 23 N:o
629 146 24 22 4.
837 147 13 20 3

194 212 185 27 Borgareständet
406 214 39 20 har
458 214 8 20 i
481 214 114 26 anledning
613 214 21 20 af
649 214 69 20 denna
735 214 12 27 $
762 214 117 21 äterremit-

125 248 53 19 terat
198 246 135 27 lagförslaget
354 247 33 21 för
406 247 173 28 omformulering
599 248 7 19 i
625 247 36 21 det
675 247 56 27 syfte
747 249 29 20 att
791 250 41 19 rätt
846 248 32 21 till

123 279 88 22 införsel
230 280 7 20 i
252 280 138 28 gäldenärens
405 280 35 22 lön
457 280 51 22 eller
522 281 87 27 pension
624 281 70 21 blefve
709 282 62 20 äfven
786 282 92 21 framde-

123 314 32 21 les
175 313 126 28 bibehällen,
323 314 54 22 dock
399 314 89 22 sälunda
508 317 30 19 att
553 315 74 21 endast
642 322 27 14 en
684 315 106 28 tredjedel
805 316 21 20 af
840 316 38 21 lön

124 348 52 22 eller
196 349 89 27 pension
304 348 57 29 finge
376 352 59 25 tagas
455 350 6 20 i
480 350 91 28 anspräk
585 350 32 21 till
632 350 60 28 gälds
708 350 114 28 betalning,
838 351 40 21 och

123 382 160 29 ifrägavarande
298 383 35 21 del
347 384 22 20 af
384 384 63 21 lönen
462 384 52 21 eller
528 385 115 27 pensionen
655 384 119 22 fördelades
786 384 91 22 emellan

123 417 98 28 samtliga
243 418 132 28 borgenärer,
397 424 45 16 som
465 418 75 22 vunnit
559 418 93 28 införsel,
675 419 7 21 i
697 418 132 22 förhällande
845 419 32 21 till

123 451 158 29 fordringarnas
295 452 82 28 belopp,
392 453 87 21 hvarvid
494 453 78 27 jemväl
586 452 128 22 beträffande
729 453 27 21 de
766 453 67 27 öfriga
845 453 32 21 uti

124 485 141 22 betänkandet
286 486 105 28 ingående
413 487 211 28 författningsförslag
643 487 66 22 borde
724 488 95 28 vidtagas
834 488 41 20 den

124 520 160 28 omredigering,
300 528 45 14 som
359 521 22 21 af
395 522 137 21 nästnämnda
548 522 69 21 beslut
631 522 127 27 päkallades.

191 590 162 22 Bondeständet
375 590 44 28 har,
437 591 49 21 med
500 591 118 27 antagande
634 590 21 22 af
669 591 159 21 reservationen
844 591 32 21 IV

122 624 8 21 i
152 624 70 22 denna
238 624 39 28 del,
291 624 78 28 jemväl
387 624 160 23 äterremitterat
561 625 142 22 betänkandet
717 625 34 21 för
764 626 112 20 införande

122 659 22 21 af
165 659 130 28 stadganden
318 665 35 15 om
372 659 87 22 införsel
472 660 8 20 i
495 660 36 21 lön
546 662 54 19 samt
614 660 90 28 päpekat
718 662 31 20 att
763 660 91 27 ändring
868 660 7 20 i

123 694 13 27 $
158 694 13 20 8
194 694 21 21 af
236 694 316 28 promulgationsförordningen
574 694 60 21 häraf
654 693 69 23 blefve
739 700 26 15 en
780 695 95 21 nödvän-

123 728 35 28 dig
173 728 57 28 följd.
491 754 53 1 M
644 753 46 1 M
820 753 10 1 -

190 762 134 22 Beträffande
345 763 98 27 grunden
464 763 34 21 för
519 763 232 28 sammanjemkningen
774 764 21 20 af
815 763 59 22 Stän-

122 796 52 22 dens
196 797 70 21 beslut
288 798 7 20 i
317 797 70 22 denna
402 797 58 28 fråga
474 798 62 20 hafva
552 798 55 20 olika
622 797 112 28 meningar
749 798 125 28 visserligen

122 830 90 28 uttalats,
227 838 50 14 men
292 832 38 20 har
335 831 118 22 Utskottets
460 831 74 28 flertal,
542 834 69 19 ansett
618 834 36 24 att,
663 833 50 19 enär
723 832 103 27 Bergare-
836 832 39 21 och

121 865 175 23 Bondeståndens
312 866 70 21 beslut
395 866 103 21 innebure
509 872 26 15 en
549 868 95 19 närmare
655 866 219 22 öfverensstämmelse

120 900 79 22 mellan
215 900 41 22 den
276 907 42 20 nya
332 900 62 28 lagen
409 901 40 21 och
464 901 96 27 gällande
575 900 230 28 lagstiftning
716 896 9 36 i
730 900 75 28 ämnet,
813 901 62 21 dessa

121 937 77 19 tvenne
204 934 76 22 Ständs
288 935 69 21 beslut
363 935 66 21 borde
439 935 71 28 läggas
518 935 31 21 till
556 935 69 28 grund
632 935 33 21 för
673 935 201 27 sammanjemknin-

121 976 46 21 gen,
175 969 65 21 likväl
252 970 90 20 sälunda
356 971 30 20 att
400 969 64 28 nägot
478 970 100 21 afseende
589 969 47 21 icke
651 970 64 20 fästes
723 970 34 21 vid
770 970 104 28 Borgare-

120 1003 94 22 ständets
236 1006 82 19 ensamt
339 1004 87 21 stäende
447 1004 79 28 förslag
546 1003 129 22 beträffande
689 1003 148 29 fördelningen
853 1004 22 22 af

121 1038 41 21 den
184 1038 128 28 gäldenären
333 1045 78 21 genom
432 1038 88 22 införsel
540 1038 129 27 frängäende
693 1038 63 22 delen
772 1038 21 22 af
808 1038 66 22 lönen

120 1072 52 22 eller
192 1073 127 27 pensionen;
342 1073 39 21 och
404 1072 37 22 bör
461 1072 107 22 Utskottet
582 1073 56 26 förty
652 1072 119 22 framställa
787 1074 29 21 ett
831 1073 42 21 för-

119 1106 46 28 slag
186 1106 31 22 till
240 1106 110 22 införande
372 1107 7 21 i
400 1106 188 28 utsökningslagen
603 1106 21 21 af
639 1113 15 14 s.
670 1106 19 21 k.
704 1106 89 22 införsel
808 1107 8 20 i
830 1107 42 21 lön.

120 1141 38 21 Att
178 1141 54 21 dock
255 1143 50 19 utan
327 1141 72 21 vidare
419 1141 106 27 inrymma
543 1141 159 27 ifrågavarande
716 1141 157 21 rättsinstitut
862 1137 16 35 i

119 1175 42 21 den
182 1182 42 20 nya
247 1175 187 28 utsökningslagen
457 1176 37 20 har
516 1175 107 21 Utskottet
644 1175 47 21 icke
706 1177 69 19 ansett
789 1175 83 28 görligt.

119 1209 34 22 Då
173 1209 140 22 meddelande
332 1209 21 21 af
367 1209 87 21 införsel
468 1210 8 20 i
490 1209 74 28 sjelfva
581 1208 71 22 verket
666 1209 47 22 icke
729 1210 22 20 är
766 1210 64 20 annat
845 1211 27 19 än

118 1250 27 16 en
160 1244 73 28 åtgärd
247 1244 8 20 i
270 1243 99 22 afseende
385 1244 12 20 å
411 1243 157 27 verkställighet
583 1243 21 21 af
618 1242 55 28 dom,
688 1243 138 27 hvarigenom
836 1243 36 21 be-

117 1278 214 28 talningsskyldighet
345 1278 69 22 blifvit
429 1277 66 28 älagd,
511 1278 71 26 bryter
596 1277 97 28 gällande
702 1278 45 26 lags
755 1278 117 27 stadgande

117 1314 31 20 att
161 1312 87 22 införsel
264 1312 53 22 skall
332 1312 61 21 sökas
409 1312 39 22 och
463 1312 107 21 meddelas
586 1312 21 21 af
621 1312 42 21 den
678 1312 132 27 myndighet,
826 1318 46 14 som

118 1348 59 20 öfver
198 1346 139 28 gäldenärens
358 1346 35 20 lön
414 1346 39 20 har
472 1346 107 26 inseende,
599 1345 128 27 fullkomligt
742 1346 49 20 med
808 1346 64 20 den
857 1341 19 37 i

116 1380 136 28 lagförslaget
274 1379 137 27 genomförda
432 1380 118 26 grundsats,
571 1380 30 20 att
615 1378 28 22 all
659 1378 158 28 verkställighet
833 1378 38 21 bör

117 1414 131 22 handhafvas
270 1414 22 20 af
313 1413 255 28 utsökningsmyndighet,
591 1412 39 22 och
653 1414 30 19 att
697 1412 99 22 särskildt
810 1412 62 22 verk-

117 1449 107 28 ställighet
238 1448 21 22 af
273 1448 236 28 betalningsäläggande
523 1447 54 22 skall
587 1446 108 23 meddelas
702 1447 22 21 af
732 1447 139 27 utmätnings-

187 1488 129 24 Lagutskottets
329 1488 110 18 betänkande
451 1489 35 17 N:o
498 1488 18 18 5.
