1039 1717
427 138 45 24 N:o
492 139 21 23 2.
796 138 22 21 11

95 204 59 28 gelse
169 205 52 21 eller
236 205 46 28 bro,
299 205 52 22 eller
366 206 33 22 till
415 206 128 27 anläggning
557 206 24 22 af
590 208 39 25 väg
639 207 52 21 eller
701 206 148 28 begrafnings-

95 240 68 26 plats;
179 242 52 19 utan
247 240 55 21 skall
317 240 119 27 parcellens
451 240 62 22 andel
529 240 7 21 i
551 240 77 22 sädant
643 240 77 28 bidrag
735 240 34 22 till
785 242 65 20 stom-

97 274 155 22 innehafvaren
269 274 103 22 särskildt
387 275 104 27 erläggas.

441 338 27 21 28
483 338 18 28 &.

164 376 173 28 Afgäldsbelopp,
361 384 46 15 som
427 377 34 22 för
476 378 79 27 parcell
570 377 113 27 faststälts,
699 378 69 26 gäller
783 377 67 22 under

95 411 31 22 tio
142 410 30 29 är,
188 411 25 21 sä
227 411 39 22 ock
282 411 99 29 derefter,
398 412 57 22 intill
470 412 48 22 dess
534 412 37 22 det
585 412 28 27 pä
628 412 115 28 sakegares
753 412 97 21 ansökan

95 447 79 21 varder
189 446 54 28 änyo
258 447 113 22 bestämdt.
401 447 72 22 Sädan
489 447 94 22 ansökan
598 448 39 21 bör
651 447 92 28 ingifvas
757 447 33 22 till
800 447 50 22 kro-

95 481 114 28 nofogden,
224 481 86 22 hvilken
327 482 36 21 det
378 482 80 27 äligger
473 485 32 19 att
515 483 92 21 uträkna
619 482 185 28 afgäldsbeloppet
814 488 36 15 en-

95 516 40 27 ligt
150 516 26 21 de
192 516 6 21 i
214 517 26 20 27
257 516 11 28 $
284 517 104 27 stadgade
403 517 94 27 grunder
512 519 56 19 samt
583 519 33 20 att
631 517 7 21 i
653 517 102 22 afseende
771 516 13 22 ä
798 516 52 22 fast-

95 551 95 22 ställelse
201 551 89 22 insända
299 551 140 28 uträkningen
446 551 66 28 jemte
520 551 143 28 sakegarenes
673 551 95 22 deremot
775 551 75 27 gjorda

95 585 145 28 päminnelser
255 586 33 21 till
303 588 133 25 guvernören
452 585 7 22 i
474 586 65 22 länet.

442 650 27 21 29
485 649 21 28 8.

165 689 96 27 Egobyte
276 689 77 22 mellan
363 689 124 28 lägenheter
498 689 125 22 verkställes
634 689 67 22 under
711 688 140 27 iakttagande

96 723 7 22 i
118 723 127 28 tillämpliga
267 724 60 21 delar
342 724 23 21 af
378 724 56 21 hvad
451 731 34 15 om
502 724 110 28 styckning
627 723 40 22 och
683 723 121 27 afsöndring
820 722 30 22 of-

97 764 40 16 van
153 760 24 19 är
193 758 108 28 stadgadt.

166 793 54 22 Sker
242 793 89 28 egobyte
354 794 77 21 mellan
451 793 122 28 lägenheter
587 794 8 21 i
609 793 71 22 skilda
695 793 42 26 län,
753 792 35 21 mä
802 792 49 21 sak-

97 834 65 21 egare
177 828 56 21 efter
248 831 49 25 eget
311 829 34 21 val
362 829 67 22 anlita
449 829 158 21 vederbörande
623 828 148 27 myndigheter
787 827 7 21 i
810 829 41 20 ett-

97 863 52 21 dera
163 863 69 26 länet;
248 863 55 22 dock
318 863 55 28 gälle
389 864 60 27 bytet
463 863 47 22 icke
525 863 70 21 säsom
611 862 108 27 slutfördt,
734 862 65 21 innan
814 867 36 16 an-

97 897 127 27 teckningen
239 897 72 22 derom
327 897 61 22 äfven
404 898 4 21 i
427 897 36 22 det
478 897 65 22 andra
559 897 68 22 länets
634 897 141 27 jordregister
786 895 64 27 skett,

96 932 7 21 i
119 931 81 22 hvilket
222 932 100 22 afseende
344 932 207 22 länelandtmätaren
575 931 80 28 åligger
670 933 33 20 att
717 932 76 26 genast
807 930 44 22 till-

97 966 68 22 sända
181 967 207 22 länelandtmätaren
403 967 7 21 i
425 967 133 22 sistnämnda
573 967 35 20 län
619 967 79 26 utdrag
708 972 27 15 ur
746 966 38 21 sitt
793 965 58 27 jord-

96 1001 97 27 register.

420 1118 33 22 HI
468 1118 60 21 Kap.

347 1177 106 20 Särskilda
467 1176 137 21 föreskrifter.

444 1240 27 21 30
487 1239 18 27 8.

167 1281 11 21 I
193 1281 72 27 hvarje
289 1281 36 21 län
347 1281 56 21 föres
419 1281 12 21 å
446 1279 241 23 landtmäterikontoret
702 1280 32 20 ett
747 1278 105 28 jordregi-

98 1318 50 23 ster,
171 1315 88 27 hvilket,
275 1315 137 27 upptagande
434 1315 111 21 kommun-
568 1314 39 21 och
630 1314 74 26 byavis
727 1315 56 19 samt
799 1312 54 22 efter

96 1350 215 26 jordeboksnummer
327 1349 100 26 samtliga
441 1348 172 27 jordlägenheter
629 1348 7 20 i
650 1348 65 26 länet,
729 1347 56 21 skall
796 1347 57 20 inne-

98 1383 59 22 hålla
180 1382 84 28 uppgift
287 1389 34 15 om
343 1382 73 27 hvarje
439 1382 109 28 lägenhets
570 1388 69 20 namn,
659 1381 193 27 registernummer,

96 1418 115 28 jordnatur
233 1417 40 22 och
295 1416 96 29 egovidd,
415 1416 48 22 dess
482 1416 149 22 storhetsmätt
647 1415 7 22 i
669 1414 135 23 förhällande
820 1414 34 22 till

98 1453 49 23 hela
169 1453 122 21 hemmanet
314 1452 40 22 och
370 1452 35 21 det
421 1452 88 27 mantal,
525 1457 45 15 som
586 1451 42 21 kan
643 1450 66 22 finnas
725 1450 127 27 lägenheten
