1025 1720
458 214 12 19 6
482 200 22 43 8.

170 269 102 26 Upptages
287 269 143 26 ansökningen,
445 269 71 20 teckne
531 270 153 19 öfverexekutor
696 269 12 20 å
718 269 80 26 inlagan
805 270 49 19 före-

98 303 99 26 läggande
212 304 29 19 för
255 304 123 25 gäldenären
392 305 35 19 att,
442 304 53 19 inom
510 304 41 19 viss
567 303 28 20 tid
610 304 51 19 efter
670 303 34 20 det
715 303 139 26 lagsöknings-

99 338 144 25 handlingarna
266 337 65 20 blifvit
353 338 72 19 honom
447 338 90 25 delgifna,
558 337 12 20 å
589 337 137 26 ansökningen
742 337 113 26 skriftligen

98 378 64 18 svara,
185 372 34 20 vid
240 372 97 25 äfventyr,
360 379 33 13 om
414 373 40 19 han
475 373 33 19 det
529 373 124 24 försummar,
673 374 30 17 att
723 371 61 20 målet
802 371 52 20 ändå

97 407 85 24 afgöres.

166 440 91 20 Derefter
279 440 76 26 åligger
377 440 34 20 det
432 441 121 25 borgenären
574 442 29 18 att
622 440 144 26 handlingarna
784 441 70 23 uttaga

97 474 39 20 och
156 475 46 19 dem
223 475 7 19 i
251 475 137 20 hufvudskrift
408 475 48 19 eller
471 475 100 20 besannad
585 474 79 20 afskrift
678 474 120 26 gäldenären
813 474 40 20 del-

96 510 55 24 gifva
174 509 25 25 på
222 511 46 23 sätt,
291 515 44 14 som
358 510 32 19 för
412 510 125 24 delgifvande
559 510 20 19 af
601 509 86 26 skriftlig
709 509 101 25 stämning
830 511 23 17 är

96 544 100 25 stadgadt.

453 608 46 24 78.

165 660 158 25 Ötverexekutor
346 667 74 18 utsätte
440 665 30 21 för
490 665 122 26 gäldenären
632 664 39 20 den
693 665 28 20 tid
744 665 30 20 till
794 671 57 14 svars

92 699 123 26 afgifvande,
239 705 42 14 som
305 699 45 20 med
372 700 92 20 afseende
486 699 11 20 &
521 701 62 24 orten,
598 699 35 20 der
650 699 122 26 gäldenären
788 700 62 19 vistas

93 734 82 25 pröfvas
192 734 65 25 nödig.

163 769 9 20 I
191 769 24 19 de
233 769 40 25 fall,
289 769 25 20 dä
331 769 138 26 ansökningen
485 769 32 20 mä
532 768 97 26 delgifvas
644 769 120 25 gäldenären
779 774 71 20 genom

94 803 121 25 kungörelse
237 803 6 20 i
263 803 101 20 allmänna
382 803 133 26 tidningarna,
532 803 59 20 varde
605 803 55 20 tiden
675 803 31 20 till
721 809 56 14 svars
792 803 57 25 afgif-

93 838 65 19 vande
179 839 40 18 satt
239 838 30 19 till
284 838 59 19 nittio
358 838 61 25 dagar
434 839 50 19 efter
498 838 34 19 det
546 837 133 25 kungörelsen
695 837 61 25 tredje
771 837 79 25 gängen

92 872 96 20 infördes.

450 936 11 20 8
472 936 24 24 8.

162 992 67 20 Gifver
244 992 98 26 borgenär
356 993 21 19 in
393 993 55 19 bevis
462 995 30 18 att
502 992 271 27 lagsökningshandlingarna
785 992 65 20 blifvit

90 1026 97 25 gäldenär
209 1026 22 20 sä
252 1026 93 26 delgifna,
364 1033 44 13 som
422 1028 7 18 i
445 1028 11 19 6
474 1028 10 24 $
501 1029 61 24 sagts,
578 1026 23 20 sä
615 1027 37 20 ock
667 1033 76 14 samma
757 1026 91 20 handlin-

91 1066 37 19 gar
142 1060 7 20 i
163 1060 139 20 hufvudskrift
317 1060 50 20 eller
380 1061 101 20 besannad
496 1062 82 24 afskrift,
594 1062 37 20 och
646 1061 89 20 kommer
748 1061 17 25 ej
782 1060 66 26 gälde-

92 1096 62 18 nären
175 1094 55 20 inom
249 1095 89 25 förelagd
354 1095 29 19 tid
398 1096 45 19 med
458 1101 57 19 svar;
533 1096 60 19 varde
607 1095 62 20 mälet
683 1096 86 25 afgjordt
783 1095 27 25 pä
824 1095 25 19 de

91 1128 50 25 skäl,
157 1134 44 14 som
215 1129 124 25 borgenären
356 1130 84 19 företett.

161 1162 59 21 Visas
243 1163 120 25 gäldenären
386 1164 59 19 hafva
465 1164 52 20 varit
537 1165 20 19 af
577 1164 44 26 laga
641 1164 65 20 förfall
720 1164 84 20 hindrad
819 1165 29 19 att

90 1203 65 18 svara,
177 1197 98 26 förelägge
295 1198 155 19 öfverexekutor
471 1199 74 19 honom
565 1205 28 18 ny
614 1198 30 20 tid
665 1198 77 26 dertill;
763 1198 37 19 och
814 1198 34 19 mä

90 1231 155 20 Ofverexekutor
265 1232 70 25 tillika,
357 1232 36 19 der
414 1232 34 20 det
469 1233 79 25 pröfvas
568 1232 95 26 lämpligt,
681 1232 123 25 föreskrifva,
818 1234 30 18 att

89 1266 121 24 gäldenären
225 1266 56 25 skall,
297 1272 31 14 om
345 1266 85 20 förfallet
444 1267 77 24 fortfar,
537 1267 31 20 sin
583 1266 54 20 talan
652 1272 72 20 genom
734 1266 113 25 fullmäktig

90 1300 81 19 bevaka.

448 1364 10 18 9
471 1351 22 41 8.

160 1413 159 26 Öfverexekutor
340 1424 42 20 ege,
398 1425 32 13 om
445 1419 106 25 gäldenärs
566 1424 47 15 svar
627 1419 34 21 det
676 1419 116 25 föranleder,
806 1418 41 21 läta

90 1453 129 26 borgenären,
239 1454 63 19 innan
317 1453 61 20 målet
394 1454 82 25 afgöres,
492 1454 20 20 af
527 1456 66 18 svaret
608 1454 37 20 hos
660 1454 152 20 öfverexekutor
826 1454 20 20 få
