1045 1714
235 157 26 20 22
443 155 23 22 U.
482 155 24 22 B.
522 168 27 3 —
564 156 64 28 Prop.
643 155 38 22 N:o
697 155 20 21 8.

588 225 37 18 Vid
637 225 56 18 lifför-
803 225 36 18 Vid
853 224 102 23 egendoms-

605 250 80 31 säkring.
824 253 110 22 försäkring.

206 282 29 21 då
249 283 174 28 försäkringens
439 283 93 29 belopp:

206 317 146 29 understiger
367 320 62 25 3,000
444 318 65 21 mark
538 334 5 5 .
609 320 27 19 50
651 317 32 28 pi
856 319 27 19 25
898 316 31 28 pi

207 355 25 18 är
254 352 71 21 minst
355 355 69 24 3,000,
447 359 52 14 men
523 352 20 29 ej

237 389 74 25 10,000
327 386 109 22 mark.
468 405 4 4 .
503 403 5 4 .
538 403 4 4 .
576 389 7 19 1
601 386 65 21 mark
857 387 26 20 50
915 402 10 9 ,

207 424 24 18 är
246 421 72 21 minst
336 423 73 25 10,000
425 421 83 22 mark.
540 438 3 3 .
575 423 12 20 2
626 437 10 10 »
832 423 7 18 1
857 419 71 22 mark.

275 496 61 21 Frän
356 495 75 22 denna
446 495 234 29 stämpelskyldighet
695 495 41 22 har
750 495 117 22 utskottet
882 496 77 19 ansett

208 530 37 28 sig
259 530 55 21 böra
329 530 85 22 föreslä
429 531 106 21 befrielse
546 530 177 22 vidkommande
735 530 30 22 all
776 528 182 30 olycksfallsför-

208 565 101 28 säkring,
332 564 103 29 hvilken,
458 565 111 22 särskildt
587 565 7 21 i
613 565 65 28 fråga
702 572 37 14 om
754 564 204 25 arbetareklassen,

209 599 80 21 socialt
311 599 91 29 viktiga
417 599 231 29 försäkringsbranch
663 599 51 22 icke
732 599 52 22 med
800 606 86 15 samma
902 597 56 26 skäl,

208 640 49 14 som
272 633 189 29 lifförsäkringen
476 635 8 20 i
499 633 130 28 allmänhet,
639 634 46 21 kan
700 633 125 22 betecknas
837 633 75 21 såsom
922 632 38 22 ka-

207 667 174 29 pitalbildande.
412 668 124 21 Dessutom
558 668 41 23 har
617 668 127 21 utskottets
762 667 118 30 majoritet
897 667 63 21 velat

208 703 113 27 inrymma
336 702 108 22 befrielse
459 703 52 20 från
527 702 41 22 här
582 702 96 22 berörda
688 701 194 29 stämpelafgifter
892 702 24 21 åt
925 701 34 21 in-

209 736 100 27 hemska,
328 737 30 28 på
375 737 125 28 ömsesidig
516 737 148 28 ansvarighet
679 735 118 30 grundade
813 735 147 22 brandstods-

209 771 75 28 bolag.
313 772 36 21 Då
371 771 67 22 dessa
459 771 69 28 bolag
546 772 51 21 icke
615 771 49 22 afse
679 771 126 22 ernåendet
819 770 26 22 af
858 770 64 21 vinst
936 770 24 21 åt

210 805 138 28 aktionärer,
364 805 29 22 då
408 805 28 22 de
450 805 78 22 vidare
544 806 78 21 arbeta
636 805 74 22 under
725 805 89 22 mindre
825 811 135 22 gynsamma

209 839 141 29 betingelser
360 843 28 18 än
404 840 52 21 med
472 840 50 21 dem
538 839 188 23 konkurrerande
741 839 146 28 affärsbolag,
904 839 24 21 så
944 841 16 18 t.

209 881 34 14 ex.
263 874 8 21 i
289 874 66 29 fråga
370 881 36 15 om
426 874 130 23 erhållande
572 875 25 22 af
610 881 164 21 reassuranser,
791 876 59 19 samt
865 873 29 22 då
909 873 28 21 de
953 873 7 21 i

209 907 143 23 vidsträckta
375 909 88 21 kretsar
486 909 26 22 af
527 909 110 22 särskildt
655 908 147 23 landsortens
822 907 138 29 befolkning

210 947 38 17 äro
271 947 55 18 nära
348 951 48 21 nog
418 943 43 22 den
488 944 59 21 enda
571 944 60 22 form
653 943 26 22 af
701 943 259 29 egendomsförsäkring

210 978 75 21 denna
306 978 138 29 befolkning
466 979 89 21 känner
577 979 37 21 till
633 978 56 21 eller
707 979 41 21 har
770 978 47 28 håg
831 979 35 20 att
881 977 78 27 anlita,

211 1012 40 21 har
273 1013 127 21 utskottets
423 1013 116 28 majoritet
564 1013 79 22 funnit
666 1012 170 29 stämpelfrihet
856 1012 104 21 vidkom-

211 1047 81 21 mande
308 1047 66 21 dessa
389 1047 209 28 brandstodsbolag
612 1047 138 28 berättigad.

280 1081 119 28 Gåfvobref.
430 1081 66 22 Inom
519 1081 115 22 utskottet
657 1081 68 22 hafva
741 1081 108 28 farhågor
865 1081 95 21 uttalats

211 1115 77 21 derom
304 1117 35 20 att
354 1115 28 21 de
397 1116 143 27 väsendtligt
561 1115 107 28 förhöjda
683 1114 195 29 stämpelafgifter
893 1115 12 21 å
920 1115 40 21 bo-

210 1149 313 29 uppteckningsinstrument
538 1150 43 21 och
595 1152 160 24 testamenten,
772 1149 80 21 hvilka
867 1149 93 21 föresla-

211 1185 53 27 gits,
288 1184 77 21 derest
380 1184 28 22 de
426 1185 25 21 af
465 1185 128 22 Ständerna
614 1187 103 26 antoges,
733 1184 78 21 kunde
827 1184 71 21 verka
912 1183 49 22 der-

211 1219 52 27 hän,
279 1221 34 19 att
328 1219 118 28 egendom,
462 1219 8 22 i
486 1222 72 19 större
574 1218 142 29 omfattning
734 1222 29 18 än
778 1217 62 22 hvad
855 1225 32 14 nu
902 1218 59 26 sker,

211 1253 76 20 blefve
302 1253 37 21 för
353 1254 137 27 undgående
506 1254 25 20 af
544 1254 161 28 stämpelskatt
716 1253 73 20 under
800 1260 96 20 egarens
911 1252 50 21 lifs-

211 1287 35 20 tid
261 1286 140 29 bortgifven.
424 1287 54 22 Med
488 1287 108 21 afseende
611 1287 55 21 härå
680 1287 42 21 har
737 1287 43 21 ock
795 1287 64 21 inom
874 1286 88 21 utskot-

210 1323 35 19 tet
266 1321 139 28 föreslagits,
424 1323 34 20 att
480 1321 197 28 stämpelafgiften
698 1321 37 21 för
750 1320 125 29 gåfvobref
887 1321 13 20 å
915 1320 47 21 fast

211 1356 112 29 egendom
339 1356 57 21 eller
410 1356 80 29 fartyg
504 1355 70 22 borde
584 1357 8 20 i
603 1355 106 29 betydlig
723 1355 57 29 grad
790 1354 102 30 förhöjas
903 1357 59 19 samt

210 1391 86 28 jämväl
311 1391 124 28 gåfvobref
447 1391 14 21 å
475 1391 35 21 lös
534 1390 111 29 egendom
660 1390 41 21 vid
722 1389 149 29 utgifvandet
886 1389 76 28 beläg-

212 1434 40 21 gas
273 1425 51 22 med
347 1425 104 29 stämpel.
480 1425 36 22 Då
538 1425 129 22 emellertid
688 1425 69 28 gåfva
779 1427 56 20 utan
859 1424 104 29 skriftlig

212 1460 260 29 öfverlåtelsehandling
494 1460 68 23 alltid
585 1461 90 21 komme
698 1463 34 19 att
754 1460 150 29 undandraga
926 1459 36 29 sig

280 1501 214 23 Bevillningsutskottets
507 1501 116 19 betänkande
635 1502 36 17 N:o
684 1503 15 16 4.
