1042 1717
203 134 32 36 90
373 138 83 23 Ständ.
472 138 38 24 Sv.

568 138 72 28 Prop.
655 139 42 21 N:o
712 139 22 21 4.

179 201 71 21 komst
264 202 48 21 med
328 202 156 27 borgenärerne
499 203 39 20 och
554 202 135 26 gäldenären,
700 208 34 15 om
745 203 40 20 den
797 202 134 21 återstående

181 236 140 27 egendomens
336 235 130 28 försäljning,
481 236 102 22 hvarmed
600 236 92 27 uppskof
706 237 18 27 ej
740 237 35 21 må
788 242 38 21 ega
835 242 53 21 rum,
899 236 32 21 så-

178 271 64 20 framt
265 270 18 27 ej
306 271 43 21 alla
372 270 34 21 vid
428 271 193 22 sammankomsten
646 271 132 22 närvarande
803 271 128 27 borgenärer

179 311 33 15 om
228 305 128 27 uppskofvet
371 306 37 20 äro
424 311 48 16 ense
488 308 55 19 samt
555 305 78 28 jemväl
648 305 126 28 gäldenären
791 305 70 22 dertill
876 311 55 16 sam-

178 341 80 26 tycker.

247 375 112 27 Fastighet
381 375 35 22 må
438 375 18 27 ej
480 375 63 27 säljas
561 375 126 22 annorledes
703 377 26 20 än
744 380 75 22 genom
835 375 96 27 offentlig

179 410 94 26 auktion,
297 410 39 21 der
354 409 19 28 ej
392 410 43 21 alla
450 411 36 20 vid
500 410 193 22 sammankomsten
709 411 131 21 närvarande
855 411 75 26 borge-

178 447 61 19 närer
258 445 38 21 och
315 445 129 26 gäldenären
464 445 36 21 det
516 444 114 28 medgifva;
646 445 39 21 och
699 445 64 21 varde
779 447 97 25 panträtt
891 445 39 21 och

178 485 70 15 annan
264 479 110 27 rättighet,
390 479 33 22 för
438 480 84 21 hvilken
538 479 128 28 fastigheten
681 479 77 27 häftar,
774 482 55 19 samt
844 481 44 20 rätt
898 479 33 21 till

178 514 84 25 utskyld
282 514 39 21 och
341 513 132 28 lönebelopp,
492 519 44 16 som
552 513 89 22 framför
656 514 40 21 den
711 514 40 21 har
765 513 114 27 företräde,
895 514 36 21 vid

176 547 151 28 försäljningen
342 548 72 22 städse
429 548 127 22 bibehållna.
587 547 55 27 Vilja
657 548 158 27 sysslomännen
831 548 67 21 hellre
908 548 23 21 få

177 581 129 28 fastigheten
330 582 45 21 såld
399 583 168 26 utmätningsvis,
591 589 38 20 ege
651 585 33 18 att
706 583 7 20 i
736 582 77 22 sådant
830 583 100 21 afseende

178 617 68 21 vända
261 617 32 26 sig
308 617 34 21 till
357 617 158 22 vederbörande
530 617 186 26 utmätningsman,
733 617 84 22 hvilken
834 617 36 21 det
879 617 51 27 ålig-

176 658 38 20 ger
230 654 32 19 att
276 654 50 24 taga
340 650 129 28 fastigheten
485 653 6 20 i
507 654 44 19 mät
566 652 69 21 såsom
651 658 33 15 om
695 652 120 26 utmätning
825 652 26 26 på
861 652 69 26 grund

176 686 23 21 af
222 686 48 22 dom
293 688 24 19 är
337 686 145 27 föreskrifvet;
498 687 39 21 och
552 686 63 22 lände
629 687 7 21 i
651 688 22 25 ty
689 686 37 22 fall
741 686 61 22 äfven
818 686 33 21 för
866 686 64 28 öfrigt

176 720 33 22 till
232 721 144 21 efterrättelse
395 721 55 21 hvad
473 728 34 14 om
525 720 124 28 försäljning
664 721 23 21 af
699 720 44 22 fast
758 720 101 28 egendom
875 723 55 19 samt

178 761 32 15 om
234 756 120 26 fördelning
378 755 22 21 af
422 756 167 26 köpeskillingen
613 755 70 21 derför
706 755 6 21 i
735 755 194 27 Utsökningslagen

176 790 93 26 stadgas.

245 825 41 21 Lös
302 825 102 27 egendom
421 824 54 22 skall
490 826 6 20 i
512 825 117 21 allmänhet
643 830 76 21 genom
735 824 95 27 offentlig
840 825 89 21 auktion

176 859 70 27 säljas,
262 860 37 20 der
314 860 19 26 ej
349 859 43 21 alla
406 859 34 21 vid
454 859 194 22 sammankomsten
659 858 131 22 närvarande
801 858 128 27 borgenärer

177 894 47 21 med
238 894 142 26 gäldenärens
399 893 59 23 bifall
473 894 133 21 annorlunda
621 893 90 21 besluta.
742 894 61 21 Dock
817 893 35 22 må
866 900 63 15 varu-

176 929 58 27 lager
254 928 67 22 under
343 928 57 22 hand
418 928 110 28 föryttras,
547 934 35 16 om
597 928 26 22 de
638 928 135 26 borgenärer,
789 928 82 22 hvilkas
886 928 43 22 for-

176 964 86 26 dringar
283 964 77 26 utgöra
375 964 80 20 största
470 963 109 27 beloppet,
593 969 51 15 anse
659 962 37 22 det
710 962 48 22 med
773 962 68 22 fördel
856 963 73 21 kunna

176 998 38 22 ske
230 998 38 21 och
284 998 37 22 det
336 998 19 26 ej
372 997 22 22 af
408 998 128 27 gäldenären
552 998 111 22 bestrides.
692 998 45 21 Har
751 998 104 26 borgenär
869 1000 60 24 pant-

176 1034 43 20 rätt
234 1033 7 20 i
256 1032 142 28 lösegendom,
417 1033 34 21 må
466 1032 18 27 ej
500 1035 45 19 mot
560 1032 53 22 hans
628 1032 50 26 vilja
693 1032 124 26 försäljning
832 1032 96 21 annorle-

175 1067 37 21 des
228 1069 26 18 än
270 1068 13 20 &
298 1068 86 20 auktion
400 1073 39 21 ega
454 1073 52 15 rum.

245 1101 80 27 Fartyg
340 1101 52 22 eller
406 1102 54 26 gods
474 1102 7 21 i
496 1101 71 28 fartyg
582 1101 34 22 må
631 1101 18 26 ej
665 1101 23 21 af
696 1100 158 27 sysslomännen
865 1100 62 27 säljas

178 1136 132 21 annorlunda
328 1137 26 20 än
373 1136 47 21 med
441 1135 149 22 bibehållande
605 1135 23 22 af
641 1135 40 21 den
696 1137 61 24 pant-
773 1134 40 21 och
827 1134 101 22 förmåns-

176 1172 51 24 rätt,
249 1177 45 15 som
317 1170 46 21 deri
386 1171 66 26 enligt
475 1170 98 27 Sjölagen
595 1170 42 21 kan
655 1175 51 16 vara
720 1169 109 27 gällande;
844 1169 51 26 vilja
909 1169 18 26 ej

174 1205 159 25 sysslomännen
355 1204 42 27 det,
421 1205 51 21 söke
493 1204 104 28 fartygets
615 1203 51 22 eller
681 1203 86 27 godsets
783 1203 144 28 försäljning
913 1199 16 37 i

175 1239 41 21 den
232 1240 89 25 ordning
336 1238 195 28 Utsökningslagen
546 1239 91 26 stadgar.

243 1273 40 21 Om
305 1273 73 27 tvistig
399 1273 89 26 tillgäng
509 1274 35 21 mä
561 1273 198 26 förlikningsanbud
777 1273 32 21 för
824 1272 103 21 konkurs-

174 1313 84 16 massan
278 1309 89 24 antagas
386 1307 23 21 af
424 1307 25 21 de
464 1307 135 28 borgenärer,
616 1307 82 21 hvilkas
712 1306 120 27 fordringar
847 1308 80 20 största

173 1342 103 27 beloppet
296 1343 84 26 utgöra,
403 1343 37 20 der
462 1343 129 26 gäldenären
613 1341 37 22 det
667 1341 90 22 bifaller.
788 1341 82 28 Vägrar
884 1340 43 23 lian

173 1376 69 27 bifall;
258 1377 28 21 dä
301 1377 34 21 mä
350 1377 42 21 han
406 1377 50 27 sjelf
469 1379 78 20 tvisten
564 1377 79 26 utföra,
658 1377 37 21 der
709 1377 43 21 han
767 1376 74 23 ställer
855 1376 72 22 säker-

173 1412 37 22 het
225 1412 33 21 för
273 1412 55 21 hvad
343 1413 7 22 i
364 1412 116 28 förlikning
495 1413 82 27 bjudes.
607 1412 48 22 Kan
670 1412 41 21 han
727 1412 36 22 det
775 1412 28 27 ej;
814 1411 112 22 ankomme

174 1447 101 28 åtgärden
289 1447 28 28 pä
332 1448 166 27 borgenärernes
512 1447 105 28 pröfning.
