1061 1717
302 136 81 23 Ständ.
399 137 38 23 Sv.
454 150 24 2 —
495 138 72 27 Prop.
583 138 41 22 N:o
638 138 21 21 4.
801 139 25 21 11

107 201 52 19 enär
174 200 158 22 vederbörande
347 201 137 27 spekulanter
499 202 96 27 vanligen
611 208 39 21 ega
664 201 85 22 tillfälle
764 203 32 20 att
806 203 51 20 utan

107 235 68 19 större
191 234 107 26 svårighet
313 235 13 21 å
339 236 71 21 stället
425 236 95 21 inhemta
534 236 77 27 nödiga
626 236 157 26 upplysningar.
803 235 54 22 Ena-

106 268 71 21 handa
199 274 60 20 synes
283 269 58 21 fallet
364 269 63 22 äfven
445 276 51 15 vara
510 270 35 22 vid
559 270 124 26 försäljning
698 270 23 21 af
734 270 102 26 fastighet
851 270 7 20 i

108 302 54 21 stad.
192 302 33 21 Då
239 302 74 22 härtill
328 304 96 20 kommer
443 306 33 19 att
491 304 26 21 de
532 304 165 27 sjelfbestående
709 304 149 26 jordlägenhe-

107 338 62 19 terna
190 336 7 21 i
220 337 76 27 många
318 337 59 22 delar
392 337 22 22 af
428 338 72 21 landet
516 338 138 21 öfverhufvud
668 340 38 19 äro
721 338 46 21 små
781 338 40 21 och
839 338 18 26 ej

108 372 53 20 utan
176 377 47 15 men
238 372 33 20 för
286 371 231 22 kreditförhållandena
531 372 72 22 kunna
613 372 94 21 belastas
723 372 48 21 med
786 372 73 21 alltför

108 404 66 28 dryga
196 405 115 21 kostnader
333 405 23 22 af
376 412 30 15 nu
424 406 80 27 antydd
519 406 154 26 beskaffenhet;
689 408 32 20 att
736 406 101 22 särskildt
852 406 7 20 i

107 440 57 21 vissa
179 439 82 21 trakter
276 440 19 27 ej
311 440 66 21 sällan
394 441 32 20 ett
440 442 69 19 större
524 440 59 22 antal
597 440 124 27 lägenheter
731 440 28 27 på
769 446 26 16 en
804 440 55 27 gång

110 474 72 21 kunna
197 474 72 22 dömas
285 475 7 21 i
307 476 49 25 mät,
378 474 130 27 exempelvis
522 474 33 22 för
571 474 91 28 oguldna
676 474 116 28 utskylder,
807 476 52 20 utan

107 510 34 20 att
163 508 54 22 dock
238 509 70 26 någon
330 508 129 28 försäljning,
475 510 6 20 i
496 508 52 28 följd
563 508 24 22 af
600 509 176 21 mellankommen
791 508 68 22 betal-

107 543 58 27 ning,
187 542 120 22 sedermera
329 549 48 21 eger
396 550 56 19 rum;
474 545 56 20 samt
544 545 32 20 att
590 543 137 21 inställandet
741 542 24 22 af
777 543 83 27 försälj-

107 578 50 27 ning
182 578 23 21 af
225 580 78 19 utmätt
329 577 101 28 fastighet
457 578 112 22 framdeles
594 578 68 21 måste
681 578 92 21 förutses
795 577 66 22 blifva

109 612 81 28 ganska
204 612 81 27 vanligt
300 612 61 22 äfven
382 613 7 21 i
404 612 114 27 anledning
531 612 24 22 af
567 612 149 28 lagförslagets
731 612 130 22 bestämnin-

108 653 39 21 gar
163 653 33 15 om
219 646 68 27 lägsta
309 646 43 22 bud
374 646 35 22 vid
432 646 65 22 sådan
519 646 130 28 försäljning,
670 647 62 21 hafva
747 646 114 22 ständerna

109 683 56 20 trott
187 682 31 26 sig
241 688 40 20 ega
304 681 114 27 anledning
436 683 33 19 att
484 682 7 20 i
505 681 120 22 hufvudsak
640 680 74 28 återgå
729 681 33 21 till
777 681 41 21 den
833 687 28 15 nu

109 716 97 27 gällande
230 716 168 27 lagstiftningens
420 722 54 20 grun
496 716 83 21 dsatser
598 716 6 20 i
624 718 79 18 ämnet.
722 716 10 20 I
751 714 110 28 lagförsla-

110 754 37 24 get
168 751 39 21 har
230 750 56 28 förty
309 750 75 22 införts
404 751 117 26 stadgande
536 750 78 27 derom,
630 752 32 20 att
677 750 130 26 beskrifning
823 750 39 21 och

110 786 113 26 värdering
243 786 24 20 af
288 787 78 20 utmätt
387 786 42 21 fast
451 786 101 26 egendom
575 785 27 27 på
624 785 72 21 landet
719 785 19 27 ej
761 784 102 22 behöfver

110 828 39 20 ega
172 827 52 18 rum,
247 821 27 21 då
297 821 150 27 försäljningen
467 821 49 21 sker
535 820 12 22 å
562 820 74 27 sjelfva
656 820 137 26 egendomen,
808 821 55 19 samt

111 856 18 28 ej
152 856 70 21 heller
245 856 27 21 då
289 855 53 22 flera
364 854 126 28 fastigheter
509 856 56 20 inom
585 860 80 16 samma
689 854 173 21 öfverexekutors

112 890 85 23 område
220 892 94 20 utmätas
333 889 28 28 pä
384 889 82 27 engång
487 890 39 21 och
547 889 150 27 försäljningen
720 894 49 21 eger
789 894 46 14 rum
851 888 12 20 &

111 926 69 27 någon
203 925 23 21 af
243 925 157 27 lägenheterna,
420 927 50 19 enär
490 924 77 27 jemväl
582 924 7 21 i
604 923 131 22 sistnämnda
757 922 37 22 fall
817 922 46 21 svä-

112 960 122 27 righeterna
253 960 34 20 för
301 959 159 21 vederbörande
474 959 137 27 spekulanter
626 960 33 19 att
674 958 93 21 inhemta
787 956 77 27 nödiga

113 995 151 27 upplysningar
286 994 108 28 angående
417 994 26 21 de
459 994 67 26 öfriga
544 992 160 28 fastigheterna,
723 991 72 21 hvilka
810 992 7 20 i
832 997 32 15 re-

112 1030 48 27 geln
181 1029 72 21 kunna
274 1029 92 21 förutses
388 1030 78 26 utgöra
487 1028 58 21 delar
565 1027 22 22 af
601 1033 25 15 en
642 1028 131 26 gemensamt
787 1025 78 21 bebru-

112 1064 43 22 kad
171 1064 220 27 egendomskomplex,
408 1063 18 27 ej
445 1063 61 21 torde
522 1062 64 22 blifva
601 1062 71 21 alltför
687 1063 63 19 stora.
781 1060 42 20 För
838 1059 26 21 de

111 1098 154 28 jemförelsevis
280 1098 67 22 sällan
362 1097 172 23 förekommande
548 1096 44 27 fall,
608 1096 28 22 dä
650 1095 53 22 flera
717 1094 28 28 pä
755 1096 69 20 större
834 1093 31 21 af-

113 1134 63 21 ständ
199 1133 47 21 frän
267 1132 119 22 hvarandra
408 1132 91 26 belägna
516 1130 187 27 landsfastigheter
717 1129 28 27 gä
759 1129 7 21 i
781 1135 27 15 en
823 1128 42 21 för-

114 1168 89 28 säljning
218 1168 13 20 å
245 1168 70 26 någon
337 1166 23 22 af
376 1166 157 27 lägenheterna,
552 1171 60 21 synes
628 1170 110 20 omsorgen
753 1164 34 20 att
802 1162 64 21 hafva

114 1203 78 27 nödiga
214 1202 152 26 upplysningar
387 1200 131 27 tillgängliga
533 1199 34 21 för
581 1198 158 22 vederbörande
753 1199 53 19 utan
821 1196 44 21 olä-

115 1236 79 28 genhet
208 1236 73 20 kunna
296 1235 106 21 ombetros
418 1234 36 21 det
469 1235 82 26 privata
566 1233 106 21 intresset.
702 1231 61 21 Hvad
773 1230 46 22 åter
829 1230 37 21 be-

115 1270 75 22 träffar
213 1272 80 19 utmätt
314 1269 102 27 fastighet
437 1269 7 20 i
466 1268 48 22 stad
527 1268 38 20 har
581 1266 138 27 obligatorisk
734 1264 132 26 beskrifning

115 1305 40 21 och
170 1304 111 26 värdering
297 1303 60 21 deraf
370 1304 82 20 ansetts
462 1303 53 20 böra
525 1301 85 27 gvarstä
620 1301 74 21 endast
708 1300 7 20 i
731 1300 26 20 de
772 1298 94 22 tvifvels-

115 1341 53 19 utan
190 1339 67 21 sällan
280 1337 172 21 förekommande
467 1336 44 26 fall,
526 1338 34 19 att
575 1335 65 21 sädan
655 1334 101 26 fastighet
771 1332 54 22 skall
840 1332 27 26 gä

115 1374 7 20 i
138 1379 26 15 en
187 1372 123 27 försäljning
331 1370 48 22 med
394 1370 43 22 fast
451 1370 102 26 egendom
568 1369 27 26 pä
610 1368 82 25 landet;
715 1366 39 22 och
771 1366 96 26 betingas

116 1408 61 21 detta
198 1406 109 27 undantag
330 1404 23 23 af
374 1405 48 21 dei
438 1405 26 21 15
479 1403 11 28 $
505 1404 14 21 5
533 1404 49 26 kap.
604 1402 103 27 ingående
723 1399 145 28 stadgandena

117 1448 34 16 om
166 1442 73 22 stället
253 1440 34 22 för
302 1440 126 22 auktionens
443 1438 132 22 förrättande
590 1438 7 21 i
612 1436 71 27 dylika
698 1435 44 22 fall.
