1025 1706
216 138 27 20 40
410 136 29 23 U.
455 136 28 22 B.
498 150 27 2 —
540 136 75 28 Prop.
631 137 45 22 N:o
692 138 23 20 4.

188 204 69 22 skilda
272 204 155 28 fastigheterna
442 204 77 28 sjelfve
534 204 72 21 kunna
620 204 124 26 bestämma,
760 206 30 19 att
806 204 67 26 dessa,
889 206 51 18 utan

188 240 32 20 att
234 238 144 28 borgenärens
392 240 43 19 rätt
450 238 61 21 deraf
525 238 91 26 beröres,
632 238 100 22 inbördes
748 245 90 15 ansvara
845 238 34 21 för
887 239 55 20 visst

190 272 77 29 belopp
283 272 23 21 af
320 274 41 19 den
376 272 104 22 samfälda
495 272 130 29 fordringen,
641 275 60 24 samt,
716 280 77 21 genom
808 275 31 19 att
854 272 42 22 läta
907 273 32 21 in-

187 307 79 22 teckna
289 307 94 28 skriftlig
405 307 125 29 afhandling
551 307 111 28 angående
677 307 68 21 sådan
760 307 129 28 fördelning,
903 307 38 21 be-

187 341 52 23 reda
264 341 42 22 den
330 344 133 26 regressrätt,
484 350 46 14 som
545 342 129 22 tillkommer
690 350 78 20 egaren
784 342 32 21 till
831 341 70 29 någon
917 342 24 21 af

188 376 153 29 fastigheterna
362 380 110 24 gentemot
488 376 26 22 de
529 376 75 29 öfriga,
623 377 3 21 i
641 376 103 22 händelse
760 385 24 13 ur
799 378 71 21 denna
884 380 57 18 utta-

187 412 42 28 gits
255 419 57 14 mera
339 414 28 18 än
390 412 58 21 hvad
471 412 13 21 å
505 412 49 21 dess
570 412 62 21 andel
648 413 32 27 sig
696 412 92 29 belöper,
804 420 79 14 samma
897 412 44 21 för-

188 446 109 27 månsrätt,
322 454 45 13 som
392 447 53 28 gällt
468 447 35 20 för
527 447 42 21 den
586 454 158 21 gemensamma
759 447 182 28 pantfordringen.

188 480 119 22 Enahanda
329 481 99 28 syftemål
452 481 37 21 har
504 481 65 22 äfven
584 481 114 28 förslagets
714 481 134 28 bestämning
863 481 79 26 derom,

189 519 31 18 att
235 515 47 27 den,
297 523 46 14 som
359 515 109 28 samtidigt
483 516 51 21 eller
549 523 74 14 senare
639 517 26 20 än
681 516 42 21 den
738 523 157 21 gemensamma
910 516 32 20 in-

188 549 131 29 teckningen
335 551 76 20 vunnit
425 551 124 28 inteckning
564 552 7 19 i
587 558 26 13 en
628 550 109 28 fastighet,
747 552 63 20 hvars
824 557 62 21 egare
898 549 43 22 till-

187 586 97 20 kommer
307 585 60 28 dylik
388 587 127 26 regressrätt
536 586 7 20 i
561 585 54 28 följd
631 585 23 21 af
667 585 66 21 redan
749 584 109 23 verkstäld
874 584 68 22 betal-

188 620 53 27 ning
263 619 86 21 utöfver
370 619 142 28 fastighetens
534 627 53 21 egen
603 619 68 26 andel,
686 619 38 22 har
740 620 32 27 sig
784 621 66 26 öppet
864 622 31 18 att
910 620 32 20 in-

187 653 61 21 träda
264 654 6 20 i
287 653 40 22 och
342 653 77 22 utöfva
434 653 70 22 denna
519 655 126 27 regressrätt
659 653 65 22 äfven
740 661 34 14 om
789 653 53 22 hans
852 653 90 21 fordran

188 688 47 21 icke
251 689 23 19 är
288 687 107 22 förfallen.
425 688 84 21 Genom
525 688 97 28 samtliga
638 688 62 21 dessa
716 688 134 21 föreskrifter
865 687 77 22 varder

188 722 81 21 verkan
284 722 23 21 af
322 722 42 21 den
380 724 82 27 strängt
477 722 126 22 solidariska
619 725 121 26 panträtten
751 722 132 26 förmildrad,
891 723 52 20 enär

189 763 61 21 egare
268 757 32 20 till
323 757 83 20 enskild
426 757 104 28 fastighet
544 757 91 21 beredes
651 758 17 27 ej
685 757 91 21 allenast
790 757 152 28 pantsäkerhet

187 790 36 21 för
246 790 59 21 hvad
329 790 43 21 han
396 791 43 21 kan
460 791 84 21 komma
559 794 32 19 att
606 791 69 22 betala
691 791 87 22 utöfver
792 792 34 21 sin
842 791 62 22 andel
920 791 23 21 af

189 824 41 22 den
249 832 157 21 gemensamma
426 825 83 28 gälden,
523 828 52 19 utan
595 826 41 21 ock
651 826 110 28 möjlighet
776 828 37 24 att,
828 826 28 29 på
871 825 69 29 grund

189 859 23 22 af
234 859 41 22 den
299 859 100 22 säkerhet
414 867 74 14 senare
503 860 140 29 panthafvare
659 861 90 21 sålunda
764 860 96 27 erhåller,
875 863 67 26 ytter-

188 894 67 28 ligare
278 894 76 21 belåna
377 895 33 21 sin
430 894 103 29 fastighet
555 896 20 27 ($
592 896 25 20 12
640 903 62 14 mom.
718 897 12 20 2
747 898 54 18 samt
816 896 26 27 $$
859 896 26 21 19
901 895 41 22 och

189 929 28 20 20
232 929 8 20 i
254 929 104 28 förslaget
372 929 32 21 till
420 929 113 28 ändringar
548 930 7 20 i
568 929 306 28 inteckningsförordningen).

257 963 35 20 Då
317 963 118 21 emellertid
461 963 66 22 ofvan
553 964 140 21 omförmälda
717 963 136 22 föreskrifter
873 963 69 22 skulle

188 997 102 21 innebära
305 1005 26 13 en
346 997 123 29 minskning
484 998 8 21 i
507 997 41 22 den
562 1000 48 25 rätt,
626 998 88 22 hvilken
724 999 129 20 tillkommer
860 998 82 21 inteck-

188 1031 153 28 ningshafvare
364 1032 67 28 enligt
445 1040 30 13 nu
489 1033 99 27 gällande
603 1033 41 27 lag,
659 1033 24 21 så
698 1032 119 22 innehåller
832 1033 109 28 förslaget,

189 1068 32 19 att
245 1065 66 28 sagda
338 1065 136 22 föreskrifter
498 1067 18 28 ej
542 1067 23 20 få
579 1067 107 28 tillämpas
702 1067 12 21 å
729 1074 157 21 gemensamma
902 1067 41 21 och

188 1099 105 22 särskilda
308 1100 156 27 inteckningar,
478 1107 45 15 som
539 1101 98 28 beviljats
653 1101 28 28 på
695 1101 69 28 grund
781 1101 23 21 af
818 1101 124 22 nuvarande

188 1134 46 28 lags
257 1133 133 29 stadganden
412 1135 7 20 i
442 1136 70 20 ämnet
527 1135 179 28 (slutstadgandet
720 1136 8 21 i
745 1136 56 21 försl.
816 1139 15 19 t.
847 1137 36 20 int.
898 1135 45 22 fån.

189 1169 40 20 och
246 1169 11 20 7
274 1169 12 27 $
302 1169 7 20 i
324 1169 104 28 promulg.
442 1169 54 27 fdn).

257 1203 54 20 Ofta
327 1202 147 28 omförmälda,
488 1204 7 21 i
510 1203 103 28 förslaget
632 1204 32 21 till
679 1204 163 29 utsökningslag
856 1212 88 20 genom-

189 1236 63 21 förda
267 1237 121 26 grundsats,
403 1240 32 17 att
449 1237 90 28 tidigare
555 1238 151 27 panthafvares
721 1241 43 17 rätt
778 1239 48 20 icke
841 1238 34 20 får
890 1239 54 19 min-

188 1269 49 21 skas
253 1269 23 21 af
291 1277 75 14 senare
388 1270 151 27 panthafvares
561 1271 41 20 och
624 1271 133 28 följaktligen
782 1273 27 19 än
824 1271 82 22 mindre
921 1271 23 21 af
963 1281 3 1 -

188 1303 152 28 oprioriterade
364 1303 138 28 borgenärers
518 1304 99 29 anspråk,
639 1306 24 20 är
676 1305 46 22 helt
737 1306 40 21 och
792 1305 65 22 hållet
873 1305 70 22 åsido-

188 1340 43 19 satt
245 1338 7 20 i
267 1337 38 22 det
318 1337 36 22 för
368 1339 132 21 närvarande
515 1339 130 22 föreskrifna
658 1339 235 23 konkursförfarandet.
909 1340 35 21 Då

188 1372 105 28 nämligen
309 1373 67 28 enligt
397 1373 100 28 gällande
518 1373 276 31 förmånsrättsförordning
809 1375 34 21 för
857 1375 86 29 begraf-

187 1407 74 28 nings-
275 1407 41 22 och
331 1407 284 30 bouppteckningskostnad,
630 1409 26 22 de
671 1409 89 28 fattiges
771 1409 62 22 andel
845 1418 24 13 ur
880 1410 64 21 döds-

187 1441 34 28 bo,
236 1441 116 28 läkarelön,
373 1442 117 22 läkemedel
511 1443 40 22 och
567 1445 117 28 ersättning
706 1445 34 21 för
762 1444 77 22 afliden
854 1452 88 22 persons

255 1481 131 23 Lagutskottets
399 1483 111 18 betänkande
521 1483 37 18 N:o
570 1485 18 17 5.
