1036 1714
204 129 41 20 104

521 197 12 27 8
548 197 33 21 31.

244 253 46 21 Har
304 253 41 21 fast
360 253 102 28 egendom
478 253 69 22 blifvit
560 255 77 19 utmätt
651 253 52 22 eller
718 256 40 19 satt
773 253 69 22 under
856 253 72 28 sking-

177 288 135 28 ringsförbud
337 288 39 21 och
398 288 190 28 utmätningsmans
611 288 51 22 eller
679 288 174 21 öfverexekutors
869 288 58 21 bevis

177 324 78 25 derom,
279 322 52 22 efter
354 324 23 26 ty
394 322 7 21 i
417 322 191 28 Utsökningslagen
623 323 141 27 föreskrifves,
779 322 33 22 till
827 323 101 21 domaren

177 357 57 27 eller,
253 357 8 20 i
276 356 52 27 stad,
343 357 32 21 till
390 356 74 22 Rätten
480 357 102 27 insändts,
597 357 53 21 skall
665 364 34 14 om
714 357 148 27 utmätningen
877 356 52 22 eller

176 390 100 22 förbudet
298 393 74 25 genast
393 391 114 21 antecknas
528 391 7 20 i
556 398 26 14 en
598 391 88 21 särskild
701 391 70 27 längd,
789 397 44 15 som
849 392 33 20 för
896 391 33 21 så-

178 425 51 21 dant
248 424 99 22 ändamål
362 424 38 22 bör
414 424 21 21 af
450 425 99 21 domaren
565 425 51 21 eller
630 424 75 22 Rätten
720 425 66 26 föras;
810 426 38 20 och
865 425 64 21 varde

178 458 65 22 sedan
258 459 82 21 beviset
355 459 82 27 uppläst
452 459 40 21 och
506 459 8 20 i
527 459 261 27 inteckningsprotokollet
802 459 85 27 intaget,
903 458 26 28 på

177 492 73 22 landet
272 492 12 22 å
306 494 60 19 nästa
388 492 161 28 rättegångsdag
571 493 35 21 vid
628 492 84 28 lagtima
736 493 45 27 ting
795 493 8 20 i
817 493 114 27 tingslaget

179 528 40 21 och
240 527 7 21 i
269 527 46 22 stad
331 526 12 21 å
358 528 58 20 nästa
431 527 166 28 rättegångsdag.
627 526 44 29 Lag
686 533 80 16 samma
782 533 54 21 vare,
852 527 26 21 då
893 534 37 14 an-

178 562 71 21 mälan
272 562 48 21 sker
343 563 29 19 att
394 561 119 28 utmätning
535 561 21 21 af
570 562 41 21 fast
626 562 103 27 egendom
744 562 52 21 eller
810 561 121 22 meddeladt

180 595 198 29 skingringsförbud
400 596 44 27 gått
465 595 45 22 åter
531 595 52 22 eller
597 598 30 19 att
642 596 118 27 utmätning
774 602 78 22 genom
867 602 64 22 egen-

179 631 88 21 domens
288 630 124 27 försäljning
427 631 94 27 upphört,
536 630 51 21 eller
602 630 36 21 ock
653 632 38 25 att,
706 630 38 21 vid
757 630 134 28 försäljning
906 627 29 28 af

179 666 82 20 utmätt
273 664 111 28 fastighet,
399 664 127 28 inteckning
541 664 125 21 bibehållits.

247 699 100 20 Afträdes
362 698 41 21 fast
418 698 102 28 egendom
536 698 32 21 till
582 698 94 21 konkurs
688 699 52 21 eller
749 698 112 22 äterkallas
871 698 60 28 gjord

180 733 191 25 afträdesansökan,
387 733 63 21 varde
466 733 38 20 ock
523 733 73 21 derom
612 733 126 20 antecknadt
752 733 8 20 i
776 733 156 21 ofvannämnda

179 767 64 28 längd
266 767 39 20 och
325 767 7 20 i
346 767 260 27 inteckningsprotokollet
620 767 68 20 säsom
704 773 51 20 nyss
770 769 23 18 är
807 767 70 28 sagdt;
893 767 39 21 och

181 801 80 28 äligger
283 801 35 21 det
339 801 185 21 konkursdomstol
548 801 57 28 eller,
627 801 27 28 pä
675 801 77 27 landet,
775 801 107 27 domaren,
897 808 36 14 om

181 836 131 27 egendomen
327 835 61 28 lyder
403 835 68 22 under
486 842 70 15 annan
571 837 46 25 rätt,
633 837 30 19 att
677 835 38 21 hos
730 835 70 22 denna
814 836 8 20 i
832 835 100 22 afseende

181 869 12 22 ä
208 869 65 22 sådan
294 869 84 28 ätgärds
393 869 126 28 vidtagande
534 869 83 22 anmäla
632 875 34 15 om
681 869 122 22 konkursen
818 870 52 21 eller
884 870 49 21 dess

182 903 149 22 återkallande.

251 1070 76 22 Denna
341 1070 123 28 förordning
479 1070 88 22 träder
561 1065 13 37 i
584 1070 55 21 kraft
654 1070 40 21 den

182 1110 49 15 men
254 1104 35 21 må
311 1104 19 27 ej
354 1104 104 28 tillämpas
475 1105 7 20 i
498 1104 26 21 de
538 1104 104 21 konkurs-
657 1104 39 21 och
710 1082 224 52 förmånsrättstvister,

183 1145 45 15 som
243 1138 45 22 före
303 1138 64 27 sagde
382 1138 41 28 dag
437 1139 66 27 gjorts
518 1138 128 28 anhängiga;
670 1138 18 28 ej
703 1138 68 21 heller
786 1144 38 21 ega
839 1137 96 22 innehaf-

183 1179 50 15 vare
256 1172 21 22 af
300 1172 135 22 derförinnan
457 1173 132 21 tillkommen
612 1178 121 22 gemensam
755 1172 129 28 inteckning,
899 1178 35 14 om

183 1207 102 22 likaledes
299 1208 45 20 före
359 1207 91 21 nämnde
466 1208 41 28 dag
521 1207 88 21 särskild
624 1207 124 27 inteckning
762 1206 48 22 med
826 1206 43 22 lika
883 1206 53 22 eller

184 1244 68 18 sämre
273 1241 157 21 företrädesrätt
452 1242 21 20 af
495 1248 70 14 annan
588 1241 103 27 borgenär
706 1241 86 21 vunnits
807 1240 7 21 i
829 1240 70 27 någon
914 1240 21 20 af

184 1275 25 21 de
233 1276 131 25 gemensamt
378 1274 126 21 intecknade
519 1274 155 27 fastigheterna,
690 1274 52 20 eller
756 1274 61 21 dessa
832 1273 104 28 öfvergått

184 1308 31 20 till
231 1307 68 21 skilde
321 1314 67 21 egare,
403 1308 67 20 bättre
485 1310 40 18 rätt
540 1309 26 19 än
583 1308 26 27 $&
626 1308 26 20 19
668 1308 38 20 och
721 1308 27 20 20
764 1308 8 20 i
786 1308 32 20 sin
833 1308 56 20 förra
903 1308 33 26 ly-

184 1342 57 22 delse
256 1341 112 22 innehålla.
