1045 1717
215 154 44 31 XX
409 154 29 22 U.
453 154 28 22 B.
495 167 27 2 —
538 154 73 27 Prop.
627 153 44 23 N:o
687 154 23 21 4.

256 224 13 19 6
284 223 14 26 $
314 223 13 20 4
342 223 48 26 kap.
403 221 116 22 innehåller
531 224 30 18 ett
571 221 125 28 stadgande,
706 228 51 19 som,
767 221 7 20 i
785 220 151 27 sammanhang

184 256 49 21 med
250 257 12 21 8
278 257 12 27 $
306 257 7 20 i
328 255 326 30 promulgationsförordningen,
677 255 58 21 afser
753 257 31 19 att
799 263 24 12 ur
838 254 98 29 gällande

185 291 35 28 lag
240 291 44 21 helt
307 291 40 21 och
365 290 65 21 hället
445 292 117 19 utmönstra
578 289 36 22 det
628 290 137 21 rättsinstitut
781 297 44 13 som
841 291 23 19 är
879 288 56 21 känd

185 325 67 22 under
268 325 128 28 benämning
412 325 22 21 af
448 325 143 21 löneinförsel.
615 325 34 20 De
665 324 51 26 skäl,
732 331 44 14 som
787 323 82 22 anförts
880 326 57 19 emot

185 360 206 21 införselinstitutets
403 359 148 22 bibehällande
562 360 6 20 i
579 359 86 21 hvilken
678 358 55 21 form
744 366 45 13 som
800 358 60 26 helst,
871 358 65 21 hafva

187 398 59 25 synts
263 395 43 27 mig
321 402 51 14 vara
387 394 23 21 af
424 396 75 19 nästan
515 393 134 22 uteslutande
664 393 102 21 teoretisk
781 395 67 24 natur,
863 393 73 21 hvilka

186 429 73 21 derför
280 429 47 21 icke
347 428 67 21 borde
429 429 100 20 tillmätas
544 428 71 28 någon
631 427 117 28 afgörande
764 427 110 29 betydelse
889 428 7 20 i
911 435 26 13 en

188 463 24 21 sä
234 466 48 19 rent
304 463 96 28 praktisk
421 462 61 29 fräga
498 470 43 13 som
559 462 74 26 denna,
646 461 99 22 hvarföre
762 463 35 27 jag
815 463 17 27 ej
850 462 66 21 heller
931 462 6 20 i

186 497 70 22 denna
274 498 34 21 del
323 497 82 21 kunnat
420 497 81 20 biträda
517 497 143 28 majoritetens
675 497 58 20 inom
743 495 123 22 Utskottets
877 496 61 28 äsigt.

254 532 67 21 Emot
346 531 158 21 bibehällandet
529 531 22 21 af
574 530 195 21 införselinstitutet
793 530 38 21 har
851 531 87 20 uttalats

186 567 55 21 först
262 567 41 21 och
318 566 75 21 främst
408 569 32 17 att
454 565 36 22 det
505 565 117 21 förnärmar
637 565 46 20 lön-
706 565 51 21 eller
778 565 160 28 pensiongifva-

186 609 49 13 rens
257 603 42 19 rätt
321 601 6 20 i
349 601 36 20 det
408 600 116 21 detsamma
544 600 128 21 förminskar
686 599 140 28 gäldenärens
841 599 97 28 förmäga

186 638 32 18 att
240 635 48 21 med
311 635 102 27 tillbörlig
437 634 146 28 noggrannhet
602 634 92 27 fullgöra
713 633 27 21 de
762 633 127 28 äligganden
904 633 34 21 för

186 670 73 20 hvilka
282 669 61 21 lönen
367 669 102 27 ätnjutes;
492 668 33 21 för
548 668 36 21 det
603 668 66 21 andra
684 670 31 18 att
730 675 26 13 en
771 667 59 29 dylik
845 668 55 20 form
916 668 23 20 af

186 704 120 27 utmätning
320 704 6 20 i
343 703 77 28 sjelfva
434 703 75 21 verket
524 702 76 21 hänför
615 703 32 27 sig
663 702 31 21 till
710 702 104 28 egendom
825 710 45 13 som
881 704 57 19 ännu

186 738 48 21 icke
249 738 72 21 tillhör
335 738 134 28 gäldenären,
485 740 30 18 att
529 737 103 21 införseln
646 737 7 20 i
668 737 68 21 likhet
750 736 49 22 med
815 736 123 28 bysättning

187 772 41 21 och
248 772 139 27 arbetstväng
409 772 88 20 infattar
520 779 25 13 en
567 771 224 28 perosnalexekution;
814 771 74 21 vidare
907 774 31 18 att

188 806 36 21 det
245 806 49 21 frän
316 809 80 18 statens
418 806 107 28 synpunkt
546 813 50 13 vore
612 805 22 21 af
650 805 107 28 synnerlig
772 806 46 26 vigt
833 807 31 19 att
879 805 59 21 detta

187 841 138 21 rättsinstitut
347 840 136 26 afskaffades,
507 842 50 18 enär
579 842 29 18 ett
631 839 76 21 sådant
729 839 85 28 intrång
828 840 7 20 i
850 840 88 27 tjenste-

187 876 102 20 männens
307 874 157 21 löneförmäner
478 874 117 21 inverkade
610 873 131 22 förlamande
757 874 28 28 pä
799 874 62 21 deras
876 874 62 21 verk-

188 910 82 20 samhet
285 910 7 20 i
307 909 36 21 det
359 909 115 21 allmännas
490 909 65 27 tjenst
571 908 40 22 och
626 908 102 28 tvingade
745 908 47 21 dem
808 911 31 18 att
849 908 91 22 medelst

187 944 83 21 förvärf
292 946 58 18 utom
373 943 41 21 den
435 943 130 21 sistnämnda
581 943 51 21 söka
648 943 56 21 hälla
719 944 32 26 sig
767 943 123 21 skadeslösa
905 943 34 21 för

188 978 42 21 den
252 978 93 20 inkomst
367 985 46 13 som
428 985 76 20 genom
520 977 101 21 införseln
638 977 114 21 bortfaller.
782 977 105 28 Slutligen
901 978 39 20 har

187 1020 48 13 man
258 1012 102 21 förklarat
383 1014 31 18 att
436 1011 161 28 ifrägavarande
612 1011 126 28 gäldenärer
752 1019 43 21 nog
809 1012 84 21 komme
908 1014 32 18 att

187 1046 143 22 tillfredställa
352 1047 47 20 sina
422 1046 126 28 borgenärer
568 1054 77 19 genom
668 1049 31 18 att
722 1046 91 22 medelst
827 1046 113 27 godvilligt

187 1080 89 21 träffade
289 1080 228 21 öfverenskommelser
531 1080 129 21 tillförsäkra
676 1080 48 21 dem
740 1087 26 14 en
777 1080 35 21 del
822 1080 23 21 af
854 1081 34 20 sin
898 1081 41 20 lön.

255 1114 65 21 Emot
332 1114 62 21 dessa
410 1114 46 21 skäl
471 1121 62 21 synes
549 1114 49 21 flere
614 1113 156 28 invändningar
785 1114 71 21 kunna
871 1116 68 25 göras.

186 1148 150 22 Tvifvelsutan
359 1147 67 22 måste
440 1149 43 20 rätt
496 1148 32 21 till
543 1148 87 21 införsel
647 1149 6 20 i
669 1147 41 22 den
726 1148 148 28 utsträckning
894 1156 45 13 som

187 1183 75 21 hittills
289 1183 56 20 varit
368 1182 98 27 gällande
489 1189 61 14 anses
573 1181 27 29 gå
621 1182 72 27 längre
716 1184 27 19 än
766 1182 57 21 hvad
837 1183 103 28 tillbörlig

187 1217 82 28 hänsyn
284 1217 32 20 till
331 1216 60 21 såväl
401 1217 138 27 gäldenärens
551 1224 45 13 som
608 1216 145 28 löngifvarens
764 1217 133 28 berättigade
908 1218 32 20 in-

186 1255 68 17 tresse
269 1251 42 20 kan
321 1251 116 26 medgifva.
462 1250 31 21 Af
508 1251 69 20 denna
594 1251 115 26 anledning
724 1251 37 20 har
772 1252 18 26 ej
801 1251 66 20 heller
882 1253 57 19 inom

187 1284 113 21 Utskottet
314 1283 61 28 fråga
390 1285 75 20 väckts
482 1291 33 13 om
531 1284 73 21 vidare
619 1286 27 18 än
658 1287 36 22 att,
704 1285 7 20 i
719 1285 71 20 stället
797 1285 34 20 för
839 1285 41 20 den
892 1285 48 20 här-

187 1319 65 21 intiils
264 1318 109 28 medgifna
388 1317 88 27 hälften,
492 1325 26 14 en
533 1317 67 29 tredje
611 1317 35 22 del
657 1318 22 21 af
690 1318 141 28 gäldenärens
841 1319 35 21 lön
889 1319 51 21 eller

187 1354 89 28 pension
301 1353 69 21 skulle
391 1351 25 22 få
438 1352 28 29 på
487 1352 69 28 grund
577 1352 23 21 af
621 1360 26 13 en
666 1352 57 29 gång
738 1353 69 22 skedd
821 1355 119 27 utmätning

187 1387 109 23 användas
312 1387 32 21 till
359 1386 61 29 gälds
431 1387 116 28 betalning,
558 1387 51 20 eller
619 1387 83 21 således
713 1395 80 14 samma
805 1387 78 30 belopp
894 1396 45 13 som

188 1422 63 22 äfven
276 1422 66 28 enligt
363 1421 123 22 Utskottets
507 1421 81 28 förslag
602 1421 55 28 finge
672 1421 35 22 för
721 1422 73 29 hvarje
810 1422 130 29 betalnings-

187 1458 76 20 termin
278 1459 61 26 tagas
354 1457 7 20 i
376 1457 49 20 mät.
450 1455 77 22 Ehvad
542 1464 28 13 nu
587 1456 65 21 sedan
668 1457 36 20 lön
715 1457 91 28 åtnjutes
816 1457 35 22 för
862 1458 77 21 allmän

256 1497 129 23 Lagutskottets
397 1496 112 18 betänkande
521 1496 37 18 N:o
571 1497 17 17 5.
