1034 1720
222 158 27 19 80

193 224 31 20 till
238 224 132 21 efterrättelse
385 223 188 26 utsökningslagens
587 223 122 20 föreskrifter
724 228 31 14 om
767 220 150 26 verkställighet
927 221 19 20 af

193 259 122 25 utmätning,
337 264 32 14 om
392 260 73 19 utmätt
485 258 109 25 egendoms
616 257 123 26 försäljning,
754 262 33 14 om
801 255 112 26 fördelning
927 256 20 19 af

194 293 71 24 medel,
279 299 44 14 som
337 293 31 20 till
382 293 49 25 följd
445 293 20 20 af
479 292 115 25 utmätning
608 291 80 24 influtit,
704 292 52 19 samt
768 296 33 14 om
810 290 73 25 klagan
893 290 54 20 öfver

194 327 181 25 utmätningsmans
396 326 116 25 förfarande,
532 326 51 19 dock
605 327 30 18 att
657 325 118 26 stadgandet
789 325 6 19 i
810 325 13 19 4
845 325 44 25 kap.
905 325 13 19 5
934 323 13 27 8

196 362 12 19 2
224 366 59 14 mom.
297 361 22 19 af
332 360 178 25 utsökningslagen
525 366 33 13 om
573 360 52 20 hvad
639 360 7 19 i
662 359 51 20 visst
728 359 34 20 fall
776 359 33 19 må
824 359 34 19 vid
872 360 75 18 utmät-

195 395 49 25 ning
264 395 124 25 undantagas
411 397 52 17 samt
484 394 86 19 nämnde
592 394 43 25 lags
650 393 122 21 föreskrifter
785 399 32 14 om
832 392 116 25 skyldighet

195 429 30 19 för
246 429 97 25 borgenär
365 431 29 17 att
411 429 95 25 förskjuta
521 427 86 21 kostnad
620 427 18 26 ej
653 433 37 19 ega
704 427 130 25 tillämpning.
863 427 11 19 I
889 427 59 24 öfrigt

197 463 51 26 gälle
263 469 33 14 om
311 463 119 25 utmätning,
446 468 43 14 som
505 462 35 20 här
554 464 54 25 sägs,
622 461 54 20 hvad
686 461 94 20 särskildt
789 463 22 18 är
821 460 48 20 eller
879 460 71 20 varder

196 498 121 19 förordnadt.

544 588 26 20 28
586 587 18 27 $.

266 646 53 21 Skall
335 646 62 25 enligt
411 645 62 26 nägot
487 645 69 26 lagens
572 651 44 14 rum
631 645 39 20 fast
683 645 98 26 egendom
791 645 32 20 stä
832 645 7 20 i
849 645 100 26 gvarstad,

200 681 61 20 varde
283 681 123 25 egendomen
420 681 7 18 i
443 680 66 20 stället
531 681 40 18 satt
593 679 65 20 under
678 679 72 20 förbud
771 681 29 18 att
822 679 59 26 säljas
903 679 48 20 eller

198 715 96 26 skingras.
323 710 28 24 Är
363 715 106 25 eynnerlig
483 714 41 20 fara
535 716 30 18 att
579 714 123 25 egendomen
717 720 71 19 genom
804 713 87 20 vanvärd
902 713 49 20 eller

198 749 117 21 annorledes
329 749 6 20 i
351 751 62 18 större
429 749 46 20 män
490 749 112 24 försämras,
618 755 46 14 vare
679 749 33 25 lag
726 755 43 14 som
783 749 7 19 i
805 749 14 19 4
833 748 45 26 kap.
895 748 26 20 25
937 747 12 27 $

199 785 12 20 2
226 791 59 14 mom.
300 791 40 18 nya
354 784 59 25 lagen
428 786 53 23 sägs.

545 882 27 20 29
587 882 19 26 $.

269 939 40 21 Har
331 939 100 26 gäldenär,
453 939 37 21 hos
512 939 80 21 hvilken
615 938 115 26 utmätning
748 938 65 22 blifvit
834 938 49 25 sökt,
909 939 42 21 sina

200 974 118 26 borgenärer
333 974 31 19 till
378 973 78 26 förfäng
469 974 84 19 afhändt
564 974 32 25 sig
604 973 103 25 egendom,
717 972 62 22 iklädt
789 973 32 26 sig
832 973 120 21 förbindelse

200 1008 48 22 eller
263 1010 78 25 gynnat
355 1008 78 21 enskild
447 1008 103 26 borgenär,
565 1008 63 21 under
645 1007 74 21 sädana
734 1008 170 25 omständigheter
918 1010 34 22 att,

200 1049 32 13 om
248 1042 87 20 konkurs
337 1037 10 34 i
363 1042 67 20 stället
440 1042 30 20 för
481 1042 115 25 utmätning
606 1042 62 24 sökts,
678 1041 127 26 återvinning
813 1042 32 20 till
856 1042 96 22 konkurs-

201 1078 47 19 boet
270 1077 51 19 varit
344 1076 88 26 tillåten;
456 1076 25 20 dä
504 1082 46 14 vare
572 1076 39 20 den
633 1076 103 25 hborgenär,
758 1082 42 14 som
815 1076 138 26 utmätningen

200 1112 78 24 begärt,
302 1111 30 19 till
348 1110 127 26 återvinning
496 1110 118 26 berättigad;
638 1112 85 18 stämme
743 1110 50 20 dock
813 1110 78 25 honom,
913 1112 41 18 mot

200 1146 80 19 hvilken
303 1145 53 20 talan
377 1145 67 20 derom
467 1144 51 20 skall
540 1145 80 24 utföras,
639 1144 55 20 inom
708 1144 59 20 sextio
782 1144 60 26 dagar
856 1145 51 19 efter
921 1144 32 21 det

200 1180 122 26 borgenären
345 1186 32 14 om
391 1179 151 25 utmätningens
557 1178 148 21 verkställande
719 1178 61 20 erhöll
794 1178 91 26 kunskap
900 1179 53 24 eller,

202 1214 36 21 der
253 1214 56 25 fråga
324 1216 22 18 är
360 1219 32 15 om
407 1214 40 19 fast
461 1213 103 27 egendom,
578 1213 62 21 hvarä
654 1213 72 25 lagfart
740 1213 26 21 dä
780 1213 17 27 ej
807 1219 34 15 var
851 1214 50 24 sökt,
910 1213 43 21 från

200 1248 38 21 den
253 1248 38 24 dag
306 1248 96 24 lagfarten
418 1248 63 20 sökes.

269 1280 75 25 (Utesl)

546 1336 27 20 30
591 1335 18 27 S.

270 1394 41 20 Der
326 1394 69 26 längre
407 1394 52 20 tider
467 1394 32 20 för
508 1394 72 26 klagan
590 1394 55 20 öfver
655 1394 181 26 utmätningsmans
845 1395 111 20 förfarande

202 1430 37 21 och
265 1430 56 19 öfver
343 1429 68 25 utslag
425 1429 7 19 i
446 1428 169 26 utsökningsmål,
636 1431 25 17 än
684 1429 26 20 de
724 1429 6 19 i
746 1435 39 19 nya
802 1429 58 26 lagen
875 1432 81 23 utsatta,

201 1465 62 19 finnas
287 1470 46 14 vara
355 1464 20 19 af
396 1464 98 19 särskilda
516 1463 178 21 ortsförhällanden
721 1463 108 27 påkallade,
854 1470 46 14 vare
925 1465 30 20 för
