1045 1717
218 140 12 20 8
425 138 25 22 U.
466 138 24 22 B.
511 150 19 3 —
549 138 65 28 Prop.
630 138 38 22 N:o
683 137 20 22 8.

189 210 81 15 muner
286 203 41 22 och
343 203 112 21 enskilde.
484 202 35 22 Af
531 210 86 14 samma
634 202 127 29 anledning
776 202 71 21 hafva
860 208 28 15 ur
904 209 38 14 an-

189 238 41 21 dra
245 239 127 20 momentet
386 237 138 22 utelemnats
535 237 71 22 orden
618 236 134 29 ,äfvensom
765 236 123 21 kommuns
899 235 43 22 och

189 272 171 28 församlings".

258 307 167 28 Lysningssedel
441 307 32 22 till
487 307 124 28 äktenskap.
633 305 13 22 I
661 306 62 29 syfte
739 307 34 20 att
787 306 77 28 lämpa
874 307 68 20 stäm-

189 341 132 30 pelskatten
336 341 13 22 å
363 341 184 29 lysningssedlar
562 342 9 21 i
585 341 95 22 rättvist
694 339 145 23 förhållande
854 340 38 21 till
904 347 38 14 ve-

190 376 152 22 derbörandes
365 375 161 29 förmögenhet
546 376 44 22 och
611 375 106 29 förmåga
735 377 34 20 att
790 375 56 21 bära
869 375 75 21 denna

190 411 68 28 skatt,
281 411 70 21 hafva
369 411 27 21 de
415 411 178 28 skattdragande
608 411 9 20 i
632 411 108 28 gällande
755 409 188 28 stämpelförord-

189 446 58 27 ning
261 445 100 22 indelats
376 446 9 21 i
400 447 27 20 60
440 445 130 28 kategorier
585 445 52 22 med
653 445 94 28 afgifter
761 444 114 22 vexlande
890 443 52 22 från

190 482 10 20 1
217 480 38 21 till
270 481 42 22 200
327 481 71 20 mark.
428 480 177 28 Ifrägavarande
622 479 70 28 afgift
707 479 42 22 har
764 478 97 22 sålunda
866 474 14 38 i
876 478 66 21 viss

190 515 52 21 mån
265 515 89 27 antagit
371 515 138 21 karaktären
528 515 26 21 af
570 521 30 14 en
614 513 245 28 förmögenhetsskatt.
889 512 55 21 Men

189 549 139 28 näppeligen
350 548 66 22 torde
435 549 77 28 någon
531 549 52 21 titel
598 549 8 21 i
622 547 267 30 stämpelförordningen
904 547 40 21 vid

189 583 166 28 landtdagarna
377 583 43 21 och
443 583 68 21 äfven
529 585 64 20 utom
613 582 115 22 desamma
745 581 71 22 hafva
834 581 61 22 varit
909 581 36 22 fö-

189 618 72 21 remål
282 617 37 22 för
337 618 25 21 så
382 617 132 29 upprepade
529 617 105 22 debatter
650 617 42 21 och
708 616 98 29 stridiga
820 617 124 21 bedöman-

190 652 44 22 den
245 659 49 14 som
305 652 219 28 lysningssedlarne.
550 652 194 28 Anmärkningar
759 651 70 22 hafva
844 650 100 23 hufvud-

190 686 106 28 sakligen
310 686 84 22 riktats
410 688 49 20 mot
473 686 127 29 detaljerna
615 686 9 21 i
634 686 28 22 de
673 686 191 28 skattdragandes
875 693 69 21 grup-

189 722 83 28 pering
295 721 42 21 och
360 720 27 22 de
406 721 36 21 för
460 721 51 21 dem
534 720 110 29 stadgade
660 721 62 21 olika
739 720 203 29 afgiftsbeloppen.

189 755 118 29 Derjämte
322 755 70 22 hafva
407 756 116 28 klagomål
537 755 113 29 försports
667 755 65 22 öfver
747 755 150 28 svårigheten
907 755 37 21 för

189 790 172 28 prästerskapet
377 792 33 19 att
425 790 104 28 tillämpa
543 790 169 28 förordningen
722 791 29 27 på
765 789 76 29 grund
852 790 25 21 af
891 790 52 21 dess

188 824 98 29 brokiga
301 824 119 29 mångfald
436 824 25 22 af
475 824 62 22 olika
551 824 114 22 rubriker.

257 859 52 21 Den
336 858 36 22 för
400 858 278 30 stämpelförordningens
706 859 163 22 omarbetande
889 859 55 22 ned-

190 896 60 20 satta
269 894 105 22 komitén
388 894 47 28 har,
451 894 37 22 för
498 894 150 22 undvikande
659 894 25 22 af
693 894 45 22 alla
749 894 145 28 svårigheter
904 894 40 22 vid

189 928 184 22 bestämmandet
391 928 25 22 af
432 929 224 29 lysningssedlarnes
672 929 126 29 kartering,
815 928 128 29 föreslagit,

190 965 35 20 att
246 964 81 21 endast
349 971 27 14 en
391 963 70 29 afgift
476 964 25 21 af
513 965 14 21 3
541 963 71 29 mark,
628 963 48 22 lika
691 964 37 21 för
743 963 50 28 alla,
809 963 72 21 borde
896 963 47 21 till-

189 999 95 27 lämpas,
300 998 43 21 och
358 998 64 21 detta
436 998 88 28 förslag
538 998 42 22 har
595 998 69 22 äfven
679 998 8 21 i
703 998 44 21 den
762 998 85 28 nådiga
862 1005 81 21 propo-

190 1033 102 21 sitionen
313 1032 105 28 intagits.
447 1033 83 21 Denna
552 1033 95 28 lösning
669 1032 24 22 af
714 1032 82 29 frågan
818 1032 43 22 har
876 1032 68 22 emel-

190 1068 69 21 lertid
281 1067 52 21 icke
349 1067 25 20 af
389 1067 266 28 Bevillningsutskottet
670 1067 126 21 omfattats.
826 1067 36 28 Ty
877 1067 8 20 i
901 1067 43 21 och

190 1101 53 22 med
265 1101 141 28 antagandet
424 1101 25 21 af
465 1109 28 13 en
511 1101 55 22 fullt
585 1101 121 28 likformig
725 1101 119 28 kartering
859 1101 26 20 af
896 1101 48 28 lys-

190 1135 176 29 ningssedlarne
381 1135 117 28 uppgåfve
513 1142 52 15 man
581 1135 27 22 de
626 1135 59 21 enda
700 1135 151 28 synpunkter,
863 1134 81 23 hvilka

190 1170 74 28 enligt
279 1169 127 22 utskottets
422 1169 149 22 förmenande
587 1173 62 18 ännu
664 1169 46 22 tala
720 1170 37 21 för
767 1169 176 29 ifrågavarande

190 1204 161 29 egendomliga
374 1205 157 28 beskattning,
554 1205 118 28 nämligen
692 1205 52 21 dess
762 1205 57 21 häfd
833 1204 43 21 och
891 1204 51 22 dess

190 1239 117 28 egenskap
327 1240 34 20 att
375 1239 9 20 i
399 1239 77 28 någon
491 1240 54 21 mån
559 1239 64 28 tjena
638 1239 75 21 såsom
728 1247 28 13 en
771 1239 112 27 graderad
898 1239 45 21 för-

190 1271 206 28 mögenhetsskatt.
420 1272 120 21 Erkännas
551 1273 73 20 måste
632 1272 125 28 nämligen,
766 1273 34 20 att
807 1271 137 29 principiela

190 1306 52 21 skäl
250 1305 38 22 för
297 1305 175 28 ifrågavarande
483 1305 168 30 stämpelafgift
661 1306 117 29 svårligen
788 1306 67 21 torde
865 1306 79 21 kunna

190 1340 98 22 anföras.
318 1340 35 28 Ty
370 1347 28 14 en
413 1340 151 29 beskattning
580 1340 25 22 af
618 1340 154 29 äktenskapet
786 1340 158 22 harmonierar

190 1375 52 22 icke
264 1375 53 21 med
339 1375 252 28 samhällsordningens
612 1375 123 22 intressen.
764 1375 80 22 Under
862 1375 82 22 sådant

190 1409 144 22 förhällande
349 1412 36 18 ter
400 1409 37 28 sig
452 1417 29 13 en
496 1409 170 29 uniformering
681 1409 24 22 af
718 1409 177 29 ifrågavarande
910 1409 34 22 af-

190 1444 77 30 gifter,
283 1451 59 22 resp.
359 1451 28 14 en
403 1444 212 29 skatteförhöjning
624 1443 38 23 för
672 1444 28 22 de
710 1444 90 22 mindre
810 1445 134 22 bemedlade

259 1484 214 23 Bevillningsutskottets
486 1485 116 17 betänkande
616 1485 36 17 N:o
664 1486 17 16 4.
