1067 1720
205 156 26 19 12
401 154 30 22 U.
446 155 28 21 B.
492 167 23 2 —
532 154 65 28 Prop
613 154 43 21 N:o
670 154 23 21 4.

476 611 157 29 Reservation.

242 710 74 20 Ehuru
335 710 35 27 jag
392 710 18 26 ej
431 710 37 20 vill
490 709 92 21 bestrida
604 711 30 19 att
656 710 25 20 de
701 709 98 28 grunder,
815 710 26 27 på
855 710 71 21 hvilka

174 744 146 28 Lagutskottet
340 744 98 27 uppgjort
458 744 36 20 sitt
508 744 299 27 sammanjemkningsförslag,
823 744 62 21 hafva
900 751 27 14 en

175 778 42 21 viss
238 778 49 20 häfd
308 778 33 21 för
363 778 37 27 sig,
416 778 38 20 har
468 778 35 27 jag
518 778 53 20 dock
586 778 47 20 icke
649 778 82 20 kunnat
745 778 74 21 förena
833 778 44 27 mig
891 784 36 15 om

173 812 105 28 förslaget.
307 812 73 27 Enligt
395 812 43 20 min
454 812 62 20 tanke
531 812 68 21 finnes
614 812 36 20 det
664 818 26 14 en
705 812 63 27 regel,
783 812 48 21 från
841 812 86 21 hvilken

174 853 50 14 man
245 847 18 26 ej
287 853 38 14 ens
347 846 36 21 vid
404 846 78 27 förslag
497 846 31 21 till
543 846 204 27 sammanjemkning
763 846 38 21 bör
811 846 58 25 vika;
885 846 42 21 den

174 881 106 27 nämligen
301 883 29 19 att
344 881 47 20 icke
414 880 94 28 uppoffra
523 881 73 27 lagens
618 880 179 28 grundprinciper.
826 881 51 20 Men
899 887 27 18 en

174 915 150 28 grundprincip
346 915 33 21 för
400 915 41 21 den
463 915 62 21 civila
547 915 146 26 executionen,
721 921 46 15 som
789 915 138 21 förevarande

173 950 114 27 lagförslag
308 950 47 21 sökt
376 949 132 28 förverkliga,
524 951 22 20 är
561 952 29 19 att
605 949 123 22 densamma
742 949 65 22 riktas
821 950 47 21 icke
884 951 45 20 mot

173 991 105 20 personen
293 984 69 21 såsom
377 983 65 21 sådan
458 985 38 20 och
511 984 47 21 icke
573 984 66 21 heller
653 986 44 19 mot
707 991 114 20 personens
830 984 95 27 förmåga

174 1020 29 18 att
217 1018 8 20 i
241 1024 25 14 en
281 1018 84 20 framtid
381 1018 105 20 förvärfva
500 1018 146 27 förmögenhet
662 1020 50 18 utan
728 1020 43 19 mot
786 1018 81 21 dennes
875 1018 50 27 för-

174 1052 105 27 värfvade
297 1052 38 20 och
344 1051 43 26 för
400 1052 86 20 handen
502 1052 95 21 varande
609 1052 157 27 förmögenhet.
797 1052 76 21 Derför
888 1053 38 20 har

174 1093 48 14 man
238 1087 7 19 i
265 1086 100 27 förslaget
380 1086 95 21 afskaffat
490 1086 219 27 bysättningstvånget
723 1087 39 20 och
778 1086 35 21 det
828 1093 15 14 s.
859 1086 19 21 k.
894 1093 33 14 ar-

173 1120 132 27 betstvånget
320 1120 69 20 såsom
404 1120 199 21 executionsmedel.
632 1120 45 21 Och
692 1120 23 21 så
729 1121 39 20 har
782 1127 49 14 man
846 1121 82 21 förfarit

173 1155 7 20 i
201 1154 41 21 alla
262 1154 128 22 kulturland.
420 1154 41 21 Det
476 1156 23 19 är
513 1154 109 21 resultatet
636 1154 22 21 af
673 1160 26 15 en
714 1154 81 21 kultur-
810 1155 39 21 och
864 1156 61 20 rätts-

173 1189 128 27 utveckling,
316 1196 44 14 som
377 1189 92 21 sträcker
484 1189 32 27 sig
530 1189 46 21 från
588 1189 97 21 antikens
695 1188 125 28 aflägsnaste
830 1189 97 27 perioder

173 1224 32 20 till
220 1223 130 21 närvarande
365 1223 35 21 tid.
430 1223 50 21 Men
496 1223 39 21 den
551 1230 15 14 s.
582 1224 18 20 k.
616 1223 151 21 löneinförseln
782 1223 52 21 eller
848 1225 77 20 utmät-

173 1258 79 26 ningen
275 1258 21 20 af
313 1264 27 14 en
356 1257 190 27 arbetsersättning,
561 1264 47 14 som
622 1258 42 19 kan
679 1258 75 20 utfalla
768 1258 7 19 i
791 1264 26 14 en
832 1258 92 26 aflägsen

171 1291 91 26 framtid,
277 1293 23 18 är
315 1291 46 20 icke
377 1293 63 17 annat
455 1292 27 18 än
498 1290 35 21 det
547 1291 69 26 gamla
632 1290 156 27 arbetstvänget
802 1291 8 20 i
824 1297 27 14 en
859 1291 64 27 nägot

171 1324 66 21 finare
253 1324 136 25 omklädnad;
404 1324 40 21 och
459 1330 35 14 om
508 1323 120 28 lagtiftaren
641 1324 98 21 afskaffar
749 1324 35 21 det
794 1325 131 21 sistnämnda

172 1365 49 14 men
237 1359 116 21 bibehäller
366 1358 108 27 införseln,
488 1360 38 26 gör
540 1359 41 20 han
597 1359 31 27 sig
643 1359 84 28 skyldig
742 1359 31 21 till
789 1365 26 15 en
830 1359 47 28 grof
891 1360 32 20 in-

171 1393 139 27 konsegvens.

239 1427 34 22 En
289 1434 70 15 annan
374 1427 66 28 viktig
455 1427 86 28 princip,
556 1427 86 22 hvilken
657 1435 50 14 man
716 1428 8 21 i
734 1428 137 22 förevarande
881 1429 45 28 lag-

171 1463 79 26 förslag
272 1462 61 27 velat,
355 1462 23 21 sä
397 1462 58 27 långt
474 1462 68 21 dettas
557 1462 105 28 egentliga
676 1463 55 26 syfte
746 1463 115 27 medgifvit,
884 1463 41 21 till

240 1496 129 22 Lagutskotteis
381 1495 110 18 betänkande
504 1495 37 18 N:o
554 1496 17 17 5.
