1025 1714
422 123 44 24 N:o
485 124 23 22 4.
785 124 27 20 59

85 190 105 21 exekutor
205 189 52 22 eller
272 190 93 22 domstol
380 192 25 20 är
420 190 116 28 anhängig;
560 191 69 27 gånge
645 192 129 26 qvarstaden
791 191 51 22 eller

84 223 103 22 förbudet
202 224 53 21 åter.
285 219 30 26 Är
330 224 34 22 för
379 225 95 26 fordran,
492 224 33 22 för
540 225 85 21 hvilken
640 225 43 21 fast
698 226 104 27 egendom
818 228 24 19 är

85 258 130 27 underpant,
239 259 130 27 egendomen
385 259 52 21 eller
452 260 49 22 dess
516 260 125 26 afkastning
655 261 45 20 satt
715 260 69 21 under
799 260 42 20 för-

84 291 45 22 bud
152 292 52 22 eller
219 292 7 21 i
242 293 103 27 qvarstad
360 294 70 20 såsom
446 294 7 21 i
468 294 12 21 3
497 294 39 22 och
553 295 11 20 7
581 294 25 27 $$
623 295 66 26 sagts,
705 294 40 22 och
760 295 25 20 är
800 294 41 21 den

84 326 90 22 fordran
197 328 58 20 ännu
278 328 47 20 icke
346 327 98 22 förfallen
467 328 33 22 till
518 328 118 27 betalning,
653 328 66 22 varde
734 328 59 21 tiden
808 327 34 22 för

84 360 72 22 talans
173 361 136 21 anställande
324 362 84 21 räknad
422 361 48 22 från
485 362 162 27 förfallodagen.

154 395 60 22 Skall
228 396 128 27 lagsökning
372 396 51 21 eller
438 397 115 27 stämning,
569 396 87 22 hvarom
668 403 29 15 nu
710 398 24 20 är
744 396 96 26 nämndt,

84 429 102 27 delgifvas
209 436 76 22 genom
307 431 129 27 kungörelse
454 432 8 21 i
481 431 108 21 allmänna
612 431 145 27 tidningarna,
780 430 62 22 hafve

84 463 48 27 den,
149 470 47 16 som.
211 465 130 26 qvarstaden
357 465 52 21 eller
424 465 101 22 förbudet
539 465 83 26 vunnit,
639 466 32 20 sin
681 467 47 19 rätt
738 465 103 26 förvarat,

85 505 34 14 om
141 498 70 23 första
232 500 153 27 kungörandet
407 501 59 21 skett
488 500 58 22 inom
569 499 62 23 ofvan
648 500 92 27 stadgad
755 499 32 22 tid
803 499 39 22 och

84 533 57 21 hvad
155 533 7 22 i
179 533 64 28 öfrigt
258 533 33 22 för
306 536 23 25 ty
344 533 37 22 fall
397 537 24 19 är
436 535 135 22 föreskrifvet
595 535 115 27 rätteligen
733 534 107 27 fullgöres.

433 605 25 20 12
474 604 19 27 8.

152 643 109 25 Qvarstad
283 643 40 22 och
345 643 207 28 skingringsförbud,
576 649 45 16 som
645 643 32 22 till
692 643 100 22 säkerhet
808 642 33 23 för

83 676 89 22 fordran
187 676 69 23 blifvit
271 677 111 28 beviljade,
398 679 24 20 så
438 678 40 21 ock
493 677 126 23 reseförbud
635 677 104 28 upphöre,
751 683 34 16 om
796 677 44 28 gäl-

84 711 95 22 denären
195 711 74 22 ställer
283 713 54 26 pant
353 712 52 21 eller
418 712 91 27 borgen;
526 712 39 21 och
579 713 42 26 må,
637 713 7 20 i
658 712 62 27 fråga
735 718 34 15 om
784 718 57 15 rese-

84 745 84 28 förbud,
189 745 60 22 äfven
264 746 82 27 borgen
361 747 33 21 för
410 747 74 27 sjelfva
498 753 108 21 personen
623 747 66 27 enligt
706 747 26 20 10
747 747 49 26 kap.
815 747 25 20 12

86 781 11 27 $
113 781 169 22 handelsbalken
297 782 71 21 såsom
383 781 101 22 säkerhet
499 781 132 28 godkännas.

434 852 25 20 13
475 851 19 28 8.

151 890 91 22 Pröfvas
258 890 26 23 de
299 891 191 28 omständigheter,
509 897 46 16 som
570 891 108 22 föranledt
694 890 102 27 gvarstad
812 889 28 22 el-

83 925 32 23 ler
129 925 85 27 förbud,
233 925 17 28 ej
266 925 75 22 vidare
355 932 53 15 vara
424 925 33 22 för
472 925 85 23 handen
573 925 52 23 eller
639 925 121 22 förnärmar
773 925 68 21 sädan

84 960 78 28 ätgärd
185 960 68 28 tredje
275 967 62 15 mans
359 962 52 25 rätt,
435 961 35 21 mä
489 960 132 28 gvarstaden
637 960 51 21 eller
702 960 102 22 förbudet
820 958 23 22 af

84 994 163 22 Ofverexekutor
269 995 81 26 häfvas,
374 995 24 21 sä
422 995 38 21 ock
483 995 23 21 af
527 994 99 27 domstol,
643 994 28 22 dä
686 995 67 21 saken
770 996 24 19 är
809 993 31 22 dit

83 1029 101 22 instämd.

434 1083 25 20 14
475 1082 19 29 8.

150 1122 47 21 Har
219 1128 50 16 man
289 1122 147 27 egenmäktigt
450 1124 79 26 pantat
545 1122 66 26 nägot
626 1122 32 21 till
673 1122 33 28 sig
721 1122 51 22 eller
789 1121 50 22 skilt

84 1163 72 15 annan
179 1156 48 22 frän
243 1157 37 21 det
294 1157 43 21 han
352 1156 92 22 innehar
459 1157 51 22 eller
525 1157 62 27 eljest
603 1156 50 28 sjelf
665 1157 55 27 tagit
736 1156 32 27 sig
784 1158 56 24 rätt;

84 1198 38 21 ege
137 1191 163 22 öfverexekutor
315 1193 34 20 att
364 1194 76 24 genast
455 1192 146 27 besittningen
617 1192 52 21 eller
684 1193 68 20 annat
762 1190 79 22 förhäl-

83 1226 71 26 lande,
170 1232 45 16 som
231 1228 24 19 är
270 1226 100 26 rubbadt,
387 1226 117 27 äterställa,
521 1226 90 22 säframt
622 1227 18 27 ej
651 1225 133 23 svarandens
796 1226 45 20 rätt

85 1262 25 19 är
131 1260 25 22 sä
179 1260 118 28 uppenbar,
321 1262 34 20 att
370 1261 138 27 utsöknings-
524 1260 51 22 eller
590 1260 180 28 polismyndighet
785 1260 55 21 varit

82 1294 90 28 behörig
188 1296 33 20 att
236 1295 78 21 honom
330 1294 72 22 dertill
416 1294 115 28 förhjelpa;
552 1294 39 22 och
606 1301 61 15 svare
683 1294 48 26 den,
748 1300 45 15 som
808 1294 33 27 sig

82 1328 94 28 förgrep,
192 1328 35 21 vid
243 1328 100 22 domstol.

151 1363 54 26 Den,
228 1364 45 19 mot
296 1362 85 21 hvilken
404 1363 68 21 sådan
489 1362 163 27 handräckning
667 1361 72 28 gifves,
755 1367 51 16 vare
822 1361 18 27 ej

83 1396 94 22 förment
193 1398 33 19 att
241 1397 32 20 sin
290 1396 60 22 talan
365 1397 36 20 vid
416 1396 93 22 domstol
525 1395 54 22 efter
594 1396 110 27 stämning
719 1395 78 22 utföra.
