1036 1711
330 125 29 23 U.
375 127 27 22 B.
418 139 28 4 —
460 127 74 28 Prop.
551 126 44 23 N:o
611 126 20 22 7.
803 127 24 20 17

106 195 115 29 styrelsens
246 195 80 28 förslag
349 194 83 22 besluta
454 203 34 13 om
500 195 113 28 besparing
629 195 23 21 af
666 195 90 26 vinsten,
772 194 37 22 der
824 195 34 21 så-

105 229 53 22 dant
176 236 64 19 anses
264 229 76 28 nödigt
353 229 35 21 för
403 229 116 28 företagets
535 229 171 21 säkerställande.
735 229 42 20 Till
793 229 65 28 skyd-

105 262 71 22 dande
191 262 23 21 af
229 263 145 21 minoritetens
389 265 43 18 rätt
447 263 37 20 har
498 263 113 21 Utskottet
625 262 57 21 dock
696 265 76 23 ansett,
783 265 31 18 att
824 263 34 20 för

105 295 77 22 sädant
202 295 71 22 beslut
293 296 136 21 kvalificerad
452 296 107 28 pluralitet
579 295 23 21 af
617 295 38 21 tvä
670 294 126 29 tredjedelar
811 296 47 21 utaf

105 329 38 22 det
159 329 37 22 vid
212 331 103 20 stämman
330 329 124 22 företrädda
469 329 160 29 aktiekapitalet
643 329 42 21 kan
696 328 90 22 fordras.

172 364 63 21 Inom
250 364 121 22 -Utskottet
394 364 39 21 har
447 364 61 28 fräga
529 364 75 21 väckts
627 363 79 27 derom,
728 363 103 22 huruvida
850 365 8 19 i

105 399 27 21 22
149 399 12 27 8
176 400 35 25 (24
227 399 25 26 S),
268 406 44 14 som
328 398 112 22 afhandlar
454 398 133 28 bolagsmans
598 400 88 19 rösträtt
696 398 13 20 ä
719 398 139 28 bolagsstäm-

105 441 40 18 ma,
167 432 65 22 borde
256 433 84 27 intagas
355 432 37 22 det
407 434 6 20 i
430 432 103 22 särskilda
549 432 65 22 andra
629 432 158 28 lagstiftningar
801 432 57 22 före-

105 467 127 22 kommande
248 466 124 29 stadgande,
388 470 32 18 att
435 467 47 26 den,
497 474 45 14 som
561 474 77 21 genom
655 470 30 17 ett
701 466 70 22 beslut
786 466 72 22 blefve

104 501 101 22 frikallad
232 501 48 22 frän
303 508 26 14 en
354 501 134 29 förpliktelse
508 504 108 25 gentemot
640 500 86 29 bolaget
743 501 51 21 eller
808 501 49 21 med

105 535 88 22 hvilken
218 536 66 28 något
308 536 131 21 rättsärende
464 535 54 22 skall
539 535 67 28 ingås,
625 536 19 27 ej
660 535 34 21 mä
708 536 7 20 i
731 535 127 29 afgörandet

104 570 63 21 häraf
180 570 35 21 för
230 577 54 20 egen
299 570 91 27 räkning
406 570 50 20 eller
471 570 69 20 säsom
556 568 79 22 ombud
652 572 50 25 taga
717 569 41 26 del,
771 570 40 20 och
827 572 31 18 att

105 603 58 29 förty
177 607 15 18 t.
208 611 32 14 ex.
256 611 26 14 en
298 604 92 21 ledamot
407 604 23 21 af
445 603 178 28 bolagsstyrelsen
639 603 18 28 ej
673 603 55 27 finge
743 603 115 21 medverka

104 638 33 21 till
152 638 34 21 val
202 637 24 22 af
240 639 106 20 revisorer
361 637 51 22 eller
427 637 71 22 beslut
513 645 33 14 om
562 637 154 21 ansvarsfrihet
725 637 35 21 för
769 637 89 22 förvalt-

105 671 144 29 ningsätgärd.
279 672 144 21 Alldenstund
446 672 36 21 det
502 671 56 22 dock
580 673 23 19 är
623 669 110 30 sjelfklart,
748 674 32 18 att
794 672 63 27 ingen

104 707 40 21 bör
158 706 24 21 fä
196 708 58 19 rösta
276 707 7 20 i
298 714 52 21 egen
367 706 44 26 sak,
427 709 50 18 enär
497 705 36 22 det
548 706 18 27 ej
582 706 42 21 kan
639 705 116 27 förväntas,
770 709 31 18 att
816 705 41 22 han

105 741 55 21 skall
182 740 138 22 underordna
343 741 37 20 sitt
398 744 49 24 eget
461 741 89 20 intresse
564 739 69 22 under
648 739 102 28 bolagets,
764 739 39 22 har
816 740 42 21 Ut-

105 775 81 21 skottet
207 777 52 20 trott
282 775 105 21 särskilda
410 775 134 20 föreskrifter
565 774 74 21 härom
654 774 23 21 sä
692 774 86 28 mycket
792 774 66 21 hellre

105 809 70 22 kunna
200 809 112 26 undvaras,
335 816 45 14 som
403 808 63 22 dessa
486 809 7 20 i
515 808 72 29 hvarje
606 807 39 22 fall
661 808 71 21 blefve
747 816 45 13 mer
806 809 52 20 eller

104 843 83 21 mindre
203 843 158 27 ofullständiga.

174 877 11 21 I
211 878 12 20 2
246 884 62 14 mom.
331 876 23 21 af
378 878 26 20 25
421 878 12 26 8
449 877 33 27 (27
499 877 18 27 &)
533 876 38 21 har
585 875 49 22 med
649 876 116 28 anledning
780 876 22 21 af
817 876 41 21 Ut-

105 910 91 22 skottets
213 910 69 22 beslut
298 910 165 22 vidkommande
479 911 26 21 20
521 910 12 27 $
549 911 33 26 (22
598 910 19 27 $)
634 917 25 14 en
675 910 81 21 mindre
767 910 91 22 omredi-

105 947 74 26 gering
194 945 118 27 företagits.

174 979 43 21 Till
238 979 54 28 följd
308 979 23 21 af
346 978 26 22 de
391 978 110 29 praktiska
516 978 135 28 olägenheter
665 978 37 22 det
716 978 68 22 skulle
800 979 58 21 med-

105 1014 54 26 föra,
182 1021 33 13 om
239 1014 70 21 såsom
331 1014 7 20 i
355 1014 10 21 1
382 1020 62 14 mom.
459 1012 23 22 af
497 1014 26 20 26
539 1013 12 27 $
566 1014 35 26 (28
617 1014 19 26 8)
651 1013 93 28 stadgas,
759 1013 28 21 dä
802 1013 56 21 olika

105 1049 111 27 meningar
231 1048 13 21 &
260 1048 164 28 bolagsstämma
446 1050 77 26 yppats
538 1048 41 21 och
594 1048 131 28 omröstning
739 1047 120 29 försiggätt,

105 1083 8 21 i
128 1083 130 29 protokollet
272 1083 35 20 för
321 1083 73 28 hvarje
410 1083 130 27 omröstning
555 1081 68 22 skulle
639 1082 121 29 uppräknas
771 1083 41 20 alla
826 1083 33 26 de,

106 1125 47 14 som
167 1117 33 21 till
215 1117 93 21 beslutet
323 1117 131 25 medverkat,
468 1117 38 21 har
521 1116 112 21 Utskottet
647 1123 25 14 ur
686 1119 115 18 momentet
813 1120 47 17 ute-

107 1151 60 21 slutit
181 1151 66 21 orden
272 1154 73 24 »samt,
360 1153 58 19 utom
434 1150 37 22 vid
486 1150 41 26 val,
547 1149 73 22 hvilka
635 1150 31 20 till
682 1150 93 21 beslutet
790 1150 70 22 bidra-

105 1186 52 27 git».
186 1184 114 23 Utskottet
314 1184 38 22 har
366 1185 107 27 nemligen
488 1187 70 18 ansett
575 1184 36 21 det
626 1183 98 29 åsyftade
739 1184 121 22 ändamålet

106 1219 76 21 lättare
198 1219 72 21 kunna
286 1219 61 21 ernås
363 1218 89 22 sålunda
467 1220 32 19 att
513 1217 47 27 den,
575 1225 45 14 som
636 1217 47 21 icke
699 1218 115 27 godkände
830 1221 31 18 ett

107 1254 77 26 beslut,
206 1253 96 22 deremot
323 1253 144 28 uttryckligen
488 1252 71 22 inlade
574 1252 32 21 sin
621 1259 103 21 gensaga;
748 1252 112 22 hvarutom

107 1289 38 21 det
169 1288 21 28 ju
216 1290 23 18 är
259 1287 78 29 tydligt
360 1290 30 18 att
413 1287 128 28 bolagsman,
563 1294 45 13 som
631 1286 19 28 ej
674 1286 55 21 varit
744 1286 37 22 vid
796 1289 64 19 stäm-

107 1330 49 14 man
171 1322 111 26 tillstädes,
298 1322 47 21 icke
360 1323 24 19 är
400 1322 99 26 ansvarig
513 1320 34 22 för
561 1320 98 22 beslutet.

177 1358 26 20 27
227 1357 12 27 &
262 1357 34 26 (29
320 1356 19 27 S)
361 1354 89 22 handlar
465 1362 34 14 om
514 1354 171 28 aktiekapitalets
699 1354 97 28 höjande.
827 1355 34 21 Då

108 1391 59 29 dylik
182 1390 124 29 förhöjning
321 1389 60 21 alltid
396 1388 50 22 sker
460 1388 95 26 sålunda,
569 1390 32 18 att
610 1387 144 29 aktiebolaget
763 1388 99 28 inbjuder

107 1426 34 21 till
155 1426 103 27 teckning
273 1424 23 21 af
310 1424 27 21 de
352 1431 41 21 nya
406 1423 101 25 aktierna,
521 1422 41 21 och
577 1421 127 28 stadgandet
719 1423 6 20 i
742 1423 10 20 1
765 1423 12 27 $
788 1430 33 13 om
834 1424 28 20 si-

177 1465 47 23 Lag-
238 1465 32 18 och
283 1463 181 19 Ekonomiutskottets
476 1462 109 18 betänkande
597 1463 34 16 N:o
643 1462 18 17 2.
782 1463 11 17 2
