1048 1717
328 130 24 21 U.
368 130 24 21 B.
407 142 29 3 —
450 130 64 29 Prop.
530 130 36 22 N:o
582 130 20 22 8.

375 451 349 28 Bevillningsutskottets
747 451 96 22 betän-

296 491 94 22 kande
406 491 37 22 N:o
458 490 14 22 4
488 491 7 22 i
510 491 120 28 anledning
646 491 25 22 af
683 491 58 22 Hans
756 491 87 29 Kejser-

296 531 47 28 liga
359 531 115 29 Majestäts
489 531 83 29 nädiga
582 532 136 28 proposition
728 532 114 28 angäende

296 572 221 29 stämpelbevillning.

159 653 52 21 Den
233 652 87 29 nädiga
341 653 172 28 propositionen
532 653 118 28 angäende
668 653 176 28 stämpelbevill-

90 687 58 28 ning
171 687 41 21 har
234 687 25 21 af
279 687 107 28 samtliga
405 687 67 21 ständ
486 687 138 21 remitterats
638 687 37 21 till
690 688 154 28 Bevillnings-

90 722 121 27 utskottet,
230 729 48 14 som
300 721 111 28 derjämte
430 729 83 21 genom
528 722 210 28 protokolisutdrag
753 722 92 21 erhållit

92 757 36 20 del
150 757 26 20 af
196 757 28 20 de
245 756 142 28 uttalanden,
407 763 49 14 som
473 756 40 21 vid
530 756 214 21 remissdebatterna
758 757 9 20 i
782 757 63 20 detta

91 791 84 21 ärende
198 791 111 28 afgifvits.
339 791 119 21 Utskottet
480 791 41 21 har
538 791 87 28 jämväl
642 791 60 28 tagit
716 791 128 22 kännedom

92 833 38 14 om
149 826 72 27 några
239 825 41 22 vid
297 825 162 21 utarbetandet
473 825 25 21 af
511 825 109 28 förslaget
635 825 37 21 till
686 825 159 28 föreliggande

91 859 142 29 proposition
248 860 8 21 i
266 859 131 29 Kejserliga
410 860 100 21 Senaten
523 859 122 22 tillkomna
658 860 144 28 handlingar,
813 860 32 21 äf-

91 901 96 14 vensom
210 901 36 14 om
271 894 39 21 det
327 895 91 27 tryckta
433 894 149 27 betänkande,
599 894 89 21 hvilket
703 894 105 28 afgifvits
823 894 25 21 af

92 936 30 13 en
141 929 45 20 den
208 930 29 21 20
258 928 46 29 Maj
325 929 55 22 1892
398 928 91 21 nedsatt
506 928 87 21 komité
608 928 36 21 för
658 928 149 21 utarbetande
822 928 26 22 af

92 963 87 28 förslag
186 963 38 20 till
234 970 32 21 ny
276 963 137 28 förordning
422 963 118 28 angående
548 963 226 28 stämpelbevillning
785 971 25 13 m.
821 970 25 14 m.

162 1095 51 20 Den
228 1095 38 20 till
280 1095 157 21 innevarande
451 1095 111 28 landtdag
577 1094 87 21 aflåtna
673 1094 84 29 nådiga
766 1102 81 21 propo-

94 1129 100 21 sitionen
210 1129 118 28 angående
343 1129 227 29 stämpelbevillning
584 1129 84 21 företer
681 1136 29 14 en
720 1129 85 28 mängd
816 1129 32 22 af-

93 1163 100 22 vikelser
207 1163 52 22 från
274 1163 28 22 de
317 1163 266 29 stämpelförordningar,
595 1162 79 22 hvilka
682 1163 84 21 hittills
776 1163 72 22 under

94 1205 30 14 en
138 1197 60 29 följd
213 1197 25 22 af
251 1199 25 20 år
290 1198 60 21 varit
365 1198 112 28 gällande.
507 1197 176 29 Propositionen
697 1198 101 21 ansluter
812 1198 37 28 sig

95 1232 42 21 ock
159 1232 29 28 på
214 1232 39 21 det
273 1234 115 19 närmaste
403 1232 37 21 till
455 1231 169 22 ofvannämnda
643 1231 150 28 betänkande,
808 1232 41 21 vid

94 1267 68 20 hvars
181 1266 151 21 utarbetande
357 1267 45 21 den
423 1267 38 21 för
483 1266 129 21 ändamålet
626 1265 105 22 nedsatta
746 1266 103 21 komitén

94 1300 51 22 haft
160 1300 128 29 uppdraget
304 1303 34 19 att
352 1301 140 21 underkasta
506 1308 32 14 nu
548 1300 106 29 gällande
664 1300 185 28 stämpelförord-

94 1335 59 27 ning
176 1343 28 13 en
227 1335 173 27 genomgående
423 1335 143 27 granskning
585 1334 43 21 och
644 1334 105 21 utarbeta
763 1334 87 28 förslag

95 1368 37 21 till
148 1369 84 21 sådana
246 1368 161 29 förändringar
423 1368 42 22 och
480 1369 89 27 tillägg,
585 1375 49 14 som
647 1367 77 21 kunde
734 1375 68 21 synas
811 1370 39 26 på-

94 1403 98 27 kallade,
214 1405 57 19 utan
294 1405 34 19 att
349 1402 104 22 komitén
475 1402 82 22 härvid
575 1409 41 15 var
633 1401 93 22 bunden
741 1402 26 22 af
779 1403 71 29 några

96 1438 71 22 andra
188 1438 178 29 bestämningar,
390 1442 29 17 än
440 1438 44 21 den
506 1439 34 20 att
562 1443 84 23 genom
660 1436 152 23 föreslåendet
827 1438 25 22 af

166 1479 214 23 Bevillningsutskottets
393 1478 117 18 betänkande
522 1479 36 18 N:o
571 1479 16 17 4.
