1025 1714
790 149 25 20 19

438 219 26 20 25
480 219 18 24 8.

159 283 33 28 Är,
209 287 25 19 då
249 287 172 25 utmätningsman
436 287 31 25 sig
481 287 86 20 infinner
581 287 28 19 för
624 288 29 18 att
668 286 45 20 dom
729 285 115 24 verkställa,

90 321 39 19 den
153 321 98 25 tappande
266 321 17 25 ej
299 321 106 22 tillstädes,
428 327 36 19 ege
486 321 51 19 ändå
559 321 177 24 verkställigheten
755 326 51 18 rum,
821 319 24 20 så

91 355 43 20 vidt
149 355 17 26 ej
185 356 3 19 i
206 355 25 20 26
248 357 11 22 &
275 355 124 20 annorlunda
422 357 54 23 sägs;
500 355 50 19 dock
573 355 50 20 skall
644 355 51 19 :hans
710 355 72 19 hustru
796 354 49 19 eller

90 389 80 20 husfolk
192 389 47 20 eller
254 395 73 18 annan,
343 395 41 13 som
400 389 36 19 har
451 390 49 19 hans
515 389 96 24 egendom
627 389 6 18 i
649 389 47 19 vård
712 389 47 19 eller
774 388 69 19 besitt-

89 423 55 25 ning,
160 423 90 24 tillsägas
265 425 29 17 att
309 423 34 18 vid
358 423 144 25 förrättningen
517 425 88 17 närvara.
629 423 74 19 Finnas
714 423 17 24 ej
743 423 30 24 de,
784 422 60 19 varde

90 457 113 20 närboende
220 463 81 18 granne,
324 463 43 13 som
388 457 100 24 anträffas,
503 457 87 25 tillsagd.
623 457 91 25 Uteblifva
729 457 54 18 dessa
798 455 46 26 efter

90 491 106 25 tillsägelse,
210 492 57 24 utgör
282 491 71 20 sådant
367 491 17 25 ej
398 491 68 19 hinder
480 491 32 25 för
527 491 165 24 verkställigheten.

438 589 25 20 26
481 590 17 23 8.

158 651 18 26 Å
191 658 52 25 dom,
257 664 43 13 som
311 658 42 19 icke
365 658 71 19 vunnit
443 657 45 26 laga
498 658 58 25 kraft,
566 658 67 25 (utesl.)
641 659 32 19 må
686 659 16 25 ej
712 659 114 24 utmätning
838 659 6 18 i

90 693 131 24 gäldenärens
243 692 93 20 frånvaro
357 692 41 24 ske,
413 692 44 19 med
473 693 76 19 mindre
564 693 146 20 underrättelse
726 693 73 24 derom,
814 695 30 18 att

90 727 115 24 utmätning
226 727 31 20 för
279 727 114 24 fordringen
416 728 21 18 är
456 727 50 24 sökt,
521 727 64 20 blifvit
599 727 50 20 efter
664 729 23 23 ty
702 727 6 20 i
724 729 25 18 27
767 729 10 23 $
796 730 48 23 sägs

89 761 120 26 gäldenären
231 761 108 25 meddelad,
362 761 48 20 eller
432 761 107 26 anledning
561 763 22 18 är
605 764 29 17 att
653 761 91 26 förmoda
762 764 27 17 att
803 763 40 18 han

89 795 62 20 håller
166 796 31 25 sig
212 797 69 18 undan
296 796 48 19 eller
359 798 40 17 rest
414 796 49 24 bort,
479 796 54 25 förty
547 797 30 18 att
591 796 39 19 han
645 797 70 19 väntar
725 797 119 25 utmätning.

158 831 42 24 Lag
221 837 75 14 samma
318 837 52 16 vare,
387 830 25 20 då
427 831 114 25 utmätning
556 830 51 20 skall
621 831 36 20 ske
671 831 7 19 i
694 831 38 20 död
748 837 56 13 mans
818 832 25 19 bo

90 865 48 20 eller
152 865 12 20 å
179 865 120 26 gäldenären
315 865 89 25 tillhörig
419 865 102 26 egendom,
537 871 42 14 som
594 865 64 20 finnes
673 865 12 20 å
695 872 65 13 annan
772 867 36 24 ort,
818 868 25 17 än

89 900 35 19 der
139 900 40 19 han
194 900 35 19 har
244 900 35 20 sitt
295 900 92 23 hemvist,
403 900 37 19 och
454 901 17 24 ej
487 900 65 19 blifvit
567 900 20 19 af
598 900 119 25 gäldenären
728 901 30 18 till
770 902 74 18 utmät-

89 934 50 25 ning
159 934 119 26 uppgifven;
299 934 38 19 och
360 940 46 13 vare
420 934 7 19 i
442 935 51 19 förra
507 934 56 20 fallet
578 934 44 24 den,
638 940 42 13 som
696 935 46 19 boet
756 934 87 25 lagligen

89 969 35 19 bör
139 968 68 25 vårda,
221 969 48 19 eller
284 968 92 25 delegare
391 968 41 19 deri
448 968 65 20 såsom
529 969 93 24 gäldenär
636 968 82 20 ansedd.

159 1003 41 19 Har
222 1003 120 24 gäldenären
357 1003 16 24 ej
390 1003 75 25 stadigt
486 1003 87 20 hemvist
587 1003 6 18 i
608 1003 67 20 landet
698 1003 36 19 och
749 1004 17 25 ej
782 1003 63 20 heller

92 1037 62 20 kändt
169 1037 73 19 ombud
257 1037 7 19 i
275 1038 62 23 orten,
348 1037 35 19 der
392 1037 114 25 utmätning
516 1037 50 20 skall
576 1037 44 25 ske;
637 1043 45 14 vare
695 1037 150 25 underrättelse,

90 1077 42 14 som
148 1071 36 20 här
199 1073 21 17 är
235 1071 81 23 nämnd,
331 1071 17 25 ej
365 1071 20 19 af
399 1071 71 20 nöden.

437 1181 25 18 27
480 1182 18 23 8.

159 1249 148 19 Underrättelse
322 1254 32 14 om
370 1249 114 24 utmätning
500 1249 55 22 skall,
565 1249 29 19 för
604 1250 29 19 att
643 1255 58 14 anses
714 1249 62 26 giltig,
787 1250 55 19 med-

90 1283 54 20 delas
160 1283 119 25 gäldenären
293 1289 73 18 genom
380 1283 176 24 utmätningsman.
586 1283 40 19 Har
646 1283 163 25 underrättelsen,
824 1284 20 19 af

90 1317 213 24 utmätningsmannen
318 1316 112 25 skriftligen
445 1317 96 24 utfärdad,
557 1317 110 24 bevisligen
681 1317 85 20 kommit
775 1318 68 24 gälde-

90 1353 60 17 nären
165 1351 118 19 annorledes
299 1351 97 18 tillhanda
409 1351 49 18 eller
472 1351 42 23 ock,
529 1356 32 14 om
576 1351 45 24 han,
632 1350 6 19 i
649 1351 36 19 sitt
694 1351 88 20 hemvist
793 1352 49 21 sökt,

90 1385 16 24 ej
122 1385 78 18 kunnat
215 1385 34 18 der
264 1385 98 23 anträffas,
378 1384 64 19 blifvit
458 1384 36 19 sist
509 1384 64 25 dagen
588 1384 40 19 före
638 1385 138 24 utmätningen
788 1385 54 20 med-

90 1419 58 20 delad
162 1419 51 19 hans
229 1419 72 19 hustru
317 1419 48 19 eller
374 1418 80 20 husfolk
464 1418 52 22 eller,
526 1425 33 13 om
571 1418 25 20 de
605 1418 17 26 ej
636 1419 100 25 anträffas,
746 1419 96 26 anslagen

90 1453 12 21 å
117 1454 50 20 hans
183 1454 94 24 husdörr;
294 1459 47 14 vare
356 1453 38 20 ock
408 1453 34 20 det
457 1453 42 25 gilt.
