1039 1714
211 154 14 20 4
408 152 30 22 U.
454 151 26 22 B.
498 165 28 2 —
542 152 73 27 Prop.
631 151 45 22 N:o
692 151 21 21 7.

253 220 35 22 Dä
304 220 42 21 den
367 220 23 21 af
410 219 120 22 Ständerna
544 222 93 25 antagna
657 218 153 28 förordningen
825 218 7 20 i
847 219 71 19 ämnet
932 218 8 20 i

188 254 102 22 afseende
306 254 13 21 å
334 254 125 28 afgifvande
474 254 23 21 af
512 254 143 28 underdånigt
668 252 111 22 utlåtande
788 252 118 21 handlades
919 251 22 22 af

186 289 122 29 Kejserliga
330 288 100 27 Senaten,
453 288 103 29 yppades,
571 288 67 28 enligt
658 287 57 22 hvad
737 287 111 22 Utskottet
869 286 23 22 af
913 286 27 21 de

187 324 117 21 detsamma
330 322 96 29 delgifna
451 323 126 28 handlingar
610 322 108 27 inhemtat,
743 322 57 21 olika
831 322 110 27 meningar

183 358 91 21 rörande
295 357 133 22 fortfarande
450 357 158 29 behöfligheten
623 357 22 21 af
660 356 129 28 öfverhetlig
803 355 137 22 stadfästelse

185 392 13 22 å
212 392 172 28 bolagsordning.

254 426 104 22 Flertalet
384 426 24 22 af
436 426 104 22 Senatens
562 425 117 21 ledamöter
704 425 66 27 ansåg
792 424 77 22 sådant
893 424 48 22 icke

185 460 74 22 vidare
280 468 52 14 vara
352 461 24 21 af
390 460 70 22 nöden
481 460 48 22 med
550 460 86 28 hänsigt
656 460 32 20 till
709 459 37 21 det
765 462 114 26 yttermera
897 458 44 21 för-

185 495 98 21 bättrade
299 495 67 27 skick,
380 495 61 21 hvari
462 494 151 29 förordningen
634 501 76 21 genom
726 493 130 23 Ständernas
872 493 70 21 beslut

186 530 95 21 kommit.
311 530 36 21 Då
361 530 106 28 nemligen
488 529 121 22 Ständerna
630 529 35 21 för
679 530 33 20 sin
734 528 34 22 del
789 528 111 29 föreslagit
915 536 28 13 en

187 564 56 21 enda
257 564 35 21 för
306 565 49 20 hela
369 565 73 21 landet
456 572 122 21 gemensam
593 563 279 29 registreringsmyndighet,
887 563 55 21 hvil-

187 599 43 20 ken
250 598 55 22 hade
323 601 32 18 att
369 600 6 20 i
391 599 61 28 fråga
474 607 35 13 om
529 599 73 28 hvarje
617 601 48 25 nytt
679 597 122 28 aktiebolag
815 597 93 28 granska
923 597 18 28 ej

187 633 56 22 blott
264 633 48 22 dess
334 633 78 28 lagliga
432 634 104 21 tillkomst
556 636 51 18 utan
623 633 41 20 ock
684 633 7 20 i
706 633 68 20 första
788 635 91 18 rummet
893 631 49 22 dess

187 667 178 29 bolagsordnings
380 668 221 22 öfverensstämmelse
616 667 49 21 med
680 667 127 28 aktielagen,
821 666 24 21 så
860 673 82 14 vunnes

187 709 75 20 genom
280 710 26 13 en
322 702 58 29 dylik
396 702 119 29 anordning
528 701 161 28 otvifvelaktigt
703 701 28 21 all
746 701 84 28 önsklig
845 700 99 22 säkerhet

188 736 78 27 derför,
282 739 31 18 att
328 736 140 21 omförmälda
488 736 131 28 granskning
639 735 73 22 blefve
727 735 50 21 fullt
792 735 96 27 sakenlig
903 734 40 21 och

187 770 89 28 pålitlig.
306 770 49 21 Och
371 770 88 21 emedan
479 771 73 21 vidare
574 771 33 20 till
627 770 55 28 följd
697 769 23 22 af
735 777 50 20 nyss
801 769 90 21 berörda
906 776 37 13 an-

189 804 92 29 ordning
296 805 90 20 allenast
400 807 31 18 ett
452 805 169 28 bolagsregister,
643 806 131 26 gemensamt
788 803 34 21 för
836 803 49 22 hela
899 803 46 21 lan-

189 839 42 26 det,
246 839 84 21 komme
346 841 31 18 att
391 839 58 21 föras
464 842 56 18 samt
534 839 27 21 de
571 839 7 21 i
589 838 60 21 detta
660 839 89 27 register
757 839 87 27 intagna
857 837 86 22 anteck-

189 873 77 28 ningar
288 873 55 21 efter
363 873 57 20 hand
442 873 107 28 kungöras
565 873 59 22 och
614 867 13 38 i
640 873 61 28 tryck
716 872 101 29 utgifvas,
832 872 25 21 så
872 871 72 22 blefve

188 907 124 28 härigenom
328 907 169 28 aktieföretagen
512 908 65 21 äfven
592 907 157 21 underkastade
760 907 42 20 den
812 907 133 21 verksamma

188 941 100 26 kontroll,
304 949 44 14 som
365 949 25 13 en
406 942 86 28 ständig
507 941 133 28 offentlighet
657 941 68 21 måste
740 941 102 21 medföra.
872 941 73 21 Slutli-

188 983 43 20 gen
246 975 66 22 borde
335 976 41 21 ock
397 976 105 21 särskilda
524 976 66 21 andra
608 975 23 22 af
651 975 120 22 Ständerna
785 976 7 20 i
807 975 138 28 lagförslaget

189 1009 86 22 införda
291 1010 157 28 bestämningar
464 1010 103 22 erkännas
583 1018 52 14 vara
650 1009 81 29 egnade
742 1012 31 18 att
785 1012 27 19 än
822 1010 123 28 ytterligare

188 1044 9 20 i
212 1044 57 21 vissa
284 1044 136 21 hänseenden
436 1044 117 28 förebygga
568 1045 51 27 eljes
633 1044 144 28 tiiläfventyrs
793 1044 86 28 möjliga
893 1044 52 21 tvif-

190 1078 89 21 velsmål
302 1078 40 22 och
364 1078 133 28 svårigheter
519 1079 51 21 eller
591 1078 31 21 till
645 1078 39 21 och
705 1078 49 21 med
779 1078 107 21 missbruk
909 1078 36 21 vid

189 1112 133 28 aktiebolags
338 1112 100 22 bildande
450 1113 40 21 och
499 1112 248 29 bolagsverksamhetens
757 1112 110 28 utöfning
863 1108 10 37 ;
882 1112 63 22 hvar-

190 1146 40 21 hos
244 1146 141 28 lagförslaget
399 1146 49 21 med
464 1146 62 22 dessa
540 1147 75 27 tillägg
630 1146 55 22 hade
697 1146 34 22 för
741 1146 72 29 hvarje
825 1147 39 21 fall
877 1146 69 22 ernätt

192 1180 28 21 all
236 1180 125 29 erforderlig
383 1180 169 29 fullständighet.
582 1181 104 21 Scnatens
704 1182 107 27 majoritet
827 1180 118 22 hemstälde

193 1214 68 27 alltsä,
276 1222 35 14 om
325 1216 48 20 icke
389 1215 37 21 det
442 1215 22 21 af
480 1215 120 21 Ständerna
615 1218 92 25 antagna
721 1215 138 28 lagförslaget
874 1215 73 21 kunde

191 1250 8 19 i
214 1248 66 21 näder
295 1249 122 20 stadfästas.

260 1282 32 21 Af
296 1283 134 20 minoriteten
438 1282 109 22 framhölls
553 1282 101 26 deremot,
663 1286 31 17 att
701 1282 27 22 de
737 1283 126 27 aktiebolag,
873 1283 73 21 hvilka

190 1316 122 20 tillkommit
327 1316 28 28 pä
370 1316 68 28 grund
454 1316 23 21 af
492 1324 28 12 nu
540 1316 99 28 gällande
654 1316 131 28 förordning,
800 1316 146 22 öfverhufvud

191 1350 76 22 verkat
282 1350 28 29 pä
325 1353 31 19 ett
365 1350 65 22 sundt
440 1350 40 22 och
490 1352 101 27 regelrätt
603 1353 42 19 sätt
652 1352 39 20 och
703 1354 32 18 att
745 1351 36 21 det
791 1352 32 20 till
833 1352 68 28 grund
913 1352 34 21 för

191 1385 67 28 sagda
272 1385 129 28 författning
415 1385 100 28 liggande
527 1386 242 28 koncessionssystemet
785 1386 82 22 säledes
878 1386 68 22 mäste

191 1427 62 14 anses
268 1419 66 22 hafva
348 1420 66 28 gifvit
434 1420 57 28 goda
508 1421 94 21 resultat.
631 1420 66 22 Detta
718 1424 78 26 system
812 1421 55 21 hade
883 1422 64 21 emel-

191 1454 63 22 lertid
269 1454 23 22 af
307 1454 119 22 Ständerna
447 1455 81 21 kastats
544 1455 61 22 öfver
619 1455 54 21 bord
689 1456 40 21 och
744 1455 37 22 det
796 1464 15 13 s.
830 1456 19 22 k.
867 1456 80 21 anmäl-

260 1495 47 23 Lag-
320 1495 33 17 och
365 1495 181 18 Ekonomiutskottets
558 1495 111 18 betänkande
680 1495 37 18 N:o
730 1496 17 17 2.
