1048 1714
342 132 24 22 U.
382 132 24 21 B.
422 145 27 2 —
465 132 64 28 Prop.
544 132 37 22 N:o
597 131 20 22 8.
799 133 26 18 23

665 277 1 27 |
895 264 92 31 Stämpelaf-

146 312 3 4 N
256 313 6 5 N
340 313 4 3 N
458 312 7 5 N
665 306 1 16 |
890 297 29 16 gift
923 297 26 16 för
954 298 39 12 dom-

80 311 157 28 Pensionsbref
254 319 12 14 å
285 318 89 21 pension
390 312 50 21 eller
456 318 32 15 år-
665 323 1 11 |
897 321 58 16 stolars,
967 320 22 15 of-

108 347 40 27 ligt
179 347 119 22 understöd
332 347 22 22 af
382 347 107 22 allmänna
664 338 2 41 |
911 344 63 27 teisa

664 381 1 4 |
902 367 83 17 myndighe-

108 382 82 22 medel:
573 403 1 12 |
664 386 1 20 |
891 391 30 12 ters
931 391 25 12 och
965 394 28 9 em-

109 419 33 19 1:0
165 417 12 20 å
200 417 105 22 ordinarie
327 417 89 26 pension
439 417 51 22 eller
573 416 1 20 |
664 408 1 41 |
847 428 1 16 |
891 413 103 27 jen

573 444 1 3 i
665 451 1 4 |
898 437 88 16 peditioner.

130 451 88 27 pension
238 451 22 22 ät
276 452 47 26 den,
347 451 85 22 hvilken
447 451 41 22 för-

64 492 1 14 |
129 485 171 28 fattningsenligt
318 488 24 19 är
356 485 32 22 till
403 486 87 27 pensio-

130 527 39 14 nen
193 521 127 26 berättigad,
344 522 38 19 när
404 521 85 26 pensio-
572 534 2 16 |

129 561 41 16 nen
186 555 126 26 öfverstiger
328 557 40 19 200
384 556 59 21 mark
456 561 33 16 om
572 554 1 3 |
664 571 1 10 i

130 590 52 26 året,
202 589 26 28 1/,
247 591 89 26 procent
352 589 22 21 af
387 591 50 20 dess
452 591 37 20 be-
572 609 1 3 |
664 582 1 39 |
755 599 2 12 |
848 598 1 6 |

128 620 56 35 lopp.
572 624 1 3 |

108 660 33 20 2:0
164 658 13 22 &
200 660 60 20 extra
279 658 106 22 ordinarie
400 658 89 28 pension

64 706 1 6 |
130 693 50 21 eller
196 693 63 27 ärligt
274 692 118 22 understöd
409 694 22 20 ät
442 694 47 25 den,

129 727 85 21 hvilken
228 727 47 22 icke
287 726 202 28 författningsenligt

130 764 24 19 är
173 762 32 21 till
223 761 115 28 pensionen
355 762 144 33 berättigad:
490 757 11 42 |

129 796 21 26 a)
168 796 27 21 dä
212 796 117 27 pensionen
345 796 52 22 eller
412 796 76 22 under-

157 831 73 21 stödet
238 830 126 27 öfverstiger
373 832 41 20 200
422 830 66 26 mark,

156 872 48 15 men
220 866 48 21 icke
283 866 83 27 uppgår
381 866 32 20 till
426 866 63 26 2,000
571 880 2 11 |
755 866 2 23 i
847 875 1 13 |

156 900 60 21 mark
239 906 33 16 om
296 900 53 26 äret,
373 902 12 19 4
400 901 90 26 procent
571 893 2 38 |

156 934 22 22 af
193 934 49 22 dess
257 934 85 28 belopp.

128 969 20 28 0)
165 969 27 21 då
210 970 117 26 pensionen
344 969 51 22 eller
411 969 78 22 under-

157 1004 72 22 stödet
243 1004 84 28 uppgår
342 1004 32 20 till
390 1004 52 21 eller
458 1004 31 22 öf-

156 1038 105 28 verstiger
286 1040 62 25 2,000
372 1038 60 21 mark
455 1045 34 15 om

157 1074 53 27 året,
240 1075 12 20 8
280 1074 89 26 procent
394 1072 22 22 af
440 1074 48 21 dess
846 1093 2 9 |

156 1104 85 36 belopp.
755 1128 2 13 |
846 1103 2 41 |

106 1142 64 22 Anm.
193 1142 17 22 1.
240 1143 41 21 För
308 1142 106 22 ordinarie
438 1142 51 22 eller

243 1180 60 19 extra
319 1177 106 22 ordinarie
437 1184 53 20 pen-

244 1212 52 26 sion,
303 1212 18 27 ej
332 1211 156 27 öfverstigande

243 1248 42 20 200
300 1246 67 26 mark,
391 1246 97 27 erlägges

242 1280 48 22 icke
305 1280 139 22 förenämnda
459 1280 30 22 af-

243 1315 47 27 gift;
308 1315 39 21 och
362 1315 47 21 frän
424 1317 64 19 stäm-
755 1322 2 14 |

243 1349 97 26 pelskatt
358 1351 36 18 äro
410 1349 79 26 jemväl

242 1381 96 23 befriade
354 1382 41 21 alla
406 1382 84 27 pensio-
847 1388 1 14 |

242 1423 38 15 ner
298 1416 46 23 frän
364 1417 64 22 enke-
448 1416 40 22 och

242 1451 149 28 pupillkassor.
