1045 1714
197 138 27 20 60
501 136 45 24 N:o
565 137 23 23 8.

168 206 59 21 rade.
258 200 64 26 Öfver
345 204 42 22 alla
410 203 48 22 från
480 203 146 28 prosterierna
644 202 102 22 inkomna
761 200 160 27 förteckningar

169 240 117 27 upprättar
301 238 167 22 landskontoret
486 237 67 22 sedan
569 238 31 20 ett
616 235 139 23 summariskt
771 234 151 27 sammandrag

170 274 39 21 och
230 273 102 22 insänder
355 272 119 22 detsamma
492 273 67 27 jemte
580 270 198 28 lysningssedlarna
795 269 60 21 inom
869 268 53 22 Juni

169 308 90 22 månads
281 308 84 27 utgång
387 313 76 21 genom
482 306 139 22 Guvernören
637 305 32 21 till
685 304 105 22 Senatens
805 304 116 21 Finansex-

170 342 103 28 pedition,
297 342 34 21 för
353 343 33 20 att
408 342 112 21 befordras
543 341 33 21 till
594 340 89 27 behörig
698 338 133 28 granskning
845 338 8 22 i
867 337 55 22 revi-

169 377 168 22 sionskontoret.

446 480 63 16 IV
533 480 113 19 Karp.

184 544 35 22 Om
234 544 179 27 stämpelpappers
433 543 37 21 och
485 541 185 28 stämpelmärkens
685 540 126 29 försäljning,
827 539 26 23 så
867 539 38 22 ock

204 579 48 22 huru
268 578 114 27 ersättning
400 577 32 22 må
447 577 63 22 sökas
525 577 31 22 för
571 576 95 27 stämpel,
681 581 43 16 som
742 581 70 22 genom
829 575 60 22 miss-

305 612 97 27 skrifning
419 612 48 21 eller
483 611 26 28 på
524 611 62 22 annat
601 611 44 22 sätt
660 610 131 22 förderfvats.

515 675 11 28 8
544 676 32 20 19.

239 715 180 28 Stämpelpapper
444 715 39 22 och
507 714 180 28 stämpelmärken
712 713 61 22 skola
797 712 69 23 finnas
889 713 37 20 att

171 751 61 27 tillgå
247 750 23 22 af
283 750 131 21 åtminstone
433 749 94 28 följande
541 749 88 26 värden,
645 748 116 28 nemligen:
777 747 147 28 stämpelpap-

172 791 40 22 per
235 785 23 22 af
281 784 103 28 tjugufem
408 784 39 22 och
466 784 73 22 femtio
558 783 76 28 pennis
650 784 56 21 samt
722 789 33 20 en,
771 783 37 20 två
823 781 38 23 och
876 781 47 28 fyra

169 820 73 22 marks
268 819 91 27 valörer,
385 821 58 20 samt
464 818 181 28 stämpelmärken
668 817 22 22 af
708 817 37 27 tio,
764 817 68 28 tjugu,
851 817 73 27 tjugu-

170 854 48 27 fem,
240 854 78 27 fyratio
342 854 39 21 och
404 853 72 22 femtio
500 853 76 28 pennis
591 854 57 21 samt
663 858 26 16 en
704 852 79 27 marks,
800 858 25 15 en
842 851 39 22 och
896 857 26 16 en

170 889 46 22 half
229 889 79 26 marks,
324 889 43 26 två,
383 890 41 24 tre,
440 887 52 28 fyra,
508 888 47 26 fem,
572 888 36 26 tio,
624 887 87 27 femton,
727 887 68 27 tjugu,
811 886 113 28 tjugufem,

170 924 82 26 trettio,
268 923 84 28 fyratio,
368 923 81 27 femtio,
464 924 125 26 etthundra,
604 923 123 22 tvåhundra
742 922 38 22 och
795 921 130 23 femhundra

171 959 71 21 marks
257 958 90 22 valörer.

519 998 10 27 $
546 999 33 20 20.

240 1038 147 27 Stämplarnas
411 1038 104 22 utseende
537 1038 39 22 och
598 1037 54 22 form
673 1037 118 22 fastställes
815 1036 22 22 af
857 1036 67 22 Sena-

171 1074 48 21 tens
234 1072 275 28 Ekonomiedepartement.

516 1135 11 28 8
544 1136 33 20 21.

238 1176 44 21 För
304 1177 33 19 att
355 1175 164 22 tillhandahålla
535 1175 142 22 allmänheten
693 1175 176 28 stämpelpapper
884 1176 39 20 och

170 1210 181 27 stämpelmärken
366 1209 56 22 skall
436 1210 7 20 i
457 1210 74 28 hvarje
546 1209 50 23 stad
610 1211 57 20 samt
681 1210 7 21 i
698 1210 73 28 hvarje
781 1210 94 28 tingslag
885 1216 38 15 an-

171 1246 62 25 tagas
255 1244 54 21 efter
331 1244 66 22 behof
414 1250 26 15 en
457 1244 50 22 eller
522 1244 51 22 flere
587 1244 195 26 försäljningsmän,
797 1244 40 21 hos
851 1244 73 21 hvilka

171 1278 26 21 de
212 1278 56 20 mest
282 1277 107 27 behöfliga
403 1277 81 21 värden
500 1278 53 20 böra
567 1277 69 21 finnas
652 1278 34 20 att
701 1278 66 26 tillgå.
797 1277 42 22 Vid
853 1277 71 22 finska

170 1311 202 27 passexpeditionen
387 1312 8 20 i
410 1311 32 22 S:t
457 1311 130 29 Petersburg
602 1311 40 21 bör
654 1311 80 27 jemväl
743 1312 88 27 lämplig
840 1311 83 28 försälj-

171 1346 113 28 ningsman
307 1346 110 28 anställas,
441 1346 33 23 för
497 1348 33 20 att
552 1346 163 23 tillhandahälla
738 1346 144 23 allmänheten
898 1346 26 23 de

170 1381 84 22 valörer
269 1381 176 28 stämpelpapper
461 1381 39 22 och
515 1381 187 29 stämpelmärken,
718 1388 46 16 som
778 1381 34 23 för
825 1381 99 23 behofvet

172 1416 110 23 derstädes
305 1417 75 22 kunna
403 1416 114 23 erfordras.
547 1417 68 22 Dessa
634 1417 187 28 försäljningsmän
837 1423 40 22 ega
891 1417 33 22 för

170 1451 77 28 medel,
270 1458 46 15 som
337 1458 76 21 genom
428 1451 153 29 försäljningen
596 1451 82 29 inflyta,
692 1453 8 21 i
716 1452 208 28 försäljningsprovi-
