1028 1714
230 160 26 19 36

200 226 48 20 eller
268 226 121 25 närbelägen
411 225 45 20 stad
478 225 120 25 utkommer:
620 224 38 20 och
678 225 36 19 bör
735 224 133 25 kungörelsen
890 223 63 20 tillika

200 259 106 25 innehålla,
320 261 30 18 att
364 259 25 20 de
403 259 123 26 borgenärer,
540 259 72 25 hvilka,
626 258 52 21 ändå
689 260 30 19 att
728 259 26 20 de
763 259 17 25 ej
791 259 73 19 vunnit
875 258 77 19 inteck-

200 295 50 25 ning
264 294 48 20 eller
326 294 120 25 utmätning,
458 299 36 20 ega
508 295 39 18 rätt
559 293 29 20 till
598 293 104 26 betalning
713 299 25 14 ur
751 293 34 20 det
794 294 90 23 utmätta,
893 292 60 20 hafva

201 330 29 19 att
244 328 72 20 sådant
336 328 41 20 före
391 330 81 23 utropet
486 328 36 19 hos
537 327 210 20 auktionsförrättaren
762 327 87 25 anmäla;
864 327 89 20 anskaffe

199 363 40 20 han
254 362 42 25 ock,
311 361 35 22 der
362 362 69 25 (utesl.)
447 362 67 25 fartyg
524 361 50 20 skall
583 361 64 26 säljas,
657 361 70 26 nödigt
739 362 73 25 utdrag
821 367 25 14 ur
854 362 98 25 fartygets

199 397 89 26 upplägg
302 397 6 19 i
323 397 168 26 skeppsregistret
513 399 51 17 samt
579 396 114 20 underrätte
707 402 32 14 om
757 396 141 25 försäljningen
912 397 40 19 sär-

199 431 61 20 skildt
273 431 213 25 inteckningshafvare,
500 431 78 20 hvilkas
592 431 137 25 boningsorter
744 433 34 18 äro
794 431 68 20 kände.

266 465 64 21 Innan
349 467 81 24 utropet
445 465 90 26 vidtager
550 465 37 21 och
602 465 61 20 sedan
677 465 120 26 sakegarene
812 465 38 20 fått
864 465 88 26 andraga

199 501 52 19 hvad
266 500 24 20 de
305 500 30 20 till
350 500 114 20 bevakande
478 501 20 18 af
512 500 32 20 sin
557 501 41 19 rätt
609 499 46 20 akta
665 500 74 25 nödigt,
752 501 88 24 uppgöre
848 500 103 19 auktions-

199 535 117 20 förrättaren
337 534 125 26 förteckning
476 535 55 19 öfver
545 535 38 19 alla
598 535 115 25 fordringar,
728 535 69 19 hvilka
811 534 25 26 på
851 534 66 25 grund
932 534 20 19 af

198 569 116 25 utmätning
330 569 48 20 eller
393 569 117 25 inteckning
523 569 47 20 eller
585 569 37 20 ock
637 575 65 14 annan
719 571 94 24 panträtt,
828 575 44 14 som
888 569 64 20 blifvit

199 603 85 25 anmäld,
299 604 46 19 böra
360 610 24 12 ur
398 603 165 26 köpeskillingen,
578 604 23 19 så
616 603 55 25 långt
685 604 39 19 den
739 603 76 25 förslår,
829 603 54 25 utgå,
898 605 52 18 samt

199 638 87 20 bekräfte
301 638 150 24 förteckningen
466 638 45 19 med
526 638 31 19 sin
572 638 125 19 underskrift.

546 730 25 18 11
590 730 17 24 8.

263 786 31 20 Då
313 787 67 25 fartyg
395 786 56 24 sålts,
466 786 50 20 skall
530 786 86 26 köparen
631 786 54 20 inom
699 786 74 25 fjorton
788 786 61 26 dagar
863 786 86 20 derefter

197 821 84 20 inbetala
298 820 168 26 köpeskillingen;
482 821 118 19 försummas
615 820 39 24 det,
670 820 60 20 varde
744 821 88 25 fartyget
847 820 26 26 på
887 820 61 26 köpa-

196 861 46 14 rens
264 855 94 25 äfventyr
373 861 71 19 genom
459 861 29 19 ny
502 855 82 20 auktion
598 855 113 25 föryttradt,
727 855 61 20 sedan
803 861 31 13 om
849 856 40 19 den
903 855 45 20 blif-

197 890 29 19 vit
240 889 22 21 så
277 889 114 26 kungjordt,
406 895 43 14 som
464 896 31 13 om
511 890 61 19 första
587 889 107 20 auktionen
709 891 22 18 är
745 890 98 25 stadgadt.

543 980 26 20 12
586 981 18 23 &.

262 1036 87 20 Auktion
370 1036 13 20 &
405 1038 73 18 utmätt
496 1037 40 20 fast
551 1037 98 25 egendom
663 1036 26 26 pä
705 1037 69 20 landet
789 1037 50 20 skall
854 1038 92 20 förrättas

194 1072 20 19 af
228 1072 150 19 öfverexekutor
398 1071 53 25 eller,
469 1071 35 20 der
522 1071 106 19 auktionen
643 1071 62 25 enligt
722 1072 25 19 13
765 1073 10 23 $
792 1072 50 19 skall
856 1071 63 21 hällas
934 1072 12 20 &

195 1107 61 18 annat
270 1105 58 20 ställe
340 1107 26 17 än
375 1105 149 25 landskansliet,
534 1105 20 19 af
563 1106 212 24 utmätningsmannen
785 1106 6 18 i
801 1108 62 18 orten.
881 1106 10 20 I
902 1106 45 20 stad

195 1140 59 20 varde
268 1139 82 20 auktion
366 1139 12 20 &
392 1140 39 19 fast
445 1139 96 25 egendom
556 1139 93 20 förrättad
663 1140 20 18 af
697 1140 134 24 magistraten.

542 1236 26 20 13
585 1236 17 24 &.

259 1283 19 26 Ä
291 1290 67 20 landet
372 1296 37 19 ege
421 1290 120 26 gäldenären
552 1292 114 23 bestämma,
677 1298 32 13 om
719 1292 82 20 auktion
812 1292 12 20 å
835 1293 39 19 fast
885 1299 58 19 egen-

193 1324 45 20 dom
254 1324 51 20 skall
320 1323 62 21 hållas
399 1324 11 19 å
424 1324 145 20 landskansliet
578 1324 49 20 eller
637 1324 12 20 å
659 1325 69 25 sjelfva
737 1326 127 25 egendomen.
890 1327 53 26 Upp-

193 1359 63 25 gifver
277 1358 120 26 gäldenären
418 1361 61 18 annat
501 1359 57 20 ställe
580 1359 7 20 i
610 1361 61 24 orten,
688 1359 33 21 må
735 1361 37 19 ock
787 1361 107 20 auktionen
909 1362 35 20 der

194 1393 70 22 hållas,
280 1399 31 14 om
327 1393 152 20 öfverexekutor
493 1394 79 26 pröfvar
587 1393 65 21 stället
666 1395 98 26 lämpligt.

260 1429 41 19 Har
316 1428 16 26 ej
348 1428 96 26 gäldenär
458 1429 34 19 vid
507 1429 139 26 utmätningen
661 1430 52 25 eller,
729 1430 35 21 der
775 1431 123 26 egendomen
908 1438 34 14 en-

196 1463 37 26 ligt
248 1463 12 20 2
275 1463 45 26 kap.
338 1464 24 19 17
380 1465 11 23 S
410 1463 25 26 af
452 1463 139 26 öfverexekutor
609 1464 103 21 förklarats
735 1467 76 24 utmätt,
830 1467 37 20 hos
884 1467 60 21 denne
