1042 1717
228 151 11 19 6
408 148 75 22 Ständ.
499 148 35 22 Sv.
593 149 66 27 Prop.
674 149 37 21 N:o
727 148 18 22 7.

199 213 124 28 skrifning,
344 213 71 21 sådan
434 213 106 22 anmälan
558 213 86 29 jemväl
663 213 59 21 skall
737 213 118 22 innehålla
870 213 82 28 styrel-

200 255 52 14 sens
271 247 131 28 förklaring
420 249 34 20 att
472 247 40 22 vid
527 247 92 22 anstäld
633 247 146 29 granskning
795 247 50 22 skäl
861 247 36 22 till
913 255 39 14 an-

200 282 123 28 märkning
343 281 141 22 beträffande
500 282 104 29 bolagets
619 281 108 22 bildande
743 282 56 21 eller
814 285 49 18 mot
877 282 75 22 förbe-

200 316 53 28 håll,
277 323 47 15 som
348 317 74 28 enligt
440 320 11 19 4
468 318 12 25 $
496 317 81 28 gjorts,
598 317 51 21 icke
673 315 147 26 förefunnits,
840 317 25 21 så
884 324 68 21 synes

200 351 64 22 detta
282 351 133 28 stadgande,
435 351 84 22 hvaraf
534 351 69 29 följer
623 354 35 19 att
677 351 276 28 styrelsemedlemmarne

200 387 8 20 i
224 385 109 22 händelse
349 385 26 22 af
387 386 172 29 förklaringens
575 386 128 29 oriktighet
718 386 75 29 enligt
809 389 26 20 39
850 388 12 26 $
879 388 33 26 (41
931 388 22 26 $)

200 421 85 28 ädraga
308 421 36 28 sig
359 421 119 29 personlig
493 421 149 28 ansvarighet
657 421 36 22 för
707 421 94 28 bolaget
820 421 133 28 derigenom

201 455 147 30 tillskyndad
368 456 76 28 skada,
466 456 114 21 innefatta
598 456 127 29 tillräcklig
745 455 108 22 säkerhet
867 456 37 22 för
919 458 34 20 att

202 490 105 29 bolagets
322 490 108 21 bildande
445 490 126 29 försiggätt
585 491 8 20 i
609 491 72 28 laglig
697 490 106 29 ordning.

269 525 81 22 Säsom
368 525 71 21 redan
456 525 40 22 vid
512 527 91 20 senaste
617 525 112 29 landtdag
745 525 114 27 anfördes,
876 529 24 18 är
916 525 39 22 det

201 559 37 21 för
255 567 29 14 en
302 558 60 22 sund
378 559 136 29 utveckling
533 559 24 22 af
570 559 246 22 affärsverksamheten
833 559 26 23 af
871 560 84 29 högsta

200 594 58 28 vigt,
274 596 35 19 att
324 593 34 27 de,
376 601 48 14 som
440 595 72 21 inläta
527 594 36 29 sig
577 595 30 28 pä
622 597 34 18 ett
671 594 96 29 företag,
783 597 38 18 äro
832 595 123 21 medvetna

202 628 84 27 derom,
302 630 34 20 att
347 628 39 21 det
396 629 8 20 i
414 628 97 22 främsta
521 631 99 19 rummet
631 629 133 21 ankommer
775 629 29 29 pä
812 629 51 21 dem
873 629 81 27 sjelfve

202 664 34 19 att
258 662 106 22 använda
383 662 31 22 all
432 663 73 29 nödig
520 663 43 22 och
578 663 81 29 möjlig
675 670 92 22 omsorg
783 664 64 21 säväl
862 664 39 20 vid
917 663 38 21 be-

202 696 124 22 dömandet
346 697 24 21 af
386 697 131 29 utsigterna
536 698 36 22 för
591 697 125 29 företagets
735 698 128 28 framgäng,
882 698 73 22 innan

201 731 29 21 de
250 731 49 22 deri
319 734 54 26 taga
392 732 44 27 del,
457 740 49 14 som
527 733 42 21 ock
589 732 40 21 vid
646 732 95 22 fortsatt
759 732 152 30 aktgifvande
926 733 30 28 pä

201 765 127 29 företagets
344 766 94 22 skötsel.
454 767 66 22 Dock
530 768 75 28 ligger
616 767 39 21 det
665 768 8 20 i
684 767 187 22 aktieväsendets
880 770 75 25 natur,

202 802 34 19 att
259 801 155 21 allmänheten
440 801 51 21 icke
510 802 8 21 i
539 809 86 14 samma
651 802 53 21 män
728 809 49 15 som
800 801 39 23 vid
861 802 95 28 vanliga

201 835 91 27 privata
310 835 91 29 företag
419 839 25 17 är
461 836 8 20 i
488 836 69 22 ständ
572 838 34 20 att
621 836 8 21 i
644 836 66 22 dessa
725 836 125 22 afseenden
865 836 90 22 behöri-

202 876 44 21 gen
262 870 147 28 tillvarataga
425 870 50 21 sina
486 870 121 28 intressen,
619 872 56 20 utan
686 871 72 21 mäste
769 870 186 29 lagstiftningen,

202 904 76 21 sävidt
302 904 99 29 möjligt,
425 904 95 28 erbjuda
542 906 91 27 garanti
655 904 42 28 för,
721 907 34 19 att
779 906 63 20 säväl
864 905 91 28 bolags-

201 941 113 19 männens
338 946 48 14 som
405 939 73 28 tredje
494 947 65 14 mans
574 942 47 19 rätt
636 939 49 22 icke
700 939 143 22 förfördelas.
873 940 83 21 Denna

202 972 94 22 fordran
317 976 25 18 är
362 974 24 20 sä
407 973 93 29 mycket
519 981 61 14 mera
595 974 138 28 berättigad,
750 981 48 14 som
814 974 40 21 det
866 974 51 28 just
932 978 25 16 är

202 1007 186 29 lagstiftningen,
404 1008 96 22 hvilken
516 1015 83 21 genom
615 1008 140 22 aktierätten
771 1008 101 22 förlänar
883 1009 24 21 åt
917 1008 38 22 ka-

202 1042 82 28 pitalet
299 1049 29 15 en
343 1042 66 25 form,
425 1042 150 29 hvarigenom
591 1042 40 22 det
646 1043 52 28 kan,
714 1042 110 30 frigjordt
839 1042 52 22 frän
906 1050 49 22 per-

202 1076 154 29 sonligheten,
375 1076 52 22 fritt
445 1077 110 22 utveckla
570 1077 36 22 sin
622 1077 69 22 makt.
722 1077 73 21 Dessa
811 1078 146 28 synpunkter

202 1111 42 21 har
259 1111 70 21 ocksä
344 1111 44 21 den
403 1111 133 28 föreslagna
552 1112 68 28 lagen
635 1113 30 27 pä
675 1111 160 29 mängahanda
846 1114 47 19 sätt
903 1113 54 21 sökt

202 1145 132 28 tillgodose.
354 1145 128 22 Ständerna
498 1146 69 22 hafva
582 1146 73 21 likväl
671 1148 58 19 trott
743 1150 62 17 ännu
820 1147 136 28 ytterligare

202 1180 118 28 garantier
340 1180 78 21 kunna
438 1181 8 20 i
467 1181 64 21 detta
549 1180 108 22 afseende
675 1180 94 22 beredas
790 1187 84 22 genom
895 1183 34 19 att
949 1181 8 21 i

201 1215 67 28 fräga
287 1222 37 15 om
339 1215 76 28 bolag,
432 1222 48 14 som
496 1215 49 22 afse
561 1222 28 14 en
605 1223 62 13 mera
681 1215 144 22 omfattande
840 1215 115 22 verksam-

205 1250 45 26 het,
267 1252 34 19 ett
316 1250 75 27 lägsta
406 1249 83 28 belopp
505 1250 37 21 för
557 1249 62 21 aktie
635 1250 7 20 i
658 1250 68 27 lagen
742 1250 144 21 bestämmes.
911 1250 46 21 Det

205 1291 69 20 synes
289 1283 118 28 nämligen
422 1283 111 28 önskligt,
550 1285 35 19 att
600 1283 89 21 mindre
705 1283 133 22 bemedlade
848 1290 109 21 personer

204 1317 50 22 icke
270 1317 107 28 indragas
393 1317 8 21 i
418 1319 73 20 större
506 1316 161 29 aktieföretag.
690 1317 46 22 Det
751 1317 56 27 lilla,
823 1317 52 22 med
890 1317 67 22 möda

202 1352 148 22 förvärfvade
366 1352 118 29 kapitalet,
502 1360 49 14 som
566 1351 89 23 kanske
671 1356 24 17 är
710 1352 45 22 den
771 1352 58 22 enda
839 1352 118 29 besparin-

203 1395 46 20 gen
264 1387 26 22 af
304 1389 34 20 ett
352 1387 133 28 längvarigt
500 1387 42 22 och
559 1387 138 28 ansträngdt
707 1387 85 28 arbete,
803 1387 42 22 bör
854 1387 103 29 placeras

201 1421 85 28 säkert,
303 1422 119 22 hvaremot
437 1421 124 29 kapitalets
577 1421 160 29 nedläggande
750 1423 7 21 i
770 1422 74 23 aktier
854 1423 103 26 innebär,

202 1457 99 22 likasom
317 1456 159 29 affärsföretag
491 1457 8 21 i
515 1456 132 29 allmänhet,
664 1465 28 14 en
707 1457 52 22 icke
771 1457 120 30 obetydlig
901 1457 56 27 risk,
