1050 1717
290 130 82 24 Ständ.
389 130 37 24 Sv.
442 144 28 3 —
485 131 73 28 Prop.
573 131 79 22 N:o.4,
792 131 27 21 39

163 197 38 27 De,
220 198 71 21 hvilka
311 198 73 21 vunnit
399 198 119 26 utmätning
533 198 52 20 eller
600 197 122 27 inteckning
736 198 8 21 i
759 197 88 27 egendo-

94 238 48 14 men
165 232 53 20 eller
239 231 63 22 hafva
320 231 87 22 fordran
428 232 51 21 eller
493 232 107 26 rättighet,
616 231 87 22 hvarför
717 231 131 27 egendomen

95 265 65 27 enligt
176 265 144 27 stadgandena
335 271 35 15 om
385 266 91 26 ogulden
492 266 151 26 köpeskillings
657 267 43 20 rätt
710 265 76 26 häftar,
797 264 52 22 eller

95 306 39 20 ega
148 300 44 20 rätt
206 300 33 21 till
253 301 62 20 ränta
330 300 51 20 eller
396 306 69 15 annan
480 299 77 28 afgäld,
573 305 45 16 som
634 300 39 20 bör
683 306 26 14 ur
719 299 130 27 egendomen

94 334 52 27 utgå
168 334 49 21 med
238 334 143 26 förmänsrätt,
396 334 60 22 skola
472 334 107 26 derjemte,
594 334 24 22 sä
632 334 46 21 vidt
692 334 26 20 de
733 333 39 21 och
788 333 61 22 deras

94 368 148 28 boningsorter
264 370 37 20 äro
320 368 77 27 kända,
418 375 34 15 om
467 368 262 27 auktionsförhandlingen
745 368 38 21 och
798 368 50 21 auk-

94 403 72 22 tionen
182 403 133 22 underrättas
329 409 75 21 genom
415 403 104 22 särskilda
528 402 142 23 kallelsebref.
693 402 70 22 Sädan
773 402 76 22 under-

95 438 87 21 rättelse
196 438 61 27 skall,
273 439 39 20 der
326 438 101 22 särskildt
442 439 135 22 erkännande
593 444 33 15 om
642 438 48 21 dess
700 437 149 28 emottagande

95 472 18 27 ej
129 473 117 26 inkommit,
261 479 62 15 anses
338 479 52 15 vara
404 473 116 27 behörigen
535 473 118 26 meddelad,
669 473 89 21 säframt
768 472 81 21 brefvet

95 507 63 21 minst
180 506 47 27 fyra
249 507 77 21 veckor
347 507 47 21 före
416 507 114 22 auktionen
552 507 70 22 blifvit
639 507 33 21 för
686 506 163 27 postbefordran

96 541 67 21 under
178 541 194 22 rekommendation
387 541 123 22 inlemnadt.

441 599 28 21 22
484 598 18 28 8.

164 639 30 27 Är
216 645 18 27 ej
257 645 88 22 auktion
363 645 23 22 sä
401 645 111 27 kungjord,
528 651 46 16 som
588 645 7 22 i
613 645 25 20 18
654 644 40 22 och
709 644 26 22 21
752 644 27 27 $$
794 643 56 22 före-

95 679 100 27 skrifvits,
218 680 64 21 varde
305 680 39 21 den
360 679 85 27 instäld,
461 680 39 21 och
515 681 55 21 sätte
584 679 225 22 auktionsförrättaren
825 679 25 20 ut

95 720 70 15 annan
188 714 31 21 tid
242 714 75 21 dertill.
347 714 25 26 Ej
395 715 35 21 mä
452 715 54 21 dock
528 714 87 21 auktion
637 713 96 22 inställas
747 713 57 27 förty
818 715 32 20 att

95 749 142 26 kungörelsen
254 749 18 27 ej
287 749 54 22 varit
356 749 7 21 i
378 755 26 16 en
420 749 52 21 eller
486 756 71 15 annan
571 749 69 27 kyrka
654 748 91 27 uppläst,
761 748 38 21 der
809 747 40 22 den

95 783 61 27 eljest
170 783 162 28 allmänneligen
347 783 65 27 ägätt.

442 841 27 21 23
484 840 18 28 8.

164 887 34 21 Då
213 887 66 28 utlyst
294 887 88 22 auktion
398 887 12 22 &
424 887 43 22 fast
481 887 103 27 egendom
599 887 7 21 i
620 886 52 28 följd
686 887 24 22 af
718 886 49 27 laga
776 886 74 22 hinder

97 922 103 27 inställes,
223 922 70 27 varde,
313 923 39 20 der
367 922 23 22 så
405 923 38 21 ske
457 923 49 26 kan,
521 922 128 27 kungörelse
664 921 71 22 derom
750 921 45 22 före
809 921 41 22 den

96 958 81 21 utsatta
195 957 66 27 dagen
280 956 70 23 införd
369 957 6 21 i
396 957 88 27 tidning,
500 963 44 16 som
559 957 7 21 i
582 959 59 19 orten
656 956 51 22 eller
722 955 128 28 närbelägen

96 992 47 22 stad
158 992 125 25 utkommer,
300 991 24 22 så
339 991 39 22 ock
394 991 84 28 uppläst
492 992 7 21 i
514 991 108 28 kyrkorna
636 991 39 22 och
690 991 100 27 anslagen
805 997 45 15 som

96 1025 58 22 förut
168 1029 24 19 är
207 1027 67 26 sagdt.

444 1084 28 21 24
487 1083 18 28 8.

165 1129 34 21 Nu
214 1129 54 22 skall
283 1129 131 28 egendomen
429 1130 69 27 säljas,
514 1131 88 26 uppläse
616 1129 27 22 då
652 1129 200 22 auktionsförrätta-

96 1169 38 16 ren
156 1164 24 21 så
201 1163 35 22 väl
258 1163 128 27 protokollet
409 1163 59 22 öfver
490 1165 145 26 utmätningen
654 1163 53 22 eller
725 1163 36 22 det
775 1163 76 27 utslag,

96 1197 137 28 hvarigenom
256 1199 163 21 öfverexekutor
437 1198 104 23 förklarat
561 1198 130 27 egendomen
707 1199 83 24 utmätt,
806 1203 45 16 som

97 1232 39 21 ock
151 1233 206 26 gravationsbeviset
372 1233 39 21 och
427 1233 67 27 öfriga
507 1233 7 22 i
526 1233 26 21 16
562 1233 40 21 och
612 1232 26 22 17
649 1232 24 27 $$
682 1233 93 21 nämnda
785 1232 66 22 hand-

96 1267 75 27 lingar,
194 1269 56 20 samt
268 1273 90 16 anmane
373 1267 54 27 dem,
442 1268 72 21 hvilka
529 1267 64 22 hafva
607 1267 88 22 fordran
711 1267 53 22 eller
779 1267 73 27 rättig-

96 1302 45 26 het,
157 1308 45 16 som
217 1302 39 22 bör
271 1308 26 15 ur
311 1302 131 28 egendomen
457 1303 51 27 utgå
522 1302 52 22 eller
586 1302 62 28 eljest
658 1303 34 21 vid
702 1302 150 28 försäljningen

97 1337 113 25 iakttagas,
226 1338 32 19 att
272 1337 77 21 sådant
362 1338 94 24 anmäla;
467 1338 69 20 lemne
546 1338 40 20 ock
597 1336 197 22 tillstädesvarande
804 1337 49 20 bor-

97 1371 92 25 genären
204 1371 54 20 samt
273 1370 135 26 gäldenären,
424 1371 39 20 der
472 1371 42 21 han
524 1372 40 20 när
573 1372 31 24 är,
614 1370 82 21 tillfälle
707 1372 32 19 att
750 1369 58 21 öfver
816 1376 36 14 an-

96 1403 71 23 mälda
182 1404 51 21 eller
248 1409 25 16 ur
289 1403 125 23 förberörda
429 1404 125 27 handlingar
564 1404 136 27 framgående
711 1402 91 29 anspråk
813 1404 38 21 och

97 1445 34 15 om
146 1438 232 28 försäljningsvilkoren
393 1438 33 28 sig
439 1440 64 26 yttra.
