1050 1714
211 139 33 35 44
390 142 82 22 Ständ.
488 142 39 23 Sv.
542 154 27 2 —
585 142 73 26 Prop.
673 141 42 22 N:o
730 142 21 21 4.

188 208 54 20 nade
264 207 126 27 fastigheter
412 207 32 21 till
462 207 105 27 gäldande
586 206 61 22 deraf
661 206 114 27 användas,
790 206 53 22 böra
859 206 26 20 de
900 206 43 21 alla

188 241 26 27 gå
230 242 6 21 i
252 248 26 14 en
293 241 132 27 försäljning,
440 242 28 26 pä
483 242 43 21 sätt
540 241 8 21 i
563 241 26 21 37
606 242 12 25 &
634 243 54 25 sägs.

536 309 26 22 37
579 309 17 27 8.

257 362 45 21 När
321 360 52 22 flere
388 361 126 27 fastigheter
528 361 28 27 gå
570 361 7 21 i
592 368 27 14 en
634 360 129 28 försäljning,
779 360 62 26 skall,
857 360 88 22 såframt

190 396 25 21 de
230 395 64 22 hafva
309 402 80 15 samme
405 401 69 21 egare,
489 395 54 22 först
558 397 62 25 utrop
636 395 23 21 af
672 395 72 27 hvarje
759 395 101 27 fastighet
871 394 33 22 för
913 395 31 26 sig

190 430 40 21 och
244 430 65 21 sedan
325 429 23 22 af
362 430 42 21 alla
419 432 131 24 gemensamt
564 436 39 20 ega
618 436 46 14 rum
680 431 61 25 samt,
757 429 38 21 der
810 429 37 21 det
861 434 84 22 gemen-

190 470 80 16 samma
285 466 86 25 utropet
387 464 65 27 högre
467 464 86 26 utfallit,
569 464 58 21 detta
641 464 66 26 gälla;
724 464 39 21 och
778 464 65 21 varde
849 459 9 36 i
858 464 41 26 ty
909 463 37 21 fall

190 498 89 22 erhället
301 498 117 22 öfverskott
436 498 27 27 pä
482 498 26 22 de
529 500 129 26 gemensamt
674 498 103 26 utropade
792 497 154 27 fastigheterna

190 532 106 23 fördeladt
318 532 54 22 efter
394 533 41 22 den
453 532 33 22 för
500 533 74 27 hvarje
588 532 100 27 fastighet
703 532 80 28 bjudna
798 532 147 28 köpeskilling.

258 567 97 22 Tillhöra
370 567 152 28 fastigheterna
537 567 67 22 skilde
617 564 69 30 egare,
698 567 55 22 skall
763 567 73 27 hvarje
846 566 102 27 fastighet

191 602 33 21 för
239 603 32 26 sig
286 603 33 20 till
333 601 124 28 försäljning
472 603 93 26 utropas.
596 601 58 27 Stiga
670 602 19 27 ej
705 602 74 21 dervid
794 602 153 27 fastigheterna

191 637 33 21 till
247 637 24 21 sä
293 637 52 26 högt
367 637 84 26 belopp,
472 638 30 19 att
518 637 40 21 den
573 637 85 21 utsökta
673 636 123 27 fordringen
812 637 51 20 eller
878 642 69 15 annan

192 672 68 21 sämre
280 673 44 19 rätt
339 671 88 26 egande,
442 671 6 21 i
464 671 47 21 dem
526 672 131 25 gemensamt
672 671 112 21 intecknad
798 671 86 21 fordran
900 670 49 21 fullt

191 706 43 21 kan
248 705 75 27 gäldas
339 705 52 22 eller
406 706 54 26 stiga
475 705 27 22 de
517 705 32 22 till
565 706 59 21 detta
633 705 78 27 belopp
721 706 52 21 eller
783 705 65 28 högre
859 705 41 21 och
909 705 40 20 har

192 740 18 27 ej
227 746 64 21 egare
305 739 24 22 af
342 739 69 27 nägon
427 740 64 21 bland
505 740 153 27 fastigheterna
674 739 33 21 för
723 740 69 21 denna
806 740 56 26 gjort
872 740 77 25 högsta

192 774 105 24 anbudet;
321 774 26 21 dä
370 774 64 21 varde
457 775 42 21 alla
517 774 153 27 fastigheterna
689 776 132 25 gemensamt
837 774 110 27 utropade.

192 809 32 21 Gä
240 809 18 26 ej
279 809 35 20 vid
329 809 37 21 det
381 815 157 20 gemensamma
552 811 85 25 utropet
651 809 153 26 fastigheterna
820 809 58 21 öfver
894 815 54 15 sam-

192 843 114 27 manlagda
321 843 100 27 beloppet
436 843 23 22 af
472 844 43 25 det,
532 850 44 15 som
592 843 79 28 bjudits
686 844 35 21 vid
737 844 26 21 de
778 843 105 23 särskilda
893 845 57 20 utro-

192 884 50 21 pen;
264 878 53 21 eller
336 878 27 27 gä
384 877 24 22 de
424 878 72 27 högre,
513 879 38 21 och
567 879 96 26 erlägger
679 878 76 27 nägon,
771 885 46 16 som
832 878 35 21 vid
882 878 68 21 första

193 913 151 27 försäljningen
360 914 86 20 stannat
456 913 34 21 för
499 913 77 27 högsta
586 913 66 22 budet
662 913 13 21 ä
684 913 79 21 honom
773 913 96 26 tillhörig
877 913 73 26 fastig-

194 948 42 26 het,
258 949 76 25 genast
354 947 33 22 tili
402 947 228 22 auktionsförrättaren
645 947 56 21 hvad
716 948 23 21 af
753 947 140 22 öfverskottet
908 947 42 21 till-

193 982 96 22 kommer
304 982 132 27 borgenären
452 982 52 21 eller
519 989 75 18 annan,
605 988 45 15 som
662 981 54 22 efter
726 983 79 21 honom
816 982 39 21 har
865 989 86 20 gemen-

194 1024 45 14 sam
254 1017 122 26 inteckning
391 1018 6 20 i
412 1016 162 27 fastigheterna;
590 1016 74 22 stände
674 1016 36 22 vid
720 1016 67 22 första
798 1016 152 28 försäljningen

194 1051 49 22 fast.
273 1051 11 21 I
302 1053 65 19 annat
385 1050 37 22 fall
440 1051 57 26 gälle
510 1052 52 20 sista
576 1050 157 28 försäljningen,
750 1051 39 21 och
805 1052 65 21 varde
886 1051 64 21 öfver-

194 1086 81 21 skottet
290 1084 108 22 fördeladt
413 1084 69 22 säsom
498 1092 48 20 nyss
562 1087 23 19 är
600 1086 68 25 sagdt.

264 1120 69 22 Hafva
358 1119 36 22 tvä
416 1119 51 21 eller
488 1119 52 22 flera
562 1119 23 23 af
606 1119 153 27 fastigheterna
782 1126 79 15 samme
882 1126 69 21 egare,

196 1155 54 21 skall
265 1155 46 23 ock,
327 1154 38 21 der
381 1154 41 21 han
438 1154 35 21 det
488 1154 68 26 äskar,
572 1157 131 24 gemensamt
718 1156 62 25 utrop
796 1154 23 22 af
832 1155 26 21 de
874 1154 77 21 honom

196 1189 107 27 tillhöriga
318 1188 154 27 fastigheterna
486 1195 40 20 ega
540 1195 54 15 rum.

264 1223 106 21 Betäcker
385 1222 18 28 ej
419 1222 169 28 köpeskillingen
603 1222 33 22 för
646 1224 69 26 nägon
725 1223 64 21 bland
800 1223 152 27 fastigheterna

196 1258 85 25 belopp,
303 1263 45 14 som
371 1257 64 20 derur
453 1257 39 20 bör
510 1258 50 24 utgä
576 1258 47 20 med
638 1257 107 21 företräde
760 1257 88 21 framför
864 1257 40 21 den
920 1259 33 19 ut-

196 1291 62 21 sökta
273 1290 133 26 fordringen;
422 1290 54 21 skall
490 1289 151 28 försäljningen
656 1290 23 21 af
693 1291 41 21 den
749 1290 101 27 fastighet
860 1290 92 22 förfalla.

543 1359 28 21 38
586 1358 19 28 8.

252 1429 2 3 .
267 1411 76 21 Häftar
366 1410 110 28 egendom,
498 1411 28 27 pä
547 1412 69 26 grund
638 1411 24 21 af
682 1412 122 27 inteckning
820 1412 51 21 eller
886 1412 68 27 enligt

198 1446 147 27 stadgandena
364 1450 33 16 om
416 1445 91 27 ogulden
522 1445 152 28 köpeskillings
688 1448 49 26 rätt,
753 1446 33 22 för
801 1447 153 27 nyttjanderätt
