1034 1717
422 157 29 22 U.
466 156 27 22 B.
510 170 25 2 —
551 156 73 28 Prop.
640 156 44 23 N:o
700 156 22 22 2.

404 224 94 21 Senaten
518 226 33 19 att
571 224 96 21 meddela
686 226 103 19 närmare
809 223 135 29 föreskrifter

403 258 110 28 angående
526 258 160 28 jordregistrets
708 258 125 22 inrättande
855 258 38 22 och
907 258 35 28 fö-

403 293 66 21 rande
491 294 58 20 samt
566 294 33 20 att
612 292 110 28 fastställa
735 292 110 28 formulär
859 292 35 22 till
908 300 35 14 re-

403 327 81 27 gistret.

643 424 26 20 31
682 424 20 27 8.

471 486 36 21 Dä
520 486 152 28 jordlägenhet
689 487 65 27 delas,
774 487 55 21 skall
843 488 13 19 &
871 486 73 28 hvarje

403 521 74 21 dervid
494 521 173 27 uppkommande
686 521 99 27 lägenhet
797 522 69 20 sättas
880 521 66 21 skilät

403 561 70 15 namn
487 555 39 21 och
540 555 196 28 registernummer.

642 653 31 20 32
687 652 19 28 8.

470 715 50 21 Har
539 715 89 27 uppbud
648 715 50 21 eller
720 714 59 28 fasta
800 715 117 21 meddelats
931 714 14 21 å

404 749 43 21 viss
461 749 65 21 andel
540 749 28 27 af
580 748 94 28 oskiftad
690 748 102 28 lägenhet,
808 749 51 20 eller
870 750 27 20 är
906 749 37 21 in-

404 784 97 26 teckning
515 783 11 21 i
539 783 71 21 sådan
624 783 64 21 andel
699 783 108 27 faststäld,
819 783 38 21 och
868 783 77 21 varder

404 818 124 26 lägenheten
549 818 66 20 sedan
637 817 95 27 klufven,
748 824 51 14 vare
813 817 35 21 det
861 817 25 21 så
901 824 42 14 an-

403 852 50 26 sedt,
475 858 47 14 som
544 858 34 15 om
601 851 108 27 lagfarten
727 851 51 21 eller
791 851 154 27 inteckningen

403 885 77 27 angätt
501 886 41 20 den
563 886 28 27 af
608 886 26 20 de
655 885 117 28 nybildade
787 885 157 28 lägenheterna,

403 926 47 14 som
469 920 106 20 utbrutits
597 920 23 20 ät
642 926 77 21 egaren
733 919 29 28 af
773 920 42 20 den
829 919 114 28 ifrågava-

402 954 67 21 rande
483 954 97 21 andelen.

640 1052 30 20 33
684 1051 20 27 S.

470 1108 180 27 Parcellägenhet,
658 1114 45 14 som
711 1107 182 28 hufvudsakligen
901 1114 42 14 an-

403 1142 78 20 vändes
503 1142 35 20 till
560 1142 110 27 tomtplats
692 1142 52 21 eller
764 1142 37 27 för
818 1142 128 21 industrielt

402 1176 51 20 eller
473 1178 70 18 annat
561 1176 70 28 dylikt
649 1176 116 28 ändamäl,
779 1176 36 20 mä
830 1176 45 21 icke
889 1178 56 19 utan

402 1217 88 20 egarens
504 1210 108 28 samtycke
624 1210 10 20 i
646 1210 181 28 skiftesreglering
840 1210 105 28 indragas

402 1244 73 21 vidare
494 1246 30 19 än
541 1245 35 20 till
590 1245 41 20 den
645 1245 39 25 del,
699 1252 47 13 som
760 1244 45 21 icke
819 1246 27 19 är
859 1244 36 27 för
911 1245 32 21 lä-

401 1278 114 25 genhetens
531 1278 144 20 bestämmelse
690 1278 133 26 erforderlig.

640 1374 28 20 34
682 1374 21 27 $.

468 1426 45 26 Äro
527 1430 61 22 inom
598 1438 27 14 en
636 1432 167 21 landskommun
811 1432 54 28 flera
873 1432 71 28 lägen-

401 1465 58 21 heter
465 1465 102 27 förenade
574 1466 10 20 i
592 1472 27 14 en
626 1466 60 20 hand
693 1466 39 21 och
737 1466 79 22 brukas
821 1467 25 21 de
852 1466 93 22 tillsam-

266 1504 47 22 Lag-
326 1504 31 18 och
369 1504 180 18 Ekonomiutskottets
561 1505 109 18 betänkande
682 1507 36 16 N:o
730 1506 14 17 1.
