1025 1714
314 132 29 22 U.
359 133 27 22 B.
402 146 26 3 —
444 133 74 28 Prop.
535 134 42 22 N:o
592 135 23 20 4.
783 136 25 19 13

84 202 32 18 att
132 199 95 28 delgifva
241 200 92 28 utslaget
344 200 22 21 åt
377 204 117 25 motparten
506 203 19 26 (2
537 202 48 28 kap.
596 203 26 20 22
633 203 12 27 $
659 210 18 13 o.
689 204 25 20 10
726 203 48 28 kap.
787 204 12 20 3
812 204 26 26 $),

84 237 56 17 samt
160 237 32 17 att
207 234 6 20 i
229 234 62 21 dessa
312 234 48 25 -mäl,
375 234 47 22 med
439 235 102 21 afseende
559 236 12 20 å
586 236 40 20 den
643 236 127 28 gäldenären
786 237 52 21 lem-

84 267 56 21 nade
162 270 42 18 rätt
221 271 31 18 att
274 268 52 22 söka
346 269 140 28 ätervinning,
508 270 81 21 hofrätt
603 270 55 21 skall
673 278 51 13 vara
740 272 51 19 sista
806 272 32 19 in-

84 305 59 18 stans
159 303 40 26 (10:
217 303 38 27 15.)

155 336 74 28 Enligt
251 336 27 22 de
301 338 6 20 i
329 345 29 13 nu
382 338 98 27 gällande
502 338 35 28 lag
555 338 60 28 gifna
630 338 157 28 bestämningar
801 347 37 13 an-

82 370 85 28 gäende
190 372 161 27 verkställighet
372 372 29 28 af
412 373 103 21 domstols
530 373 50 27 laga
595 373 60 27 kraft
669 380 77 14 vunna
761 374 77 20 domar

83 405 11 20 i
120 405 110 21 tvistemål
256 405 72 21 kunna
352 406 223 21 underexekutorerne
601 410 51 17 utan
678 407 111 21 föreskrift
815 407 23 21 af

83 438 107 29 Kejsaren
219 439 40 21 och
289 439 145 22 Storfurstens
460 440 237 28 befallningshafvande
722 441 115 21 verkställa

83 473 48 27 laga
146 473 58 21 kraft
219 481 72 13 vunna
306 474 74 21 domar
396 474 40 21 och
451 475 70 27 utslag
537 474 75 22 endast
627 476 5 19 i
645 474 25 22 de
684 474 44 27 fall,
739 475 26 21 dä
778 475 58 21 dom-

82 507 66 21 slutet
170 508 67 27 angår
251 509 117 27 penningar
383 508 33 21 till
432 508 95 22 bestämd
543 516 81 14 summa
640 509 51 21 eller
706 509 83 21 lösören
805 509 32 21 till

83 542 55 20 visst
160 544 67 18 utsatt
241 542 56 21 anta]
315 542 40 21 och
370 542 153 22 beskaffenhet.
552 543 11 21 I
579 543 39 21 alla
635 543 67 21 andra
716 543 39 21 fall
770 544 66 21 mäste

82 577 50 26 den,
154 584 44 14 som
221 578 62 21 söker
298 578 167 28 verkställighet,
480 578 55 22 först
550 578 70 21 vända
635 580 33 26 sig
683 579 32 21 till
731 579 105 28 Kejsaren

83 611 42 21 och
148 611 143 22 Storfurstens
313 612 244 28 befallningshafvande,
577 612 87 22 hvilken
679 613 39 21 har
733 616 31 18 att
778 613 59 21 med-

83 645 49 21 dela
148 646 60 21 säväl
223 646 144 22 förordnande
382 654 34 13 om
432 647 161 27 verkställighet
606 654 44 14 som
662 647 112 21 föreskrift
783 648 54 20 huru

83 680 42 20 den
141 680 54 21 skall
211 680 43 22 ske.
283 681 35 21 Uti
335 682 15 20 3
364 682 48 27 kap.
427 681 23 21 af
464 681 138 28 lagförslaget
617 683 23 19 är
655 682 181 21 underexekutors

83 714 131 28 befogenhet
229 718 31 18 att
275 715 131 21 omedelbart
421 716 115 20 verkställa
551 716 49 20 dom
616 716 105 21 utsträckt
735 716 32 20 till
780 717 57 20 vissa

83 748 67 22 andra
177 749 100 21 särskildt
304 749 138 28 uppräknade
468 750 40 21 och
531 750 39 20 lätt
592 750 134 28 igenkänliga
748 750 45 28 slag
815 750 23 21 af

83 782 80 27 domar,
185 783 72 21 hvilka
277 784 6 20 i
306 784 68 21 likhet
395 784 48 21 med
466 784 26 21 de
515 784 65 21 ofvan
603 784 88 28 angifna
706 786 36 20 äro
758 784 23 22 af
796 784 41 22 den

83 817 154 27 beskaftenhet,
260 821 31 18 att
312 818 132 21 tvifvelsmäl
466 826 34 13 om
515 820 65 19 sättet
594 818 35 20 för
643 818 61 22 deras
721 818 116 28 bringande

83 852 33 20 till
131 852 162 28 verkställighet
303 853 18 27 ej
335 852 39 21 bör
384 852 72 22 kunna
466 853 83 28 uppstä,
560 852 41 22 och
612 852 38 22 vid
661 853 72 21 hvilka
744 861 26 13 en
780 854 57 20 före-

82 885 84 29 gäende
182 886 235 28 verkställighetsorder
436 887 22 21 af
474 887 170 26 öfverexekutor,
665 887 69 21 säsom
755 888 82 21 medfö-

83 920 67 21 rande
160 920 130 28 tidsutdrägt
305 920 41 22 och
361 920 68 22 ökade
444 921 121 26 kostnader,
581 922 18 28 ej
615 924 81 18 ansetts
707 922 65 28 nödig
783 924 19 26 (2
812 923 25 27 8).

153 955 44 21 För
219 958 31 18 att
272 955 76 28 betaga
364 955 41 21 den
421 956 107 28 tappande
543 958 74 26 parten
634 956 27 20 all
677 956 102 28 obehörig
793 957 44 21 för-

84 990 35 21 del
142 990 22 20 af
186 989 151 29 rättegängens
360 990 141 21 fortsättande
522 993 55 18 samt
597 990 34 21 för
654 993 32 18 att
705 994 75 25 trygga
796 991 41 21 den

84 1024 109 21 vinnande
215 1024 40 21 och
274 1024 80 21 bereda
369 1024 77 21 honom
462 1024 84 21 tillfälle
561 1026 37 24 att,
613 1024 71 21 sävidt
699 1025 87 28 möjligt,
800 1033 37 20 ge-

84 1060 49 19 nast
154 1058 86 21 komma
261 1059 7 19 i
291 1057 124 29 ätnjutande
438 1058 23 20 af
483 1059 33 20 sin
537 1060 48 24 rätt,
605 1060 24 19 är
650 1058 34 22 för
706 1059 131 21 närvarande

84 1092 101 28 stadgadt
200 1093 6 20 i
222 1092 61 28 fråga
298 1100 34 13 om
347 1093 83 26 domar,
442 1100 46 14 som
502 1095 64 19 ännu
581 1093 20 28 ej
615 1093 80 21 vunnit
710 1094 49 27 laga
772 1094 65 27 kraft,

84 1129 32 19 att
137 1126 121 22 underrätts
281 1126 50 21 dom
353 1128 6 19 i
382 1127 125 28 sjörättssak
530 1130 55 18 samt
605 1127 91 21 hofrätts
719 1127 50 21 dom
788 1128 50 21 eller

84 1161 70 27 utslag
172 1161 7 20 i
195 1161 40 21 alla
251 1161 46 27 slag
311 1160 23 22 af
349 1161 64 21 civila
428 1160 42 22 mål
484 1161 24 21 få
523 1160 132 22 omedelbart
669 1161 27 28 gå
711 1162 7 20 i
734 1162 104 21 verkstäl-

84 1195 73 28 lighet,
180 1194 89 21 säframt
289 1195 41 21 den
355 1195 107 21 vinnande
478 1196 71 20 ställer
564 1195 80 28 borgen
660 1196 34 20 för
709 1195 37 22 det
760 1196 78 21 honom

84 1229 112 21 tilldömda
218 1229 40 21 och
281 1229 207 28 ändringssökandet
507 1237 78 20 genom
607 1229 189 28 verkställigheten
818 1232 18 27 ej

84 1263 42 21 blir
148 1264 98 27 onyttigt,
269 1266 54 19 samt
346 1267 31 17 att
391 1263 120 22 underrätts
533 1264 48 21 dom
597 1266 6 18 i
618 1264 105 21 vexelmäl
738 1265 34 20 mä
787 1269 51 16 utan

84 1297 81 28 borgen
188 1297 50 21 fullt
259 1297 133 27 verkställas,
415 1297 48 21 med
484 1298 122 28 skyldighet
625 1298 33 20 för
673 1297 42 22 den
730 1299 108 21 vinnande

84 1335 32 18 att
136 1332 61 21 ställa
213 1331 98 22 säkerhet
327 1331 76 21 endast
418 1331 33 21 för
466 1331 57 22 hvad
537 1332 42 20 han
595 1332 66 26 enligt
676 1331 77 22 domen
768 1333 70 26 lyftar.

84 1365 151 28 Lagförslaget
256 1365 39 20 har
315 1365 70 27 utgätt
406 1365 47 20 frän
470 1365 110 20 enahanda
595 1365 121 27 grundsats,
731 1369 31 17 att
776 1366 63 21 verk-

84 1399 109 28 ställighet
214 1399 22 20 af
258 1399 47 21 icke
328 1399 48 28 laga
396 1398 57 21 kraft
473 1407 71 13 vunna
560 1399 73 21 domar
648 1399 39 20 bör
701 1399 23 21 fä
740 1407 38 20 ega
792 1407 46 13 rum

85 1433 76 22 endast
176 1433 7 21 i
198 1434 57 20 vissa
277 1433 105 28 uppgifna
404 1432 164 29 undantagsfall.
598 1433 44 21 Det
663 1433 115 28 vigtigaste
798 1433 41 22 och

153 1473 131 23 Lagutskottets
297 1473 110 18 betänkande
419 1473 37 18 N:o
469 1474 17 17 5.
