1042 1717
296 123 75 22 Ständ.
387 124 34 22 Sv.
440 136 23 3 —
481 125 63 27 Prop.
560 125 37 21 N:o
612 124 19 22 7.
778 127 26 19 29

428 192 26 19 36
470 191 19 25 $.

151 250 154 29 Aktiebolags
328 251 98 28 styrelse
449 259 54 21 eger
524 252 37 22 för
580 251 127 23 detsamma
727 252 47 22 tala
793 253 42 21 och

83 291 72 20 svara,
171 284 106 28 företaga
292 285 45 21 alla
352 286 36 20 till
404 285 259 29 bolagsverksamheten
678 286 102 22 hörande
790 286 45 22 för-

82 318 267 29 valtningshandlingar,
372 320 142 22 beträffande
532 320 81 22 hvilka
633 320 50 22 icke
702 320 75 28 enligt
795 320 40 22 bo-

82 352 182 30 lagsordningen
294 354 73 22 skildt
392 354 185 30 bemyndigande
600 354 120 28 erfordras,
744 355 25 21 så
791 355 43 21 ock

82 388 165 21 sammankalla
262 388 185 28 bolagsstämma.

152 422 123 30 Stämning
290 423 56 22 eller
361 427 70 19 annat
442 424 106 29 offentlig
558 424 149 29 myndighets
717 424 48 22 bud
775 424 60 21 skall

83 464 66 15 anses
165 457 70 22 hafva
251 459 97 21 kommit
364 459 114 28 styrelsen
492 459 120 26 tillhanda,
622 459 29 21 då
660 459 77 28 någon
749 459 26 22 af
783 459 51 21 dess

82 491 126 22 ledamöter
223 493 9 20 i
246 492 155 23 föreskrifven
416 493 100 30 ordning
531 493 94 22 erhållit
639 493 38 22 del
692 493 70 22 deraf.

152 527 29 29 Ej
197 528 37 21 må
250 528 113 28 styrelsen
378 528 137 22 annorledes
530 532 29 18 än
571 528 58 22 efter
639 528 195 29 bolagsmännens

84 561 114 22 särskilda
220 562 76 22 beslut
318 563 118 28 medgifva
458 563 138 29 inteckning
618 563 8 21 i
650 562 105 29 bolagets
774 563 61 22 fasta

83 596 119 29 egendom.

424 663 26 20 37
467 662 17 27 &.

152 717 21 28 Ä
190 725 187 27 sysslomännens
400 724 104 22 värdnad
525 725 63 28 ligge
610 723 95 23 förande
725 724 26 22 af
764 723 71 23 sädan

84 758 52 28 bok,
157 766 49 14 som
225 759 51 21 med
298 759 108 22 afseende
429 759 13 21 &
456 759 271 28 bolagsverksamhetens
743 759 92 22 beskaf-

82 793 82 22 fenhet
178 793 121 22 erfordras.

152 823 71 26 Öfver
238 828 80 29 hvarje
332 827 186 23 verksamhetsär
532 827 61 23 skall
608 831 115 25 uppgöras
735 827 100 28 bokslut,

83 862 123 22 utvisande
226 862 36 23 för
277 863 118 28 utgängen
412 862 25 22 af
450 863 48 21 äret
513 862 104 29 bolagets
632 861 79 22 aktiva
727 862 43 21 och
785 869 51 22 pas-

84 897 49 22 siva
156 899 60 20 samt
236 897 64 22 vinst
322 897 56 22 eller
396 897 90 22 förlust.
516 897 77 22 Bland
608 897 79 21 aktiva
702 897 37 21 mä
753 896 82 22 härvid

83 931 111 30 uppföras
217 931 82 22 endast
321 931 132 29 tillgångar,
474 939 49 14 som
541 931 55 22 böra
616 931 74 21 hållas
705 931 38 22 för
757 931 78 28 säkra;

84 967 42 21 och
144 967 38 21 mä
196 966 28 21 de
240 967 20 28 ej
275 968 114 27 upptagas
405 966 37 21 till
458 966 70 29 högre
543 965 70 23 värde
629 969 29 18 än
674 965 44 28 det,
735 973 48 14 som
799 966 36 21 för

83 1001 64 22 tiden
163 1001 106 28 skäligen
283 1001 42 21 bör
340 1000 52 22 dem
407 1001 93 21 äsättas.
515 999 76 23 Bland
606 1000 93 29 passiva
713 999 56 22 böra
778 1007 57 22 upp-

83 1036 62 22 föras
169 1036 19 29 ej
213 1035 89 22 mindre
324 1035 105 28 bolagets
452 1035 54 28 gäld
523 1039 29 18 än
568 1035 52 22 dess
636 1034 158 29 aktiekapital,
811 1035 25 21 sä

84 1071 43 22 ock
143 1070 39 22 det
202 1070 91 29 belopp,
310 1077 48 14 som
374 1069 133 23 derutöfver
521 1070 74 21 finnes
609 1069 71 22 afsatt
695 1068 36 23 för
746 1069 88 28 bolags-

84 1105 188 22 verksamhetens
288 1104 187 22 säkerställande.

427 1171 25 19 38
468 1169 20 26 &.

152 1225 183 29 Sysslomännen
357 1225 89 28 äligger
469 1226 40 26 att,
527 1225 8 20 i
553 1223 104 29 enlighet
671 1223 52 22 med
738 1223 39 29 lag
793 1224 42 22 och

83 1259 183 30 bolagsordning
281 1261 59 20 samt
355 1259 193 28 bolagsmännens
564 1258 157 28 anvisningar,
737 1258 52 22 med
804 1258 31 22 all

83 1295 37 21 flit
135 1295 42 21 och
194 1301 92 21 omsorg
302 1294 132 22 handhafva
449 1293 104 29 bolagets
568 1292 200 30 angelägenheter.

152 1330 76 20 Finna
250 1328 176 29 sysslomännen
450 1328 76 22 beslut
545 1328 25 22 af
587 1328 161 28 aktieegarene
764 1327 72 22 strida

84 1364 48 20 mot
147 1363 39 28 lag
201 1363 56 21 eller
272 1362 56 28 eljes
338 1362 52 22 icke
400 1361 70 23 hafva
481 1361 126 33 behörigen
617 1360 143 28 tillkommit,
772 1360 64 28 gifve

84 1397 40 22 det
138 1399 83 27 genast
236 1397 12 21 å
264 1396 179 29 bolagsstämma
454 1396 122 22 tillkänna.
592 1395 132 21 Äterkallar
734 1395 21 29 ej
767 1397 68 19 stäm-

84 1439 53 15 man
160 1431 76 29 dylikt
258 1432 84 28 beslut,
358 1431 43 22 och
416 1434 25 18 är
459 1431 21 29 ej
496 1430 72 23 heller
583 1430 101 22 beslutet
699 1429 87 29 sådant,
802 1432 35 20 att
