1042 1720
196 135 25 20 12
501 135 43 24 N:o
564 136 23 23 8.

166 203 99 27 gällande
286 203 127 27 förordning
435 203 33 21 för
490 206 59 19 extra
571 203 88 28 pension
674 203 103 27 ingående
792 204 128 27 stadgandet

166 243 33 15 om
219 237 157 27 stämpelfrihet
393 237 34 21 för
447 238 81 21 sådana
546 237 120 28 pensioner,
682 244 46 15 som
743 237 47 22 icke
806 237 114 28 öfverstiga

165 272 42 21 200
228 272 67 27 mark,
316 274 52 19 enär
385 278 82 15 samma
483 272 46 21 skäl
544 272 7 21 i
566 272 116 21 hvartdera
697 272 61 21 fallet
772 272 61 21 torde
849 272 71 21 kunna

165 305 104 28 åberopas
285 306 34 21 till
335 306 48 21 stöd
400 306 33 21 för
449 306 58 22 detta
523 307 115 26 undantag.
662 307 102 21 Deremot
779 307 39 20 har
829 307 13 21 å
853 307 67 21 andra

165 340 60 21 sidan
246 340 33 22 för
300 343 61 19 extra
380 340 121 27 pensioner,
517 341 73 21 hvilka
604 341 70 28 uppgå
688 341 34 22 till
737 341 53 22 eller
805 341 114 28 öfverstiga

165 375 63 28 2,000
250 375 67 27 mark,
341 375 120 28 föreslagits
485 382 26 15 en
534 375 88 22 dubbelt
637 375 65 28 högre
717 376 157 27 stämpelskatt,
891 378 28 20 än

165 409 33 22 för
213 410 115 26 pensioner
343 410 168 27 understigande
526 410 135 22 sistnämnda
676 410 84 27 belopp.

233 444 118 28 Prestbref
362 444 67 22 förses
445 445 32 21 för
492 445 134 21 närvarande
641 445 48 21 med
705 445 41 21 den
756 445 34 21 för
801 445 120 27 domkapit-

165 478 46 22 lens
236 478 68 28 öfriga
329 479 148 27 expeditioner
501 480 103 27 stadgade
629 480 97 26 stämpel.
760 479 96 27 Afgiften
879 480 42 21 har

165 513 119 21 emellertid
299 516 82 19 ansetts
398 514 71 21 kunna
483 514 60 27 höjas
559 514 32 21 till
613 515 7 20 4
634 514 69 21 mark.

233 548 83 22 Jemväl
338 548 188 27 bestämningarna
548 548 111 27 angående
681 548 182 28 stämpelafgiften
885 548 36 22 för

161 582 166 28 privilegiibref
337 583 41 21 har
392 583 151 22 underkastats
558 584 68 26 några
640 584 84 21 mindre
739 584 122 26 ändringar.

233 617 59 22 Enär
306 617 111 28 ritningar
431 618 32 21 till
479 624 37 21 ny-
531 618 39 21 och
585 618 134 27 tillbyggnad
734 617 66 22 oftast
813 619 106 26 uppgöras

166 651 23 22 af
202 652 67 21 andra
284 654 27 19 än
326 652 128 27 tjenstemän
465 653 39 21 och
514 653 67 22 under
591 653 81 22 sådana
682 652 148 23 förhållanden
842 653 78 21 under-

164 686 49 27 lyda
232 687 26 20 de
273 686 34 22 för
322 687 151 27 afhandlingar
488 687 23 22 af
525 687 37 22 och
579 687 91 22 emellan
685 687 95 22 enskilda
796 694 101 21 personer
911 687 8 22 i

164 721 100 22 afseende
280 721 13 22 å
307 721 214 28 stämpelskyldighet
530 722 100 28 gällande
640 722 139 27 stadganden,
790 722 64 22 hafva
862 722 56 22 före-

166 755 115 22 skrifterna
303 756 74 21 härom
401 756 140 27 öfverflyttats
564 756 48 22 från
635 763 29 15 nu
681 757 163 27 ifrågavarande
859 757 63 22 tariff

166 790 32 21 till
214 790 11 27 $
241 791 12 20 6
269 790 24 21 af
307 790 248 28 författningsförslaget.

233 824 33 21 Då
280 825 103 27 salubref
395 826 12 20 &
423 825 163 26 utmätningsvis
602 825 81 22 försäld
698 825 103 28 fastighet
816 828 24 19 är
855 832 25 15 en
897 825 23 22 af

164 859 125 27 myndighet
311 859 94 27 utgifven
427 859 76 22 officiel
525 860 107 27 handling,
648 860 40 22 har
703 860 118 22 detsamma
836 862 84 20 ansetts

165 893 52 21 böra
233 895 124 19 omnämnas
373 894 7 20 i
395 894 71 21 denna
481 894 65 21 tariff.

231 927 137 22 Beträffande
390 928 122 28 skattebref
530 929 39 21 har
592 928 39 22 den
654 929 90 27 ändring
766 929 103 27 vidtagits
885 931 35 19 att

164 962 181 27 stämpelafgiften
367 962 33 21 för
422 962 123 28 skattebref,
561 965 52 19 utan
638 964 100 21 afseende
756 964 52 21 derä
822 970 34 15 om
873 964 46 21 det-

164 1002 81 16 samma
256 996 107 22 utfärdats
373 996 32 22 för
416 997 91 22 rusthäll
517 998 51 21 eller
579 998 105 27 hemman,
693 1000 79 20 utsatts
782 998 33 21 till
826 999 13 20 4
848 998 70 27 mark,

164 1032 50 20 enär
230 1030 47 22 skäl
292 1037 89 15 numera
395 1032 47 20 icke
458 1038 62 20 synes
534 1032 116 21 förefinnas
666 1034 32 20 att
708 1032 107 27 medgifva
826 1032 93 28 lindring

164 1064 33 22 för
213 1065 120 21 skattebref
347 1065 12 22 å
375 1066 133 22 sistnämnda
523 1067 45 27 slag
584 1066 24 22 af
620 1067 130 27 lägenheter.

233 1099 123 29 Skiljobref
367 1100 9 20 i
390 1100 120 28 trolofning
524 1101 53 21 eller
592 1101 118 28 äktenskap
727 1102 109 27 stämplas,
852 1102 66 26 enligt

163 1134 99 27 gällande
284 1134 125 27 förordning
431 1135 48 21 med
504 1137 24 20 10
548 1135 52 21 eller
616 1136 12 21 5
645 1136 68 26 mark,
729 1136 107 21 beroende
852 1136 66 27 deraf,

163 1168 105 22 huruvida
291 1169 118 21 detsamma
430 1170 96 21 utfärdas
549 1170 33 21 för
603 1170 199 28 ,ständspersoner*
817 1171 53 21 eller
885 1170 35 22 för

163 1209 102 21 personer
287 1203 24 21 af
331 1203 79 27 ,öfriga
432 1204 202 22 samhällsklasser.
665 1205 48 21 Men
736 1205 27 21 dä
785 1205 65 27 något
871 1205 46 22 skäl

163 1238 87 21 hvarför
269 1238 105 27 stämpeln
393 1238 12 22 å
423 1238 112 28 skiljobref
548 1240 69 21 skulle
632 1242 63 25 göras
711 1240 107 22 beroende
834 1240 24 22 af
870 1246 47 21 per-

164 1277 77 15 sonens
256 1272 206 26 samhällsställning
477 1273 46 20 icke
538 1272 121 27 förefinnes,
675 1274 78 20 medan
768 1274 97 21 deremot
880 1280 37 15 an-

164 1305 85 26 ledning
264 1311 62 21 synes
342 1305 132 22 förekomma
489 1308 33 19 att
536 1306 108 22 fastställa
660 1307 58 21 olika
728 1307 62 28 afgift
800 1307 34 22 för
844 1307 73 28 skiljo-

163 1339 48 22 bref
225 1339 6 22 i
247 1339 118 28 trolofning
381 1340 38 22 och
435 1340 33 22 för
484 1341 111 27 skiljobref
608 1341 7 22 i
630 1341 126 29 äktenskap,
772 1342 38 22 har
826 1343 92 27 ändring

162 1374 8 21 i
185 1374 85 22 tariffen
286 1375 7 21 i
309 1375 94 27 enlighet
418 1375 88 23 härmed
521 1376 107 28 vidtagits.

231 1409 11 28 $
261 1410 14 21 4
294 1410 109 22 meddelar
426 1410 133 22 föreskrifter
581 1412 108 27 angående
712 1412 205 28 stämpelpligtighet

163 1444 38 22 och
224 1445 160 27 stämpelsatser
407 1445 33 21 för
463 1446 82 28 inlagor
561 1446 39 22 och
615 1446 90 28 bilagor.
736 1447 10 21 I
760 1447 99 27 gällande
874 1446 43 23 för-
