1034 1714
207 158 27 18 82

248 224 19 24 e)
295 230 34 15 om
345 224 119 26 utmätning
478 223 32 21 för
525 223 62 21 skuld
600 223 38 20 hos
653 222 100 28 gäldenär
768 223 54 21 skett
838 223 38 21 och
893 223 40 20 till-

180 258 55 27 gång
250 258 32 21 till
297 257 109 27 betalning
426 257 60 21 deraf
500 257 47 21 icke
563 257 91 26 funnits;
671 256 53 22 dock
739 256 35 21 må
789 257 18 27 ej
823 257 27 27 på
865 256 68 28 grund

180 292 21 20 af
223 292 92 26 fordran,
335 291 34 21 för
390 291 86 21 hvilken
500 290 128 28 gäldenären
649 290 44 27 gått
711 290 41 21 den
766 291 8 20 i
790 291 12 20 3
818 290 46 28 kap.
880 291 26 21 33
922 290 11 27 $

179 326 194 27 Utsökningslagen
395 325 138 21 omförmälda
555 325 32 27 ed,
602 324 109 22 förordnas
726 324 31 21 till
773 325 114 27 egendoms
904 324 30 21 af-

179 360 109 27 trädande,
310 360 49 21 med
374 359 82 21 mindre
472 359 67 27 skälig
555 358 115 28 anledning
685 359 61 26 visas,
761 360 30 20 att
805 359 127 27 gäldenären

179 394 141 28 undandöljer
342 394 94 27 tillgång,
458 400 46 14 som
527 394 78 21 honom
628 394 90 20 derefter
739 393 87 22 tillfallit
848 393 39 21 och
902 393 32 21 till

180 429 59 27 gälds
256 428 111 22 betalande
383 428 25 27 gå
423 428 47 26 bör;

248 463 21 27 d)
289 469 33 14 om
338 462 106 28 gäldenär,
458 468 46 14 som
520 463 23 19 är
557 462 97 27 köpman,
669 461 69 21 blifvit
753 468 77 21 genom
840 462 94 20 notarius

180 497 98 28 publicus
301 496 51 23 eller
371 496 8 21 i
398 497 92 20 vittnens
506 498 88 19 närvaro
610 496 119 28 uppmanad
746 498 29 20 att
790 496 69 22 betala
874 496 61 21 ostri-

181 532 35 27 dig
237 532 40 21 och
295 531 97 21 förfallen
408 531 70 26 skuld,
492 537 49 14 men
557 531 42 21 åtta
615 531 63 27 dagar
694 531 51 21 eller
760 531 121 21 derutöfver
895 537 39 14 un-

183 566 83 21 derlåtit
281 567 30 20 att
325 566 132 27 borgenären
472 565 91 28 förnöja;

249 600 18 27 e)
291 606 34 15 om
348 599 77 22 endera
447 599 22 21 af
488 600 101 20 makarne
603 600 7 20 i
626 599 130 27 gäldbundet
770 599 27 21 bo
812 599 32 22 till
858 599 76 21 Rätten

180 634 113 22 inkommit
315 633 48 22 med
385 633 113 28 påstående
522 640 34 15 om
579 633 110 22 boskilnad
712 634 40 21 och
773 634 123 27 påståendet
914 634 19 27 ej

180 669 69 21 blifvit
264 669 21 20 af
300 668 76 22 Rätten
390 668 122 21 förkastadt.

247 703 34 21 Då
299 703 118 27 ansökning
432 709 35 14 om
482 703 111 26 gäldenärs
607 703 139 27 förpligtande
762 704 30 20 att
807 703 80 20 afträda
902 702 32 21 sin

180 739 105 26 egendom
306 737 21 22 af
350 737 103 28 borgenär
473 739 66 26 göres,
563 737 99 28 uppgifve
684 737 108 21 sökanden
813 737 83 28 jemväl,
911 737 24 22 så

180 773 45 20 vidt
239 773 78 20 honom
333 771 97 28 veterligt
444 773 28 26 är,
485 772 139 27 gäldenärens
635 772 65 27 öfrige
710 771 174 28 fordringsegare,
896 772 38 21 och

180 807 128 28 gäldenären
331 806 69 26 varde,
421 812 77 21 genom
514 806 85 21 Rättens
615 806 51 21 eller
682 807 151 20 ordförandens
848 807 87 26 försorg,

180 843 51 19 utan
253 840 100 28 dröjsmål
375 840 70 21 kallad
460 841 30 20 att
505 841 59 20 öfver
579 840 145 27 ansökningen
740 840 12 21 å
767 841 42 20 viss
824 840 41 27 dag
879 841 56 20 inför

180 875 77 21 Rätten
279 875 67 20 höras.
377 874 67 21 Gitter
466 874 40 21 han
530 875 19 26 ej
571 876 74 26 genast
660 875 50 26 visa,
725 876 29 19 att
769 875 41 20 han
826 875 108 21 sökanden

180 910 82 27 förnöja
281 909 49 27 kan,
349 909 51 21 eller
417 908 71 21 ställer
503 909 42 20 han
561 909 17 27 ej
595 909 93 27 antaglig
703 909 79 27 borgen
798 909 50 21 eller
864 915 70 15 annan

181 944 96 21 säkerhet
301 944 33 20 för
356 944 47 20 dess
424 943 95 27 fordran;
543 943 82 21 beslute
646 943 77 21 Rätten
745 945 31 19 att
797 943 137 28 gäldenärens

180 978 104 28 egendom
300 978 90 21 afträdas
406 978 59 20 skall.
494 977 103 21 Kommer
612 978 100 26 gäldenär
722 977 53 22 efter
786 978 93 20 erhållen
890 978 44 20 kal-

179 1013 52 21 lelse
257 1013 18 27 ej
291 1012 107 27 tillstädes,
414 1012 35 21 må
463 1012 82 21 ändock
560 1012 110 21 enahanda
686 1011 69 22 beslut
770 1012 20 21 af
804 1012 77 22 Rätten
896 1012 39 21 fat-

180 1049 38 25 tas,
234 1054 34 14 om
284 1046 45 22 skäl
345 1046 68 22 dertill
428 1048 23 19 är
466 1046 122 22 förhanden.

529 1132 12 27 8
558 1132 32 20 10.

249 1188 69 22 Sedan
334 1188 94 21 konkurs
444 1188 97 28 uppstått,
557 1188 35 21 må
608 1189 18 26 ej
642 1188 7 20 i
660 1188 137 28 gäldenärens
807 1189 53 20 fasta
870 1195 63 21 egen-

181 1224 50 20 dom
252 1222 109 22 meddelas
383 1222 128 28 inteckning,
527 1222 86 21 såframt
628 1222 40 21 den
684 1222 46 21 icke
746 1222 87 28 tidigare
849 1223 85 20 ansökts

179 1256 28 28 pä
227 1256 68 27 grund
311 1256 22 20 af
347 1256 65 20 sådan
428 1256 160 26 omständighet,
603 1262 45 14 som
664 1256 66 26 enligt
745 1257 11 25 $
772 1256 27 20 46
814 1263 62 13 mom.
892 1257 20 26 h,
926 1256 8 21 i

181 1290 38 20 der
241 1289 92 21 nämnda
356 1289 42 27 fall,
413 1291 62 25 utgör
490 1289 67 21 vilkor
572 1289 33 21 för
619 1289 124 27 giltigheten
758 1290 21 20 af
794 1290 58 26 dylik
864 1290 70 20 säker-

179 1324 42 21 het.
251 1323 133 27 Inteckning,
406 1330 46 14 som
475 1323 7 21 i
505 1323 51 22 strid
573 1323 94 21 häremot
681 1324 123 27 meddelats,
819 1330 49 15 vare
883 1325 51 20 utan

180 1358 86 22 verkan.

248 1393 26 28 Ej
297 1393 67 22 heller
383 1393 35 20 må
432 1393 54 21 efter
499 1393 133 21 konkursens
647 1393 73 28 början
736 1394 119 27 utmätning
870 1393 36 22 ske
922 1393 12 22 å

181 1428 26 21 de
223 1427 98 22 afträdda
337 1427 144 28 tillgångarna.
510 1424 32 25 Är
557 1427 103 28 egendom
674 1427 66 22 redan
756 1428 135 21 derförinnan
901 1430 32 20 ut-

180 1464 57 26 mätt,
261 1463 94 27 upphöre
375 1462 190 27 utmätningsmans
579 1462 118 28 befattning
712 1463 96 26 dermed;
825 1463 54 21 dock
893 1463 40 28 må,
