1039 1720
224 140 11 19 4
406 137 75 22 Ständ.
498 137 34 22 Sv.
546 150 28 2 —
589 137 66 28 Prop.
671 137 36 22 N:o
722 136 19 23 7.

195 205 39 18 äro
254 201 156 30 erforderliga.
442 203 43 21 Att
506 202 118 22 dessutom
639 202 40 22 vid
693 201 162 22 fastställande
871 201 26 22 af
910 201 39 22 bo-

194 235 152 30 lagsordning
366 236 37 23 för
422 236 149 23 bankrörelse
589 236 44 22 och
651 236 106 23 enskilda
773 237 125 28 jernvägar
913 235 37 22 för

196 270 84 23 allmän
300 270 135 23 samfärdsel
454 271 41 22 bör
510 271 95 22 beaktas
621 270 62 23 hvad
697 271 108 29 gällande
820 270 130 23 förordnin-

195 312 41 22 gar
250 306 9 21 i
275 308 78 19 ämnet
368 305 123 28 innehälla,
508 305 114 23 erfordrar
637 306 51 21 icke
703 307 78 28 nägon
792 305 100 22 särskild
902 313 47 14 mo-

195 340 108 29 tivering.

264 374 82 23 Ehuru
368 374 79 23 derom
466 375 51 22 icke
537 375 111 22 särskildt
663 375 93 29 stadgas
771 375 8 21 i
795 382 32 15 nu
843 374 107 30 gällande

196 409 109 29 aktielag,
324 410 42 22 har
384 409 198 23 sanktionsrätten
598 410 67 27 dock,
680 414 56 18 enär
751 412 76 20 staten
842 411 52 20 icke
911 409 41 22 bör

197 444 90 22 skänka
306 445 37 21 sin
361 444 140 22 medverkan
516 445 25 21 ät
556 444 96 29 företag,
669 452 49 14 som
734 444 73 23 strida
821 447 63 19 emot
898 444 52 22 dess

197 481 53 27 eget
270 478 112 28 ändamäl,
406 479 40 21 vid
466 479 179 29 tillämpningen
665 481 88 20 ansetts
776 480 111 21 innebära
906 481 47 19 rätt

198 516 34 20 att
252 514 87 28 jemväl
358 513 103 25 bedöma,
482 514 115 22 huruvida
616 514 104 29 bolagets
736 514 134 22 tillämnade
886 514 66 22 verk-

198 548 89 22 samhet
297 552 25 18 är
332 548 26 22 af
366 548 44 22 den
422 548 165 28 beskaffenhet,
598 551 35 19 att
643 548 44 22 den
698 549 103 28 lagligen
812 549 36 21 mä
858 549 8 21 i
874 548 92 29 landet

197 582 101 28 utöfvas,
314 582 57 22 eller
385 583 53 21 med
452 583 72 22 andra
539 582 48 29 ord,
603 583 114 22 huruvida
732 582 132 22 densamma
879 583 75 22 öfver-

198 619 151 20 ensstämmer
366 618 52 21 med
437 618 46 28 god
498 618 41 22 sed
553 618 44 22 och
612 618 85 22 allmän
713 618 100 28 ordning
828 620 60 20 samt
902 617 53 23 med

198 652 38 29 lag
252 652 44 22 och
310 652 167 29 författningar
492 653 8 21 i
516 653 78 28 öfrigt.
617 648 78 27 Äfven
711 652 45 22 den
771 653 85 28 nädiga
871 660 83 22 propo-

198 687 102 22 sitionen
322 688 48 21 stär
390 687 185 29 uppenbarligen
594 688 30 28 pä
639 687 76 22 denna
731 687 151 29 ständpunkt,
900 691 55 18 enär

199 721 133 22 densamma
349 722 8 21 i
375 721 67 30 fräga
460 729 36 15 om
516 722 139 22 sanktionen
671 722 82 22 endast
767 723 127 28 ätergifver
910 723 46 21 den

199 756 107 29 gällande
324 756 181 29 lagstiftningen
525 759 59 19 samt
602 757 49 22 lika
665 757 54 22 litet
735 764 48 15 som
798 757 77 22 denna
890 757 65 22 inne-

199 790 73 22 häller
290 791 72 28 nägot
377 791 128 28 stadgande
521 791 84 28 derom,
621 793 35 20 att
672 791 147 22 stadfästelse
835 793 13 20 ä
863 791 92 30 bolags-

200 825 100 28 ordning
315 825 60 22 skall
385 825 122 28 meddelas,
520 832 37 15 om
565 825 44 22 den
619 825 120 22 befunnits
748 825 208 23 öfverensstämma

200 859 53 21 med
274 860 140 28 aktielagen.
446 860 70 21 Emot
531 860 102 28 antydda
649 860 50 22 sida
714 859 26 23 af
753 860 203 22 sanktionsrätten

200 893 84 23 liksom
307 894 44 22 ock
374 896 48 20 mot
443 894 201 29 pröfningsrätten
666 894 178 22 vidkommande
867 895 89 29 bolags-

200 928 142 26 ordningens
350 928 240 22 öfverensstämmelse
598 929 52 21 med
659 929 132 29 aktielagen
800 930 80 21 kunna
888 937 70 21 grun-

201 962 58 22 dade
278 963 181 28 anmärkningar
480 964 75 28 enligt
571 963 141 22 Ständernas
728 964 71 22 tanke
813 964 52 21 icke
881 968 75 24 göras.

200 997 45 22 Väl
265 997 76 22 skulle
361 997 39 22 det
420 1005 54 15 vara
492 997 107 23 förenadt
617 998 52 22 med
687 998 90 22 mindre
795 999 109 29 omgång,
920 1006 38 15 om

201 1032 200 28 pröfningsrätten
420 1032 8 21 i
447 1040 31 14 nu
497 1032 96 23 berörda
611 1032 108 23 afseende
735 1033 183 22 öfverlemnades
934 1034 24 21 ät

201 1066 334 29 registreringsmyndigheten
558 1069 34 19 att
614 1068 137 21 verkställas
772 1068 3 21 i
791 1068 167 29 sammanhang

202 1100 52 22 med
270 1100 170 29 behandlingen
456 1101 26 22 af
494 1102 107 21 anmälan
610 1110 37 14 om
657 1102 105 28 bolagets
773 1103 183 28 inregistrering.

202 1134 54 22 Men
275 1134 29 22 dä
324 1136 333 28 registreringsmyndigheten
677 1138 8 20 i
706 1136 78 30 öfrigt,
804 1137 75 28 enligt
897 1136 61 22 hvad

202 1170 8 20 i
226 1168 44 23 den
289 1170 37 21 till
347 1170 129 22 Ständerna
496 1170 85 22 aflätna
600 1171 175 28 propositionen
796 1178 37 14 om
852 1171 106 22 handels-

202 1204 98 28 register
315 1204 139 29 föreslagits,
469 1205 51 21 icke
532 1206 90 21 komme
633 1208 34 18 att
675 1205 87 22 befatta
771 1206 36 28 sig
816 1206 53 21 med
878 1208 80 26 egent-

202 1238 48 29 liga
272 1238 209 28 pröfningsfrägor,
503 1240 71 21 hafva
596 1240 130 21 Ständerna
746 1242 77 19 ansett
848 1240 37 27 sig
907 1240 51 20 icke

203 1272 56 21 böra
273 1272 86 22 föreslä
370 1272 102 29 antydda
482 1272 179 29 öfverflyttning
671 1273 26 21 af
705 1273 95 21 berörda
811 1273 147 28 befogenhet,

202 1305 62 23 helst
279 1306 39 22 det
334 1314 68 21 synes
418 1306 94 22 tillhöra
523 1307 114 28 styrelsen
649 1309 34 19 att
698 1307 125 22 bestämma
833 1307 45 21 den
894 1314 64 22 myn-

203 1340 87 30 dighet,
307 1341 25 22 af
345 1341 96 23 hvilken
458 1341 70 29 sagda
543 1341 140 29 befogenhet
699 1342 40 22 bör
755 1341 102 23 utöfvas.

272 1376 12 22 I
299 1379 96 19 motsats
416 1376 37 22 till
473 1376 39 22 det
536 1380 51 19 1891
609 1377 36 21 års
662 1376 99 22 Ständer
775 1376 120 30 förelagda
910 1377 49 29 lag-

202 1410 95 30 förslag,
305 1412 91 21 hvilket
405 1412 24 21 åt
439 1411 333 29 registreringsmyndigheten
783 1411 177 23 öfverlemnade

204 1448 34 19 att
258 1446 106 30 granska,
384 1446 115 22 huruvida
518 1446 69 29 bolag
606 1446 80 22 blifvit
708 1446 87 22 bildadt
816 1446 7 22 i
840 1446 119 22 öfverens-
