<?xml version="1.0" encoding="UTF-8"?>
<alto xmlns="http://www.loc.gov/standards/alto/ns-v3#" xmlns:xlink="http://www.w3.org/1999/xlink" xmlns:xsi="http://www.w3.org/2001/XMLSchema-instance" xsi:schemaLocation="http://www.loc.gov/standards/alto/ns-v3# http://www.loc.gov/alto/v3/alto-3-0.xsd">
	<Description>
		<MeasurementUnit>pixel</MeasurementUnit>
		<sourceImageInformation>
			<fileName>/tmp/tess__4al11nq_input.PNG</fileName>
		</sourceImageInformation>
		<OCRProcessing ID="OCR_0">
			<ocrProcessingStep>
				<processingSoftware>
					<softwareName>tesseract 5.3.4</softwareName>
				</processingSoftware>
			</ocrProcessingStep>
		</OCRProcessing>
	</Description>
	<Layout>
		<Page WIDTH="1025" HEIGHT="1717" PHYSICAL_IMG_NR="0" ID="page_0">
			<PrintSpace HPOS="0" VPOS="0" WIDTH="1025" HEIGHT="1717">
				<ComposedBlock ID="cblock_0" HPOS="419" VPOS="168" WIDTH="391" HEIGHT="24">
					<TextBlock ID="block_0" HPOS="419" VPOS="168" WIDTH="391" HEIGHT="24">
						<TextLine ID="line_0" HPOS="419" VPOS="168" WIDTH="391" HEIGHT="24">
							<String ID="string_0" HPOS="419" VPOS="168" WIDTH="44" HEIGHT="24" WC="0.90" CONTENT="N:o"/><SP WIDTH="20" VPOS="168" HPOS="463"/>
							<String ID="string_1" HPOS="483" VPOS="170" WIDTH="23" HEIGHT="22" WC="0.95" CONTENT="4."/><SP WIDTH="278" VPOS="170" HPOS="506"/>
							<String ID="string_2" HPOS="784" VPOS="168" WIDTH="26" HEIGHT="20" WC="0.96" CONTENT="97"/>
						</TextLine>
					</TextBlock>
				</ComposedBlock>
				<ComposedBlock ID="cblock_1" HPOS="84" VPOS="234" WIDTH="758" HEIGHT="1274">
					<TextBlock ID="block_1" HPOS="85" VPOS="234" WIDTH="755" HEIGHT="62">
						<TextLine ID="line_1" HPOS="85" VPOS="234" WIDTH="755" HEIGHT="28">
							<String ID="string_3" HPOS="85" VPOS="235" WIDTH="118" HEIGHT="26" WC="0.90" CONTENT="inlemnad;"/><SP WIDTH="24" VPOS="235" HPOS="203"/>
							<String ID="string_4" HPOS="227" VPOS="234" WIDTH="39" HEIGHT="22" WC="0.95" CONTENT="och"/><SP WIDTH="21" VPOS="234" HPOS="266"/>
							<String ID="string_5" HPOS="287" VPOS="235" WIDTH="67" HEIGHT="21" WC="0.95" CONTENT="varde"/><SP WIDTH="18" VPOS="235" HPOS="354"/>
							<String ID="string_6" HPOS="372" VPOS="240" WIDTH="80" HEIGHT="16" WC="0.96" CONTENT="samme"/><SP WIDTH="16" VPOS="240" HPOS="452"/>
							<String ID="string_7" HPOS="468" VPOS="235" WIDTH="41" HEIGHT="27" WC="0.96" CONTENT="dag"/><SP WIDTH="14" VPOS="235" HPOS="509"/>
							<String ID="string_8" HPOS="523" VPOS="234" WIDTH="109" HEIGHT="23" WC="0.96" CONTENT="bestämdt"/><SP WIDTH="14" VPOS="234" HPOS="632"/>
							<String ID="string_9" HPOS="646" VPOS="236" WIDTH="71" HEIGHT="21" WC="0.96" CONTENT="utsatt"/><SP WIDTH="14" VPOS="236" HPOS="717"/>
							<String ID="string_10" HPOS="731" VPOS="236" WIDTH="8" HEIGHT="20" WC="0.96" CONTENT="i"/><SP WIDTH="15" VPOS="236" HPOS="739"/>
							<String ID="string_11" HPOS="754" VPOS="236" WIDTH="36" HEIGHT="21" WC="0.93" CONTENT="det"/><SP WIDTH="15" VPOS="236" HPOS="790"/>
							<String ID="string_12" HPOS="805" VPOS="236" WIDTH="35" HEIGHT="20" WC="0.92" CONTENT="ut-"/>
						</TextLine>
						<TextLine ID="line_2" HPOS="85" VPOS="268" WIDTH="512" HEIGHT="28">
							<String ID="string_13" HPOS="85" VPOS="269" WIDTH="52" HEIGHT="27" WC="0.95" CONTENT="slag,"/><SP WIDTH="16" VPOS="269" HPOS="137"/>
							<String ID="string_14" HPOS="153" VPOS="268" WIDTH="138" HEIGHT="28" WC="0.93" CONTENT="hvarigenom"/><SP WIDTH="15" VPOS="268" HPOS="291"/>
							<String ID="string_15" HPOS="306" VPOS="269" WIDTH="151" HEIGHT="27" WC="0.91" CONTENT="inteckningen"/><SP WIDTH="15" VPOS="269" HPOS="457"/>
							<String ID="string_16" HPOS="472" VPOS="269" WIDTH="125" HEIGHT="22" WC="0.94" CONTENT="fastställes,"/>
						</TextLine>
					</TextBlock>
					<TextBlock ID="block_2" HPOS="84" VPOS="298" WIDTH="756" HEIGHT="242">
						<TextLine ID="line_3" HPOS="154" VPOS="298" WIDTH="686" HEIGHT="33">
							<String ID="string_17" HPOS="154" VPOS="298" WIDTH="30" HEIGHT="26" WC="0.96" CONTENT="Är"/><SP WIDTH="15" VPOS="298" HPOS="184"/>
							<String ID="string_18" HPOS="199" VPOS="309" WIDTH="82" HEIGHT="15" WC="0.96" CONTENT="samma"/><SP WIDTH="14" VPOS="309" HPOS="281"/>
							<String ID="string_19" HPOS="295" VPOS="302" WIDTH="102" HEIGHT="28" WC="0.93" CONTENT="fastighet"/><SP WIDTH="14" VPOS="302" HPOS="397"/>
							<String ID="string_20" HPOS="411" VPOS="302" WIDTH="116" HEIGHT="22" WC="0.91" CONTENT="intecknad"/><SP WIDTH="18" VPOS="302" HPOS="527"/>
							<String ID="string_21" HPOS="545" VPOS="302" WIDTH="33" HEIGHT="22" WC="0.96" CONTENT="för"/><SP WIDTH="14" VPOS="302" HPOS="578"/>
							<String ID="string_22" HPOS="592" VPOS="303" WIDTH="51" HEIGHT="22" WC="0.96" CONTENT="flere"/><SP WIDTH="14" VPOS="303" HPOS="643"/>
							<String ID="string_23" HPOS="657" VPOS="304" WIDTH="129" HEIGHT="27" WC="0.93" CONTENT="fordringar,"/><SP WIDTH="16" VPOS="304" HPOS="786"/>
							<String ID="string_24" HPOS="802" VPOS="310" WIDTH="38" HEIGHT="21" WC="0.93" CONTENT="ege"/>
						</TextLine>
						<TextLine ID="line_4" HPOS="84" VPOS="337" WIDTH="756" HEIGHT="28">
							<String ID="string_25" HPOS="84" VPOS="338" WIDTH="93" HEIGHT="27" WC="0.96" CONTENT="tidigare"/><SP WIDTH="22" VPOS="338" HPOS="177"/>
							<String ID="string_26" HPOS="199" VPOS="338" WIDTH="124" HEIGHT="26" WC="0.96" CONTENT="inteckning"/><SP WIDTH="21" VPOS="338" HPOS="323"/>
							<String ID="string_27" HPOS="344" VPOS="337" WIDTH="109" HEIGHT="22" WC="0.96" CONTENT="företräde"/><SP WIDTH="22" VPOS="337" HPOS="453"/>
							<String ID="string_28" HPOS="475" VPOS="338" WIDTH="32" HEIGHT="21" WC="0.96" CONTENT="till"/><SP WIDTH="21" VPOS="338" HPOS="507"/>
							<String ID="string_29" HPOS="528" VPOS="338" WIDTH="111" HEIGHT="27" WC="0.95" CONTENT="betalning"/><SP WIDTH="17" VPOS="338" HPOS="639"/>
							<String ID="string_30" HPOS="656" VPOS="338" WIDTH="90" HEIGHT="22" WC="0.96" CONTENT="framför"/><SP WIDTH="18" VPOS="338" HPOS="746"/>
							<String ID="string_31" HPOS="764" VPOS="344" WIDTH="76" HEIGHT="16" WC="0.95" CONTENT="senare"/>
						</TextLine>
						<TextLine ID="line_5" HPOS="85" VPOS="372" WIDTH="755" HEIGHT="28">
							<String ID="string_32" HPOS="85" VPOS="372" WIDTH="40" HEIGHT="22" WC="0.96" CONTENT="och"/><SP WIDTH="22" VPOS="372" HPOS="125"/>
							<String ID="string_33" HPOS="147" VPOS="378" WIDTH="80" HEIGHT="16" WC="0.96" CONTENT="samme"/><SP WIDTH="20" VPOS="378" HPOS="227"/>
							<String ID="string_34" HPOS="247" VPOS="372" WIDTH="41" HEIGHT="28" WC="0.96" CONTENT="dag"/><SP WIDTH="19" VPOS="372" HPOS="288"/>
							<String ID="string_35" HPOS="307" VPOS="372" WIDTH="112" HEIGHT="22" WC="0.93" CONTENT="tillkomna"/><SP WIDTH="14" VPOS="372" HPOS="419"/>
							<String ID="string_36" HPOS="433" VPOS="372" WIDTH="150" HEIGHT="28" WC="0.92" CONTENT="inteckningar"/><SP WIDTH="15" VPOS="372" HPOS="583"/>
							<String ID="string_37" HPOS="598" VPOS="372" WIDTH="44" HEIGHT="22" WC="0.96" CONTENT="lika"/><SP WIDTH="14" VPOS="372" HPOS="642"/>
							<String ID="string_38" HPOS="656" VPOS="374" WIDTH="51" HEIGHT="20" WC="0.93" CONTENT="rätt."/><SP WIDTH="31" VPOS="374" HPOS="707"/>
							<String ID="string_39" HPOS="738" VPOS="373" WIDTH="102" HEIGHT="22" WC="0.92" CONTENT="Panträtt"/>
						</TextLine>
						<TextLine ID="line_6" HPOS="84" VPOS="407" WIDTH="756" HEIGHT="28">
							<String ID="string_40" HPOS="84" VPOS="407" WIDTH="34" HEIGHT="22" WC="0.93" CONTENT="för"/><SP WIDTH="19" VPOS="407" HPOS="118"/>
							<String ID="string_41" HPOS="137" VPOS="407" WIDTH="92" HEIGHT="28" WC="0.91" CONTENT="ogulden"/><SP WIDTH="18" VPOS="407" HPOS="229"/>
							<String ID="string_42" HPOS="247" VPOS="407" WIDTH="144" HEIGHT="28" WC="0.93" CONTENT="köpeskilling"/><SP WIDTH="18" VPOS="407" HPOS="391"/>
							<String ID="string_43" HPOS="409" VPOS="407" WIDTH="117" HEIGHT="22" WC="0.91" CONTENT="tillkomme"/><SP WIDTH="15" VPOS="407" HPOS="526"/>
							<String ID="string_44" HPOS="541" VPOS="407" WIDTH="108" HEIGHT="23" WC="0.96" CONTENT="företräde"/><SP WIDTH="15" VPOS="407" HPOS="649"/>
							<String ID="string_45" HPOS="664" VPOS="408" WIDTH="54" HEIGHT="22" WC="0.96" CONTENT="efter"/><SP WIDTH="14" VPOS="408" HPOS="718"/>
							<String ID="string_46" HPOS="732" VPOS="408" WIDTH="60" HEIGHT="22" WC="0.96" CONTENT="tiden"/><SP WIDTH="14" VPOS="408" HPOS="792"/>
							<String ID="string_47" HPOS="806" VPOS="408" WIDTH="34" HEIGHT="22" WC="0.96" CONTENT="för"/>
						</TextLine>
						<TextLine ID="line_7" HPOS="84" VPOS="442" WIDTH="755" HEIGHT="29">
							<String ID="string_48" HPOS="84" VPOS="442" WIDTH="121" HEIGHT="28" WC="0.91" CONTENT="köpslutet;"/><SP WIDTH="24" VPOS="442" HPOS="205"/>
							<String ID="string_49" HPOS="229" VPOS="442" WIDTH="39" HEIGHT="22" WC="0.96" CONTENT="och"/><SP WIDTH="21" VPOS="442" HPOS="268"/>
							<String ID="string_50" HPOS="289" VPOS="448" WIDTH="51" HEIGHT="16" WC="0.96" CONTENT="vare"/><SP WIDTH="22" VPOS="448" HPOS="340"/>
							<String ID="string_51" HPOS="362" VPOS="442" WIDTH="99" HEIGHT="28" WC="0.96" CONTENT="säljaren,"/><SP WIDTH="21" VPOS="442" HPOS="461"/>
							<String ID="string_52" HPOS="482" VPOS="442" WIDTH="37" HEIGHT="21" WC="0.96" CONTENT="der"/><SP WIDTH="18" VPOS="442" HPOS="519"/>
							<String ID="string_53" HPOS="537" VPOS="442" WIDTH="43" HEIGHT="22" WC="0.96" CONTENT="han"/><SP WIDTH="15" VPOS="442" HPOS="580"/>
							<String ID="string_54" HPOS="595" VPOS="442" WIDTH="57" HEIGHT="22" WC="0.95" CONTENT="inom"/><SP WIDTH="16" VPOS="442" HPOS="652"/>
							<String ID="string_55" HPOS="668" VPOS="442" WIDTH="41" HEIGHT="22" WC="0.95" CONTENT="den"/><SP WIDTH="15" VPOS="442" HPOS="709"/>
							<String ID="string_56" HPOS="724" VPOS="442" WIDTH="8" HEIGHT="22" WC="0.96" CONTENT="i"/><SP WIDTH="17" VPOS="442" HPOS="732"/>
							<String ID="string_57" HPOS="749" VPOS="444" WIDTH="23" HEIGHT="20" WC="0.96" CONTENT="11"/><SP WIDTH="17" VPOS="444" HPOS="772"/>
							<String ID="string_58" HPOS="789" VPOS="443" WIDTH="50" HEIGHT="28" WC="0.96" CONTENT="kap."/>
						</TextLine>
						<TextLine ID="line_8" HPOS="85" VPOS="476" WIDTH="755" HEIGHT="30">
							<String ID="string_59" HPOS="85" VPOS="479" WIDTH="13" HEIGHT="20" WC="0.88" CONTENT="2"/><SP WIDTH="16" VPOS="479" HPOS="98"/>
							<String ID="string_60" HPOS="114" VPOS="478" WIDTH="11" HEIGHT="28" WC="0.74" CONTENT="8"/><SP WIDTH="17" VPOS="478" HPOS="125"/>
							<String ID="string_61" HPOS="142" VPOS="477" WIDTH="145" HEIGHT="23" WC="0.96" CONTENT="Jordabalken"/><SP WIDTH="16" VPOS="477" HPOS="287"/>
							<String ID="string_62" HPOS="303" VPOS="476" WIDTH="105" HEIGHT="28" WC="0.96" CONTENT="stadgade"/><SP WIDTH="15" VPOS="476" HPOS="408"/>
							<String ID="string_63" HPOS="423" VPOS="476" WIDTH="32" HEIGHT="22" WC="0.96" CONTENT="tid"/><SP WIDTH="14" VPOS="476" HPOS="455"/>
							<String ID="string_64" HPOS="469" VPOS="476" WIDTH="50" HEIGHT="22" WC="0.93" CONTENT="låtit"/><SP WIDTH="15" VPOS="476" HPOS="519"/>
							<String ID="string_65" HPOS="534" VPOS="477" WIDTH="101" HEIGHT="22" WC="0.91" CONTENT="inteckna"/><SP WIDTH="14" VPOS="477" HPOS="635"/>
							<String ID="string_66" HPOS="649" VPOS="478" WIDTH="135" HEIGHT="27" WC="0.92" CONTENT="panträtten,"/><SP WIDTH="16" VPOS="478" HPOS="784"/>
							<String ID="string_67" HPOS="800" VPOS="478" WIDTH="40" HEIGHT="22" WC="0.97" CONTENT="ock"/>
						</TextLine>
						<TextLine ID="line_9" HPOS="84" VPOS="512" WIDTH="519" HEIGHT="28">
							<String ID="string_68" HPOS="84" VPOS="512" WIDTH="108" HEIGHT="28" WC="0.96" CONTENT="framgent"/><SP WIDTH="15" VPOS="512" HPOS="192"/>
							<String ID="string_69" HPOS="207" VPOS="512" WIDTH="119" HEIGHT="22" WC="0.96" CONTENT="bibehållen"/><SP WIDTH="15" VPOS="512" HPOS="326"/>
							<String ID="string_70" HPOS="341" VPOS="512" WIDTH="36" HEIGHT="21" WC="0.96" CONTENT="vid"/><SP WIDTH="15" VPOS="512" HPOS="377"/>
							<String ID="string_71" HPOS="392" VPOS="518" WIDTH="82" HEIGHT="15" WC="0.96" CONTENT="samma"/><SP WIDTH="14" VPOS="518" HPOS="474"/>
							<String ID="string_72" HPOS="488" VPOS="512" WIDTH="115" HEIGHT="22" WC="0.96" CONTENT="företräde."/>
						</TextLine>
					</TextBlock>
					<TextBlock ID="block_3" HPOS="84" VPOS="546" WIDTH="756" HEIGHT="580">
						<TextLine ID="line_10" HPOS="152" VPOS="546" WIDTH="686" HEIGHT="29">
							<String ID="string_73" HPOS="152" VPOS="546" WIDTH="79" HEIGHT="23" WC="0.92" CONTENT="Häftar"/><SP WIDTH="21" VPOS="546" HPOS="231"/>
							<String ID="string_74" HPOS="252" VPOS="546" WIDTH="43" HEIGHT="22" WC="0.96" CONTENT="fast"/><SP WIDTH="23" VPOS="546" HPOS="295"/>
							<String ID="string_75" HPOS="318" VPOS="546" WIDTH="103" HEIGHT="28" WC="0.96" CONTENT="egendom"/><SP WIDTH="16" VPOS="546" HPOS="421"/>
							<String ID="string_76" HPOS="437" VPOS="546" WIDTH="66" HEIGHT="28" WC="0.96" CONTENT="enligt"/><SP WIDTH="21" VPOS="546" HPOS="503"/>
							<String ID="string_77" HPOS="524" VPOS="548" WIDTH="23" HEIGHT="20" WC="0.96" CONTENT="11"/><SP WIDTH="21" VPOS="548" HPOS="547"/>
							<String ID="string_78" HPOS="568" VPOS="548" WIDTH="49" HEIGHT="26" WC="0.96" CONTENT="kap."/><SP WIDTH="19" VPOS="548" HPOS="617"/>
							<String ID="string_79" HPOS="636" VPOS="548" WIDTH="13" HEIGHT="20" WC="0.96" CONTENT="2"/><SP WIDTH="16" VPOS="548" HPOS="649"/>
							<String ID="string_80" HPOS="665" VPOS="547" WIDTH="11" HEIGHT="28" WC="0.90" CONTENT="$"/><SP WIDTH="16" VPOS="547" HPOS="676"/>
							<String ID="string_81" HPOS="692" VPOS="547" WIDTH="146" HEIGHT="22" WC="0.96" CONTENT="Jordabalken"/>
						</TextLine>
						<TextLine ID="line_11" HPOS="84" VPOS="580" WIDTH="755" HEIGHT="30">
							<String ID="string_82" HPOS="84" VPOS="581" WIDTH="34" HEIGHT="22" WC="0.93" CONTENT="för"/><SP WIDTH="15" VPOS="581" HPOS="118"/>
							<String ID="string_83" HPOS="133" VPOS="581" WIDTH="160" HEIGHT="29" WC="0.90" CONTENT="nyttjanderätt"/><SP WIDTH="20" VPOS="581" HPOS="293"/>
							<String ID="string_84" HPOS="313" VPOS="580" WIDTH="50" HEIGHT="22" WC="0.96" CONTENT="eller"/><SP WIDTH="15" VPOS="580" HPOS="363"/>
							<String ID="string_85" HPOS="378" VPOS="582" WIDTH="45" HEIGHT="20" WC="0.94" CONTENT="rätt"/><SP WIDTH="15" VPOS="582" HPOS="423"/>
							<String ID="string_86" HPOS="438" VPOS="580" WIDTH="32" HEIGHT="22" WC="0.93" CONTENT="till"/><SP WIDTH="16" VPOS="580" HPOS="470"/>
							<String ID="string_87" HPOS="486" VPOS="580" WIDTH="93" HEIGHT="22" WC="0.93" CONTENT="afkomst"/><SP WIDTH="16" VPOS="580" HPOS="579"/>
							<String ID="string_88" HPOS="595" VPOS="580" WIDTH="51" HEIGHT="22" WC="0.96" CONTENT="eller"/><SP WIDTH="15" VPOS="580" HPOS="646"/>
							<String ID="string_89" HPOS="661" VPOS="588" WIDTH="73" HEIGHT="16" WC="0.93" CONTENT="annan"/><SP WIDTH="14" VPOS="588" HPOS="734"/>
							<String ID="string_90" HPOS="748" VPOS="582" WIDTH="91" HEIGHT="27" WC="0.92" CONTENT="förmän,"/>
						</TextLine>
						<TextLine ID="line_12" HPOS="85" VPOS="615" WIDTH="755" HEIGHT="27">
							<String ID="string_91" HPOS="85" VPOS="622" WIDTH="46" HEIGHT="15" WC="0.96" CONTENT="som"/><SP WIDTH="15" VPOS="622" HPOS="131"/>
							<String ID="string_92" HPOS="146" VPOS="616" WIDTH="36" HEIGHT="22" WC="0.93" CONTENT="vid"/><SP WIDTH="16" VPOS="616" HPOS="182"/>
							<String ID="string_93" HPOS="198" VPOS="616" WIDTH="133" HEIGHT="21" WC="0.92" CONTENT="öfverlätelse"/><SP WIDTH="17" VPOS="616" HPOS="331"/>
							<String ID="string_94" HPOS="348" VPOS="615" WIDTH="22" HEIGHT="21" WC="0.96" CONTENT="af"/><SP WIDTH="14" VPOS="615" HPOS="370"/>
							<String ID="string_95" HPOS="384" VPOS="616" WIDTH="129" HEIGHT="26" WC="0.91" CONTENT="egendomen"/><SP WIDTH="20" VPOS="616" HPOS="513"/>
							<String ID="string_96" HPOS="533" VPOS="615" WIDTH="139" HEIGHT="27" WC="0.91" CONTENT="förbehällits,"/><SP WIDTH="17" VPOS="615" HPOS="672"/>
							<String ID="string_97" HPOS="689" VPOS="616" WIDTH="51" HEIGHT="21" WC="0.95" CONTENT="eller"/><SP WIDTH="14" VPOS="616" HPOS="740"/>
							<String ID="string_98" HPOS="754" VPOS="616" WIDTH="40" HEIGHT="22" WC="0.93" CONTENT="har"/><SP WIDTH="14" VPOS="616" HPOS="794"/>
							<String ID="string_99" HPOS="808" VPOS="616" WIDTH="32" HEIGHT="22" WC="0.89" CONTENT="in-"/>
						</TextLine>
						<TextLine ID="line_13" HPOS="84" VPOS="649" WIDTH="756" HEIGHT="29">
							<String ID="string_100" HPOS="84" VPOS="651" WIDTH="102" HEIGHT="27" WC="0.92" CONTENT="teckning"/><SP WIDTH="18" VPOS="651" HPOS="186"/>
							<String ID="string_101" HPOS="204" VPOS="650" WIDTH="33" HEIGHT="21" WC="0.93" CONTENT="för"/><SP WIDTH="19" VPOS="650" HPOS="237"/>
							<String ID="string_102" HPOS="256" VPOS="650" WIDTH="67" HEIGHT="22" WC="0.92" CONTENT="sädan"/><SP WIDTH="18" VPOS="650" HPOS="323"/>
							<String ID="string_103" HPOS="341" VPOS="649" WIDTH="104" HEIGHT="28" WC="0.91" CONTENT="rättighet"/><SP WIDTH="19" VPOS="649" HPOS="445"/>
							<String ID="string_104" HPOS="464" VPOS="650" WIDTH="45" HEIGHT="22" WC="0.93" CONTENT="deri"/><SP WIDTH="16" VPOS="650" HPOS="509"/>
							<String ID="string_105" HPOS="525" VPOS="650" WIDTH="128" HEIGHT="26" WC="0.90" CONTENT="tillkommit,"/><SP WIDTH="16" VPOS="650" HPOS="653"/>
							<String ID="string_106" HPOS="669" VPOS="650" WIDTH="39" HEIGHT="22" WC="0.97" CONTENT="och"/><SP WIDTH="14" VPOS="650" HPOS="708"/>
							<String ID="string_107" HPOS="722" VPOS="650" WIDTH="40" HEIGHT="22" WC="0.93" CONTENT="har"/><SP WIDTH="15" VPOS="650" HPOS="762"/>
							<String ID="string_108" HPOS="777" VPOS="657" WIDTH="63" HEIGHT="21" WC="0.92" CONTENT="egen-"/>
						</TextLine>
						<TextLine ID="line_14" HPOS="86" VPOS="684" WIDTH="753" HEIGHT="28">
							<String ID="string_109" HPOS="86" VPOS="685" WIDTH="76" HEIGHT="21" WC="0.96" CONTENT="domen"/><SP WIDTH="21" VPOS="685" HPOS="162"/>
							<String ID="string_110" HPOS="183" VPOS="684" WIDTH="110" HEIGHT="28" WC="0.96" CONTENT="samtidigt"/><SP WIDTH="19" VPOS="684" HPOS="293"/>
							<String ID="string_111" HPOS="312" VPOS="685" WIDTH="52" HEIGHT="21" WC="0.96" CONTENT="eller"/><SP WIDTH="18" VPOS="685" HPOS="364"/>
							<String ID="string_112" HPOS="382" VPOS="690" WIDTH="76" HEIGHT="16" WC="0.93" CONTENT="senare"/><SP WIDTH="14" VPOS="690" HPOS="458"/>
							<String ID="string_113" HPOS="472" VPOS="684" WIDTH="69" HEIGHT="22" WC="0.93" CONTENT="blifvit"/><SP WIDTH="15" VPOS="684" HPOS="541"/>
							<String ID="string_114" HPOS="556" VPOS="685" WIDTH="123" HEIGHT="26" WC="0.93" CONTENT="underpant"/><SP WIDTH="15" VPOS="685" HPOS="679"/>
							<String ID="string_115" HPOS="694" VPOS="684" WIDTH="33" HEIGHT="22" WC="0.93" CONTENT="för"/><SP WIDTH="14" VPOS="684" HPOS="727"/>
							<String ID="string_116" HPOS="741" VPOS="685" WIDTH="98" HEIGHT="27" WC="0.95" CONTENT="fordran;"/>
						</TextLine>
						<TextLine ID="line_15" HPOS="85" VPOS="718" WIDTH="755" HEIGHT="28">
							<String ID="string_117" HPOS="85" VPOS="720" WIDTH="28" HEIGHT="20" WC="0.96" CONTENT="då"/><SP WIDTH="22" VPOS="720" HPOS="113"/>
							<String ID="string_118" HPOS="135" VPOS="719" WIDTH="56" HEIGHT="22" WC="0.95" CONTENT="skall"/><SP WIDTH="23" VPOS="719" HPOS="191"/>
							<String ID="string_119" HPOS="214" VPOS="719" WIDTH="40" HEIGHT="21" WC="0.93" CONTENT="den"/><SP WIDTH="22" VPOS="719" HPOS="254"/>
							<String ID="string_120" HPOS="276" VPOS="718" WIDTH="88" HEIGHT="22" WC="0.96" CONTENT="fordran"/><SP WIDTH="19" VPOS="718" HPOS="364"/>
							<String ID="string_121" HPOS="383" VPOS="718" WIDTH="33" HEIGHT="22" WC="0.93" CONTENT="för"/><SP WIDTH="18" VPOS="718" HPOS="416"/>
							<String ID="string_122" HPOS="434" VPOS="718" WIDTH="131" HEIGHT="28" WC="0.96" CONTENT="rättigheten"/><SP WIDTH="16" VPOS="718" HPOS="565"/>
							<String ID="string_123" HPOS="581" VPOS="719" WIDTH="58" HEIGHT="21" WC="0.96" CONTENT="vika:"/><SP WIDTH="16" VPOS="719" HPOS="639"/>
							<String ID="string_124" HPOS="655" VPOS="725" WIDTH="39" HEIGHT="15" WC="0.96" CONTENT="var"/><SP WIDTH="15" VPOS="725" HPOS="694"/>
							<String ID="string_125" HPOS="709" VPOS="720" WIDTH="131" HEIGHT="26" WC="0.95" CONTENT="egendomen"/>
						</TextLine>
						<TextLine ID="line_16" HPOS="85" VPOS="753" WIDTH="755" HEIGHT="28">
							<String ID="string_126" HPOS="85" VPOS="754" WIDTH="91" HEIGHT="27" WC="0.93" CONTENT="tidigare"/><SP WIDTH="15" VPOS="754" HPOS="176"/>
							<String ID="string_127" HPOS="191" VPOS="754" WIDTH="124" HEIGHT="27" WC="0.92" CONTENT="underpant"/><SP WIDTH="14" VPOS="754" HPOS="315"/>
							<String ID="string_128" HPOS="329" VPOS="753" WIDTH="34" HEIGHT="22" WC="0.93" CONTENT="för"/><SP WIDTH="15" VPOS="753" HPOS="363"/>
							<String ID="string_129" HPOS="378" VPOS="753" WIDTH="98" HEIGHT="27" WC="0.92" CONTENT="fordran;"/><SP WIDTH="16" VPOS="753" HPOS="476"/>
							<String ID="string_130" HPOS="492" VPOS="753" WIDTH="49" HEIGHT="21" WC="0.93" CONTENT="vike"/><SP WIDTH="14" VPOS="753" HPOS="541"/>
							<String ID="string_131" HPOS="555" VPOS="754" WIDTH="132" HEIGHT="27" WC="0.93" CONTENT="rättigheten"/><SP WIDTH="15" VPOS="754" HPOS="687"/>
							<String ID="string_132" HPOS="702" VPOS="754" WIDTH="34" HEIGHT="21" WC="0.93" CONTENT="för"/><SP WIDTH="12" VPOS="754" HPOS="736"/>
							<String ID="string_133" HPOS="748" VPOS="754" WIDTH="92" HEIGHT="22" WC="0.93" CONTENT="fordrin-"/>
						</TextLine>
						<TextLine ID="line_17" HPOS="84" VPOS="788" WIDTH="756" HEIGHT="28">
							<String ID="string_134" HPOS="84" VPOS="795" WIDTH="48" HEIGHT="21" WC="0.96" CONTENT="gen,"/><SP WIDTH="16" VPOS="795" HPOS="132"/>
							<String ID="string_135" HPOS="148" VPOS="789" WIDTH="38" HEIGHT="21" WC="0.96" CONTENT="der"/><SP WIDTH="16" VPOS="789" HPOS="186"/>
							<String ID="string_136" HPOS="202" VPOS="788" WIDTH="70" HEIGHT="22" WC="0.93" CONTENT="denna"/><SP WIDTH="16" VPOS="788" HPOS="272"/>
							<String ID="string_137" HPOS="288" VPOS="788" WIDTH="61" HEIGHT="28" WC="0.92" CONTENT="eljest"/><SP WIDTH="14" VPOS="788" HPOS="349"/>
							<String ID="string_138" HPOS="363" VPOS="788" WIDTH="46" HEIGHT="22" WC="0.93" CONTENT="icke"/><SP WIDTH="15" VPOS="788" HPOS="409"/>
							<String ID="string_139" HPOS="424" VPOS="788" WIDTH="49" HEIGHT="21" WC="0.93" CONTENT="fullt"/><SP WIDTH="14" VPOS="788" HPOS="473"/>
							<String ID="string_140" HPOS="487" VPOS="788" WIDTH="71" HEIGHT="27" WC="0.92" CONTENT="utgär."/><SP WIDTH="22" VPOS="788" HPOS="558"/>
							<String ID="string_141" HPOS="580" VPOS="788" WIDTH="44" HEIGHT="22" WC="0.92" CONTENT="Gär"/><SP WIDTH="15" VPOS="788" HPOS="624"/>
							<String ID="string_142" HPOS="639" VPOS="790" WIDTH="46" HEIGHT="20" WC="0.96" CONTENT="rätt"/><SP WIDTH="15" VPOS="790" HPOS="685"/>
							<String ID="string_143" HPOS="700" VPOS="789" WIDTH="32" HEIGHT="21" WC="0.93" CONTENT="till"/><SP WIDTH="15" VPOS="789" HPOS="732"/>
							<String ID="string_144" HPOS="747" VPOS="789" WIDTH="93" HEIGHT="22" WC="0.92" CONTENT="afkomst"/>
						</TextLine>
						<TextLine ID="line_18" HPOS="85" VPOS="822" WIDTH="755" HEIGHT="27">
							<String ID="string_145" HPOS="85" VPOS="823" WIDTH="50" HEIGHT="22" WC="0.93" CONTENT="eller"/><SP WIDTH="15" VPOS="823" HPOS="135"/>
							<String ID="string_146" HPOS="150" VPOS="822" WIDTH="84" HEIGHT="22" WC="0.92" CONTENT="förmän"/><SP WIDTH="16" VPOS="822" HPOS="234"/>
							<String ID="string_147" HPOS="250" VPOS="822" WIDTH="92" HEIGHT="22" WC="0.92" CONTENT="sälunda"/><SP WIDTH="16" VPOS="822" HPOS="342"/>
							<String ID="string_148" HPOS="358" VPOS="822" WIDTH="100" HEIGHT="27" WC="0.92" CONTENT="förlorad,"/><SP WIDTH="17" VPOS="822" HPOS="458"/>
							<String ID="string_149" HPOS="475" VPOS="823" WIDTH="39" HEIGHT="21" WC="0.96" CONTENT="och"/><SP WIDTH="16" VPOS="823" HPOS="514"/>
							<String ID="string_150" HPOS="530" VPOS="824" WIDTH="24" HEIGHT="19" WC="0.96" CONTENT="är"/><SP WIDTH="16" VPOS="824" HPOS="554"/>
							<String ID="string_151" HPOS="570" VPOS="823" WIDTH="40" HEIGHT="21" WC="0.96" CONTENT="den"/><SP WIDTH="15" VPOS="823" HPOS="610"/>
							<String ID="string_152" HPOS="625" VPOS="823" WIDTH="99" HEIGHT="21" WC="0.94" CONTENT="bestämd"/><SP WIDTH="15" VPOS="823" HPOS="724"/>
							<String ID="string_153" HPOS="739" VPOS="824" WIDTH="33" HEIGHT="21" WC="0.95" CONTENT="till"/><SP WIDTH="14" VPOS="824" HPOS="772"/>
							<String ID="string_154" HPOS="786" VPOS="824" WIDTH="54" HEIGHT="21" WC="0.96" CONTENT="visst"/>
						</TextLine>
						<TextLine ID="line_19" HPOS="84" VPOS="857" WIDTH="756" HEIGHT="27">
							<String ID="string_155" HPOS="84" VPOS="857" WIDTH="78" HEIGHT="27" WC="0.96" CONTENT="belopp"/><SP WIDTH="17" VPOS="857" HPOS="162"/>
							<String ID="string_156" HPOS="179" VPOS="858" WIDTH="7" HEIGHT="20" WC="0.93" CONTENT="i"/><SP WIDTH="15" VPOS="858" HPOS="186"/>
							<String ID="string_157" HPOS="201" VPOS="857" WIDTH="120" HEIGHT="27" WC="0.95" CONTENT="penningar"/><SP WIDTH="23" VPOS="857" HPOS="321"/>
							<String ID="string_158" HPOS="344" VPOS="858" WIDTH="51" HEIGHT="20" WC="0.93" CONTENT="eller"/><SP WIDTH="22" VPOS="858" HPOS="395"/>
							<String ID="string_159" HPOS="417" VPOS="863" WIDTH="74" HEIGHT="20" WC="0.93" CONTENT="varor;"/><SP WIDTH="19" VPOS="863" HPOS="491"/>
							<String ID="string_160" HPOS="510" VPOS="857" WIDTH="61" HEIGHT="27" WC="0.91" CONTENT="njute"/><SP WIDTH="14" VPOS="857" HPOS="571"/>
							<String ID="string_161" HPOS="585" VPOS="857" WIDTH="143" HEIGHT="27" WC="0.92" CONTENT="rättighetens"/><SP WIDTH="15" VPOS="857" HPOS="728"/>
							<String ID="string_162" HPOS="743" VPOS="858" WIDTH="97" HEIGHT="22" WC="0.87" CONTENT="innehaf-"/>
						</TextLine>
						<TextLine ID="line_20" HPOS="84" VPOS="891" WIDTH="756" HEIGHT="29">
							<String ID="string_163" HPOS="84" VPOS="898" WIDTH="52" HEIGHT="16" WC="0.92" CONTENT="vare"/><SP WIDTH="21" VPOS="898" HPOS="136"/>
							<String ID="string_164" HPOS="157" VPOS="891" WIDTH="34" HEIGHT="22" WC="0.96" CONTENT="för"/><SP WIDTH="24" VPOS="891" HPOS="191"/>
							<String ID="string_165" HPOS="215" VPOS="892" WIDTH="36" HEIGHT="21" WC="0.93" CONTENT="det"/><SP WIDTH="18" VPOS="892" HPOS="251"/>
							<String ID="string_166" HPOS="269" VPOS="891" WIDTH="155" HEIGHT="27" WC="0.92" CONTENT="kapitalvärde,"/><SP WIDTH="16" VPOS="891" HPOS="424"/>
							<String ID="string_167" HPOS="440" VPOS="891" WIDTH="87" HEIGHT="21" WC="0.91" CONTENT="hvartill"/><SP WIDTH="15" VPOS="891" HPOS="527"/>
							<String ID="string_168" HPOS="542" VPOS="891" WIDTH="129" HEIGHT="27" WC="0.92" CONTENT="densamma,"/><SP WIDTH="17" VPOS="891" HPOS="671"/>
							<String ID="string_169" HPOS="688" VPOS="892" WIDTH="54" HEIGHT="21" WC="0.96" CONTENT="efter"/><SP WIDTH="15" VPOS="892" HPOS="742"/>
							<String ID="string_170" HPOS="757" VPOS="894" WIDTH="23" HEIGHT="26" WC="0.93" CONTENT="ty"/><SP WIDTH="15" VPOS="894" HPOS="780"/>
							<String ID="string_171" HPOS="795" VPOS="894" WIDTH="45" HEIGHT="20" WC="0.93" CONTENT="sär-"/>
						</TextLine>
						<TextLine ID="line_21" HPOS="84" VPOS="925" WIDTH="756" HEIGHT="28">
							<String ID="string_172" HPOS="84" VPOS="926" WIDTH="67" HEIGHT="22" WC="0.92" CONTENT="skildt"/><SP WIDTH="22" VPOS="926" HPOS="151"/>
							<String ID="string_173" HPOS="173" VPOS="928" WIDTH="25" HEIGHT="19" WC="0.92" CONTENT="är"/><SP WIDTH="23" VPOS="928" HPOS="198"/>
							<String ID="string_174" HPOS="221" VPOS="925" WIDTH="108" HEIGHT="27" WC="0.92" CONTENT="stadgadt,"/><SP WIDTH="19" VPOS="925" HPOS="329"/>
							<String ID="string_175" HPOS="348" VPOS="925" WIDTH="54" HEIGHT="22" WC="0.93" CONTENT="skall"/><SP WIDTH="17" VPOS="925" HPOS="402"/>
							<String ID="string_176" HPOS="419" VPOS="926" WIDTH="138" HEIGHT="26" WC="0.92" CONTENT="uppskattas,"/><SP WIDTH="19" VPOS="926" HPOS="557"/>
							<String ID="string_177" HPOS="576" VPOS="926" WIDTH="40" HEIGHT="21" WC="0.93" CONTENT="den"/><SP WIDTH="15" VPOS="926" HPOS="616"/>
							<String ID="string_178" HPOS="631" VPOS="926" WIDTH="147" HEIGHT="27" WC="0.92" CONTENT="förmänsrätt,"/><SP WIDTH="16" VPOS="926" HPOS="778"/>
							<String ID="string_179" HPOS="794" VPOS="932" WIDTH="46" HEIGHT="16" WC="0.96" CONTENT="som"/>
						</TextLine>
						<TextLine ID="line_22" HPOS="85" VPOS="960" WIDTH="755" HEIGHT="28">
							<String ID="string_180" HPOS="85" VPOS="960" WIDTH="67" HEIGHT="28" WC="0.96" CONTENT="enligt"/><SP WIDTH="17" VPOS="960" HPOS="152"/>
							<String ID="string_181" HPOS="169" VPOS="966" WIDTH="63" HEIGHT="16" WC="0.95" CONTENT="mom."/><SP WIDTH="21" VPOS="966" HPOS="232"/>
							<String ID="string_182" HPOS="253" VPOS="961" WIDTH="12" HEIGHT="21" WC="0.93" CONTENT="2"/><SP WIDTH="19" VPOS="961" HPOS="265"/>
							<String ID="string_183" HPOS="284" VPOS="960" WIDTH="129" HEIGHT="22" WC="0.92" CONTENT="tillkommer"/><SP WIDTH="15" VPOS="960" HPOS="413"/>
							<String ID="string_184" HPOS="428" VPOS="960" WIDTH="94" HEIGHT="22" WC="0.90" CONTENT="fordran."/><SP WIDTH="30" VPOS="960" HPOS="522"/>
							<String ID="string_185" HPOS="552" VPOS="960" WIDTH="50" HEIGHT="21" WC="0.96" CONTENT="Med"/><SP WIDTH="15" VPOS="960" HPOS="602"/>
							<String ID="string_186" HPOS="617" VPOS="966" WIDTH="81" HEIGHT="16" WC="0.96" CONTENT="samma"/><SP WIDTH="13" VPOS="966" HPOS="698"/>
							<String ID="string_187" HPOS="711" VPOS="962" WIDTH="46" HEIGHT="20" WC="0.93" CONTENT="rätt"/><SP WIDTH="15" VPOS="962" HPOS="757"/>
							<String ID="string_188" HPOS="772" VPOS="962" WIDTH="68" HEIGHT="26" WC="0.92" CONTENT="gänge"/>
						</TextLine>
						<TextLine ID="line_23" HPOS="85" VPOS="994" WIDTH="755" HEIGHT="29">
							<String ID="string_189" HPOS="85" VPOS="996" WIDTH="41" HEIGHT="21" WC="0.92" CONTENT="ock"/><SP WIDTH="22" VPOS="996" HPOS="126"/>
							<String ID="string_190" HPOS="148" VPOS="994" WIDTH="61" HEIGHT="22" WC="0.94" CONTENT="alltid"/><SP WIDTH="19" VPOS="994" HPOS="209"/>
							<String ID="string_191" HPOS="228" VPOS="996" WIDTH="25" HEIGHT="20" WC="0.93" CONTENT="ut"/><SP WIDTH="18" VPOS="996" HPOS="253"/>
							<String ID="string_192" HPOS="271" VPOS="994" WIDTH="57" HEIGHT="22" WC="0.92" CONTENT="hvad"/><SP WIDTH="16" VPOS="994" HPOS="328"/>
							<String ID="string_193" HPOS="344" VPOS="994" WIDTH="22" HEIGHT="22" WC="0.93" CONTENT="af"/><SP WIDTH="14" VPOS="994" HPOS="366"/>
							<String ID="string_194" HPOS="380" VPOS="994" WIDTH="119" HEIGHT="22" WC="0.92" CONTENT="afkomsten"/><SP WIDTH="16" VPOS="994" HPOS="499"/>
							<String ID="string_195" HPOS="515" VPOS="994" WIDTH="51" HEIGHT="22" WC="0.93" CONTENT="eller"/><SP WIDTH="14" VPOS="994" HPOS="566"/>
							<String ID="string_196" HPOS="580" VPOS="994" WIDTH="110" HEIGHT="23" WC="0.92" CONTENT="förmänen"/><SP WIDTH="16" VPOS="994" HPOS="690"/>
							<String ID="string_197" HPOS="706" VPOS="997" WIDTH="25" HEIGHT="19" WC="0.93" CONTENT="är"/><SP WIDTH="15" VPOS="997" HPOS="731"/>
							<String ID="string_198" HPOS="746" VPOS="996" WIDTH="94" HEIGHT="27" WC="0.92" CONTENT="oguldet,"/>
						</TextLine>
						<TextLine ID="line_24" HPOS="86" VPOS="1029" WIDTH="754" HEIGHT="29">
							<String ID="string_199" HPOS="86" VPOS="1030" WIDTH="38" HEIGHT="21" WC="0.96" CONTENT="der"/><SP WIDTH="23" VPOS="1030" HPOS="124"/>
							<String ID="string_200" HPOS="147" VPOS="1030" WIDTH="36" HEIGHT="21" WC="0.93" CONTENT="det"/><SP WIDTH="23" VPOS="1030" HPOS="183"/>
							<String ID="string_201" HPOS="206" VPOS="1030" WIDTH="17" HEIGHT="26" WC="0.91" CONTENT="ej"/><SP WIDTH="24" VPOS="1030" HPOS="223"/>
							<String ID="string_202" HPOS="247" VPOS="1030" WIDTH="94" HEIGHT="21" WC="0.92" CONTENT="utestätt"/><SP WIDTH="15" VPOS="1030" HPOS="341"/>
							<String ID="string_203" HPOS="356" VPOS="1030" WIDTH="74" HEIGHT="27" WC="0.96" CONTENT="längre"/><SP WIDTH="15" VPOS="1030" HPOS="430"/>
							<String ID="string_204" HPOS="445" VPOS="1029" WIDTH="32" HEIGHT="21" WC="0.96" CONTENT="tid"/><SP WIDTH="15" VPOS="1029" HPOS="477"/>
							<String ID="string_205" HPOS="492" VPOS="1031" WIDTH="27" HEIGHT="19" WC="0.97" CONTENT="än"/><SP WIDTH="16" VPOS="1031" HPOS="519"/>
							<String ID="string_206" HPOS="535" VPOS="1031" WIDTH="33" HEIGHT="20" WC="0.96" CONTENT="tre"/><SP WIDTH="16" VPOS="1031" HPOS="568"/>
							<String ID="string_207" HPOS="584" VPOS="1030" WIDTH="24" HEIGHT="20" WC="0.93" CONTENT="är"/><SP WIDTH="14" VPOS="1030" HPOS="608"/>
							<String ID="string_208" HPOS="622" VPOS="1029" WIDTH="49" HEIGHT="22" WC="0.92" CONTENT="frän"/><SP WIDTH="15" VPOS="1029" HPOS="671"/>
							<String ID="string_209" HPOS="686" VPOS="1029" WIDTH="154" HEIGHT="29" WC="0.93" CONTENT="förfallodagen"/>
						</TextLine>
						<TextLine ID="line_25" HPOS="86" VPOS="1064" WIDTH="754" HEIGHT="28">
							<String ID="string_210" HPOS="86" VPOS="1065" WIDTH="51" HEIGHT="21" WC="0.93" CONTENT="eller"/><SP WIDTH="15" VPOS="1065" HPOS="137"/>
							<String ID="string_211" HPOS="152" VPOS="1064" WIDTH="118" HEIGHT="28" WC="0.92" CONTENT="utsökning"/><SP WIDTH="15" VPOS="1064" HPOS="270"/>
							<String ID="string_212" HPOS="285" VPOS="1064" WIDTH="62" HEIGHT="21" WC="0.92" CONTENT="deraf"/><SP WIDTH="13" VPOS="1064" HPOS="347"/>
							<String ID="string_213" HPOS="360" VPOS="1064" WIDTH="57" HEIGHT="22" WC="0.93" CONTENT="inom"/><SP WIDTH="16" VPOS="1064" HPOS="417"/>
							<String ID="string_214" HPOS="433" VPOS="1064" WIDTH="67" HEIGHT="28" WC="0.92" CONTENT="sagda"/><SP WIDTH="15" VPOS="1064" HPOS="500"/>
							<String ID="string_215" HPOS="515" VPOS="1064" WIDTH="32" HEIGHT="22" WC="0.93" CONTENT="tid"/><SP WIDTH="14" VPOS="1064" HPOS="547"/>
							<String ID="string_216" HPOS="561" VPOS="1064" WIDTH="120" HEIGHT="28" WC="0.92" CONTENT="päbegynts"/><SP WIDTH="16" VPOS="1064" HPOS="681"/>
							<String ID="string_217" HPOS="697" VPOS="1065" WIDTH="38" HEIGHT="21" WC="0.96" CONTENT="och"/><SP WIDTH="11" VPOS="1065" HPOS="735"/>
							<String ID="string_218" HPOS="746" VPOS="1067" WIDTH="53" HEIGHT="19" WC="0.93" CONTENT="utan"/><SP WIDTH="11" VPOS="1067" HPOS="799"/>
							<String ID="string_219" HPOS="810" VPOS="1064" WIDTH="30" HEIGHT="23" WC="0.92" CONTENT="af-"/>
						</TextLine>
						<TextLine ID="line_26" HPOS="84" VPOS="1098" WIDTH="178" HEIGHT="28">
							<String ID="string_220" HPOS="84" VPOS="1100" WIDTH="60" HEIGHT="21" WC="0.92" CONTENT="brott"/><SP WIDTH="14" VPOS="1100" HPOS="144"/>
							<String ID="string_221" HPOS="158" VPOS="1098" WIDTH="104" HEIGHT="28" WC="0.37" CONTENT="fullfolits."/>
						</TextLine>
					</TextBlock>
					<TextBlock ID="block_4" HPOS="85" VPOS="1133" WIDTH="757" HEIGHT="375">
						<TextLine ID="line_27" HPOS="154" VPOS="1133" WIDTH="687" HEIGHT="29">
							<String ID="string_222" HPOS="154" VPOS="1134" WIDTH="32" HEIGHT="21" WC="0.91" CONTENT="Ur"/><SP WIDTH="23" VPOS="1134" HPOS="186"/>
							<String ID="string_223" HPOS="209" VPOS="1133" WIDTH="108" HEIGHT="28" WC="0.96" CONTENT="fastighet,"/><SP WIDTH="23" VPOS="1133" HPOS="317"/>
							<String ID="string_224" HPOS="340" VPOS="1140" WIDTH="46" HEIGHT="15" WC="0.96" CONTENT="som"/><SP WIDTH="20" VPOS="1140" HPOS="386"/>
							<String ID="string_225" HPOS="406" VPOS="1135" WIDTH="24" HEIGHT="20" WC="0.93" CONTENT="är"/><SP WIDTH="14" VPOS="1135" HPOS="430"/>
							<String ID="string_226" HPOS="444" VPOS="1133" WIDTH="117" HEIGHT="22" WC="0.87" CONTENT="intecknad"/><SP WIDTH="15" VPOS="1133" HPOS="561"/>
							<String ID="string_227" HPOS="576" VPOS="1133" WIDTH="51" HEIGHT="22" WC="0.93" CONTENT="eller"/><SP WIDTH="15" VPOS="1133" HPOS="627"/>
							<String ID="string_228" HPOS="642" VPOS="1134" WIDTH="61" HEIGHT="28" WC="0.93" CONTENT="eljest"/><SP WIDTH="14" VPOS="1134" HPOS="703"/>
							<String ID="string_229" HPOS="717" VPOS="1134" WIDTH="124" HEIGHT="28" WC="0.92" CONTENT="underpant"/>
						</TextLine>
						<TextLine ID="line_28" HPOS="85" VPOS="1168" WIDTH="755" HEIGHT="28">
							<String ID="string_230" HPOS="85" VPOS="1169" WIDTH="33" HEIGHT="21" WC="0.92" CONTENT="för"/><SP WIDTH="22" VPOS="1169" HPOS="118"/>
							<String ID="string_231" HPOS="140" VPOS="1168" WIDTH="95" HEIGHT="27" WC="0.96" CONTENT="fordran,"/><SP WIDTH="21" VPOS="1168" HPOS="235"/>
							<String ID="string_232" HPOS="256" VPOS="1169" WIDTH="35" HEIGHT="21" WC="0.93" CONTENT="mä"/><SP WIDTH="20" VPOS="1169" HPOS="291"/>
							<String ID="string_233" HPOS="311" VPOS="1168" WIDTH="17" HEIGHT="27" WC="0.96" CONTENT="ej"/><SP WIDTH="17" VPOS="1168" HPOS="328"/>
							<String ID="string_234" HPOS="345" VPOS="1168" WIDTH="88" HEIGHT="22" WC="0.96" CONTENT="framför"/><SP WIDTH="15" VPOS="1168" HPOS="433"/>
							<String ID="string_235" HPOS="448" VPOS="1168" WIDTH="71" HEIGHT="22" WC="0.93" CONTENT="denna"/><SP WIDTH="14" VPOS="1168" HPOS="519"/>
							<String ID="string_236" HPOS="533" VPOS="1170" WIDTH="88" HEIGHT="25" WC="0.92" CONTENT="uttagas"/><SP WIDTH="16" VPOS="1170" HPOS="621"/>
							<String ID="string_237" HPOS="637" VPOS="1170" WIDTH="68" HEIGHT="20" WC="0.93" CONTENT="annat"/><SP WIDTH="14" VPOS="1170" HPOS="705"/>
							<String ID="string_238" HPOS="719" VPOS="1169" WIDTH="77" HEIGHT="27" WC="0.96" CONTENT="belopp"/><SP WIDTH="17" VPOS="1169" HPOS="796"/>
							<String ID="string_239" HPOS="813" VPOS="1171" WIDTH="27" HEIGHT="20" WC="0.96" CONTENT="än"/>
						</TextLine>
						<TextLine ID="line_29" HPOS="86" VPOS="1202" WIDTH="755" HEIGHT="29">
							<String ID="string_240" HPOS="86" VPOS="1204" WIDTH="54" HEIGHT="20" WC="0.96" CONTENT="sista"/><SP WIDTH="22" VPOS="1204" HPOS="140"/>
							<String ID="string_241" HPOS="162" VPOS="1202" WIDTH="39" HEIGHT="22" WC="0.93" CONTENT="och"/><SP WIDTH="22" VPOS="1202" HPOS="201"/>
							<String ID="string_242" HPOS="223" VPOS="1203" WIDTH="93" HEIGHT="27" WC="0.91" CONTENT="löpande"/><SP WIDTH="20" VPOS="1203" HPOS="316"/>
							<String ID="string_243" HPOS="336" VPOS="1203" WIDTH="57" HEIGHT="21" WC="0.91" CONTENT="ärets"/><SP WIDTH="15" VPOS="1203" HPOS="393"/>
							<String ID="string_244" HPOS="408" VPOS="1203" WIDTH="61" HEIGHT="21" WC="0.92" CONTENT="löner"/><SP WIDTH="16" VPOS="1203" HPOS="469"/>
							<String ID="string_245" HPOS="485" VPOS="1204" WIDTH="23" HEIGHT="20" WC="0.96" CONTENT="ät"/><SP WIDTH="15" VPOS="1204" HPOS="508"/>
							<String ID="string_246" HPOS="523" VPOS="1203" WIDTH="53" HEIGHT="27" WC="0.96" CONTENT="dem,"/><SP WIDTH="16" VPOS="1203" HPOS="576"/>
							<String ID="string_247" HPOS="592" VPOS="1209" WIDTH="46" HEIGHT="15" WC="0.96" CONTENT="som"/><SP WIDTH="14" VPOS="1209" HPOS="638"/>
							<String ID="string_248" HPOS="652" VPOS="1203" WIDTH="34" HEIGHT="21" WC="0.93" CONTENT="för"/><SP WIDTH="14" VPOS="1203" HPOS="686"/>
							<String ID="string_249" HPOS="700" VPOS="1204" WIDTH="141" HEIGHT="27" WC="0.92" CONTENT="fastighetens"/>
						</TextLine>
						<TextLine ID="line_30" HPOS="85" VPOS="1237" WIDTH="756" HEIGHT="28">
							<String ID="string_250" HPOS="85" VPOS="1238" WIDTH="132" HEIGHT="26" WC="0.92" CONTENT="förvaltning"/><SP WIDTH="23" VPOS="1238" HPOS="217"/>
							<String ID="string_251" HPOS="240" VPOS="1239" WIDTH="37" HEIGHT="20" WC="0.91" CONTENT="äro"/><SP WIDTH="24" VPOS="1239" HPOS="277"/>
							<String ID="string_252" HPOS="301" VPOS="1238" WIDTH="98" HEIGHT="21" WC="0.91" CONTENT="anstälde"/><SP WIDTH="14" VPOS="1238" HPOS="399"/>
							<String ID="string_253" HPOS="413" VPOS="1238" WIDTH="8" HEIGHT="20" WC="0.93" CONTENT="i"/><SP WIDTH="15" VPOS="1238" HPOS="421"/>
							<String ID="string_254" HPOS="436" VPOS="1238" WIDTH="71" HEIGHT="26" WC="0.92" CONTENT="stadig"/><SP WIDTH="19" VPOS="1238" HPOS="507"/>
							<String ID="string_255" HPOS="526" VPOS="1238" WIDTH="67" HEIGHT="27" WC="0.92" CONTENT="tjenst"/><SP WIDTH="14" VPOS="1238" HPOS="593"/>
							<String ID="string_256" HPOS="607" VPOS="1237" WIDTH="38" HEIGHT="22" WC="0.93" CONTENT="hos"/><SP WIDTH="16" VPOS="1237" HPOS="645"/>
							<String ID="string_257" HPOS="661" VPOS="1244" WIDTH="85" HEIGHT="21" WC="0.93" CONTENT="egaren,"/><SP WIDTH="16" VPOS="1244" HPOS="746"/>
							<String ID="string_258" HPOS="762" VPOS="1239" WIDTH="25" HEIGHT="21" WC="0.93" CONTENT="sä"/><SP WIDTH="15" VPOS="1239" HPOS="787"/>
							<String ID="string_259" HPOS="802" VPOS="1239" WIDTH="39" HEIGHT="21" WC="0.91" CONTENT="ock"/>
						</TextLine>
						<TextLine ID="line_31" HPOS="85" VPOS="1272" WIDTH="756" HEIGHT="28">
							<String ID="string_260" HPOS="85" VPOS="1273" WIDTH="92" HEIGHT="26" WC="0.96" CONTENT="kronan,"/><SP WIDTH="27" VPOS="1273" HPOS="177"/>
							<String ID="string_261" HPOS="204" VPOS="1272" WIDTH="101" HEIGHT="21" WC="0.94" CONTENT="kommun"/><SP WIDTH="27" VPOS="1272" HPOS="305"/>
							<String ID="string_262" HPOS="332" VPOS="1272" WIDTH="50" HEIGHT="21" WC="0.93" CONTENT="eller"/><SP WIDTH="23" VPOS="1272" HPOS="382"/>
							<String ID="string_263" HPOS="405" VPOS="1272" WIDTH="83" HEIGHT="22" WC="0.96" CONTENT="enskild"/><SP WIDTH="22" VPOS="1272" HPOS="488"/>
							<String ID="string_264" HPOS="510" VPOS="1272" WIDTH="159" HEIGHT="22" WC="0.93" CONTENT="tillkommande"/><SP WIDTH="23" VPOS="1272" HPOS="669"/>
							<String ID="string_265" HPOS="692" VPOS="1272" WIDTH="89" HEIGHT="28" WC="0.92" CONTENT="utskyld"/><SP WIDTH="21" VPOS="1272" HPOS="781"/>
							<String ID="string_266" HPOS="802" VPOS="1273" WIDTH="39" HEIGHT="21" WC="0.96" CONTENT="och"/>
						</TextLine>
						<TextLine ID="line_32" HPOS="85" VPOS="1306" WIDTH="757" HEIGHT="29">
							<String ID="string_267" HPOS="85" VPOS="1307" WIDTH="96" HEIGHT="21" WC="0.93" CONTENT="likartad"/><SP WIDTH="15" VPOS="1307" HPOS="181"/>
							<String ID="string_268" HPOS="196" VPOS="1306" WIDTH="80" HEIGHT="28" WC="0.92" CONTENT="utlaga,"/><SP WIDTH="15" VPOS="1306" HPOS="276"/>
							<String ID="string_269" HPOS="291" VPOS="1307" WIDTH="70" HEIGHT="21" WC="0.92" CONTENT="säsom"/><SP WIDTH="10" VPOS="1307" HPOS="361"/>
							<String ID="string_270" HPOS="371" VPOS="1306" WIDTH="135" HEIGHT="28" WC="0.92" CONTENT="frälseränta,"/><SP WIDTH="12" VPOS="1306" HPOS="506"/>
							<String ID="string_271" HPOS="518" VPOS="1308" WIDTH="99" HEIGHT="25" WC="0.93" CONTENT="tomtöre,"/><SP WIDTH="10" VPOS="1308" HPOS="617"/>
							<String ID="string_272" HPOS="627" VPOS="1307" WIDTH="153" HEIGHT="28" WC="0.92" CONTENT="parcellafgäld"/><SP WIDTH="11" VPOS="1307" HPOS="780"/>
							<String ID="string_273" HPOS="791" VPOS="1307" WIDTH="51" HEIGHT="21" WC="0.96" CONTENT="eller"/>
						</TextLine>
						<TextLine ID="line_33" HPOS="86" VPOS="1341" WIDTH="756" HEIGHT="27">
							<String ID="string_274" HPOS="86" VPOS="1341" WIDTH="157" HEIGHT="27" WC="0.87" CONTENT="skiftesbidrag,"/><SP WIDTH="24" VPOS="1341" HPOS="243"/>
							<String ID="string_275" HPOS="267" VPOS="1341" WIDTH="85" HEIGHT="21" WC="0.96" CONTENT="hvilken"/><SP WIDTH="23" VPOS="1341" HPOS="352"/>
							<String ID="string_276" HPOS="375" VPOS="1343" WIDTH="23" HEIGHT="19" WC="0.96" CONTENT="är"/><SP WIDTH="22" VPOS="1343" HPOS="398"/>
							<String ID="string_277" HPOS="420" VPOS="1341" WIDTH="129" HEIGHT="27" WC="0.93" CONTENT="fastigheten"/><SP WIDTH="22" VPOS="1341" HPOS="549"/>
							<String ID="string_278" HPOS="571" VPOS="1341" WIDTH="91" HEIGHT="27" WC="0.93" CONTENT="lagligen"/><SP WIDTH="19" VPOS="1341" HPOS="662"/>
							<String ID="string_279" HPOS="681" VPOS="1342" WIDTH="59" HEIGHT="20" WC="0.92" CONTENT="äsatt"/><SP WIDTH="16" VPOS="1342" HPOS="740"/>
							<String ID="string_280" HPOS="756" VPOS="1342" WIDTH="38" HEIGHT="20" WC="0.96" CONTENT="och"/><SP WIDTH="14" VPOS="1342" HPOS="794"/>
							<String ID="string_281" HPOS="808" VPOS="1342" WIDTH="34" HEIGHT="20" WC="0.96" CONTENT="till"/>
						</TextLine>
						<TextLine ID="line_34" HPOS="85" VPOS="1374" WIDTH="755" HEIGHT="28">
							<String ID="string_282" HPOS="85" VPOS="1375" WIDTH="112" HEIGHT="27" WC="0.87" CONTENT="betalning"/><SP WIDTH="22" VPOS="1375" HPOS="197"/>
							<String ID="string_283" HPOS="219" VPOS="1374" WIDTH="89" HEIGHT="22" WC="0.92" CONTENT="förfallit"/><SP WIDTH="23" VPOS="1374" HPOS="308"/>
							<String ID="string_284" HPOS="331" VPOS="1376" WIDTH="55" HEIGHT="20" WC="0.91" CONTENT="samt"/><SP WIDTH="19" VPOS="1376" HPOS="386"/>
							<String ID="string_285" HPOS="405" VPOS="1375" WIDTH="17" HEIGHT="27" WC="0.91" CONTENT="ej"/><SP WIDTH="17" VPOS="1375" HPOS="422"/>
							<String ID="string_286" HPOS="439" VPOS="1376" WIDTH="92" HEIGHT="21" WC="0.92" CONTENT="utestätt"/><SP WIDTH="15" VPOS="1376" HPOS="531"/>
							<String ID="string_287" HPOS="546" VPOS="1375" WIDTH="75" HEIGHT="27" WC="0.96" CONTENT="längre"/><SP WIDTH="14" VPOS="1375" HPOS="621"/>
							<String ID="string_288" HPOS="635" VPOS="1375" WIDTH="32" HEIGHT="21" WC="0.96" CONTENT="tid"/><SP WIDTH="16" VPOS="1375" HPOS="667"/>
							<String ID="string_289" HPOS="683" VPOS="1378" WIDTH="27" HEIGHT="18" WC="0.96" CONTENT="än"/><SP WIDTH="15" VPOS="1378" HPOS="710"/>
							<String ID="string_290" HPOS="725" VPOS="1376" WIDTH="7" HEIGHT="20" WC="0.94" CONTENT="i"/><SP WIDTH="18" VPOS="1376" HPOS="732"/>
							<String ID="string_291" HPOS="750" VPOS="1376" WIDTH="24" HEIGHT="20" WC="0.96" CONTENT="17"/><SP WIDTH="16" VPOS="1376" HPOS="774"/>
							<String ID="string_292" HPOS="790" VPOS="1376" WIDTH="50" HEIGHT="26" WC="0.96" CONTENT="kap."/>
						</TextLine>
						<TextLine ID="line_35" HPOS="86" VPOS="1408" WIDTH="756" HEIGHT="30">
							<String ID="string_293" HPOS="86" VPOS="1411" WIDTH="14" HEIGHT="20" WC="0.80" CONTENT="3"/><SP WIDTH="16" VPOS="1411" HPOS="100"/>
							<String ID="string_294" HPOS="116" VPOS="1410" WIDTH="12" HEIGHT="28" WC="0.80" CONTENT="&amp;"/><SP WIDTH="15" VPOS="1410" HPOS="128"/>
							<String ID="string_295" HPOS="143" VPOS="1409" WIDTH="146" HEIGHT="23" WC="0.95" CONTENT="Jordabalken"/><SP WIDTH="15" VPOS="1409" HPOS="289"/>
							<String ID="string_296" HPOS="304" VPOS="1411" WIDTH="56" HEIGHT="26" WC="0.96" CONTENT="sägs."/><SP WIDTH="20" VPOS="1411" HPOS="360"/>
							<String ID="string_297" HPOS="380" VPOS="1408" WIDTH="86" HEIGHT="23" WC="0.96" CONTENT="Samma"/><SP WIDTH="14" VPOS="1408" HPOS="466"/>
							<String ID="string_298" HPOS="480" VPOS="1410" WIDTH="45" HEIGHT="21" WC="0.96" CONTENT="rätt"/><SP WIDTH="15" VPOS="1410" HPOS="525"/>
							<String ID="string_299" HPOS="540" VPOS="1416" WIDTH="46" HEIGHT="15" WC="0.96" CONTENT="som"/><SP WIDTH="14" VPOS="1416" HPOS="586"/>
							<String ID="string_300" HPOS="600" VPOS="1410" WIDTH="34" HEIGHT="22" WC="0.92" CONTENT="för"/><SP WIDTH="13" VPOS="1410" HPOS="634"/>
							<String ID="string_301" HPOS="647" VPOS="1409" WIDTH="124" HEIGHT="23" WC="0.92" CONTENT="hufvudstol"/><SP WIDTH="9" VPOS="1409" HPOS="771"/>
							<String ID="string_302" HPOS="780" VPOS="1410" WIDTH="62" HEIGHT="27" WC="0.91" CONTENT="njute"/>
						</TextLine>
						<TextLine ID="line_36" HPOS="86" VPOS="1444" WIDTH="755" HEIGHT="28">
							<String ID="string_303" HPOS="86" VPOS="1444" WIDTH="142" HEIGHT="28" WC="0.91" CONTENT="panthafvare"/><SP WIDTH="13" VPOS="1444" HPOS="228"/>
							<String ID="string_304" HPOS="241" VPOS="1444" WIDTH="80" HEIGHT="28" WC="0.96" CONTENT="jämväl"/><SP WIDTH="14" VPOS="1444" HPOS="321"/>
							<String ID="string_305" HPOS="335" VPOS="1444" WIDTH="34" HEIGHT="22" WC="0.93" CONTENT="för"/><SP WIDTH="14" VPOS="1444" HPOS="369"/>
							<String ID="string_306" HPOS="383" VPOS="1446" WIDTH="65" HEIGHT="20" WC="0.96" CONTENT="ränta"/><SP WIDTH="15" VPOS="1446" HPOS="448"/>
							<String ID="string_307" HPOS="463" VPOS="1445" WIDTH="39" HEIGHT="21" WC="0.96" CONTENT="och"/><SP WIDTH="15" VPOS="1445" HPOS="502"/>
							<String ID="string_308" HPOS="517" VPOS="1451" WIDTH="73" HEIGHT="15" WC="0.93" CONTENT="annan"/><SP WIDTH="15" VPOS="1451" HPOS="590"/>
							<String ID="string_309" HPOS="605" VPOS="1445" WIDTH="92" HEIGHT="27" WC="0.93" CONTENT="stadgad"/><SP WIDTH="15" VPOS="1445" HPOS="697"/>
							<String ID="string_310" HPOS="712" VPOS="1444" WIDTH="67" HEIGHT="28" WC="0.88" CONTENT="afgift,"/><SP WIDTH="16" VPOS="1444" HPOS="779"/>
							<String ID="string_311" HPOS="795" VPOS="1451" WIDTH="46" HEIGHT="15" WC="0.96" CONTENT="som"/>
						</TextLine>
						<TextLine ID="line_37" HPOS="86" VPOS="1479" WIDTH="756" HEIGHT="29">
							<String ID="string_312" HPOS="86" VPOS="1480" WIDTH="47" HEIGHT="22" WC="0.89" CONTENT="icke"/><SP WIDTH="22" VPOS="1480" HPOS="133"/>
							<String ID="string_313" HPOS="155" VPOS="1481" WIDTH="85" HEIGHT="21" WC="0.89" CONTENT="utestär"/><SP WIDTH="21" VPOS="1481" HPOS="240"/>
							<String ID="string_314" HPOS="261" VPOS="1479" WIDTH="34" HEIGHT="22" WC="0.96" CONTENT="för"/><SP WIDTH="22" VPOS="1479" HPOS="295"/>
							<String ID="string_315" HPOS="317" VPOS="1480" WIDTH="75" HEIGHT="28" WC="0.96" CONTENT="längre"/><SP WIDTH="21" VPOS="1480" HPOS="392"/>
							<String ID="string_316" HPOS="413" VPOS="1480" WIDTH="33" HEIGHT="21" WC="0.96" CONTENT="tid"/><SP WIDTH="18" VPOS="1480" HPOS="446"/>
							<String ID="string_317" HPOS="464" VPOS="1482" WIDTH="28" HEIGHT="20" WC="0.96" CONTENT="än"/><SP WIDTH="15" VPOS="1482" HPOS="492"/>
							<String ID="string_318" HPOS="507" VPOS="1480" WIDTH="8" HEIGHT="21" WC="0.95" CONTENT="i"/><SP WIDTH="15" VPOS="1480" HPOS="515"/>
							<String ID="string_319" HPOS="530" VPOS="1486" WIDTH="63" HEIGHT="16" WC="0.96" CONTENT="mom."/><SP WIDTH="16" VPOS="1486" HPOS="593"/>
							<String ID="string_320" HPOS="609" VPOS="1482" WIDTH="12" HEIGHT="20" WC="0.96" CONTENT="3"/><SP WIDTH="16" VPOS="1482" HPOS="621"/>
							<String ID="string_321" HPOS="637" VPOS="1482" WIDTH="24" HEIGHT="20" WC="0.93" CONTENT="är"/><SP WIDTH="16" VPOS="1482" HPOS="661"/>
							<String ID="string_322" HPOS="677" VPOS="1480" WIDTH="69" HEIGHT="28" WC="0.92" CONTENT="sagdt,"/><SP WIDTH="16" VPOS="1480" HPOS="746"/>
							<String ID="string_323" HPOS="762" VPOS="1480" WIDTH="25" HEIGHT="22" WC="0.93" CONTENT="sä"/><SP WIDTH="15" VPOS="1480" HPOS="787"/>
							<String ID="string_324" HPOS="802" VPOS="1480" WIDTH="40" HEIGHT="22" WC="0.93" CONTENT="ock"/>
						</TextLine>
					</TextBlock>
				</ComposedBlock>
				<ComposedBlock ID="cblock_2" HPOS="773" VPOS="1528" WIDTH="11" HEIGHT="17">
					<TextBlock ID="block_5" HPOS="773" VPOS="1528" WIDTH="11" HEIGHT="17">
						<TextLine ID="line_38" HPOS="773" VPOS="1528" WIDTH="11" HEIGHT="17">
							<String ID="string_325" HPOS="773" VPOS="1528" WIDTH="11" HEIGHT="17" WC="0.96" CONTENT="7"/>
						</TextLine>
					</TextBlock>
				</ComposedBlock>
			</PrintSpace>
		</Page>
	</Layout>
</alto>
