1023 1717
198 157 25 21 76
394 156 29 22 U.
439 156 27 22 B.
486 169 25 2 —
526 156 75 28 Prop.
617 155 45 22 N:o
678 156 23 21 4.

169 231 60 13 mans
251 224 124 21 förfarande
396 224 7 20 i
425 224 35 28 lag
482 226 96 23 utsättes,
593 223 123 21 densamma
731 223 127 21 bestämmes
873 223 51 25 lika,

169 265 34 13 om
219 258 41 20 den
276 258 40 20 ock
332 258 7 20 i
355 258 69 20 skilda
440 258 38 21 fall
493 258 77 20 räknas
585 257 49 21 frän
650 257 57 21 olika
721 257 203 28 begynnelsetermi-

170 299 46 19 ner;
241 292 40 20 och
303 299 44 13 som
364 292 41 20 den
421 292 37 25 tid,
472 292 57 20 inom
545 292 87 20 hvilken
647 290 102 28 gäldenär
764 291 40 21 och
819 291 106 27 borgenär

170 326 53 27 egde
245 326 64 28 klaga
327 326 62 20 öfver
403 326 125 28 utmätning,
543 328 80 18 ansetts
638 325 34 21 för
687 324 107 22 vinnande
810 325 22 21 af
848 325 76 21 ofvan-

170 360 94 28 antydda
287 360 98 21 ändamål
400 360 72 21 kunna
486 363 52 18 utan
553 360 113 28 olägenhet
681 359 119 21 utsträckas
815 359 33 21 till
862 360 61 28 tjugu

170 394 71 28 dagar,
263 402 45 13 som
331 394 122 28 föreslagits
468 394 34 21 för
518 394 77 28 klagan
611 394 61 21 öfver
686 394 191 27 utmätningsmans
893 393 32 21 ät-

170 428 53 28 gärd
238 428 37 21 vid
290 428 86 21 auktion
393 428 50 21 eller
460 428 119 28 fördelning
595 427 22 22 af
630 428 144 28 köpeskilling
783 427 35 21 för
827 427 98 28 lösegen-

171 462 56 27 dom,
247 464 24 19 är
292 463 7 20 i
321 463 12 20 2
357 463 12 26 &
393 462 122 21 »femtonde
531 463 81 28 dagen»
631 462 22 21 af
667 462 113 22 Utskottet
794 461 72 28 utbytt
881 464 45 18 mot

173 496 115 28 »tjugunde
304 496 89 28 dagen».

495 600 26 20 10
536 599 69 21 KAP.

242 667 48 22 Den
305 668 7 20 i
329 669 12 19 3
357 668 12 27 $
385 667 121 28 föreslagna
522 668 30 21 tid
568 668 23 21 af
605 669 73 20 trettio
691 667 65 28 dagar
766 667 34 21 för
815 667 112 28 ändrings-

174 702 95 21 sökande
291 703 6 20 i
324 702 81 21 hofrätt
431 702 65 21 hafva
523 710 27 13 en
577 702 34 21 del
638 702 136 21 medlemmar
800 703 7 20 i
834 702 92 22 Utskot-

173 739 32 18 tet
231 739 70 18 ansett
329 744 50 13 vara
407 736 34 21 för
468 736 49 21 kort
545 738 6 19 i
579 736 27 21 de
637 736 38 21 fall
703 736 28 21 dä
762 737 77 27 klagan
868 736 58 21 föres

174 774 57 17 emot
252 770 175 21 öfverexekutors
443 771 76 27 utslag,
534 779 45 13 som
595 771 98 28 utgifvits
709 771 55 20 efter
779 771 79 27 anslag.
884 771 43 21 Om

173 813 48 13 man
242 805 35 20 för
291 806 58 20 vissa
367 805 38 21 fall
419 805 113 28 godkände
548 805 112 21 införande
675 805 64 21 äfven
755 805 38 21 hos
816 805 111 21 öfverexe-

173 839 64 21 kutor
251 839 22 21 af
289 842 102 25 systemet
410 842 31 18 att
453 839 73 21 datera
538 840 69 27 utslag
618 839 13 21 å
642 847 25 13 en
680 839 24 22 sä
716 839 71 21 kallad
799 839 129 28 anslagsdag

173 873 41 22 och
236 873 94 22 beräkna
352 873 59 21 tiden
433 873 34 22 för
488 874 208 28 ändringssökandet
717 873 48 22 från
787 873 70 22 denna
880 873 48 28 dag,

173 907 138 28 hvarigenom
333 907 66 21 bland
422 911 64 18 annat
502 908 112 27 onekligen
630 907 41 22 den
687 911 57 18 stora
759 907 69 22 fördel
843 915 83 14 vunnes

173 945 32 18 att
226 941 133 29 fataljetiden
383 942 72 22 blefve
476 942 122 22 densamma
620 942 35 21 för
675 943 41 20 alla
739 946 70 24 parter
832 943 6 20 i
857 942 71 27 målet,

173 976 66 21 borde
260 984 48 13 man
331 976 13 21 ä
365 976 66 21 andra
454 976 67 27 sidan,
536 977 66 28 enligt
618 977 97 20 bemälde
730 977 197 20 utskottsmedlem-

172 1018 56 13 mars
243 1011 92 27 mening,
345 1011 34 20 för
394 1011 63 21 dessa
468 1011 38 21 fall
517 1011 106 21 fastställa
635 1011 124 28 tillräckligt
768 1011 50 28 lång
829 1011 98 21 besvärs-

172 1045 38 26 tid,
233 1044 88 21 emedan
345 1052 26 13 en
393 1045 35 21 del
444 1045 66 26 deraf,
525 1045 123 28 isynnerhet
662 1045 35 21 för
712 1045 28 28 pä
755 1045 73 21 landet
842 1045 85 22 bosatte

172 1079 142 26 förklarande,
329 1079 6 21 i
350 1079 73 28 regeln
439 1079 83 22 komme
538 1083 32 17 att
584 1079 27 28 gä
626 1079 95 22 förlorad
731 1081 65 19 innan
807 1079 120 22 kännedom

173 1121 34 12 om
223 1113 91 28 utslaget
335 1113 96 26 erhölles,
447 1113 39 22 och
501 1114 7 20 i
524 1114 169 27 utsökningsmäl
708 1113 66 28 något
789 1114 73 27 längre
878 1113 49 22 räd-

172 1155 47 13 rum
241 1150 31 17 att
294 1148 6 19 i
324 1147 81 20 hofrätt
429 1147 114 28 behörigen
565 1148 72 21 utföra
652 1149 32 20 sin
699 1148 57 21 talan
772 1150 26 19 än
814 1149 31 20 uti
861 1148 67 21 andra

173 1181 130 21 besvärsmä]
319 1181 71 21 kunde
406 1182 129 27 sakegarene
550 1182 103 21 förunnas
669 1182 23 21 sä
703 1182 86 28 mycket
799 1182 72 26 hellre,
882 1189 46 14 som

173 1215 76 21 besvär
271 1216 7 19 i
301 1215 169 28 utsökningsmäl
492 1216 7 20 i
517 1216 115 21 allmänhet
647 1216 47 21 icke
710 1216 83 21 komme
809 1219 31 18 att
852 1217 76 26 utgöra

172 1248 76 21 hinder
269 1249 36 20 för
327 1249 161 27 verkställighet
508 1250 22 19 af
545 1250 150 27 öfverklagadt
710 1250 80 27 utslag;
806 1250 40 20 och
861 1250 66 20 hafva

174 1282 62 20 dessa
257 1282 137 20 medlemmar
409 1282 57 28 förty
481 1285 70 18 ansett
567 1283 147 20 besvärstiden
730 1283 34 20 för
779 1283 149 27 ifrägakomna

173 1315 71 27 utslag
265 1316 6 20 i
294 1315 73 28 regeln
390 1315 51 21 böra
463 1315 126 22 bestämmas
609 1316 32 21 till
657 1317 68 21 sextio
741 1316 65 28 dagar
822 1316 54 21 efter
891 1324 38 13 an-

173 1349 133 28 slagsdagen,
328 1357 80 13 samma
431 1349 41 29 dag
494 1350 101 26 oräknad,
617 1350 110 22 hvarifrän
745 1350 61 27 dock,
822 1351 7 20 i
844 1350 84 28 analogi

173 1384 48 21 med
237 1384 129 28 stadgandet
380 1385 6 19 i
403 1385 33 20 25:
453 1385 32 20 15.
499 1384 26 21 R.
540 1384 32 27 B.,
583 1384 76 22 sädant
674 1384 59 22 detta
748 1385 81 27 lagrum
844 1385 62 29 lyder
920 1386 8 20 i

173 1418 29 21 K.
217 1418 24 22 F.
257 1418 41 21 den
314 1420 26 20 27
364 1418 53 29 april
436 1420 60 25 1868,
512 1418 111 29 undantag
637 1419 72 21 kunde
724 1421 62 27 göras
801 1420 35 21 för
851 1420 77 28 utslag,

174 1460 45 14 som
241 1452 118 22 meddelats
382 1453 23 21 af
427 1453 166 22 öfverexekutor
614 1454 6 20 i
645 1453 41 22 den
709 1454 54 26 stad,
785 1454 38 21 der
847 1454 82 22 hofrätt

241 1492 131 23 Lagutskottets
384 1493 110 17 betänkande
506 1493 39 17 N:o
557 1494 18 17 5.
