1039 1714
281 130 81 23 Ständ.
379 132 37 22 Sv.
433 144 26 3 —
475 133 70 27 Prop.
562 133 42 23 N:o
619 133 21 22 4.
768 135 38 21 101

86 196 84 22 hvilken
193 196 143 24 förbindelsen
354 198 55 22 skall
427 198 107 28 fullgöras.
564 195 30 27 Är
609 200 122 28 inteckning
745 200 91 28 beviljad

86 231 33 21 för
134 231 127 26 skuldebref,
276 239 45 15 som
335 233 71 21 blifvit
416 234 99 26 antingen
525 234 110 22 utfärdadt
645 235 32 21 till
688 235 149 21 innehafvaren

87 264 51 22 eller
160 265 66 21 stäldt
248 266 33 22 till
302 267 135 27 namngifven
459 274 83 21 person,
560 275 48 15 men
626 269 120 21 sedermera
761 276 77 20 genom

87 301 110 25 transport
211 300 91 22 kommit
323 302 7 20 i
352 308 80 15 annans
447 302 62 27 hand,
525 308 50 16 vare
591 302 151 22 innehafvaren
757 303 81 27 skyldig

87 334 33 20 att
138 333 72 21 derom
228 334 38 22 hos
282 336 40 20 den
337 335 98 25 domstol,
451 342 45 16 som
511 337 87 27 beviljat
613 337 158 27 inteckningen,
786 338 6 20 i
807 336 31 22 af-

87 368 78 22 seende
187 368 13 22 å
222 370 128 27 anteckning
370 370 6 21 i
394 371 131 26 protokollet
540 371 59 21 öfver
613 372 225 26 inteckningsärender

87 404 52 24 göra
153 404 106 26 anmälan,
275 404 23 21 så
313 404 63 21 framt
391 404 41 22 han
448 406 33 20 för
495 406 25 20 de
531 405 44 27 fall,
586 406 7 21 i
603 406 72 21 hvilka
682 406 155 21 underrättelse

87 436 32 21 till
129 436 220 29 inteckningshafvare
360 440 24 20 är
394 438 145 29 föreskrifven,
549 440 35 21 vill
593 440 60 27 njuta
661 440 64 22 sådan
734 440 33 22 till
776 440 61 27 godo.

433 526 11 27 s
459 527 35 21 22.

156 577 107 22 Faststäld
286 578 178 27 inteckningsrätt
485 579 54 28 gälle
563 579 46 22 från
635 580 41 21 den
692 580 48 27 dag,
757 579 27 22 då
799 579 40 22 den

88 611 124 28 ansökning,
234 619 46 15 som
302 612 33 21 till
357 613 121 27 inteckning
500 613 129 28 föranledde,
651 613 44 22 blef
711 614 34 21 till
760 613 79 22 Rätten

88 645 116 28 inlemnad;
221 647 39 21 och
276 647 64 21 varde
356 654 78 15 samme
450 649 40 26 dag
501 649 109 21 bestämdt
620 650 67 20 utsatt
697 649 7 21 i
715 649 36 21 det
762 648 76 27 utslag,

88 680 136 27 hvarigenom
239 681 149 28 inteckningen
404 682 120 22 fastställes.

157 710 30 26 Är
203 721 81 16 samma
302 715 101 28 fastighet
418 717 115 21 intecknad
547 717 34 22 för
595 716 51 22 flere
661 717 125 26 fordringar,
802 724 38 20 ege

89 749 90 27 tidigare
194 750 123 27 inteckning
332 750 108 22 företräde
454 751 33 21 till
496 751 111 28 betalning
617 751 88 22 framför
716 757 74 16 senare
801 751 40 22 och

89 791 79 14 samme
192 784 40 27 dag
254 785 112 22 tillkomna
387 785 146 28 inteckningar
551 786 43 22 lika
612 787 50 20 rätt.
692 785 102 23 Panträtt
808 785 34 22 för

90 819 91 27 ogulden
196 819 141 28 köpeskilling
352 820 117 22 tillkomme
484 821 107 22 företräde
607 821 54 21 efter
675 821 58 21 tiden
746 820 34 22 för
789 821 52 27 köp-

89 854 75 26 slutet;
188 854 48 21 och:
250 861 49 15 vare
321 855 97 27 säljaren,
440 855 36 21 der
490 855 43 22 han
547 856 58 21 inom
620 855 40 22 den
675 856 7 21 i
697 855 144 22 Jordabalken

89 889 103 27 stadgade
215 889 31 22 tid
269 889 50 22 låtit
340 890 100 21 inteckna
462 892 128 25 panträtten,
609 889 39 22 ock
662 890 107 27 framgent
783 890 58 22 bibe-

89 924 70 22 hållen
174 925 35 21 vid
224 931 80 16 samma
318 925 116 22 företräde.

158 959 78 22 Häftar
257 960 43 22 fast
322 960 109 27 egendom,
454 960 67 28 enligt
539 960 147 28 stadgandena
701 967 34 15 om
751 960 90 28 ogulden

90 994 151 26 köpeskillings
263 996 51 25 rätt,
336 994 34 21 för
390 994 155 27 nyttjanderätt
566 994 52 21 eller
640 996 43 19 rätt
701 995 33 21 till
749 994 94 22 afkomst

91 1028 52 22 eller
165 1034 70 16 annan
254 1028 88 27 förmån,
358 1034 45 16 som
418 1029 35 21 vid
469 1029 134 21 öfverlåtelse
619 1028 22 22 af
655 1029 129 26 egendomen
800 1028 43 22 för-

90 1064 107 26 behållits,
206 1064 52 21 eller
268 1066 24 20 är
302 1064 122 27 inteckning
434 1064 33 22 för
477 1064 65 22 sådan
553 1064 105 27 rättighet
668 1064 45 22 deri
723 1064 119 25 meddelad,

91 1099 39 21 och
153 1098 39 22 har
214 1099 130 27 egendomen
364 1099 108 27 samtidigt
487 1100 51 20 eller
553 1105 74 15 senare
640 1098 70 22 blifvit
725 1099 118 27 underpant

91 1134 33 21 för
139 1133 96 27 fordran;
254 1134 27 21 då
296 1134 54 22 skall
366 1134 40 21 den
421 1134 86 22 fordran
523 1134 33 22 för
571 1134 128 26 rättigheten
715 1134 55 21 vika.
800 1133 43 21 Var

92 1168 129 28 egendomen
243 1169 91 27 tidigare
356 1169 119 27 underpant
492 1169 33 21 för
540 1168 96 27 fordran;
652 1168 47 22 vike
714 1168 128 28 rättigheten

91 1203 34 21 för
147 1202 129 28 fordringen,
299 1204 37 20 der
358 1203 69 22 denna
442 1204 60 26 eljest
516 1203 47 21 icke
578 1202 49 22 fullt
642 1203 68 27 utgår.
741 1202 44 22 Går
799 1204 45 20 rätt

92 1238 33 21 till
141 1237 93 22 afkomst
244 1238 52 21 eller
306 1238 82 22 förmån
400 1238 88 22 sålunda
498 1237 100 27 förlorad,
610 1238 39 21 och
661 1239 25 19 är
696 1238 41 20 den
747 1237 97 22 bestämd

93 1272 33 22 till
149 1272 52 22 visst
220 1272 77 27 belopp
317 1272 7 22 i
341 1272 117 27 penningar
472 1272 51 21 eller
538 1277 74 21 varor;
627 1272 60 27 njute
702 1272 142 26 rättighetens

91 1306 137 22 innehafvare
250 1306 34 22 för
307 1307 37 21 det
365 1307 152 27 kapitalvärde,
540 1306 86 22 hvartill
644 1307 128 25 densamma,
790 1306 54 21 efter

92 1341 56 22 hvad
163 1342 7 20 i
185 1342 13 20 5
213 1341 48 26 kap.
278 1342 29 20 30
321 1341 11 26 $
348 1341 195 26 Utsökningslagen
558 1343 24 18 är
597 1341 106 25 stadgadt,
722 1340 54 21 skall
792 1346 52 21 upp-

93 1375 88 26 skattas,
202 1375 40 21 den
260 1375 146 26 förmänsrätt,
424 1381 44 15 som
484 1375 66 26 enligt
564 1381 63 15 mom.
643 1375 13 20 2
671 1375 38 20 här
725 1374 62 21 ofvan
802 1374 42 21 till-

93 1410 96 21 kommer
204 1409 93 22 fordran.
320 1409 49 22 Med
384 1415 79 16 samma
473 1410 46 21 rätt
527 1409 67 27 gänge
606 1408 39 22 ock
655 1408 60 22 alltid
723 1410 25 19 ut
758 1407 55 24 hvad
823 1408 23 21 af

94 1445 119 22 afkomsten
229 1445 51 21 eller
290 1444 108 22 förmänen
409 1446 23 20 är
443 1444 92 28 oguldet,
547 1444 38 22 der
595 1444 37 21 det
642 1443 18 28 ej
671 1443 91 22 utestätt
772 1443 72 29 längre
