1023 1714
125 631 10 22 8
149 630 22 18 10

128 1351 10 22 8
150 1350 22 18 13

209 150 27 19 74
405 148 29 22 U.
449 148 29 21 B.
494 160 27 3 —
535 148 74 27 Prop.
625 148 42 21 N:o
683 147 22 21 4.

179 216 56 21 bära.
265 215 35 21 Då
321 216 66 20 likväl
409 215 101 28 gvarstad
532 216 83 20 medför
636 215 95 21 hvarken
746 218 62 25 pant-
824 214 50 22 eller
889 214 45 21 för-

180 250 109 25 mänsrätt,
304 253 51 17 utan
371 249 75 22 endast
462 252 62 26 utgör
536 257 25 13 en
573 249 162 29 skyddsätgärd,
745 249 39 20 bör
794 248 66 22 sädan
872 256 62 21 gvar-

179 284 53 27 stad,
256 284 87 22 hvarom
366 284 39 20 här
426 292 29 13 nu
477 286 23 19 är
522 284 66 28 fräga,
610 284 47 21 icke
673 284 63 20 lända
751 284 32 20 till
798 283 87 28 förfäng
900 283 34 21 för

180 318 54 27 dem,
256 326 51 19 som,
330 318 48 21 med
401 318 107 22 företräde
530 318 90 22 framför
635 318 177 28 fordringsegare,
828 318 28 28 pä
870 318 64 21 hvars

179 352 119 28 ansökning
320 352 103 28 åtgärden
446 352 108 28 vidtagits,
576 352 65 22 hafva
663 354 42 19 rätt
727 352 32 21 till
782 352 85 28 utskyld
884 352 51 21 eller

179 386 64 29 afgift
258 387 48 21 från
321 387 129 27 fastigheten
466 387 51 21 eller
533 394 38 21 ega
583 387 44 21 deri
639 386 115 22 intecknad
765 386 95 27 fordran,
871 386 63 21 hvar-

178 421 35 21 för
234 421 64 22 äfven
321 428 27 14 en
370 420 134 28 bestämning
520 422 56 20 varit
588 421 99 28 påkallad
703 421 79 25 derom,
798 424 30 18 att
844 420 41 21 den
900 420 34 21 för

179 455 109 28 afgäldens
310 455 138 28 uppbärande
470 456 88 20 tillsatte
574 455 161 28 sysslomannen
752 454 55 22 skall
822 455 23 21 af
860 454 74 25 medel,

180 497 44 14 som
239 490 42 21 han
296 489 90 22 sålunda
401 490 156 26 omhänderfår,
571 489 63 29 gälda
649 490 41 21 slik
704 488 94 29 utskyld,
809 489 65 28 afgift
884 489 51 21 eller

178 526 66 25 ränta,
259 532 45 13 som
320 523 96 22 förfaller
431 524 32 21 till
479 524 110 28 betalning
604 523 69 22 under
687 523 180 29 gvarstadstiden.
892 523 44 22 För

178 559 108 21 vinnande
301 558 23 22 af
339 558 105 28 tydlighet
455 559 39 20 har
507 559 112 21 Utskottet
630 558 66 28 något
707 557 160 22 omformulerat
877 557 58 22 stad-

179 593 80 28 gandet
273 593 73 21 härom
362 594 7 20 i
385 595 11 19 7
414 596 19 22 8.

249 627 136 22 Reseförbud
401 627 67 28 enligt
482 635 28 13 nu
525 627 163 28 ifrågavarande
703 627 117 28 lagförslag
835 627 58 21 afser
905 630 31 18 att

181 661 124 22 säkerställa
328 669 25 14 en
376 661 111 22 blifvande
506 662 115 21 exekution
636 663 7 19 i
658 661 140 28 gäldenärens
813 661 122 28 förmögen-

180 696 37 21 het
231 703 77 21 genom
324 699 36 23 att,
375 695 91 22 medelst
480 696 158 21 inskränkande
654 696 22 21 af
691 696 53 20 hans
762 695 120 29 personliga
898 695 38 22 fri-

181 730 42 27 het,
245 730 76 21 hindra
342 731 78 20 honom
443 733 31 18 att
495 730 46 21 föra
556 731 33 20 sin
605 730 104 28 egendom
724 729 49 22 från
789 732 60 19 orten
864 729 72 22 undan

182 765 160 28 borgenärerne,
365 772 48 13 men
436 764 38 21 har
489 764 47 21 icke
551 764 33 21 till
599 763 98 22 ändamål
712 766 31 19 att
758 763 62 22 träffa
834 763 102 28 gäldenä-

181 807 36 13 ren
234 799 70 21 såsom
320 801 31 18 ett
366 801 44 18 mot
425 799 77 27 sjelfva
518 805 105 22 personen
637 798 83 28 gående
737 798 199 28 exekutionstvång,

182 833 87 22 hvarför
291 833 65 22 äfven
376 833 161 22 reseförbudets
559 833 99 28 giltighet
678 833 39 21 bör
733 833 113 28 begränsas
862 833 32 21 till
910 840 26 14 en

182 869 44 20 viss
249 867 49 22 kort
311 868 38 21 tid.
378 867 48 22 Fall
443 868 72 21 kunna
531 867 56 22 dock
601 868 78 28 gifvas,
695 867 28 22 då
738 867 132 28 borgenären
885 870 52 19 utan

183 902 70 28 någon
267 902 147 21 försummelse
430 902 48 21 från
493 903 31 20 sin
541 902 46 21 sida
602 903 56 20 inom
675 902 66 28 sagda
756 902 32 21 tid
803 901 48 22 icke
861 902 77 21 hunnit

182 936 87 28 vidtaga
292 936 26 22 de
340 936 65 21 andra
420 937 157 21 verksammare
593 937 98 28 åtgärder
706 937 32 21 till
754 936 145 29 betryggande
915 936 23 22 af

183 972 33 20 sin
237 973 42 19 rätt
300 973 110 26 gentemot
429 971 135 28 gäldenären,
580 971 48 21 dem
643 971 62 28 lagen
720 972 7 20 i
743 971 77 21 sådant
835 971 102 21 afseende

182 1005 84 27 tillåter,
288 1005 40 21 och
351 1005 27 21 då
394 1004 69 22 denna
477 1007 43 19 rätt
535 1005 58 29 förty
607 1006 69 20 skulle
692 1006 122 27 äfventyras
830 1008 56 19 samt
900 1007 38 19 än-

184 1039 92 21 damålet
297 1039 48 21 med
368 1039 36 21 det
421 1040 60 26 gifna
496 1040 149 21 reseförbudet
659 1040 95 26 förfelas,
769 1047 34 13 om
820 1040 118 21 detsamma

184 1066 62 28 efter
261 1074 41 20 den
327 1073 109 21 bestämda
455 1073 70 22 tidens
540 1074 85 28 förlopp
641 1074 48 21 icke
704 1073 68 21 under
787 1073 66 29 några
868 1073 70 22 vilkor

183 1108 55 28 finge
260 1108 93 28 förnyas.
382 1107 52 21 Med
457 1108 102 21 afseende
581 1108 52 21 härå
650 1108 37 21 har
702 1108 113 21 Utskottet
829 1108 109 21 tillerkänt

184 1142 165 21 öfverexekutor
371 1141 129 29 befogenhet
520 1145 31 19 att
573 1142 28 29 på
621 1142 56 21 skild
693 1142 120 28 ansökning
828 1142 40 22 och
884 1142 54 22 efter

184 1176 101 28 pröfning
307 1176 23 21 af
352 1176 209 28 omständigheterna
584 1176 77 28 bevilja
682 1176 139 29 förlängning
844 1176 22 22 af
880 1176 59 22 förut

184 1210 123 22 meddeladt
328 1210 132 27 reseförbud,
482 1210 117 30 hvarjemte
615 1211 41 21 och
671 1219 45 13 som
731 1210 37 22 vid
784 1211 59 21 detta
858 1210 80 22 förhål-

184 1244 62 22 lande
270 1245 41 20 den
326 1245 84 27 längsta
424 1245 66 25 tiden,
504 1246 35 20 för
553 1245 87 21 hvilken
653 1245 149 21 reseförbudet
816 1246 35 20 för
865 1245 73 29 hvarje

184 1278 57 28 gång
262 1278 35 20 får
317 1277 115 26 meddelas,
447 1278 42 20 kan
503 1278 114 26 förkortas,
632 1277 113 23 Utskottet
763 1279 31 21 uti
814 1280 26 20 10
857 1280 12 26 $
884 1286 55 21 upp-

186 1312 54 28 tagit
255 1312 123 20 densamma
392 1312 32 20 till
440 1311 76 22 endast
531 1311 38 22 två
583 1311 106 22 månader.

252 1346 53 21 Med
328 1346 101 21 afseende
452 1345 13 22 å
486 1346 42 21 den
551 1346 103 21 inverkan
676 1346 202 29 skingringsförbud
903 1347 37 22 be-

184 1380 104 24 träffande
311 1380 44 22 fast
370 1380 104 29 egendom
490 1381 66 28 enligt
571 1380 138 29 lagförslaget
723 1381 38 21 har
776 1381 28 29 på
819 1381 59 27 aftal,
894 1389 45 14 som

186 1423 76 21 egaren
284 1415 73 22 derom
379 1415 49 21 med
446 1423 70 14 annan
538 1415 67 29 ingår,
628 1415 41 22 och
684 1415 27 29 på
726 1415 53 23 hans
794 1417 42 20 rätt
851 1417 7 20 i
874 1416 66 29 öfrigt

186 1454 31 18 att
238 1450 86 28 förfoga
346 1457 34 14 om
400 1449 137 30 fastigheten,
552 1451 23 20 är
590 1449 37 22 det
641 1450 23 21 af
678 1451 47 27 vigt
740 1453 31 19 att
787 1450 28 21 då
830 1450 51 23 slikt
895 1451 45 22 för-

254 1490 128 23 Lagutskottets
395 1490 110 19 betänkande
517 1491 38 18 N:o
567 1491 18 17 5.
