1045 1723
251 137 27 21 88
418 136 83 23 Ständ.
517 136 37 23 Sv.
572 148 23 3 —
611 136 72 26 Prop.
699 136 41 22 N:o
754 135 22 22 4.

221 200 131 26 borgenärer
368 199 32 21 till
414 199 91 26 förfång,
521 199 46 21 från
583 199 146 21 konkursboet
739 198 32 22 till
781 205 69 15 annan
861 198 112 26 öfverlåtit,

222 234 68 27 gånge
305 234 33 21 till
351 234 51 21 boet
416 234 47 21 åter
478 235 51 20 utan
544 234 67 21 lösen.

291 268 20 25 0»
333 268 45 22 Har
400 268 100 27 gäldenär
518 274 76 20 genom
608 267 63 27 gäfva
685 267 89 22 afhändt
788 267 33 27 sig
835 266 102 28 egendom
953 266 23 22 af

222 303 77 21 sädant
313 303 65 21 värde
393 304 34 20 att
442 303 155 26 borgenärerne
613 302 62 22 deraf
683 302 103 27 märkelig
796 302 67 21 skada
870 301 52 27 haft,
933 302 41 21 och

222 338 37 20 äro
275 337 46 21 före
335 337 134 22 konkursens
485 336 74 28 början
575 336 19 28 ej
609 343 45 15 mer
663 339 28 19 än
704 337 76 21 trettio
791 336 66 28 dagar
865 335 107 27 förflutna,

221 372 66 21 sedan
308 372 63 26 gäfva
392 371 23 23 af
429 371 137 28 lösegendom
581 370 126 29 fullbordad,
724 371 52 21 eller
791 371 78 27 lagfart
883 370 13 22 &
910 370 63 27 gäfva

222 406 22 21 af
261 406 102 27 fastighet
382 406 50 23 sökt
446 407 80 26 blifvit;
540 407 68 27 gänge
624 406 40 22 den
679 406 62 27 gäfva
756 406 53 22 äter.
839 406 85 21 Samma
939 405 35 27 lag

222 447 55 21 vare,
293 442 37 21 der
348 441 130 28 försäljning,
496 442 56 27 byte,
568 442 47 27 lega
631 442 51 21 eller
698 443 66 20 annat
778 440 77 23 sädant
870 440 52 21 aftal
939 446 33 15 om

221 476 68 27 nägon
304 476 140 27 gäldenärens
459 477 102 26 egendom
577 477 63 26 skett,
656 477 38 20 och
710 476 23 21 af
746 475 172 22 förekommande
928 481 45 15 om-

221 511 146 27 ständigheter
382 511 84 27 skönjas
482 511 41 22 kan
538 513 34 20 att
585 511 75 22 aftalet
675 511 177 26 hufvudsakligen
861 510 39 21 har
911 515 62 21 egen-

221 546 53 27 skap
290 545 23 22 af
325 545 63 28 gäfva
399 545 52 22 eller
461 546 81 27 äsyftar
552 546 149 21 förnärmande
712 545 23 22 af
744 546 166 27 borgenärernes
921 546 50 19 rätt.

221 580 33 21 Då
276 580 102 27 egendom
404 581 89 22 sålunda
518 581 126 26 ätervinnes,
669 580 62 27 gälde
753 580 147 22 konkursboet
922 579 50 21 derä

220 615 61 28 gjord
296 615 65 27 nödig
375 615 98 27 kostnad,
489 615 114 28 äfvensom,
620 615 37 22 der
672 615 65 28 något
751 615 13 22 &
779 614 68 23 andra
856 615 60 20 sidan
923 613 49 22 blif-

221 650 30 22 vit
267 651 88 26 erlagdt,
371 651 36 20 det
422 650 90 22 sålunda
527 650 82 28 utgifna
624 650 52 21 eller
691 650 49 22 dess
754 649 71 22 värde.

289 685 19 25 c)
330 685 45 22 Har
390 685 67 22 under
473 685 25 22 de
514 686 52 21 sista
581 685 74 22 trettio
671 685 92 26 dagarne
778 684 46 22 före
839 683 131 22 konkursens

221 720 74 27 början
309 720 129 27 gäldenären
454 720 70 27 ingätt
538 719 58 28 aftal,
610 720 136 27 hvarigenom
755 719 50 27 han,
815 720 155 25 borgenärerne

220 755 33 21 till
271 754 89 27 förfäng,
376 754 69 22 iklädt
467 755 32 26 sig
521 755 130 21 förbindelse
666 755 67 20 under
748 754 78 21 sädane
842 753 128 26 omständig-

219 789 62 22 heter
295 791 33 19 att
344 789 47 26 den,
406 790 48 21 med
469 789 85 22 hvilken
569 789 75 22 aftalet
658 789 87 27 ingicks,
761 789 48 21 haft
821 789 69 26 skälig
900 788 71 22 anled-

220 824 52 27 ning
287 825 32 20 att
333 824 39 21 hos
386 824 129 27 gäldenären
530 825 79 26 antaga
624 824 80 27 oredlig
719 824 71 26 afsigt,
805 823 68 27 gänge
886 824 39 20 ock
936 823 36 21 det

220 858 53 22 aftal
287 858 53 22 äter.

289 893 21 27 d)
329 893 45 21 Har
392 893 68 21 under
475 892 25 22 de
516 894 53 21 sista
584 894 73 21 trettio
673 893 91 27 dagarne
779 893 46 21 före
839 893 133 21 konkursens

220 927 73 27 början
314 928 126 26 gäldenären
461 928 68 21 betalt
544 928 68 26 skuld,
628 934 46 16 som
688 927 47 22 före
748 928 133 22 konkursens
896 927 76 27 början

219 962 46 21 icke
285 962 55 21 varit
356 962 33 22 till
404 962 111 27 betalning
530 962 109 26 förfallen;
653 962 67 28 gänge
736 963 41 21 den
793 962 107 26 betalning
915 962 55 26 äter;

219 996 185 27 fordringsegaren
425 996 54 22 dock
494 996 102 28 obetaget
610 999 33 19 att
657 998 8 20 i
679 996 122 23 konkursen
815 998 53 26 göra
882 997 32 21 sin
929 996 41 22 for-

219 1030 52 22 dran
285 1030 105 28 gällande.
413 1030 11 22 I
439 1031 61 27 fräga
515 1038 33 14 om
565 1031 66 26 vexel,
646 1038 45 14 som
707 1031 27 27 pä
748 1030 128 28 gäldenären
891 1031 78 27 dragen

218 1068 30 24 är,
263 1066 35 21 mä
313 1065 65 21 likväl
396 1065 18 27 ej
433 1066 59 21 talan
508 1072 34 15 om
558 1065 121 27 äterbäring
695 1065 23 21 af
731 1066 64 21 redan
811 1066 109 21 verkstäld
935 1066 35 20 be-

219 1100 81 27 talning
315 1099 72 22 kunna
402 1100 102 22 anställas
519 1102 45 19 mot
578 1106 69 15 annan
662 1102 27 19 än
705 1100 47 26 den,
762 1100 34 21 för
806 1100 63 22 hvars
881 1100 90 26 räkning

218 1134 75 21 vexeln
312 1134 79 26 dragen
410 1136 30 24 är,
457 1134 58 26 eller,
531 1141 35 15 om
580 1135 67 21 denne
663 1136 24 20 är
701 1134 128 27 gäldenären
844 1134 52 27 sjelf,
913 1137 57 18 emot

218 1168 68 22 första
300 1170 153 26 emottagaren.

287 1205 19 22 €)
328 1198 31 25 Är
381 1202 68 22 under
467 1203 26 21 de
512 1203 51 21 sista
579 1203 74 21 trettio
669 1204 93 27 dagarne
776 1203 46 21 före
837 1203 132 22 konkursens

218 1237 75 27 början
307 1239 53 26 pant
374 1238 23 21 af
410 1237 128 27 gäldenären
552 1237 84 22 lemnad
651 1237 33 21 för
699 1237 69 27 skuld,
778 1244 46 16 som
838 1238 65 22 innan
917 1238 52 21 kon-

217 1272 90 20 kursens
330 1271 75 27 början
427 1271 46 21 icke
495 1271 91 21 förfallit
603 1271 40 21 och
658 1272 35 20 vid
707 1272 63 21 hvars
785 1272 106 20 tillkomst
904 1271 65 22 sädan

217 1305 101 21 säkerhet
333 1304 18 27 ej
367 1305 56 21 varit
438 1304 108 28 betingad,
562 1311 49 15 vare
626 1306 175 26 pantsättningen
816 1307 53 20 utan
884 1305 85 22 verkan.

284 1339 18 27 PD
318 1339 45 21 Har
377 1339 68 22 under
459 1339 108 27 sistsagda
580 1340 31 21 tid
626 1339 33 22 för
674 1340 68 27 någon
756 1340 116 28 borgenärs
881 1340 87 22 fordran

217 1374 109 27 fastighet,
342 1380 45 16 som
403 1374 70 22 derför
488 1374 47 22 icke
550 1375 54 21 varit
619 1374 126 28 underpant,
760 1375 53 22 eller
826 1375 143 28 lösegendom,

216 1409 61 22 hvari
293 1409 129 27 borgenären
438 1409 18 27 ej
472 1409 47 21 haft
534 1411 103 26 panträtt,
653 1409 71 23 blifvit
742 1410 3 22 i
760 1412 45 20 mät
820 1412 71 26 tagen;
902 1410 66 28 gänge

217 1445 36 21 det
277 1446 93 20 utmätta
392 1444 53 22 eller
463 1444 56 22 hvad
540 1450 76 22 genom
631 1444 124 28 försäljning
770 1446 61 22 deraf
843 1445 85 28 influtit,
944 1445 24 22 sä
