1045 1720
285 138 81 24 Ständ.
382 138 37 24 Sv.
435 151 26 4 —
477 139 74 27 Prop.
569 139 40 22 N:o
623 139 23 22 4.
792 139 27 21 63

444 205 25 22 17
485 205 17 27 8.

166 262 124 27 Ansökning
308 268 34 16 om
362 262 106 27 gvarstad,
489 262 76 22 förbud
581 262 51 21 eller
647 268 69 16 annan
732 262 117 22 handräck-

97 296 50 26 ning
162 296 55 22 skall
231 298 62 25 göras
308 296 124 28 skriftligen.
461 296 25 27 Ej
503 297 33 21 mä
551 296 146 27 ansökningen
712 296 91 27 bifallas,
816 296 32 21 in-

97 336 42 16 nan
153 327 84 25 tillfälle
252 332 32 20 att
298 330 51 22 derä
364 336 60 16 svara
438 330 68 22 blifvit
515 330 141 28 vederparten
667 331 104 26 lemnadt;
781 330 69 22 finner

97 365 162 22 Ofverexekutor
281 366 65 21 saken
368 366 73 26 sådan,
461 368 33 20 att
512 366 39 21 den
567 366 18 27 ej
600 366 41 21 kan
656 366 43 22 tåla
715 365 66 28 dylikt
796 372 52 20 upp-

97 400 53 26 skof,
174 406 37 21 ege
233 400 42 22 han
297 402 33 20 att
348 400 41 22 den
406 401 80 21 äskade
505 401 100 27 ätgärden
625 400 76 28 bevilja
719 401 43 22 tills
776 400 74 22 vidare

98 435 39 21 och
151 435 54 21 intill
220 435 47 22 dess
282 435 126 22 annorledes
421 436 78 21 varder
513 435 131 26 förordnadt,
661 435 54 22 dock
729 435 46 22 icke
790 435 7 22 i
812 435 36 21 det

96 469 45 27 fall,
156 469 86 22 hvarom
257 470 7 21 i
281 469 25 22 15
321 469 11 28 $
348 471 24 20 är
386 469 68 28 sagdt.

444 567 25 22 18
484 567 19 28 8.

165 625 78 22 Finner
258 625 168 27 öfverexekutor,
441 626 32 20 att
487 626 48 26 den,
550 631 45 16 som
609 625 59 22 talan
679 623 169 28 anhängiggjort,

97 660 77 22 saknar
189 660 46 22 skäl
250 660 77 27 dertill,
336 659 55 28 gifve
406 661 75 26 genast
496 660 37 21 sitt
548 659 69 22 beslut
633 660 80 21 derom.
737 658 58 23 Skall
810 659 37 21 nä-

96 701 42 22 gon
152 695 8 22 i
174 694 65 22 mälet
254 695 69 26 höras,
338 694 100 22 förordne
453 694 168 27 öfverexekutor,
636 694 55 21 huru
706 693 37 22 det
757 693 34 22 mä
801 692 47 27 ske;

97 730 39 21 och
151 736 39 21 ege
204 729 163 22 öfverexekutor
382 729 72 22 dervid
469 729 108 28 förelägga
587 729 42 21 vite
639 729 52 21 eller
703 728 95 27 äfventyr
808 729 39 25 att,

97 771 34 15 om
146 766 48 26 part
208 764 127 22 försummar
349 763 91 28 fullgöra
455 764 55 22 hvad
525 763 77 22 honom
616 763 78 22 varder
710 763 78 27 älagdt,
804 762 44 21 mä-

96 800 29 21 let
140 799 55 22 ändä
210 799 89 28 afgöres.

443 897 25 21 19
483 896 18 28 8.

165 956 61 21 Hvad
241 956 7 21 i
265 956 25 21 18
305 955 11 28 &
332 957 24 19 är
370 955 99 27 stadgadt
484 961 50 15 vare
549 954 39 22 ock
603 954 98 27 gällande
716 954 8 22 i
733 953 65 22 andra
808 952 40 22 hos

97 990 162 22 Ofverexekutor
274 990 173 22 förekommande
463 988 173 28 utsökningsmäl,
652 988 33 22 för
696 988 71 22 hvilka
778 994 69 15 annan

97 1026 89 27 ordning
201 1026 18 27 ej
235 1025 66 22 finnes
316 1026 7 21 i
338 1025 68 21 denna
421 1024 35 28 lag
471 1024 146 22 föreskrifven.

426 1157 16 20 8
457 1158 62 24 Kap.

247 1241 51 23 Om
315 1239 120 24 kostnad
452 1239 10 23 i
479 1236 228 30 utsökningsmäl.

448 1323 46 27 18.

165 1381 10 21 I
191 1381 48 26 mål,
257 1381 87 21 hvarom
359 1380 8 20 i
380 1380 14 20 2
408 1379 49 27 kap.
472 1378 96 26 handlas,
583 1378 87 26 tillägge
685 1376 163 22 öfverexekutor

96 1415 116 26 sökanden,
229 1415 37 21 der
279 1415 43 21 han
338 1414 64 22 saken
417 1414 79 26 vinner,
507 1412 118 26 ersättning
635 1410 33 22 för
678 1410 29 22 all
717 1410 63 27 nödig
790 1410 57 21 kost-

97 1450 48 27 nad,
160 1456 44 17 som
220 1449 152 29 lagsökningen
385 1448 97 22 medfört.
505 1446 82 22 Varder
601 1445 65 22 mälet
681 1445 70 22 säsom
766 1444 82 27 tvistigt
