<?xml version="1.0" encoding="UTF-8"?>
<alto xmlns="http://www.loc.gov/standards/alto/ns-v3#" xmlns:xlink="http://www.w3.org/1999/xlink" xmlns:xsi="http://www.w3.org/2001/XMLSchema-instance" xsi:schemaLocation="http://www.loc.gov/standards/alto/ns-v3# http://www.loc.gov/alto/v3/alto-3-0.xsd">
	<Description>
		<MeasurementUnit>pixel</MeasurementUnit>
		<sourceImageInformation>
			<fileName>/tmp/tess_h_q7uox4_input.PNG</fileName>
		</sourceImageInformation>
		<OCRProcessing ID="OCR_0">
			<ocrProcessingStep>
				<processingSoftware>
					<softwareName>tesseract 5.3.4</softwareName>
				</processingSoftware>
			</ocrProcessingStep>
		</OCRProcessing>
	</Description>
	<Layout>
		<Page WIDTH="1039" HEIGHT="1720" PHYSICAL_IMG_NR="0" ID="page_0">
			<PrintSpace HPOS="0" VPOS="0" WIDTH="1039" HEIGHT="1720">
				<ComposedBlock ID="cblock_0" HPOS="214" VPOS="159" WIDTH="504" HEIGHT="28">
					<TextBlock ID="block_0" HPOS="214" VPOS="159" WIDTH="504" HEIGHT="28">
						<TextLine ID="line_0" HPOS="214" VPOS="159" WIDTH="504" HEIGHT="28">
							<String ID="string_0" HPOS="214" VPOS="161" WIDTH="12" HEIGHT="20" WC="0.95" CONTENT="2"/><SP WIDTH="187" VPOS="161" HPOS="226"/>
							<String ID="string_1" HPOS="413" VPOS="159" WIDTH="29" HEIGHT="22" WC="0.91" CONTENT="U."/><SP WIDTH="16" VPOS="159" HPOS="442"/>
							<String ID="string_2" HPOS="458" VPOS="159" WIDTH="28" HEIGHT="23" WC="0.91" CONTENT="B."/><SP WIDTH="14" VPOS="159" HPOS="486"/>
							<String ID="string_3" HPOS="500" VPOS="171" WIDTH="29" HEIGHT="4" WC="0.91" CONTENT="—"/><SP WIDTH="14" VPOS="171" HPOS="529"/>
							<String ID="string_4" HPOS="543" VPOS="159" WIDTH="75" HEIGHT="28" WC="0.95" CONTENT="Prop."/><SP WIDTH="16" VPOS="159" HPOS="618"/>
							<String ID="string_5" HPOS="634" VPOS="159" WIDTH="45" HEIGHT="22" WC="0.89" CONTENT="N:o"/><SP WIDTH="17" VPOS="159" HPOS="679"/>
							<String ID="string_6" HPOS="696" VPOS="159" WIDTH="22" HEIGHT="23" WC="0.96" CONTENT="6."/>
						</TextLine>
					</TextBlock>
				</ComposedBlock>
				<ComposedBlock ID="cblock_1" HPOS="182" VPOS="226" WIDTH="761" HEIGHT="1297">
					<TextBlock ID="block_1" HPOS="182" VPOS="226" WIDTH="761" HEIGHT="1297">
						<TextLine ID="line_1" HPOS="184" VPOS="226" WIDTH="756" HEIGHT="31">
							<String ID="string_7" HPOS="184" VPOS="227" WIDTH="124" HEIGHT="26" WC="0.92" CONTENT="lemnades,"/><SP WIDTH="16" VPOS="227" HPOS="308"/>
							<String ID="string_8" HPOS="324" VPOS="226" WIDTH="100" HEIGHT="23" WC="0.93" CONTENT="erkände"/><SP WIDTH="15" VPOS="226" HPOS="424"/>
							<String ID="string_9" HPOS="439" VPOS="227" WIDTH="141" HEIGHT="29" WC="0.89" CONTENT="giltigheten"/><SP WIDTH="15" VPOS="227" HPOS="580"/>
							<String ID="string_10" HPOS="595" VPOS="227" WIDTH="26" HEIGHT="22" WC="0.96" CONTENT="af"/><SP WIDTH="13" VPOS="227" HPOS="621"/>
							<String ID="string_11" HPOS="634" VPOS="227" WIDTH="39" HEIGHT="22" WC="0.96" CONTENT="det"/><SP WIDTH="9" VPOS="227" HPOS="673"/>
							<String ID="string_12" HPOS="682" VPOS="227" WIDTH="37" HEIGHT="21" WC="0.93" CONTENT="för"/><SP WIDTH="10" VPOS="227" HPOS="719"/>
							<String ID="string_13" HPOS="729" VPOS="226" WIDTH="211" HEIGHT="31" WC="0.89" CONTENT="skatteförhöjning"/>
						</TextLine>
						<TextLine ID="line_2" HPOS="185" VPOS="261" WIDTH="755" HEIGHT="29">
							<String ID="string_14" HPOS="185" VPOS="261" WIDTH="129" HEIGHT="29" WC="0.95" CONTENT="åberopade"/><SP WIDTH="22" VPOS="261" HPOS="314"/>
							<String ID="string_15" HPOS="336" VPOS="261" WIDTH="80" HEIGHT="28" WC="0.93" CONTENT="skälet,"/><SP WIDTH="18" VPOS="261" HPOS="416"/>
							<String ID="string_16" HPOS="434" VPOS="261" WIDTH="100" HEIGHT="22" WC="0.93" CONTENT="hvarhos"/><SP WIDTH="23" VPOS="261" HPOS="534"/>
							<String ID="string_17" HPOS="557" VPOS="261" WIDTH="121" HEIGHT="22" WC="0.96" CONTENT="Utskottet"/><SP WIDTH="14" VPOS="261" HPOS="678"/>
							<String ID="string_18" HPOS="692" VPOS="261" WIDTH="49" HEIGHT="22" WC="0.96" CONTENT="höll"/><SP WIDTH="16" VPOS="261" HPOS="741"/>
							<String ID="string_19" HPOS="757" VPOS="261" WIDTH="49" HEIGHT="22" WC="0.96" CONTENT="före"/><SP WIDTH="15" VPOS="261" HPOS="806"/>
							<String ID="string_20" HPOS="821" VPOS="263" WIDTH="35" HEIGHT="20" WC="0.93" CONTENT="att"/><SP WIDTH="14" VPOS="263" HPOS="856"/>
							<String ID="string_21" HPOS="870" VPOS="261" WIDTH="70" HEIGHT="22" WC="0.90" CONTENT="brän-"/>
						</TextLine>
						<TextLine ID="line_3" HPOS="183" VPOS="295" WIDTH="757" HEIGHT="30">
							<String ID="string_22" HPOS="183" VPOS="295" WIDTH="73" HEIGHT="28" WC="0.96" CONTENT="vinet,"/><SP WIDTH="22" VPOS="295" HPOS="256"/>
							<String ID="string_23" HPOS="278" VPOS="296" WIDTH="75" HEIGHT="21" WC="0.96" CONTENT="såsom"/><SP WIDTH="23" VPOS="296" HPOS="353"/>
							<String ID="string_24" HPOS="376" VPOS="303" WIDTH="28" HEIGHT="14" WC="0.93" CONTENT="en"/><SP WIDTH="16" VPOS="303" HPOS="404"/>
							<String ID="string_25" HPOS="420" VPOS="295" WIDTH="179" HEIGHT="22" WC="0.92" CONTENT="öfverflödsvara"/><SP WIDTH="16" VPOS="295" HPOS="599"/>
							<String ID="string_26" HPOS="615" VPOS="295" WIDTH="55" HEIGHT="22" WC="0.96" CONTENT="eller"/><SP WIDTH="15" VPOS="295" HPOS="670"/>
							<String ID="string_27" HPOS="685" VPOS="297" WIDTH="34" HEIGHT="20" WC="0.93" CONTENT="ett"/><SP WIDTH="14" VPOS="297" HPOS="719"/>
							<String ID="string_28" HPOS="733" VPOS="295" WIDTH="130" HEIGHT="29" WC="0.89" CONTENT="förderfligt"/><SP WIDTH="15" VPOS="295" HPOS="863"/>
							<String ID="string_29" HPOS="878" VPOS="296" WIDTH="62" HEIGHT="29" WC="0.92" CONTENT="njut-"/>
						</TextLine>
						<TextLine ID="line_4" HPOS="184" VPOS="329" WIDTH="756" HEIGHT="30">
							<String ID="string_30" HPOS="184" VPOS="329" WIDTH="152" HEIGHT="29" WC="0.92" CONTENT="ningsmedel,"/><SP WIDTH="23" VPOS="329" HPOS="336"/>
							<String ID="string_31" HPOS="359" VPOS="337" WIDTH="55" HEIGHT="14" WC="0.92" CONTENT="vore"/><SP WIDTH="22" VPOS="337" HPOS="414"/>
							<String ID="string_32" HPOS="436" VPOS="331" WIDTH="34" HEIGHT="20" WC="0.96" CONTENT="ett"/><SP WIDTH="21" VPOS="331" HPOS="470"/>
							<String ID="string_33" HPOS="491" VPOS="329" WIDTH="108" HEIGHT="30" WC="0.93" CONTENT="lämpligt"/><SP WIDTH="18" VPOS="329" HPOS="599"/>
							<String ID="string_34" HPOS="617" VPOS="329" WIDTH="165" HEIGHT="29" WC="0.92" CONTENT="skatteobjekt;"/><SP WIDTH="17" VPOS="329" HPOS="782"/>
							<String ID="string_35" HPOS="799" VPOS="329" WIDTH="42" HEIGHT="22" WC="0.93" CONTENT="och"/><SP WIDTH="16" VPOS="329" HPOS="841"/>
							<String ID="string_36" HPOS="857" VPOS="330" WIDTH="83" HEIGHT="22" WC="0.92" CONTENT="ehuru-"/>
						</TextLine>
						<TextLine ID="line_5" HPOS="184" VPOS="363" WIDTH="755" HEIGHT="32">
							<String ID="string_37" HPOS="184" VPOS="363" WIDTH="40" HEIGHT="22" WC="0.96" CONTENT="väl"/><SP WIDTH="22" VPOS="363" HPOS="224"/>
							<String ID="string_38" HPOS="246" VPOS="371" WIDTH="28" HEIGHT="14" WC="0.93" CONTENT="en"/><SP WIDTH="22" VPOS="371" HPOS="274"/>
							<String ID="string_39" HPOS="296" VPOS="363" WIDTH="70" HEIGHT="22" WC="0.92" CONTENT="altför"/><SP WIDTH="21" VPOS="363" HPOS="366"/>
							<String ID="string_40" HPOS="387" VPOS="364" WIDTH="47" HEIGHT="28" WC="0.92" CONTENT="hög"/><SP WIDTH="22" VPOS="364" HPOS="434"/>
							<String ID="string_41" HPOS="456" VPOS="364" WIDTH="63" HEIGHT="21" WC="0.91" CONTENT="skatt"/><SP WIDTH="22" VPOS="364" HPOS="519"/>
							<String ID="string_42" HPOS="541" VPOS="364" WIDTH="31" HEIGHT="29" WC="0.93" CONTENT="pä"/><SP WIDTH="21" VPOS="364" HPOS="572"/>
							<String ID="string_43" HPOS="593" VPOS="363" WIDTH="98" HEIGHT="22" WC="0.90" CONTENT="bränvin"/><SP WIDTH="22" VPOS="363" HPOS="691"/>
							<String ID="string_44" HPOS="713" VPOS="363" WIDTH="85" HEIGHT="32" WC="0.96" CONTENT="kunde"/><SP WIDTH="14" VPOS="363" HPOS="798"/>
							<String ID="string_45" HPOS="812" VPOS="366" WIDTH="83" HEIGHT="27" WC="0.96" CONTENT="utgöra"/><SP WIDTH="16" VPOS="366" HPOS="895"/>
							<String ID="string_46" HPOS="911" VPOS="372" WIDTH="28" HEIGHT="14" WC="0.96" CONTENT="en"/>
						</TextLine>
						<TextLine ID="line_6" HPOS="184" VPOS="397" WIDTH="756" HEIGHT="30">
							<String ID="string_47" HPOS="184" VPOS="398" WIDTH="64" HEIGHT="21" WC="0.92" CONTENT="stark"/><SP WIDTH="15" VPOS="398" HPOS="248"/>
							<String ID="string_48" HPOS="263" VPOS="397" WIDTH="100" HEIGHT="23" WC="0.88" CONTENT="lockelse"/><SP WIDTH="15" VPOS="397" HPOS="363"/>
							<String ID="string_49" HPOS="378" VPOS="398" WIDTH="37" HEIGHT="21" WC="0.93" CONTENT="till"/><SP WIDTH="15" VPOS="398" HPOS="415"/>
							<String ID="string_50" HPOS="430" VPOS="397" WIDTH="219" HEIGHT="29" WC="0.92" CONTENT="lagöfverträdelser"/><SP WIDTH="15" VPOS="397" HPOS="649"/>
							<String ID="string_51" HPOS="664" VPOS="397" WIDTH="25" HEIGHT="22" WC="0.96" CONTENT="af"/><SP WIDTH="8" VPOS="397" HPOS="689"/>
							<String ID="string_52" HPOS="697" VPOS="398" WIDTH="101" HEIGHT="22" WC="0.96" CONTENT="nämnda"/><SP WIDTH="15" VPOS="398" HPOS="798"/>
							<String ID="string_53" HPOS="813" VPOS="398" WIDTH="52" HEIGHT="29" WC="0.96" CONTENT="slag"/><SP WIDTH="14" VPOS="398" HPOS="865"/>
							<String ID="string_54" HPOS="879" VPOS="401" WIDTH="61" HEIGHT="20" WC="0.96" CONTENT="samt"/>
						</TextLine>
						<TextLine ID="line_7" HPOS="184" VPOS="431" WIDTH="755" HEIGHT="31">
							<String ID="string_55" HPOS="184" VPOS="432" WIDTH="132" HEIGHT="22" WC="0.92" CONTENT="varsamhet"/><SP WIDTH="21" VPOS="432" HPOS="316"/>
							<String ID="string_56" HPOS="337" VPOS="432" WIDTH="8" HEIGHT="21" WC="0.93" CONTENT="i"/><SP WIDTH="23" VPOS="432" HPOS="345"/>
							<String ID="string_57" HPOS="368" VPOS="431" WIDTH="83" HEIGHT="29" WC="0.91" CONTENT="antydt"/><SP WIDTH="22" VPOS="431" HPOS="451"/>
							<String ID="string_58" HPOS="473" VPOS="431" WIDTH="107" HEIGHT="23" WC="0.91" CONTENT="afseende"/><SP WIDTH="26" VPOS="431" HPOS="580"/>
							<String ID="string_59" HPOS="606" VPOS="432" WIDTH="88" HEIGHT="21" WC="0.91" CONTENT="säledes"/><SP WIDTH="25" VPOS="432" HPOS="694"/>
							<String ID="string_60" HPOS="719" VPOS="431" WIDTH="72" HEIGHT="22" WC="0.93" CONTENT="borde"/><SP WIDTH="24" VPOS="431" HPOS="791"/>
							<String ID="string_61" HPOS="815" VPOS="432" WIDTH="124" HEIGHT="30" WC="0.90" CONTENT="iakttagas,"/>
						</TextLine>
						<TextLine ID="line_8" HPOS="185" VPOS="466" WIDTH="754" HEIGHT="30">
							<String ID="string_62" HPOS="185" VPOS="467" WIDTH="72" HEIGHT="28" WC="0.95" CONTENT="ansåg"/><SP WIDTH="21" VPOS="467" HPOS="257"/>
							<String ID="string_63" HPOS="278" VPOS="466" WIDTH="114" HEIGHT="22" WC="0.96" CONTENT="utskottet"/><SP WIDTH="20" VPOS="466" HPOS="392"/>
							<String ID="string_64" HPOS="412" VPOS="468" WIDTH="35" HEIGHT="20" WC="0.93" CONTENT="att"/><SP WIDTH="15" VPOS="468" HPOS="447"/>
							<String ID="string_65" HPOS="462" VPOS="466" WIDTH="92" HEIGHT="22" WC="0.96" CONTENT="skatten"/><SP WIDTH="14" VPOS="466" HPOS="554"/>
							<String ID="string_66" HPOS="568" VPOS="468" WIDTH="58" HEIGHT="19" WC="0.93" CONTENT="utan"/><SP WIDTH="16" VPOS="468" HPOS="626"/>
							<String ID="string_67" HPOS="642" VPOS="466" WIDTH="125" HEIGHT="29" WC="0.96" CONTENT="olägenhet"/><SP WIDTH="14" VPOS="466" HPOS="767"/>
							<String ID="string_68" HPOS="781" VPOS="466" WIDTH="78" HEIGHT="22" WC="0.93" CONTENT="kunde"/><SP WIDTH="15" VPOS="466" HPOS="859"/>
							<String ID="string_69" HPOS="874" VPOS="467" WIDTH="65" HEIGHT="29" WC="0.96" CONTENT="höjas"/>
						</TextLine>
						<TextLine ID="line_9" HPOS="184" VPOS="500" WIDTH="756" HEIGHT="29">
							<String ID="string_70" HPOS="184" VPOS="500" WIDTH="61" HEIGHT="22" WC="0.96" CONTENT="ända"/><SP WIDTH="21" VPOS="500" HPOS="245"/>
							<String ID="string_71" HPOS="266" VPOS="501" WIDTH="37" HEIGHT="21" WC="0.96" CONTENT="till"/><SP WIDTH="24" VPOS="501" HPOS="303"/>
							<String ID="string_72" HPOS="327" VPOS="508" WIDTH="29" HEIGHT="14" WC="0.96" CONTENT="en"/><SP WIDTH="14" VPOS="508" HPOS="356"/>
							<String ID="string_73" HPOS="370" VPOS="500" WIDTH="65" HEIGHT="22" WC="0.96" CONTENT="mark"/><SP WIDTH="16" VPOS="500" HPOS="435"/>
							<String ID="string_74" HPOS="451" VPOS="500" WIDTH="73" HEIGHT="22" WC="0.93" CONTENT="sextio"/><SP WIDTH="15" VPOS="500" HPOS="524"/>
							<String ID="string_75" HPOS="539" VPOS="500" WIDTH="73" HEIGHT="29" WC="0.96" CONTENT="penni"/><SP WIDTH="16" VPOS="500" HPOS="612"/>
							<String ID="string_76" HPOS="628" VPOS="500" WIDTH="36" HEIGHT="22" WC="0.96" CONTENT="för"/><SP WIDTH="15" VPOS="500" HPOS="664"/>
							<String ID="string_77" HPOS="679" VPOS="501" WIDTH="102" HEIGHT="21" WC="0.96" CONTENT="kannan."/><SP WIDTH="30" VPOS="501" HPOS="781"/>
							<String ID="string_78" HPOS="811" VPOS="501" WIDTH="78" HEIGHT="22" WC="0.93" CONTENT="Sedan"/><SP WIDTH="14" VPOS="501" HPOS="889"/>
							<String ID="string_79" HPOS="903" VPOS="505" WIDTH="37" HEIGHT="19" WC="0.93" CONTENT="ut-"/>
						</TextLine>
						<TextLine ID="line_10" HPOS="183" VPOS="534" WIDTH="756" HEIGHT="30">
							<String ID="string_80" HPOS="183" VPOS="535" WIDTH="99" HEIGHT="22" WC="0.92" CONTENT="skottets"/><SP WIDTH="16" VPOS="535" HPOS="282"/>
							<String ID="string_81" HPOS="298" VPOS="534" WIDTH="87" HEIGHT="30" WC="0.93" CONTENT="förslag"/><SP WIDTH="15" VPOS="534" HPOS="385"/>
							<String ID="string_82" HPOS="400" VPOS="535" WIDTH="102" HEIGHT="28" WC="0.92" CONTENT="antagits"/><SP WIDTH="16" VPOS="535" HPOS="502"/>
							<String ID="string_83" HPOS="518" VPOS="535" WIDTH="26" HEIGHT="21" WC="0.93" CONTENT="af"/><SP WIDTH="13" VPOS="535" HPOS="544"/>
							<String ID="string_84" HPOS="557" VPOS="534" WIDTH="137" HEIGHT="28" WC="0.92" CONTENT="Ständerna,"/><SP WIDTH="15" VPOS="534" HPOS="694"/>
							<String ID="string_85" HPOS="709" VPOS="535" WIDTH="134" HEIGHT="22" WC="0.92" CONTENT="faststäldes"/><SP WIDTH="12" VPOS="535" HPOS="843"/>
							<String ID="string_86" HPOS="855" VPOS="544" WIDTH="84" HEIGHT="20" WC="0.96" CONTENT="genom"/>
						</TextLine>
						<TextLine ID="line_11" HPOS="183" VPOS="569" WIDTH="758" HEIGHT="29">
							<String ID="string_87" HPOS="183" VPOS="569" WIDTH="133" HEIGHT="29" WC="0.96" CONTENT="Kejserliga"/><SP WIDTH="21" VPOS="569" HPOS="316"/>
							<String ID="string_88" HPOS="337" VPOS="569" WIDTH="166" HEIGHT="28" WC="0.96" CONTENT="förordningen"/><SP WIDTH="21" VPOS="569" HPOS="503"/>
							<String ID="string_89" HPOS="524" VPOS="569" WIDTH="26" HEIGHT="22" WC="0.96" CONTENT="af"/><SP WIDTH="13" VPOS="569" HPOS="550"/>
							<String ID="string_90" HPOS="563" VPOS="569" WIDTH="45" HEIGHT="21" WC="0.96" CONTENT="den"/><SP WIDTH="17" VPOS="569" HPOS="608"/>
							<String ID="string_91" HPOS="625" VPOS="570" WIDTH="24" HEIGHT="21" WC="0.96" CONTENT="16"/><SP WIDTH="14" VPOS="570" HPOS="649"/>
							<String ID="string_92" HPOS="663" VPOS="569" WIDTH="45" HEIGHT="29" WC="0.96" CONTENT="juli"/><SP WIDTH="16" VPOS="569" HPOS="708"/>
							<String ID="string_93" HPOS="724" VPOS="570" WIDTH="55" HEIGHT="22" WC="0.93" CONTENT="1886"/><SP WIDTH="16" VPOS="570" HPOS="779"/>
							<String ID="string_94" HPOS="795" VPOS="570" WIDTH="146" HEIGHT="23" WC="0.96" CONTENT="sistnämnda"/>
						</TextLine>
						<TextLine ID="line_12" HPOS="185" VPOS="604" WIDTH="755" HEIGHT="29">
							<String ID="string_95" HPOS="185" VPOS="604" WIDTH="160" HEIGHT="29" WC="0.92" CONTENT="skattebelopp"/><SP WIDTH="23" VPOS="604" HPOS="345"/>
							<String ID="string_96" HPOS="368" VPOS="606" WIDTH="34" HEIGHT="19" WC="0.93" CONTENT="att"/><SP WIDTH="22" VPOS="606" HPOS="402"/>
							<String ID="string_97" HPOS="424" VPOS="604" WIDTH="56" HEIGHT="29" WC="0.92" CONTENT="utgä"/><SP WIDTH="22" VPOS="604" HPOS="480"/>
							<String ID="string_98" HPOS="502" VPOS="604" WIDTH="62" HEIGHT="22" WC="0.91" CONTENT="intill"/><SP WIDTH="25" VPOS="604" HPOS="564"/>
							<String ID="string_99" HPOS="589" VPOS="605" WIDTH="61" HEIGHT="26" WC="0.96" CONTENT="1893,"/><SP WIDTH="23" VPOS="605" HPOS="650"/>
							<String ID="string_100" HPOS="673" VPOS="605" WIDTH="25" HEIGHT="21" WC="0.93" CONTENT="sä"/><SP WIDTH="22" VPOS="605" HPOS="698"/>
							<String ID="string_101" HPOS="720" VPOS="604" WIDTH="72" HEIGHT="22" WC="0.92" CONTENT="framt"/><SP WIDTH="15" VPOS="604" HPOS="792"/>
							<String ID="string_102" HPOS="807" VPOS="604" WIDTH="52" HEIGHT="23" WC="0.92" CONTENT="icke"/><SP WIDTH="15" VPOS="604" HPOS="859"/>
							<String ID="string_103" HPOS="874" VPOS="606" WIDTH="66" HEIGHT="21" WC="0.96" CONTENT="Hans"/>
						</TextLine>
						<TextLine ID="line_13" HPOS="183" VPOS="639" WIDTH="757" HEIGHT="29">
							<String ID="string_104" HPOS="183" VPOS="639" WIDTH="132" HEIGHT="29" WC="0.95" CONTENT="Kejserliga"/><SP WIDTH="9" VPOS="639" HPOS="315"/>
							<String ID="string_105" HPOS="324" VPOS="639" WIDTH="108" HEIGHT="29" WC="0.96" CONTENT="Majestät"/><SP WIDTH="11" VPOS="639" HPOS="432"/>
							<String ID="string_106" HPOS="443" VPOS="639" WIDTH="43" HEIGHT="22" WC="0.93" CONTENT="och"/><SP WIDTH="10" VPOS="639" HPOS="486"/>
							<String ID="string_107" HPOS="496" VPOS="639" WIDTH="132" HEIGHT="22" WC="0.92" CONTENT="Ständerna"/><SP WIDTH="8" VPOS="639" HPOS="628"/>
							<String ID="string_108" HPOS="636" VPOS="639" WIDTH="149" HEIGHT="22" WC="0.91" CONTENT="derförinnan"/><SP WIDTH="9" VPOS="639" HPOS="785"/>
							<String ID="string_109" HPOS="794" VPOS="641" WIDTH="146" HEIGHT="21" WC="0.96" CONTENT="annorlunda"/>
						</TextLine>
						<TextLine ID="line_14" HPOS="184" VPOS="673" WIDTH="755" HEIGHT="29">
							<String ID="string_110" HPOS="184" VPOS="674" WIDTH="94" HEIGHT="22" WC="0.92" CONTENT="beslöte."/><SP WIDTH="30" VPOS="674" HPOS="278"/>
							<String ID="string_111" HPOS="308" VPOS="673" WIDTH="47" HEIGHT="22" WC="0.96" CONTENT="Vid"/><SP WIDTH="17" VPOS="673" HPOS="355"/>
							<String ID="string_112" HPOS="372" VPOS="675" WIDTH="53" HEIGHT="21" WC="0.93" CONTENT="1888"/><SP WIDTH="17" VPOS="675" HPOS="425"/>
							<String ID="string_113" HPOS="442" VPOS="674" WIDTH="36" HEIGHT="21" WC="0.92" CONTENT="ärs"/><SP WIDTH="15" VPOS="674" HPOS="478"/>
							<String ID="string_114" HPOS="493" VPOS="673" WIDTH="112" HEIGHT="29" WC="0.92" CONTENT="landtdag"/><SP WIDTH="11" VPOS="673" HPOS="605"/>
							<String ID="string_115" HPOS="616" VPOS="673" WIDTH="183" HEIGHT="22" WC="0.92" CONTENT="öfverlemnades"/><SP WIDTH="11" VPOS="673" HPOS="799"/>
							<String ID="string_116" HPOS="810" VPOS="675" WIDTH="129" HEIGHT="22" WC="0.92" CONTENT="emellertid"/>
						</TextLine>
						<TextLine ID="line_15" HPOS="183" VPOS="708" WIDTH="756" HEIGHT="29">
							<String ID="string_117" HPOS="183" VPOS="709" WIDTH="39" HEIGHT="22" WC="0.93" CONTENT="till"/><SP WIDTH="12" VPOS="709" HPOS="222"/>
							<String ID="string_118" HPOS="234" VPOS="709" WIDTH="131" HEIGHT="21" WC="0.92" CONTENT="Ständerna"/><SP WIDTH="12" VPOS="709" HPOS="365"/>
							<String ID="string_119" HPOS="377" VPOS="708" WIDTH="71" HEIGHT="29" WC="0.92" CONTENT="nädig"/><SP WIDTH="10" VPOS="708" HPOS="448"/>
							<String ID="string_120" HPOS="458" VPOS="709" WIDTH="143" HEIGHT="28" WC="0.93" CONTENT="proposition"/><SP WIDTH="10" VPOS="709" HPOS="601"/>
							<String ID="string_121" HPOS="611" VPOS="709" WIDTH="121" HEIGHT="28" WC="0.92" CONTENT="angäende"/><SP WIDTH="10" VPOS="709" HPOS="732"/>
							<String ID="string_122" HPOS="742" VPOS="712" WIDTH="197" HEIGHT="25" WC="0.91" CONTENT="metersystemets"/>
						</TextLine>
						<TextLine ID="line_16" HPOS="184" VPOS="742" WIDTH="755" HEIGHT="30">
							<String ID="string_123" HPOS="184" VPOS="743" WIDTH="151" HEIGHT="29" WC="0.87" CONTENT="tillämpning"/><SP WIDTH="21" VPOS="743" HPOS="335"/>
							<String ID="string_124" HPOS="356" VPOS="743" WIDTH="40" HEIGHT="21" WC="0.93" CONTENT="vid"/><SP WIDTH="22" VPOS="743" HPOS="396"/>
							<String ID="string_125" HPOS="418" VPOS="743" WIDTH="152" HEIGHT="29" WC="0.92" CONTENT="tillverkning"/><SP WIDTH="15" VPOS="743" HPOS="570"/>
							<String ID="string_126" HPOS="585" VPOS="743" WIDTH="44" HEIGHT="22" WC="0.96" CONTENT="och"/><SP WIDTH="15" VPOS="743" HPOS="629"/>
							<String ID="string_127" HPOS="644" VPOS="742" WIDTH="140" HEIGHT="29" WC="0.96" CONTENT="försäljning"/><SP WIDTH="15" VPOS="742" HPOS="784"/>
							<String ID="string_128" HPOS="799" VPOS="743" WIDTH="26" HEIGHT="22" WC="0.93" CONTENT="af"/><SP WIDTH="13" VPOS="743" HPOS="825"/>
							<String ID="string_129" HPOS="838" VPOS="744" WIDTH="101" HEIGHT="22" WC="0.92" CONTENT="bränvin"/>
						</TextLine>
						<TextLine ID="line_17" HPOS="184" VPOS="777" WIDTH="755" HEIGHT="30">
							<String ID="string_130" HPOS="184" VPOS="778" WIDTH="44" HEIGHT="22" WC="0.96" CONTENT="och"/><SP WIDTH="15" VPOS="778" HPOS="228"/>
							<String ID="string_131" HPOS="243" VPOS="777" WIDTH="71" HEIGHT="22" WC="0.93" CONTENT="andra"/><SP WIDTH="16" VPOS="777" HPOS="314"/>
							<String ID="string_132" HPOS="330" VPOS="777" WIDTH="162" HEIGHT="30" WC="0.90" CONTENT="spritdrycker,"/><SP WIDTH="16" VPOS="777" HPOS="492"/>
							<String ID="string_133" HPOS="508" VPOS="777" WIDTH="67" HEIGHT="22" WC="0.92" CONTENT="hvari"/><SP WIDTH="14" VPOS="777" HPOS="575"/>
							<String ID="string_134" HPOS="589" VPOS="777" WIDTH="120" HEIGHT="29" WC="0.96" CONTENT="föreslogs,"/><SP WIDTH="16" VPOS="777" HPOS="709"/>
							<String ID="string_135" HPOS="725" VPOS="777" WIDTH="71" HEIGHT="22" WC="0.96" CONTENT="bland"/><SP WIDTH="11" VPOS="777" HPOS="796"/>
							<String ID="string_136" HPOS="807" VPOS="781" WIDTH="76" HEIGHT="25" WC="0.96" CONTENT="annat,"/><SP WIDTH="14" VPOS="781" HPOS="883"/>
							<String ID="string_137" HPOS="897" VPOS="781" WIDTH="42" HEIGHT="26" WC="0.96" CONTENT="att,"/>
						</TextLine>
						<TextLine ID="line_18" HPOS="184" VPOS="811" WIDTH="755" HEIGHT="32">
							<String ID="string_138" HPOS="184" VPOS="817" WIDTH="56" HEIGHT="17" WC="0.93" CONTENT="enär"/><SP WIDTH="20" VPOS="817" HPOS="240"/>
							<String ID="string_139" HPOS="260" VPOS="812" WIDTH="45" HEIGHT="21" WC="0.96" CONTENT="den"/><SP WIDTH="19" VPOS="812" HPOS="305"/>
							<String ID="string_140" HPOS="324" VPOS="812" WIDTH="9" HEIGHT="21" WC="0.93" CONTENT="i"/><SP WIDTH="15" VPOS="812" HPOS="333"/>
							<String ID="string_141" HPOS="348" VPOS="811" WIDTH="115" HEIGHT="29" WC="0.93" CONTENT="sistsagda"/><SP WIDTH="15" VPOS="811" HPOS="463"/>
							<String ID="string_142" HPOS="478" VPOS="811" WIDTH="137" HEIGHT="30" WC="0.92" CONTENT="förordning"/><SP WIDTH="14" VPOS="811" HPOS="615"/>
							<String ID="string_143" HPOS="629" VPOS="814" WIDTH="120" HEIGHT="27" WC="0.92" CONTENT="upptagna"/><SP WIDTH="16" VPOS="814" HPOS="749"/>
							<String ID="string_144" HPOS="765" VPOS="812" WIDTH="174" HEIGHT="31" WC="0.92" CONTENT="tillverknings-"/>
						</TextLine>
						<TextLine ID="line_19" HPOS="183" VPOS="846" WIDTH="758" HEIGHT="28">
							<String ID="string_145" HPOS="183" VPOS="847" WIDTH="94" HEIGHT="21" WC="0.92" CONTENT="skatten"/><SP WIDTH="15" VPOS="847" HPOS="277"/>
							<String ID="string_146" HPOS="292" VPOS="846" WIDTH="117" HEIGHT="22" WC="0.92" CONTENT="beräknad"/><SP WIDTH="16" VPOS="846" HPOS="409"/>
							<String ID="string_147" HPOS="425" VPOS="846" WIDTH="59" HEIGHT="21" WC="0.96" CONTENT="efter"/><SP WIDTH="15" VPOS="846" HPOS="484"/>
							<String ID="string_148" HPOS="499" VPOS="846" WIDTH="39" HEIGHT="22" WC="0.93" CONTENT="det"/><SP WIDTH="15" VPOS="846" HPOS="538"/>
							<String ID="string_149" HPOS="553" VPOS="846" WIDTH="110" HEIGHT="21" WC="0.92" CONTENT="metriska"/><SP WIDTH="15" VPOS="846" HPOS="663"/>
							<String ID="string_150" HPOS="678" VPOS="848" WIDTH="112" HEIGHT="26" WC="0.93" CONTENT="systemet"/><SP WIDTH="12" VPOS="848" HPOS="790"/>
							<String ID="string_151" HPOS="802" VPOS="847" WIDTH="92" HEIGHT="21" WC="0.92" CONTENT="komme"/><SP WIDTH="11" VPOS="847" HPOS="894"/>
							<String ID="string_152" HPOS="905" VPOS="849" WIDTH="36" HEIGHT="19" WC="0.95" CONTENT="att"/>
						</TextLine>
						<TextLine ID="line_20" HPOS="183" VPOS="880" WIDTH="758" HEIGHT="30">
							<String ID="string_153" HPOS="183" VPOS="884" WIDTH="84" HEIGHT="26" WC="0.93" CONTENT="utgöra"/><SP WIDTH="19" VPOS="884" HPOS="267"/>
							<String ID="string_154" HPOS="286" VPOS="882" WIDTH="65" HEIGHT="26" WC="0.88" CONTENT="61,134"/><SP WIDTH="21" VPOS="882" HPOS="351"/>
							<String ID="string_155" HPOS="372" VPOS="880" WIDTH="71" HEIGHT="29" WC="0.96" CONTENT="penni"/><SP WIDTH="19" VPOS="880" HPOS="443"/>
							<String ID="string_156" HPOS="462" VPOS="888" WIDTH="40" HEIGHT="21" WC="0.93" CONTENT="per"/><SP WIDTH="22" VPOS="888" HPOS="502"/>
							<String ID="string_157" HPOS="524" VPOS="880" WIDTH="60" HEIGHT="27" WC="0.91" CONTENT="liter,"/><SP WIDTH="18" VPOS="880" HPOS="584"/>
							<String ID="string_158" HPOS="602" VPOS="888" WIDTH="28" HEIGHT="13" WC="0.93" CONTENT="en"/><SP WIDTH="15" VPOS="888" HPOS="630"/>
							<String ID="string_159" HPOS="645" VPOS="880" WIDTH="132" HEIGHT="29" WC="0.89" CONTENT="utjemning"/><SP WIDTH="16" VPOS="880" HPOS="777"/>
							<String ID="string_160" HPOS="793" VPOS="880" WIDTH="25" HEIGHT="22" WC="0.96" CONTENT="af"/><SP WIDTH="14" VPOS="880" HPOS="818"/>
							<String ID="string_161" HPOS="832" VPOS="881" WIDTH="109" HEIGHT="29" WC="0.96" CONTENT="beloppet"/>
						</TextLine>
						<TextLine ID="line_21" HPOS="183" VPOS="914" WIDTH="757" HEIGHT="30">
							<String ID="string_162" HPOS="183" VPOS="916" WIDTH="73" HEIGHT="21" WC="0.90" CONTENT="mätte"/><SP WIDTH="20" VPOS="916" HPOS="256"/>
							<String ID="string_163" HPOS="276" VPOS="915" WIDTH="40" HEIGHT="21" WC="0.91" CONTENT="ske"/><SP WIDTH="18" VPOS="915" HPOS="316"/>
							<String ID="string_164" HPOS="334" VPOS="914" WIDTH="43" HEIGHT="22" WC="0.96" CONTENT="och"/><SP WIDTH="16" VPOS="914" HPOS="377"/>
							<String ID="string_165" HPOS="393" VPOS="914" WIDTH="64" HEIGHT="22" WC="0.93" CONTENT="detta"/><SP WIDTH="14" VPOS="914" HPOS="457"/>
							<String ID="string_166" HPOS="471" VPOS="915" WIDTH="80" HEIGHT="29" WC="0.93" CONTENT="uppät,"/><SP WIDTH="17" VPOS="915" HPOS="551"/>
							<String ID="string_167" HPOS="568" VPOS="914" WIDTH="29" HEIGHT="22" WC="0.96" CONTENT="dä"/><SP WIDTH="16" VPOS="914" HPOS="597"/>
							<String ID="string_168" HPOS="613" VPOS="922" WIDTH="28" HEIGHT="14" WC="0.93" CONTENT="en"/><SP WIDTH="15" VPOS="922" HPOS="641"/>
							<String ID="string_169" HPOS="656" VPOS="914" WIDTH="135" HEIGHT="30" WC="0.92" CONTENT="förhöjning"/><SP WIDTH="15" VPOS="914" HPOS="791"/>
							<String ID="string_170" HPOS="806" VPOS="915" WIDTH="27" HEIGHT="21" WC="0.93" CONTENT="af"/><SP WIDTH="13" VPOS="915" HPOS="833"/>
							<String ID="string_171" HPOS="846" VPOS="916" WIDTH="94" HEIGHT="22" WC="0.93" CONTENT="skatten"/>
						</TextLine>
						<TextLine ID="line_22" HPOS="183" VPOS="949" WIDTH="756" HEIGHT="29">
							<String ID="string_172" HPOS="183" VPOS="952" WIDTH="79" HEIGHT="26" WC="0.92" CONTENT="syntes"/><SP WIDTH="11" VPOS="952" HPOS="262"/>
							<String ID="string_173" HPOS="273" VPOS="949" WIDTH="8" HEIGHT="21" WC="0.93" CONTENT="i"/><SP WIDTH="11" VPOS="949" HPOS="281"/>
							<String ID="string_174" HPOS="292" VPOS="949" WIDTH="45" HEIGHT="22" WC="0.93" CONTENT="allo"/><SP WIDTH="11" VPOS="949" HPOS="337"/>
							<String ID="string_175" HPOS="348" VPOS="951" WIDTH="117" HEIGHT="20" WC="0.93" CONTENT="motsvara"/><SP WIDTH="9" VPOS="951" HPOS="465"/>
							<String ID="string_176" HPOS="474" VPOS="949" WIDTH="178" HEIGHT="28" WC="0.92" CONTENT="förordningens"/><SP WIDTH="11" VPOS="949" HPOS="652"/>
							<String ID="string_177" HPOS="663" VPOS="949" WIDTH="68" HEIGHT="28" WC="0.94" CONTENT="syfte."/><SP WIDTH="14" VPOS="949" HPOS="731"/>
							<String ID="string_178" HPOS="745" VPOS="950" WIDTH="12" HEIGHT="20" WC="0.93" CONTENT="I"/><SP WIDTH="8" VPOS="950" HPOS="757"/>
							<String ID="string_179" HPOS="765" VPOS="950" WIDTH="115" HEIGHT="21" WC="0.92" CONTENT="anseende"/><SP WIDTH="8" VPOS="950" HPOS="880"/>
							<String ID="string_180" HPOS="888" VPOS="950" WIDTH="51" HEIGHT="22" WC="0.92" CONTENT="här-"/>
						</TextLine>
						<TextLine ID="line_23" HPOS="183" VPOS="983" WIDTH="758" HEIGHT="23">
							<String ID="string_181" HPOS="183" VPOS="984" WIDTH="38" HEIGHT="22" WC="0.95" CONTENT="till"/><SP WIDTH="15" VPOS="984" HPOS="221"/>
							<String ID="string_182" HPOS="236" VPOS="986" WIDTH="58" HEIGHT="20" WC="0.96" CONTENT="samt"/><SP WIDTH="15" VPOS="986" HPOS="294"/>
							<String ID="string_183" HPOS="309" VPOS="983" WIDTH="53" HEIGHT="22" WC="0.96" CONTENT="med"/><SP WIDTH="14" VPOS="983" HPOS="362"/>
							<String ID="string_184" HPOS="376" VPOS="983" WIDTH="130" HEIGHT="23" WC="0.92" CONTENT="beaktande"/><SP WIDTH="16" VPOS="983" HPOS="506"/>
							<String ID="string_185" HPOS="522" VPOS="983" WIDTH="67" HEIGHT="22" WC="0.92" CONTENT="deraf"/><SP WIDTH="14" VPOS="983" HPOS="589"/>
							<String ID="string_186" HPOS="603" VPOS="986" WIDTH="34" HEIGHT="18" WC="0.93" CONTENT="att"/><SP WIDTH="15" VPOS="986" HPOS="637"/>
							<String ID="string_187" HPOS="652" VPOS="984" WIDTH="93" HEIGHT="21" WC="0.91" CONTENT="skatten"/><SP WIDTH="15" VPOS="984" HPOS="745"/>
							<String ID="string_188" HPOS="760" VPOS="984" WIDTH="51" HEIGHT="22" WC="0.92" CONTENT="icke"/><SP WIDTH="12" VPOS="984" HPOS="811"/>
							<String ID="string_189" HPOS="823" VPOS="984" WIDTH="78" HEIGHT="22" WC="0.93" CONTENT="blefve"/><SP WIDTH="13" VPOS="984" HPOS="901"/>
							<String ID="string_190" HPOS="914" VPOS="986" WIDTH="27" HEIGHT="20" WC="0.96" CONTENT="sä"/>
						</TextLine>
						<TextLine ID="line_24" HPOS="183" VPOS="1017" WIDTH="758" HEIGHT="31">
							<String ID="string_191" HPOS="183" VPOS="1018" WIDTH="100" HEIGHT="29" WC="0.88" CONTENT="stegrad,"/><SP WIDTH="17" VPOS="1018" HPOS="283"/>
							<String ID="string_192" HPOS="300" VPOS="1020" WIDTH="34" HEIGHT="19" WC="0.96" CONTENT="att"/><SP WIDTH="15" VPOS="1020" HPOS="334"/>
							<String ID="string_193" HPOS="349" VPOS="1018" WIDTH="44" HEIGHT="21" WC="0.96" CONTENT="den"/><SP WIDTH="16" VPOS="1018" HPOS="393"/>
							<String ID="string_194" HPOS="409" VPOS="1017" WIDTH="74" HEIGHT="22" WC="0.93" CONTENT="skulle"/><SP WIDTH="15" VPOS="1017" HPOS="483"/>
							<String ID="string_195" HPOS="498" VPOS="1018" WIDTH="123" HEIGHT="22" WC="0.93" CONTENT="framkalla"/><SP WIDTH="16" VPOS="1018" HPOS="621"/>
							<String ID="string_196" HPOS="637" VPOS="1018" WIDTH="55" HEIGHT="21" WC="0.93" CONTENT="eller"/><SP WIDTH="11" VPOS="1018" HPOS="692"/>
							<String ID="string_197" HPOS="703" VPOS="1018" WIDTH="108" HEIGHT="22" WC="0.93" CONTENT="befordra"/><SP WIDTH="9" VPOS="1018" HPOS="811"/>
							<String ID="string_198" HPOS="820" VPOS="1018" WIDTH="121" HEIGHT="30" WC="0.92" CONTENT="insmugg-"/>
						</TextLine>
						<TextLine ID="line_25" HPOS="182" VPOS="1052" WIDTH="758" HEIGHT="30">
							<String ID="string_199" HPOS="182" VPOS="1053" WIDTH="51" HEIGHT="29" WC="0.93" CONTENT="ling"/><SP WIDTH="15" VPOS="1053" HPOS="233"/>
							<String ID="string_200" HPOS="248" VPOS="1053" WIDTH="26" HEIGHT="21" WC="0.93" CONTENT="af"/><SP WIDTH="8" VPOS="1053" HPOS="274"/>
							<String ID="string_201" HPOS="282" VPOS="1052" WIDTH="99" HEIGHT="22" WC="0.92" CONTENT="bränvin"/><SP WIDTH="10" VPOS="1052" HPOS="381"/>
							<String ID="string_202" HPOS="391" VPOS="1052" WIDTH="56" HEIGHT="22" WC="0.93" CONTENT="eller"/><SP WIDTH="10" VPOS="1052" HPOS="447"/>
							<String ID="string_203" HPOS="457" VPOS="1052" WIDTH="179" HEIGHT="29" WC="0.92" CONTENT="lönnbränning,"/><SP WIDTH="12" VPOS="1052" HPOS="636"/>
							<String ID="string_204" HPOS="648" VPOS="1052" WIDTH="93" HEIGHT="29" WC="0.96" CONTENT="gjordes"/><SP WIDTH="10" VPOS="1052" HPOS="741"/>
							<String ID="string_205" HPOS="751" VPOS="1053" WIDTH="8" HEIGHT="21" WC="0.93" CONTENT="i"/><SP WIDTH="12" VPOS="1053" HPOS="759"/>
							<String ID="string_206" HPOS="771" VPOS="1053" WIDTH="71" HEIGHT="29" WC="0.92" CONTENT="sagda"/><SP WIDTH="10" VPOS="1053" HPOS="842"/>
							<String ID="string_207" HPOS="852" VPOS="1054" WIDTH="88" HEIGHT="28" WC="0.91" CONTENT="nädiga"/>
						</TextLine>
						<TextLine ID="line_26" HPOS="182" VPOS="1086" WIDTH="757" HEIGHT="31">
							<String ID="string_208" HPOS="182" VPOS="1087" WIDTH="144" HEIGHT="30" WC="0.96" CONTENT="proposition"/><SP WIDTH="22" VPOS="1087" HPOS="326"/>
							<String ID="string_209" HPOS="348" VPOS="1086" WIDTH="173" HEIGHT="30" WC="0.96" CONTENT="framställning"/><SP WIDTH="23" VPOS="1086" HPOS="521"/>
							<String ID="string_210" HPOS="544" VPOS="1094" WIDTH="36" HEIGHT="15" WC="0.96" CONTENT="om"/><SP WIDTH="24" VPOS="1094" HPOS="580"/>
							<String ID="string_211" HPOS="604" VPOS="1089" WIDTH="35" HEIGHT="19" WC="0.93" CONTENT="att"/><SP WIDTH="25" VPOS="1089" HPOS="639"/>
							<String ID="string_212" HPOS="664" VPOS="1088" WIDTH="93" HEIGHT="21" WC="0.92" CONTENT="skatten"/><SP WIDTH="25" VPOS="1088" HPOS="757"/>
							<String ID="string_213" HPOS="782" VPOS="1088" WIDTH="75" HEIGHT="21" WC="0.92" CONTENT="skulle"/><SP WIDTH="24" VPOS="1088" HPOS="857"/>
							<String ID="string_214" HPOS="881" VPOS="1090" WIDTH="58" HEIGHT="27" WC="0.92" CONTENT="utgä"/>
						</TextLine>
						<TextLine ID="line_27" HPOS="182" VPOS="1121" WIDTH="761" HEIGHT="29">
							<String ID="string_215" HPOS="182" VPOS="1122" WIDTH="54" HEIGHT="22" WC="0.96" CONTENT="med"/><SP WIDTH="23" VPOS="1122" HPOS="236"/>
							<String ID="string_216" HPOS="259" VPOS="1123" WIDTH="26" HEIGHT="20" WC="0.96" CONTENT="65"/><SP WIDTH="23" VPOS="1123" HPOS="285"/>
							<String ID="string_217" HPOS="308" VPOS="1121" WIDTH="70" HEIGHT="29" WC="0.96" CONTENT="penni"/><SP WIDTH="21" VPOS="1121" HPOS="378"/>
							<String ID="string_218" HPOS="399" VPOS="1128" WIDTH="41" HEIGHT="22" WC="0.92" CONTENT="per"/><SP WIDTH="23" VPOS="1128" HPOS="440"/>
							<String ID="string_219" HPOS="463" VPOS="1121" WIDTH="57" HEIGHT="22" WC="0.89" CONTENT="liter."/><SP WIDTH="37" VPOS="1121" HPOS="520"/>
							<String ID="string_220" HPOS="557" VPOS="1121" WIDTH="178" HEIGHT="28" WC="0.89" CONTENT="Propositionen"/><SP WIDTH="22" VPOS="1121" HPOS="735"/>
							<String ID="string_221" HPOS="757" VPOS="1122" WIDTH="136" HEIGHT="28" WC="0.90" CONTENT="godkändes"/><SP WIDTH="22" VPOS="1122" HPOS="893"/>
							<String ID="string_222" HPOS="915" VPOS="1123" WIDTH="28" HEIGHT="21" WC="0.95" CONTENT="af"/>
						</TextLine>
						<TextLine ID="line_28" HPOS="182" VPOS="1156" WIDTH="757" HEIGHT="28">
							<String ID="string_223" HPOS="182" VPOS="1156" WIDTH="236" HEIGHT="26" WC="0.90" CONTENT="Ekonomiutskottet,"/><SP WIDTH="16" VPOS="1156" HPOS="418"/>
							<String ID="string_224" HPOS="434" VPOS="1162" WIDTH="53" HEIGHT="14" WC="0.93" CONTENT="men"/><SP WIDTH="15" VPOS="1162" HPOS="487"/>
							<String ID="string_225" HPOS="502" VPOS="1156" WIDTH="145" HEIGHT="21" WC="0.93" CONTENT="förkastades"/><SP WIDTH="12" VPOS="1156" HPOS="647"/>
							<String ID="string_226" HPOS="659" VPOS="1156" WIDTH="25" HEIGHT="21" WC="0.93" CONTENT="af"/><SP WIDTH="9" VPOS="1156" HPOS="684"/>
							<String ID="string_227" HPOS="693" VPOS="1159" WIDTH="86" HEIGHT="18" WC="0.93" CONTENT="tvenne"/><SP WIDTH="11" VPOS="1159" HPOS="779"/>
							<String ID="string_228" HPOS="790" VPOS="1156" WIDTH="77" HEIGHT="28" WC="0.92" CONTENT="ständ;"/><SP WIDTH="12" VPOS="1156" HPOS="867"/>
							<String ID="string_229" HPOS="879" VPOS="1156" WIDTH="60" HEIGHT="22" WC="0.96" CONTENT="dock"/>
						</TextLine>
						<TextLine ID="line_29" HPOS="183" VPOS="1189" WIDTH="758" HEIGHT="29">
							<String ID="string_230" HPOS="183" VPOS="1190" WIDTH="111" HEIGHT="22" WC="0.91" CONTENT="stadnade"/><SP WIDTH="18" VPOS="1190" HPOS="294"/>
							<String ID="string_231" HPOS="312" VPOS="1189" WIDTH="41" HEIGHT="22" WC="0.93" CONTENT="vid"/><SP WIDTH="15" VPOS="1189" HPOS="353"/>
							<String ID="string_232" HPOS="368" VPOS="1190" WIDTH="224" HEIGHT="28" WC="0.92" CONTENT="sammanjemkning"/><SP WIDTH="15" VPOS="1190" HPOS="592"/>
							<String ID="string_233" HPOS="607" VPOS="1190" WIDTH="130" HEIGHT="21" WC="0.92" CONTENT="Ständerna"/><SP WIDTH="16" VPOS="1190" HPOS="737"/>
							<String ID="string_234" HPOS="753" VPOS="1190" WIDTH="40" HEIGHT="22" WC="0.96" CONTENT="vid"/><SP WIDTH="16" VPOS="1190" HPOS="793"/>
							<String ID="string_235" HPOS="809" VPOS="1190" WIDTH="39" HEIGHT="22" WC="0.96" CONTENT="det"/><SP WIDTH="15" VPOS="1190" HPOS="848"/>
							<String ID="string_236" HPOS="863" VPOS="1190" WIDTH="78" HEIGHT="22" WC="0.96" CONTENT="beslut"/>
						</TextLine>
						<TextLine ID="line_30" HPOS="183" VPOS="1224" WIDTH="756" HEIGHT="29">
							<String ID="string_237" HPOS="183" VPOS="1226" WIDTH="41" HEIGHT="25" WC="0.93" CONTENT="att,"/><SP WIDTH="23" VPOS="1226" HPOS="224"/>
							<String ID="string_238" HPOS="247" VPOS="1224" WIDTH="73" HEIGHT="21" WC="0.92" CONTENT="ehuru"/><SP WIDTH="22" VPOS="1224" HPOS="320"/>
							<String ID="string_239" HPOS="342" VPOS="1231" WIDTH="30" HEIGHT="13" WC="0.93" CONTENT="en"/><SP WIDTH="21" VPOS="1231" HPOS="372"/>
							<String ID="string_240" HPOS="393" VPOS="1224" WIDTH="134" HEIGHT="28" WC="0.91" CONTENT="förhöjning"/><SP WIDTH="21" VPOS="1224" HPOS="527"/>
							<String ID="string_241" HPOS="548" VPOS="1224" WIDTH="51" HEIGHT="22" WC="0.91" CONTENT="icke"/><SP WIDTH="15" VPOS="1224" HPOS="599"/>
							<String ID="string_242" HPOS="614" VPOS="1232" WIDTH="41" HEIGHT="13" WC="0.96" CONTENT="var"/><SP WIDTH="16" VPOS="1232" HPOS="655"/>
							<String ID="string_243" HPOS="671" VPOS="1224" WIDTH="26" HEIGHT="22" WC="0.93" CONTENT="af"/><SP WIDTH="13" VPOS="1224" HPOS="697"/>
							<String ID="string_244" HPOS="710" VPOS="1225" WIDTH="229" HEIGHT="28" WC="0.91" CONTENT="omständigheterna"/>
						</TextLine>
						<TextLine ID="line_31" HPOS="183" VPOS="1258" WIDTH="756" HEIGHT="28">
							<String ID="string_245" HPOS="183" VPOS="1258" WIDTH="55" HEIGHT="28" WC="0.90" CONTENT="eljes"/><SP WIDTH="16" VPOS="1258" HPOS="238"/>
							<String ID="string_246" HPOS="254" VPOS="1258" WIDTH="115" HEIGHT="28" WC="0.96" CONTENT="påkallad,"/><SP WIDTH="13" VPOS="1258" HPOS="369"/>
							<String ID="string_247" HPOS="382" VPOS="1258" WIDTH="79" HEIGHT="26" WC="0.96" CONTENT="likväl,"/><SP WIDTH="13" VPOS="1258" HPOS="461"/>
							<String ID="string_248" HPOS="474" VPOS="1262" WIDTH="55" HEIGHT="16" WC="0.96" CONTENT="enär"/><SP WIDTH="12" VPOS="1262" HPOS="529"/>
							<String ID="string_249" HPOS="541" VPOS="1258" WIDTH="174" HEIGHT="21" WC="0.96" CONTENT="fastställandet"/><SP WIDTH="12" VPOS="1258" HPOS="715"/>
							<String ID="string_250" HPOS="727" VPOS="1259" WIDTH="26" HEIGHT="20" WC="0.93" CONTENT="af"/><SP WIDTH="10" VPOS="1259" HPOS="753"/>
							<String ID="string_251" HPOS="763" VPOS="1259" WIDTH="176" HEIGHT="27" WC="0.90" CONTENT="tillverknings-"/>
						</TextLine>
						<TextLine ID="line_32" HPOS="183" VPOS="1290" WIDTH="755" HEIGHT="29">
							<String ID="string_252" HPOS="183" VPOS="1291" WIDTH="92" HEIGHT="22" WC="0.96" CONTENT="skatten"/><SP WIDTH="16" VPOS="1291" HPOS="275"/>
							<String ID="string_253" HPOS="291" VPOS="1291" WIDTH="36" HEIGHT="20" WC="0.96" CONTENT="till"/><SP WIDTH="15" VPOS="1291" HPOS="327"/>
							<String ID="string_254" HPOS="342" VPOS="1290" WIDTH="39" HEIGHT="21" WC="0.96" CONTENT="det"/><SP WIDTH="15" VPOS="1290" HPOS="381"/>
							<String ID="string_255" HPOS="396" VPOS="1291" WIDTH="91" HEIGHT="28" WC="0.96" CONTENT="ojämna"/><SP WIDTH="16" VPOS="1291" HPOS="487"/>
							<String ID="string_256" HPOS="503" VPOS="1291" WIDTH="57" HEIGHT="20" WC="0.92" CONTENT="talet"/><SP WIDTH="15" VPOS="1291" HPOS="560"/>
							<String ID="string_257" HPOS="575" VPOS="1293" WIDTH="65" HEIGHT="24" WC="0.88" CONTENT="61,134"/><SP WIDTH="15" VPOS="1293" HPOS="640"/>
							<String ID="string_258" HPOS="655" VPOS="1291" WIDTH="71" HEIGHT="28" WC="0.96" CONTENT="penni"/><SP WIDTH="10" VPOS="1291" HPOS="726"/>
							<String ID="string_259" HPOS="736" VPOS="1291" WIDTH="37" HEIGHT="22" WC="0.96" CONTENT="för"/><SP WIDTH="9" VPOS="1291" HPOS="773"/>
							<String ID="string_260" HPOS="782" VPOS="1291" WIDTH="70" HEIGHT="22" WC="0.96" CONTENT="litern"/><SP WIDTH="11" VPOS="1291" HPOS="852"/>
							<String ID="string_261" HPOS="863" VPOS="1292" WIDTH="75" HEIGHT="21" WC="0.96" CONTENT="skulle"/>
						</TextLine>
						<TextLine ID="line_33" HPOS="183" VPOS="1324" WIDTH="755" HEIGHT="30">
							<String ID="string_262" HPOS="183" VPOS="1325" WIDTH="103" HEIGHT="22" WC="0.95" CONTENT="medföra"/><SP WIDTH="21" VPOS="1325" HPOS="286"/>
							<String ID="string_263" HPOS="307" VPOS="1324" WIDTH="154" HEIGHT="29" WC="0.95" CONTENT="olägenheter,"/><SP WIDTH="23" VPOS="1324" HPOS="461"/>
							<String ID="string_264" HPOS="484" VPOS="1327" WIDTH="85" HEIGHT="26" WC="0.96" CONTENT="antaga"/><SP WIDTH="15" VPOS="1327" HPOS="569"/>
							<String ID="string_265" HPOS="584" VPOS="1332" WIDTH="29" HEIGHT="15" WC="0.93" CONTENT="en"/><SP WIDTH="15" VPOS="1332" HPOS="613"/>
							<String ID="string_266" HPOS="628" VPOS="1325" WIDTH="229" HEIGHT="29" WC="0.91" CONTENT="tillverkningsskatt"/><SP WIDTH="15" VPOS="1325" HPOS="857"/>
							<String ID="string_267" HPOS="872" VPOS="1325" WIDTH="25" HEIGHT="23" WC="0.96" CONTENT="af"/><SP WIDTH="14" VPOS="1325" HPOS="897"/>
							<String ID="string_268" HPOS="911" VPOS="1327" WIDTH="27" HEIGHT="21" WC="0.95" CONTENT="62"/>
						</TextLine>
						<TextLine ID="line_34" HPOS="182" VPOS="1360" WIDTH="753" HEIGHT="30">
							<String ID="string_269" HPOS="182" VPOS="1361" WIDTH="71" HEIGHT="29" WC="0.96" CONTENT="penni"/><SP WIDTH="14" VPOS="1361" HPOS="253"/>
							<String ID="string_270" HPOS="267" VPOS="1368" WIDTH="41" HEIGHT="21" WC="0.96" CONTENT="per"/><SP WIDTH="15" VPOS="1368" HPOS="308"/>
							<String ID="string_271" HPOS="323" VPOS="1360" WIDTH="59" HEIGHT="21" WC="0.96" CONTENT="liter."/><SP WIDTH="30" VPOS="1360" HPOS="382"/>
							<String ID="string_272" HPOS="412" VPOS="1360" WIDTH="136" HEIGHT="21" WC="0.96" CONTENT="Emellertid"/><SP WIDTH="16" VPOS="1360" HPOS="548"/>
							<String ID="string_273" HPOS="564" VPOS="1360" WIDTH="143" HEIGHT="29" WC="0.96" CONTENT="upprepades"/><SP WIDTH="16" VPOS="1360" HPOS="707"/>
							<String ID="string_274" HPOS="723" VPOS="1360" WIDTH="34" HEIGHT="22" WC="0.96" CONTENT="uti"/><SP WIDTH="16" VPOS="1360" HPOS="757"/>
							<String ID="string_275" HPOS="773" VPOS="1360" WIDTH="45" HEIGHT="22" WC="0.96" CONTENT="den"/><SP WIDTH="15" VPOS="1360" HPOS="818"/>
							<String ID="string_276" HPOS="833" VPOS="1361" WIDTH="37" HEIGHT="22" WC="0.96" CONTENT="till"/><SP WIDTH="13" VPOS="1361" HPOS="870"/>
							<String ID="string_277" HPOS="883" VPOS="1362" WIDTH="52" HEIGHT="22" WC="0.96" CONTENT="1891"/>
						</TextLine>
						<TextLine ID="line_35" HPOS="183" VPOS="1394" WIDTH="755" HEIGHT="30">
							<String ID="string_278" HPOS="183" VPOS="1396" WIDTH="36" HEIGHT="22" WC="0.93" CONTENT="års"/><SP WIDTH="16" VPOS="1396" HPOS="219"/>
							<String ID="string_279" HPOS="235" VPOS="1394" WIDTH="100" HEIGHT="22" WC="0.92" CONTENT="Ständer"/><SP WIDTH="12" VPOS="1394" HPOS="335"/>
							<String ID="string_280" HPOS="347" VPOS="1394" WIDTH="171" HEIGHT="22" WC="0.91" CONTENT="öfverlemnade"/><SP WIDTH="10" VPOS="1394" HPOS="518"/>
							<String ID="string_281" HPOS="528" VPOS="1394" WIDTH="87" HEIGHT="30" WC="0.96" CONTENT="nådiga"/><SP WIDTH="10" VPOS="1394" HPOS="615"/>
							<String ID="string_282" HPOS="625" VPOS="1396" WIDTH="174" HEIGHT="27" WC="0.96" CONTENT="propositionen"/><SP WIDTH="11" VPOS="1396" HPOS="799"/>
							<String ID="string_283" HPOS="810" VPOS="1396" WIDTH="128" HEIGHT="28" WC="0.95" CONTENT="angående,"/>
						</TextLine>
						<TextLine ID="line_36" HPOS="182" VPOS="1429" WIDTH="757" HEIGHT="31">
							<String ID="string_284" HPOS="182" VPOS="1430" WIDTH="72" HEIGHT="22" WC="0.96" CONTENT="bland"/><SP WIDTH="22" VPOS="1430" HPOS="254"/>
							<String ID="string_285" HPOS="276" VPOS="1432" WIDTH="78" HEIGHT="24" WC="0.95" CONTENT="annat,"/><SP WIDTH="23" VPOS="1432" HPOS="354"/>
							<String ID="string_286" HPOS="377" VPOS="1429" WIDTH="153" HEIGHT="29" WC="0.95" CONTENT="tillverkning"/><SP WIDTH="16" VPOS="1429" HPOS="530"/>
							<String ID="string_287" HPOS="546" VPOS="1429" WIDTH="26" HEIGHT="22" WC="0.96" CONTENT="af"/><SP WIDTH="14" VPOS="1429" HPOS="572"/>
							<String ID="string_288" HPOS="586" VPOS="1430" WIDTH="105" HEIGHT="26" WC="0.96" CONTENT="bränvin,"/><SP WIDTH="15" VPOS="1430" HPOS="691"/>
							<String ID="string_289" HPOS="706" VPOS="1430" WIDTH="114" HEIGHT="29" WC="0.95" CONTENT="förslaget"/><SP WIDTH="15" VPOS="1430" HPOS="820"/>
							<String ID="string_290" HPOS="835" VPOS="1433" WIDTH="34" HEIGHT="19" WC="0.95" CONTENT="att"/><SP WIDTH="14" VPOS="1433" HPOS="869"/>
							<String ID="string_291" HPOS="883" VPOS="1431" WIDTH="56" HEIGHT="29" WC="0.96" CONTENT="höja"/>
						</TextLine>
						<TextLine ID="line_37" HPOS="182" VPOS="1463" WIDTH="756" HEIGHT="31">
							<String ID="string_292" HPOS="182" VPOS="1463" WIDTH="258" HEIGHT="30" WC="0.91" CONTENT="tillverkningsskatten"/><SP WIDTH="8" VPOS="1463" HPOS="440"/>
							<String ID="string_293" HPOS="448" VPOS="1464" WIDTH="37" HEIGHT="22" WC="0.96" CONTENT="till"/><SP WIDTH="11" VPOS="1464" HPOS="485"/>
							<String ID="string_294" HPOS="496" VPOS="1465" WIDTH="26" HEIGHT="21" WC="0.93" CONTENT="65"/><SP WIDTH="11" VPOS="1465" HPOS="522"/>
							<String ID="string_295" HPOS="533" VPOS="1464" WIDTH="78" HEIGHT="28" WC="0.92" CONTENT="penni,"/><SP WIDTH="10" VPOS="1464" HPOS="611"/>
							<String ID="string_296" HPOS="621" VPOS="1464" WIDTH="94" HEIGHT="22" WC="0.96" CONTENT="hvilken"/><SP WIDTH="11" VPOS="1464" HPOS="715"/>
							<String ID="string_297" HPOS="726" VPOS="1464" WIDTH="135" HEIGHT="30" WC="0.92" CONTENT="förhöjning"/><SP WIDTH="10" VPOS="1464" HPOS="861"/>
							<String ID="string_298" HPOS="871" VPOS="1466" WIDTH="67" HEIGHT="22" WC="0.92" CONTENT="moti-"/>
						</TextLine>
						<TextLine ID="line_38" HPOS="250" VPOS="1504" WIDTH="386" HEIGHT="19">
							<String ID="string_299" HPOS="250" VPOS="1504" WIDTH="183" HEIGHT="18" WC="0.49" CONTENT="Ekonomiutskotteis"/><SP WIDTH="13" VPOS="1504" HPOS="433"/>
							<String ID="string_300" HPOS="446" VPOS="1504" WIDTH="110" HEIGHT="18" WC="0.96" CONTENT="betänkande"/><SP WIDTH="12" VPOS="1504" HPOS="556"/>
							<String ID="string_301" HPOS="568" VPOS="1504" WIDTH="38" HEIGHT="18" WC="0.96" CONTENT="N:o"/><SP WIDTH="12" VPOS="1504" HPOS="606"/>
							<String ID="string_302" HPOS="618" VPOS="1506" WIDTH="18" HEIGHT="17" WC="0.96" CONTENT="2."/>
						</TextLine>
					</TextBlock>
				</ComposedBlock>
			</PrintSpace>
		</Page>
	</Layout>
</alto>
