1039 1720
203 185 13 20 2
396 183 30 22 U.
441 183 27 23 B.
485 197 27 2 —
527 183 75 29 Prop.
618 183 45 22 N:o
678 183 23 22 5.

175 245 215 30 debiteringsgrund
407 245 42 22 har
464 245 128 22 sedermera
606 245 36 22 för
656 246 47 21 viss
713 245 35 22 tid
760 245 115 28 godkänts
886 244 40 23 vid

174 281 102 28 följande
298 280 144 28 landtdagar,
466 282 77 19 senast
564 280 41 21 vid
628 281 50 21 1891
704 280 36 21 ärs
763 279 113 30 landtdag
891 281 35 20 att

175 315 62 29 gälla
251 315 63 21 intill
328 315 119 28 utgången
463 314 26 22 af
501 315 26 21 år
543 315 60 22 1895.

243 349 63 22 Enär
328 349 88 22 således
438 349 45 21 den
501 348 133 30 tidsperiod,
651 355 48 15 som
716 348 110 22 bestämts
840 348 37 22 för
892 350 34 20 to-

175 383 162 30 lagsafgiftens
354 383 138 30 erläggande
504 383 73 29 enligt
588 382 184 23 ofvanförmälda
781 383 82 29 grund,
874 383 53 22 med

175 419 26 21 år
224 419 54 21 1895
301 418 147 28 tilländagår,
467 420 59 19 samt
540 417 172 23 vederbörande
728 417 199 22 stadskommuner

175 453 9 21 i
199 453 51 21 dem
266 452 128 22 affordrade
409 452 159 29 underdåniga
582 452 137 22 utlåtanden
731 452 51 21 icke
793 451 51 22 haft
855 452 73 28 något

176 489 35 20 att
225 487 110 22 anmärka
349 489 49 19 mot
413 487 45 21 den
472 486 134 22 nuvarande
620 486 255 28 debiteringsgrunden,
886 486 42 22 har

175 522 35 21 uti
234 522 44 21 den
300 528 32 14 nu
353 521 37 22 till
412 521 142 29 behandling
569 520 160 30 föreliggande
744 520 86 30 nådiga
844 528 83 22 propo-

176 556 100 22 sitionen
291 556 132 28 föreslagits
440 558 34 19 att
488 563 32 14 nu
530 555 108 29 gällande
648 555 76 29 grund
734 555 36 22 för
782 555 145 29 tolagsafgif-

176 593 51 19 tens
250 590 153 27 beräknande,
428 590 55 21 eller
505 590 143 22 densammas
669 590 129 28 utgörande
813 590 52 21 med
880 590 47 22 viss

176 627 96 28 procent
287 625 26 22 af
326 625 121 22 tullsatsen
463 625 13 21 å
488 625 45 22 den
544 625 45 21 slik
599 625 150 28 beskattning
758 625 170 22 underkastade

175 667 79 20 varan,
271 659 59 22 skall
344 659 52 22 från
412 659 42 22 och
469 659 53 22 med
540 659 44 22 den
601 661 10 20 1
628 659 98 22 Januari
742 661 54 21 1896
812 659 63 29 tjena
890 660 37 21 till

177 694 117 29 efterföljd
309 694 62 21 intill
387 694 44 21 den
448 696 10 19 1
474 694 98 23 Januari
589 695 60 22 1899.

244 729 47 22 Vid
306 729 170 28 behandlingen
495 729 27 21 af
534 729 64 21 detta
613 728 84 22 ärende
711 728 42 21 har
768 729 120 28 utskottet,
898 729 31 28 på

177 763 75 29 grund
275 763 26 22 af
320 763 61 22 hvad
403 763 8 21 i
432 763 44 22 den
491 763 87 28 nådiga
592 763 174 29 propositionen
782 763 88 21 anförts
886 763 43 22 och

177 798 36 26 då,
229 797 59 22 efter
303 797 38 22 det
357 797 129 22 Ständerna
501 799 77 20 senast
592 797 86 22 uttalat
690 797 36 28 sig
738 798 8 21 i
756 797 88 29 frågan,
856 798 74 28 några

177 833 86 21 sådana
278 832 204 29 omständigheter,
498 839 47 14 som
562 832 77 21 kunde
650 831 93 29 påkalla
754 839 28 14 en
793 832 136 29 förändring

176 867 9 21 i
206 867 45 21 den
270 866 133 22 nuvarande
418 868 106 26 grunden
539 866 36 21 för
590 866 187 28 tolagsafgiftens
792 866 136 28 beräkning,

177 901 52 21 icke
251 908 69 21 synas
342 900 70 22 hafva
434 900 141 28 tillkommit,
596 902 76 19 ansett
687 900 75 22 denna
778 900 152 29 beräknings-

177 935 76 29 grund
277 935 54 22 böra
348 935 134 27 bibehållas,
498 936 25 20 så
537 935 93 29 mycket
644 934 73 22 hellre
732 942 49 14 som
796 934 134 23 författnin-

177 977 45 21 gen
246 970 69 21 äfven
331 970 75 21 denna
420 970 63 28 gång
499 973 25 18 är
539 969 80 22 afsedd
634 971 34 19 att
683 969 63 29 gälla
761 969 81 22 endast
856 969 74 22 under

178 1012 28 14 en
221 1004 35 21 tid
271 1004 26 21 af
309 1007 35 18 tre
362 1004 30 20 år.

246 1038 54 22 Med
315 1038 126 28 anledning
456 1038 69 22 häraf
537 1038 36 22 får
582 1038 115 22 utskottet
709 1037 118 23 vördsamt
838 1038 91 26 föreslå,

383 1104 33 18 att
430 1101 41 21 den
486 1102 82 27 nådiga
576 1101 165 27 propositionen
750 1102 65 20 måtte
826 1101 30 28 af
864 1101 66 21 Stän-

315 1135 68 21 derna
397 1135 141 28 oförändrad
556 1138 99 25 antagas.

245 1255 41 21 Uti
308 1254 93 28 frågans
425 1254 141 28 behandling
588 1254 62 20 inom
668 1254 114 21 utskottet
796 1254 70 21 hafva
882 1254 47 21 del-

177 1288 61 27 tagit
260 1288 154 21 ordföranden
436 1287 115 27 Lindelöf,
574 1288 157 20 ledamöterne
754 1288 107 21 Friherre
883 1295 46 14 von

177 1321 126 29 Knorring,
313 1321 37 22 W.
362 1321 25 22 O.
399 1321 96 26 Schildt,
506 1321 169 30 Björkenheim,
684 1321 22 22 J.
717 1321 139 28 Johansson,
868 1321 62 22 Tall-

177 1363 64 22 gren,
265 1355 127 30 Wegelius,
416 1356 100 28 Fontell,
541 1356 115 27 Renlund,
680 1356 134 30 Holmberg,
839 1355 89 29 Möller,

177 1391 126 27 Snellman,
325 1391 115 28 Hollmön,
462 1391 145 30 Lagerstedt,
629 1391 156 23 Laurikainen
808 1392 43 21 och
875 1398 54 22 sup-

177 1426 109 29 pleanten
301 1426 121 22 Ruhanen.

317 1536 115 22 Helsingfors,
444 1535 110 23 Helsingfors
567 1536 160 24 Central-tryckeri,
740 1536 51 18 1894.
