1025 1725
428 121 44 23 N:o
492 123 21 21 4.
790 121 27 20 39

175 182 30 26 Är
229 187 66 28 enligt
315 189 24 21 19
360 188 11 28 $
390 188 34 22 för
441 189 142 29 förhandling,
603 196 46 16 som
666 196 30 16 nu
716 192 25 20 är
759 190 86 26 nämnd,

92 222 104 21 särskildt
218 223 159 21 sammanträde
400 225 76 26 utsatt,
496 224 65 22 varde
580 224 74 22 dervid
668 224 107 27 iakttaget
790 224 56 22 hvad

93 256 39 21 här
155 258 25 19 är
202 256 112 28 stadgadt;
338 258 39 20 och
399 258 56 22 skall
469 259 7 21 i
492 260 23 26 ty
529 258 37 22 fall
585 258 35 22 vid
635 259 118 21 auktionen
770 258 76 22 endast

93 290 130 27 uppläsning
239 291 23 21 af
275 291 157 28 handlingarna
446 293 99 27 försiggå.

438 357 26 20 25
481 355 18 28 8.

160 394 71 22 Sedan
254 394 163 28 förhandlingen
432 395 116 22 förklarats
564 395 100 28 afslutad,
680 397 98 27 uppgöre
794 396 52 21 auk-

92 429 197 28 tionsförrättaren,
313 430 48 21 med
383 430 141 28 iakttagande
543 430 22 22 af
577 431 57 22 hvad
649 431 40 22 här
704 431 70 22 nedan
790 433 55 25 sägs,

91 463 135 29 förteckning
249 464 58 22 öfver
329 465 27 22 de
378 465 122 28 fordringar
523 466 39 21 och
579 466 86 27 belopp,
682 466 96 21 ordnade
793 465 53 22 efter

92 499 63 21 deras
178 499 101 22 inbördes
301 499 115 27 företräde,
435 500 71 21 hvilka
521 500 53 22 böra
589 507 26 15 ur
630 501 176 27 köpeskillingen,
823 501 23 21 så

92 533 60 28 långt
168 534 41 21 den
224 533 83 28 förslår,
324 535 59 27 utgå,
399 536 56 20 samt
471 535 84 27 angifve
569 536 8 21 i
591 535 163 28 förteckningen
770 535 75 27 tillika,

91 569 25 21 så
138 569 35 21 väl
196 569 71 21 hvilka
289 569 78 28 belopp
390 570 62 21 skola
470 570 7 22 i
492 570 53 22 reda
566 570 121 28 penningar
710 569 74 29 gäldas
808 569 37 22 och

91 603 71 22 hvilka
177 604 54 21 böra
247 604 22 21 af
282 604 96 28 köparen
395 604 127 28 öfvertagas,
538 611 46 15 som
599 605 39 21 ock
653 605 109 22 storleken
779 604 22 22 af
810 605 36 21 det

91 638 86 28 belopp,
192 639 113 22 hvaröfver
320 639 44 22 bud
379 639 39 22 bör
433 640 63 27 stiga,
512 639 33 22 för
561 641 33 20 att
609 639 67 28 enligt
692 641 26 20 28
735 640 11 28 $
763 639 83 27 försälj-

91 673 52 27 ning
158 673 23 21 af
195 674 130 27 egendomen
341 675 35 20 må
390 674 44 22 ske.

160 708 35 22 Nu
218 709 94 21 nämnda
333 709 253 28 borgenärsförteckning
606 709 55 22 skall
675 716 78 20 genom
768 709 78 21 under-

91 742 63 22 skrift
177 743 23 21 af
220 743 234 23 auktionsförrättaren
476 744 121 27 bekräftas;
620 744 39 22 och
681 744 44 22 läte
739 744 43 21 han
798 744 48 21 sak-

92 784 69 22 egare,
185 778 71 22 hvilka
279 779 22 21 ät
319 778 162 29 förteckningen
497 780 67 27 nöjas,
581 779 52 22 derä
648 780 78 21 teckna
741 779 39 22 sitt
794 779 52 27 god-

92 813 120 22 kännande.

437 844 27 20 26
480 843 19 28 8.

160 883 50 21 Med
232 885 46 19 rätt
300 883 32 22 till
354 883 111 28 betalning
480 890 26 15 ur
521 883 169 28 köpeskillingen
706 883 33 22 för
755 884 41 21 den
811 885 35 20 ut-

91 919 69 20 mätta
175 918 131 27 egendomen
322 917 39 22 och
376 918 48 21 med
440 919 35 21 det
490 918 109 22 företräde
613 918 108 27 inbördes,
737 925 46 15 som
799 919 47 21 dem

91 951 67 28 enligt
172 952 36 27 lag
223 952 135 27 tillkommer,
374 953 61 21 skola
450 953 7 21 i
471 952 281 29 borgenärsförteckningen
767 955 79 26 uppta-

91 993 48 21 gas:
162 987 95 27 fordran,
281 987 33 22 för
336 987 64 22 hvars
423 987 106 28 gäldande
549 987 131 28 egendomen
696 988 70 28 säljes,
780 989 66 27 jemte

91 1022 144 27 utmätnings-
251 1022 39 21 och
305 1021 69 28 öfriga
388 1022 129 27 kostnader;
532 1022 95 27 fordran,
643 1022 34 22 för
687 1023 85 22 hvilken
784 1029 62 21 egen-

91 1057 76 21 domen
191 1057 66 27 enligt
280 1057 49 22 dei
347 1058 25 21 16
388 1057 39 21 och
444 1058 24 21 17
485 1057 25 28 $$
527 1057 139 22 omförmälda
688 1057 158 28 handlingarna

92 1093 24 20 är
130 1091 117 22 intecknad
262 1091 51 22 eller
329 1091 61 28 eljest
404 1093 65 26 utgör
484 1091 134 28 underpant;
642 1093 56 20 samt
713 1099 73 15 annan
804 1091 42 23 for-

92 1125 60 28 dran,
169 1132 45 15 som
230 1126 39 21 bör
288 1133 27 14 ur
331 1126 41 21 den
387 1127 95 21 utmätta
497 1127 131 27 egendomen
643 1127 48 21 med
705 1126 141 22 förmänsrätt

91 1160 74 28 gäldas
182 1161 39 21 och
235 1161 36 21 vid
285 1160 164 28 förhandlingen
465 1160 51 22 eller
527 1160 119 28 skriftligen
658 1162 138 21 derförinnan
807 1161 39 22 hos

92 1195 233 22 auktionsförrättaren
349 1195 69 22 blifvit
440 1195 95 27 anmäld;
551 1195 40 21 och
605 1196 66 21 varde
687 1196 73 21 dervid
775 1198 71 24 ränta,

90 1231 58 20 samt
162 1230 55 27 årlig
232 1230 95 22 afkomst
341 1230 51 22 eller
408 1236 72 15 annan
496 1230 67 21 sådan
578 1230 90 27 förmån,
684 1236 46 15 som
741 1230 105 27 upplåtits

91 1264 33 21 att
140 1263 23 22 af
176 1264 131 27 egendomen
322 1265 59 26 utgå,
397 1264 124 22 beräknade
536 1264 32 21 till
584 1264 178 28 auktionsdagen.

160 1298 103 27 Fordran,
280 1305 45 15 som
341 1299 17 27 ej
374 1298 101 22 behöfver
491 1298 102 27 anmälas,
609 1298 59 27 skall,
686 1305 34 15 om
729 1298 117 28 fordrings-

90 1333 83 21 beviset
195 1333 18 27 ej
236 1332 86 28 företes,
337 1333 9 22 i
360 1332 162 28 förteckningen
538 1336 108 25 upptagas
661 1334 33 21 till
710 1334 37 22 det
761 1334 84 27 belopp,

91 1372 46 15 som
161 1366 160 22 ofvannämnda
342 1366 128 27 handlingar
492 1368 78 21 utvisa.
599 1368 73 20 Ränta
688 1368 57 24 derå,
768 1368 24 20 så
808 1368 39 21 ock

92 1400 54 28 årlig
168 1400 94 22 afkomst
285 1401 51 21 eller
359 1407 71 15 annan
445 1401 84 21 förmån
544 1402 107 20 beräknas
666 1401 34 21 för
715 1403 32 20 ett
763 1402 30 26 år,
810 1402 37 21 der

92 1436 17 27 ej
128 1436 97 22 anmäldt
240 1435 75 27 blifvit,
332 1437 33 21 att
381 1436 26 22 de
422 1435 32 22 för
470 1442 71 16 annan
557 1436 33 22 tid
604 1436 92 22 innestå.
