1031 1714
794 146 26 20 65

166 214 10 20 I
191 213 55 25 fråga
265 219 33 14 om
313 214 94 25 qvarstad
422 214 49 19 eller
485 213 124 27 skingrings-
623 214 48 20 eller
685 214 115 20 reseförbud
813 220 35 13 an-

98 248 79 19 komme
198 247 27 26 på
246 248 155 19 öfverexekutor
421 247 49 21 eller
491 248 86 20 domstol
598 250 31 18 att
647 247 33 20 vid
694 247 156 26 lagsökningens

97 281 49 21 eller
168 282 86 19 tvistens
274 282 105 24 afgörande
401 282 75 26 pröfva,
497 281 130 21 hvilkendera
648 283 70 25 parten
739 281 111 20 kostnaden

99 315 95 25 slutligen
210 315 51 20 skall
275 315 80 23 drabba.

452 414 13 20 6
481 414 19 23 $.

170 482 90 19 Kostnad
282 481 30 20 för
333 480 152 27 verkställighet
507 481 54 25 skall,
583 481 35 20 der
640 482 211 24 utmätningsmannen

99 516 35 20 det
155 516 63 24 äskar,
238 515 108 26 förskjutas
360 515 20 20 af
393 515 45 25 den,
453 522 45 14 som
511 515 177 26 verkställigheten
702 516 77 26 begärt;
801 516 52 20 dock

103 549 32 21 må
158 550 34 19 vid
214 549 146 21 verkställande
381 550 20 19 af
421 550 45 26 laga
487 550 52 20 kraft
561 550 76 25 egande
658 550 53 25 dom,
725 550 128 25 hvarigenom

103 584 229 26 betalningsskyldighet
347 584 64 20 blifvit
426 584 66 26 någon
507 584 63 26 ålagd,
585 584 123 20 kostnadens
717 584 136 25 förskjutande

101 618 44 20 icke
164 618 59 20 äskas
239 619 6 19 i
259 618 62 20 andra
342 618 34 20 fall
398 620 26 18 än
439 619 30 25 de,
485 625 42 14 som
542 618 9 20 i
566 619 14 19 3
593 618 44 26 kap.
655 619 29 19 28
699 620 19 23 8,
734 619 13 19 4
762 619 42 24 kap.
820 619 31 23 17,

100 653 28 19 18
141 652 34 20 och
191 653 28 19 25
234 654 32 24 88,
283 654 14 18 5
310 653 43 25 kap.
369 653 24 19 17
409 654 10 23 8
436 655 51 18 samt
503 654 11 18 7
528 653 43 26 kap.
588 653 14 19 3
616 653 15 25 $
645 654 86 18 nämnts.

454 751 46 23 78.

171 817 72 20 Pästär
257 818 100 20 vinnande
371 819 50 24 part,
436 823 43 14 som
495 818 116 25 berättigats
625 819 30 18 att
669 818 151 25 verkställighet
833 818 20 20 af

101 853 47 19 dom
163 852 26 26 pä
204 852 139 25 vederpartens
367 852 86 20 kostnad
473 852 122 24 föranstalta,
610 852 74 20 dennes
701 851 109 26 äläggande
824 854 30 18 att

102 886 62 20 sådan
187 886 86 20 kostnad
286 886 104 26 förskjuta,
405 892 36 19 ege
456 886 157 25 öfverexekutor,
629 886 35 20 der
678 886 175 26 kostnadsförslag,

104 920 106 26 uppgjordt
231 920 20 20 af
271 920 113 26 sakkunnig
405 920 48 20 eller
475 920 58 26 eljest
556 921 101 25 trovärdig
678 926 78 20 person,
775 920 78 25 företes,

102 955 98 25 förordna,
221 956 30 18 att
272 955 110 19 kostnaden
397 954 57 25 skall,
468 955 51 19 efter
534 957 23 23 ty
572 955 72 25 skäligt
658 954 86 26 pröfvas,
758 955 96 25 antingen

102 989 28 26 pä
150 995 26 14 en
197 988 53 26 gång
271 989 48 20 eller
333 989 6 19 i
355 989 46 20 män
415 989 20 20 af
450 989 187 25 verkställighetens
657 988 146 21 fortskridande
817 989 37 19 hos

102 1024 40 19 den
156 1023 99 28 tappande
270 1025 85 23 uttagas.

458 1110 12 19 8
482 1106 23 34 8.

172 1177 47 24 Har,
234 1177 25 19 dä
274 1176 29 20 för
318 1176 149 26 verkställighet
482 1176 111 20 kostnaden
607 1177 44 19 icke
662 1177 118 25 förskjutits,
790 1177 65 20 denna

104 1211 18 26 ej
137 1211 38 20 hos
196 1211 38 20 den
255 1211 100 26 tappande
375 1213 69 24 parten
459 1211 78 24 utfätts,
552 1211 47 20 eller
613 1211 37 20 bör
663 1211 38 20 den
717 1211 16 26 ej
749 1211 20 19 af
783 1211 73 20 honom

104 1245 76 26 gäldas,
202 1246 59 19 varde
281 1246 38 20 den
341 1246 20 19 af
383 1245 99 20 sökanden
504 1245 79 26 gulden.
612 1245 79 20 Betalar
713 1246 99 20 sökanden
838 1246 17 26 ej

105 1280 111 21 kostnaden
238 1280 109 25 godvilligt,
367 1286 36 19 ege
425 1280 213 25 utmätningsmannen
660 1280 39 20 den
721 1280 37 20 hos
783 1280 73 20 honom

106 1316 78 18 utmäta
205 1314 48 20 eller
275 1321 32 14 om
328 1314 47 20 dess
399 1315 108 24 uttagande
521 1313 63 21 anlita
599 1315 171 25 utmätningsman
784 1315 8 18 i
806 1315 50 20 hans

105 1348 83 19 hemort.
