1067 1720
233 132 13 21 8
401 132 82 22 Ständ.
499 133 38 22 Sv.
553 145 25 3 —
595 133 73 27 Prop.
683 133 42 22 N:o
740 133 21 21 4.

535 207 13 20 4
563 206 64 21 KAP.

158 268 33 23 58
273 268 32 22 De
319 269 8 21 i
342 269 13 21 2
371 275 62 15 mom.
456 268 23 22 af
500 269 68 21 denna
590 268 101 28 paragraf
710 268 103 28 ingående
828 269 130 21 bestämnin-

203 309 66 21 garna
284 304 67 21 sakna
366 304 24 21 sä
405 304 33 21 till
453 304 49 21 vida
517 304 124 26 erforderlig
656 303 105 28 tydlighet
771 305 34 19 att
814 310 25 14 ur
850 304 108 21 desamma

204 337 46 22 icke
265 338 98 27 framgär,
380 338 104 21 huruvida
499 338 33 21 till
547 338 109 27 undantag
671 337 107 28 medgifna
793 338 164 27 arbetsredskap

204 373 40 21 och
252 372 66 22 andra
332 373 83 21 lösören
426 372 21 22 få
455 373 6 21 i
470 372 63 22 värde
545 373 70 26 uppgå
622 372 34 22 till
667 374 32 20 ett
710 372 156 27 sammanlagdt
880 373 76 26 belopp

204 407 22 21 af
240 413 55 20 resp.
311 407 28 21 30
354 407 39 21 och
409 407 39 21 75:
463 407 55 21 mark
539 407 51 21 eller
605 413 34 15 om
654 407 163 26 arbetsredskap
834 408 39 20 och
888 413 69 15 annan

203 441 135 27 lösegendom
353 441 62 22 skola
429 441 104 22 beräknas
548 441 101 22 särskildt
663 441 34 21 för
712 441 31 26 sig
753 441 32 21 till
796 441 65 27 sagda
872 441 86 21 värden.

204 475 50 22 Med
268 475 99 22 afseende
382 475 53 22 härä
451 476 38 21 och
498 476 27 21 dä
534 475 35 22 det
577 477 60 26 synts
645 475 79 27 skäligt
731 477 34 19 att
772 475 105 27 medgifva
885 475 72 27 gälde-

204 512 39 19 när
258 510 102 27 rättighet
375 512 33 19 att
422 511 7 20 i
445 510 37 21 fall
497 510 23 21 af
534 509 64 22 behof
611 510 123 27 undantaga
749 509 32 21 för
791 510 52 21 hans
854 509 104 28 bergning

204 545 78 27 nödiga
297 545 163 27 arbetsredskap
477 545 119 22 oberoende
611 543 23 22 af
648 544 61 22 deras
725 544 71 27 värde,
812 545 39 20 har
866 546 44 19 rätt
926 544 33 21 till

205 579 67 27 dylikt
286 579 109 27 undantag
410 579 120 22 tillerkänts
545 579 78 21 honom
638 579 61 21 äfven
714 580 34 20 för
763 579 40 21 den
814 579 101 22 händelse
926 582 33 19 att

204 614 129 27 redskapens
355 614 64 21 värde
443 614 118 27 öfverstege
583 620 54 20 resp.
661 613 28 22 30
704 614 39 21 och
766 614 27 21 75
808 615 68 21 mark.
906 615 52 21 Der-

201 649 64 27 jemte
281 649 39 21 har
335 649 127 27 paragrafen
477 649 86 22 erhällit
577 651 32 19 ett
624 648 73 28 tillägg
712 649 7 21 i
735 649 54 27 syfte
804 651 33 20 att
851 650 107 27 berättiga

204 683 107 28 gäldenär,
335 690 46 15 som
404 684 19 27 ej
439 690 49 21 eger
503 683 164 27 arbetsredskap
682 684 33 21 till
731 684 92 22 nämnda
838 685 70 26 värde,
925 687 33 20 att

204 719 7 20 i
226 719 73 20 stället
314 719 123 26 undantaga
452 725 70 15 annan
537 718 134 27 lösegendom
686 719 33 20 till
735 725 80 16 samma
825 719 65 21 värde
905 719 53 22 eller

205 753 40 21 ock
259 753 49 21 med
323 753 66 21 sädan
404 753 103 26 egendom
521 753 51 27 fylla
586 753 117 22 skilnaden.

272 788 34 21 Då
321 788 12 21 8
345 788 12 26 8
368 787 46 22 icke
428 787 141 27 uttryckligen
580 787 186 25 vidhandengifver
776 790 34 19 att
821 787 69 22 denna
903 788 55 21 hän-

204 821 34 22 för
260 822 31 27 sig
313 822 34 21 till
369 822 120 27 utmätning
510 822 33 21 för
558 822 118 25 underhäll,
696 829 45 14 som
756 822 70 27 nägon
840 822 69 27 älagts
925 825 33 19 att

204 856 33 20 till
252 857 61 20 make
329 856 52 21 eller
395 856 52 21 barn
463 856 88 26 utgifva,
566 857 40 20 har
615 856 126 26 paragrafen
754 857 7 20 i
771 857 76 23 sädant
858 857 98 21 afseende

204 890 142 28 förtydligats.

273 925 58 21 Enär
346 932 74 15 senare
436 927 117 19 momentet
567 926 23 20 af
604 926 69 20 denna
688 925 100 27 paragraf
801 926 71 21 kunde
888 926 70 21 lemna

204 966 47 15 rum
265 960 33 21 för
314 960 40 21 den
369 960 104 26 tolkning,
489 962 32 20 att
535 960 89 21 landbos
640 959 51 22 eller
701 961 98 25 torpares
809 960 93 27 legorätt
913 960 46 21 icke

204 994 68 22 under
286 994 67 26 nägra
368 994 181 27 omständigheter
564 994 55 26 finge
634 996 61 25 tagas
710 994 7 21 i
732 996 45 19 mät
791 994 33 22 för
839 994 55 27 gäld,
911 1001 47 14 men

204 1035 26 15 en
246 1028 65 22 sädan
326 1029 56 25 äsigt
397 1028 18 27 ej
431 1035 62 21 synes
508 1028 63 22 hafva
587 1028 45 22 skäl
647 1028 34 22 för
695 1029 33 25 sig
743 1029 7 20 i
765 1029 26 21 de
806 1028 38 22 fall
860 1029 26 21 dä
901 1029 57 26 lego-

204 1064 71 20 rätten
290 1063 65 26 enligt
369 1063 74 21 aftalet
459 1062 73 22 derom
546 1062 34 22 fär
595 1064 50 20 utan
659 1062 139 28 jordegarens
815 1063 95 21 hörande
926 1063 33 21 till

204 1097 168 26 annan
278 1092 9 36 '
299 1097 72 26 person
393 1096 121 27 öfverlätas,
536 1097 39 21 har
598 1103 77 20 genom
693 1103 26 15 en
733 1097 7 21 i
756 1098 126 26 paragrafen
897 1098 61 26 gjord

205 1131 131 27 uteslutning
351 1128 90 24 landbos
456 1131 39 21 och
513 1133 97 25 torpares
628 1131 98 27 legorätt,
742 1131 7 21 i
764 1131 99 21 afseende
879 1131 12 21 &
906 1132 52 26 möj-

204 1166 67 26 lighet
285 1167 34 19 att
335 1167 77 25 utgöra
427 1165 89 22 föremäl
535 1165 34 21 för
583 1166 124 26 utmätning,
724 1165 69 21 blifvit
808 1165 86 22 likstälä
910 1165 49 22 med

205 1206 70 15 annan
297 1199 104 27 egendom
424 1199 51 22 eller
497 1200 109 26 rättighet,
627 1206 45 15 som
687 1200 7 21 i
709 1206 76 15 senare
800 1199 62 22 delen
877 1199 23 22 af
914 1206 45 15 mo-

204 1236 83 19 mentet
302 1234 141 21 omförmäles.

148 1273 22 17 10
182 1273 10 21 &
274 1268 50 20 Med
339 1268 99 20 afseende
454 1268 101 21 särskildt
572 1268 13 20 ä
601 1268 25 20 de
641 1268 127 21 simulerade
783 1267 59 25 aftal,
857 1268 102 21 hvarmed

206 1301 80 27 oredlig
308 1301 102 27 gäldenär
433 1301 18 26 ej
475 1301 68 21 sällan
558 1301 63 20 söker
636 1301 127 27 stridiggöra
778 1301 114 26 borgenärs
908 1303 49 24 rätt,

205 1342 61 20 synes
288 1335 162 27 bestämningen
465 1336 7 20 i
487 1335 70 22 denna
579 1335 102 27 paragraf
701 1335 73 22 derom
792 1337 39 25 att,
848 1336 26 20 dä
889 1336 69 26 tredje

204 1376 49 15 man
275 1370 36 21 vid
332 1370 120 27 utmätning
475 1370 73 27 pästär
571 1370 31 27 sig
623 1376 52 15 vara
692 1376 62 21 egare
769 1370 33 22 till
816 1370 142 27 lösegendom,

205 1410 46 16 som
266 1405 7 21 i
288 1404 112 28 gäldenärs
414 1404 27 22 bo
457 1404 73 27 finnes,
546 1405 40 21 och
601 1404 74 27 bjuder
689 1405 111 21 sannolika
813 1405 47 21 skäl
874 1405 34 21 för
923 1412 36 14 an-

206 1439 91 27 spräket,
313 1439 188 27 verkställigheten
517 1439 18 27 ej
551 1439 55 22 skall
620 1439 73 21 vidare
708 1439 70 27 fortgä
792 1440 73 21 förrän
880 1440 79 22 tvisten

158 793 11 16 »

182 795 10 16 0

159 931 10 17 K=

182 930 10 22 on
