1042 1720
257 151 27 21 86
424 151 82 23 Ständ.
521 151 39 23 Sv.
578 165 25 3 —
618 153 74 27 Prop.
707 153 42 22 N:o
764 153 21 22 4.

228 214 7 21 i
258 214 25 21 de
305 214 43 26 fall,
372 220 45 16 som
436 216 6 20 i
458 214 22 28 $$
499 216 33 26 30,
548 216 33 26 32,
597 216 28 21 33
641 216 38 20 och
694 216 27 21 48
737 218 94 20 nämnas.
861 212 30 26 Är
905 217 73 27 borge-

228 251 49 19 närs
292 248 86 22 fordran
394 249 119 27 uppgifven,
529 256 47 16 men
592 250 38 21 har
646 250 41 21 han
702 250 170 28 borgenärseden
887 252 47 21 icke
949 251 31 22 af-

228 283 44 27 lagt
287 282 58 27 eller,
365 289 33 16 om
414 284 41 21 han
470 285 32 21 sin
517 284 87 22 fordran
619 285 105 27 beedigat,
740 286 65 21 likväl
819 286 116 22 underlåtit
949 288 32 20 att

229 318 58 21 bevis
303 318 79 26 derom,
398 318 38 22 der
450 319 75 21 sädant
540 319 89 26 fordras,
645 320 33 20 till
687 320 79 22 Rätten
777 320 85 28 ingifva,
873 321 56 21 inom
940 321 40 21 den

229 352 37 27 tid,
284 358 46 16 som
348 352 89 27 stadgad
452 356 24 18 är
491 354 52 21 eller
558 354 77 21 honom
650 354 95 27 förelagd
761 355 75 27 blifvit,
852 356 52 20 eller
917 356 64 26 gitter

229 386 42 22 han
288 387 18 27 ej
323 387 53 21 eden
390 388 37 26 gä;
443 394 49 15 vare
508 388 34 26 lag
557 395 87 15 samma.

298 421 48 21 Kan
368 421 87 28 edgäng,
478 422 33 21 för
532 423 64 27 laglig
618 424 69 25 orsak,
710 424 104 27 borgenär
833 424 18 27 ej
868 425 113 26 ombetros,

230 455 58 27 njute
303 455 54 22 dock
373 463 80 15 samma
468 459 43 19 rätt
525 463 46 16 som
586 457 55 22 hade
657 458 41 21 han
714 458 54 22 eden
784 458 73 28 aflagt.

575 544 11 27 8
600 545 35 20 40.

298 596 31 26 Är
347 601 101 27 gäldenär
472 602 34 21 vid
528 602 133 22 konkursens
679 603 82 26 början,
778 602 53 22 efter
846 605 22 25 ty
883 603 7 21 i
906 604 11 21 7
933 603 49 26 kap.

232 637 27 20 10
274 635 11 28 $
300 635 194 28 Utsökningslagen
512 637 65 26 skiljs,
595 637 32 21 för
645 637 162 22 öfverträdande
823 637 23 22 af
859 637 123 22 reseförbud

231 671 6 21 i
252 670 65 22 häkte
332 671 76 25 insatt;
423 671 65 21 varde
504 671 87 22 derutur
605 672 108 27 lösgifven,
725 672 65 21 sedan
801 672 40 21 han
853 672 130 27 bouppteck-

231 706 76 27 ningen
323 705 48 22 med
387 705 26 22 ed
428 705 76 28 fästat;
520 707 38 21 och
574 707 54 26 gälle
643 706 34 21 för
693 707 77 21 honom
786 707 7 22 i
808 707 63 27 öfrigt
886 707 55 21 hvad
952 707 31 20 of-

231 747 40 14 van
287 740 7 21 i
309 739 11 28 8
336 740 27 21 39
378 740 62 27 sagdt
456 743 29 19 är.

577 817 10 27 8
602 817 34 21 41.

302 873 98 28 Begifver
416 874 101 27 gäldenär
535 875 32 27 sig
581 874 46 22 frän
643 876 38 20 sitt
696 875 96 28 hemvist,
808 878 51 19 utan
875 877 32 20 att
921 875 62 22 hafva

232 909 99 27 iakttagit
346 909 55 21 hvad
416 909 78 21 honom
509 909 54 22 efter
577 909 24 28 $$
616 910 26 21 37
659 910 40 21 och
714 910 27 21 39
757 910 88 28 åligger;
861 910 27 21 dä
898 910 35 21 mä
943 910 40 22 han

232 944 6 21 i
255 944 64 20 häkte
334 943 68 22 hållas
417 944 33 21 till
466 944 47 22 dess
528 944 42 22 han
585 944 76 22 sådant
676 944 111 28 äliggande
801 943 102 29 fullgjort.
933 944 51 22 Ute-

233 978 75 22 blifver
323 978 41 21 han
380 978 12 22 &
407 978 37 27 tid,
461 978 27 22 dä
502 979 41 21 han
559 979 53 21 efter
626 979 89 21 kallelse
731 980 32 26 sig
778 980 85 21 inställa
878 980 54 26 bort,
944 979 39 21 och

232 1016 24 19 är
271 1012 102 22 kallelsen
389 1013 43 21 åtta
448 1014 66 26 dagar
527 1014 58 21 förut
600 1014 111 21 meddelad
727 1014 76 22 honom
819 1014 49 27 sjelf
882 1014 51 22 eller
943 1014 40 22 den

232 1054 84 21 person,
332 1048 42 21 han
393 1048 33 20 till
445 1048 148 27 emottagande
609 1048 60 22 deraf
682 1049 114 27 uppgifvit;
811 1048 65 22 varde
891 1050 42 20 han
948 1055 35 21 ge-

234 1085 49 19 nast
298 1082 92 22 hemtad.
413 1082 87 22 Afviker
515 1083 41 21 han
572 1082 46 22 frän
635 1083 35 21 det
680 1084 68 26 ställe,
759 1083 30 22 dit
799 1084 42 21 han
851 1084 72 20 kallad
933 1083 52 21 eller

232 1117 87 21 hemtad
341 1117 75 25 blifvit,
439 1118 75 20 medan
535 1118 52 20 hans
607 1120 90 18 närvaro
712 1118 92 25 fordras;
819 1118 64 21 varde
897 1118 8 20 i
919 1118 65 20 häkte

233 1151 105 27 förvarad,
357 1151 32 21 till
412 1151 48 21 dess
482 1152 67 21 första
567 1152 48 20 dom
631 1152 7 20 i
652 1152 123 21 konkursen
789 1152 62 26 fallit,
867 1158 33 14 om
915 1152 69 26 någon

233 1186 23 21 af
269 1186 157 27 borgenärerne
441 1186 37 20 det
492 1186 78 27 påstår.
601 1186 122 21 Kostnaden
739 1186 33 21 för
786 1186 139 27 gäldenärens
940 1186 45 21 hål-

233 1220 63 21 lande
311 1221 6 20 i
333 1220 64 21 häkte
413 1220 79 21 drabbe
508 1221 6 20 i
529 1220 62 21 dessa
606 1220 37 21 fall
658 1220 153 21 konkursboet.

578 1303 11 22 $
604 1304 35 20 42.

579 1323 7 7 3

304 1362 28 22 Af
352 1362 178 22 konkursmassan
550 1362 58 28 njute
623 1362 100 28 gäldenär
738 1362 74 28 nödigt
826 1362 112 22 underhåll
953 1362 33 22 för

234 1398 38 27 sig,
296 1398 76 21 hustru
394 1397 40 21 och
456 1397 117 28 oförsörjda
591 1397 60 27 barn,
672 1397 67 21 under
758 1398 40 21 den
813 1398 32 21 tid
859 1397 43 22 han
917 1398 19 27 ej
951 1398 35 21 mä

234 1432 84 28 begifva
340 1432 32 27 sig
394 1431 47 22 frän
456 1432 38 21 sitt
508 1432 95 27 hemvist,
619 1432 54 22 efter
687 1434 23 26 ty
724 1432 8 21 i
747 1432 23 28 $$
785 1432 27 22 37
828 1432 39 22 och
883 1432 26 22 39
924 1432 62 28 sagdt

234 1470 34 24 är;
284 1468 23 21 sä
322 1466 40 22 ock
376 1466 56 22 hvad
448 1473 45 15 som
508 1467 82 22 fordras
605 1467 34 21 för
653 1473 48 16 resa
717 1468 38 21 och
770 1467 118 27 uppehälle,
900 1467 27 22 dä
937 1468 48 26 han,
