1025 1714
220 132 27 19 62
525 132 44 23 N:o
589 134 22 20 4.

190 198 156 22 fortskaffande
368 198 32 22 till
422 198 195 28 betalningsstället
640 199 56 20 samt
715 198 33 22 för
766 198 181 27 köpeskillingens

190 232 120 28 fördelning
333 233 39 21 och
391 239 71 15 annan
478 232 33 22 för
525 232 201 27 verkställighetens
742 231 135 23 slutförande
892 231 56 22 före-

191 266 93 23 skrifven
301 267 84 27 åtgärd.

544 315 13 19 4
573 313 19 28 8.

259 360 122 21 Innehåller
404 360 56 26 dom,
483 366 46 15 som
551 359 54 22 skall
620 359 134 27 verkställas,
771 358 78 22 sådant
864 358 84 22 förord-

190 394 77 26 nande,
284 399 46 16 som
345 393 7 21 i
368 394 12 20 3
395 393 49 27 kap.
461 394 13 20 2
490 393 11 28 8
518 394 12 20 2
547 393 38 21 och
600 394 56 20 4—6
672 393 125 27 punkterna
807 392 140 28 omförmälts,

189 428 66 21 varde
271 428 40 21 ock
326 428 36 20 vid
377 428 189 27 verkställigheten
582 428 122 21 kostnaden
715 427 71 22 derför
797 427 39 21 hos
847 427 40 21 den
899 429 48 25 tap-

190 463 72 27 pande
277 464 97 26 uttagen.

544 510 13 20 5
573 509 18 27 8.

257 555 44 21 För
324 561 72 16 annan
412 555 168 28 verkställighet,
597 557 27 20 än
639 556 8 21 i
663 557 12 20 3
692 555 39 22 och
746 556 13 20 4
775 555 25 28 $$
816 557 59 26 sagts
891 557 56 20 samt

191 590 71 21 nedan
277 590 7 21 i
301 591 12 20 2
329 595 63 16 mom.
408 592 94 24 nämnes,
519 597 50 15 vare
585 590 41 21 den
642 590 110 27 tappande
769 590 39 22 ock
818 590 62 21 alltid
891 590 57 27 skyl-

191 625 35 26 dig
241 625 34 20 att
289 624 64 27 gälda
368 625 132 26 kostnaden;
523 625 55 21 dock
596 625 35 21 må
647 625 71 20 denna
734 625 17 26 ej
768 625 95 27 uttagas,
880 625 67 21 innan

189 659 102 26 beloppet
305 658 69 22 blifvit
390 659 23 21 af
426 659 163 22 öfverexekutor
605 659 51 21 eller
672 658 93 22 domstol
780 658 115 23 bestämdt.

257 693 11 21 I
283 692 61 28 fråga
360 699 33 16 om
410 693 103 27 qvarstad
535 693 50 22 eller
607 693 133 27 skingrings-
756 693 51 22 eller
821 693 126 22 reseförbud

190 728 111 21 ankomme
323 728 30 27 på
370 727 165 22 öfverexekutor
550 729 51 21 eller
617 728 93 21 domstol
725 729 33 20 att
773 728 35 21 vid
822 728 125 27 lagsöknin-

189 769 52 20 gens
269 762 50 21 eller
346 763 90 21 tvistens
463 762 117 28 afgörande
602 762 83 28 pröfva,
708 762 138 23 hvilkendera
868 763 79 26 parten

189 797 122 22 kostnaden
327 797 101 28 slutligen
444 797 54 22 skall
514 798 87 22 drabba.

543 869 12 20 6
572 867 19 28 8.

257 913 100 22 Kostnad
371 913 34 21 för
420 913 161 28 verkställighet
596 913 61 27 skall,
669 913 38 22 der
717 913 229 27 utmätningsmannen

190 948 36 22 det
249 948 71 27 äskar,
343 948 118 27 förskjutas
485 948 23 22 af
527 949 47 26 den,
594 954 46 16 som
656 948 188 28 verkställigheten
859 948 87 27 begärt;

190 982 54 22 dock
263 984 36 20 må
312 983 37 21 vid
363 983 161 21 verkställande
539 983 23 22 af
575 983 50 27 laga
639 983 60 22 kraft
714 983 82 27 egande
812 983 56 26 dom,
883 982 65 22 hvar-

189 1017 85 27 igenom
295 1017 244 28 betalningsskyldighet
556 1017 69 22 blifvit
641 1018 71 26 någon
728 1018 69 27 ålagd,
812 1017 134 22 kostnadens

189 1051 149 28 förskjutande
360 1051 47 21 icke
430 1052 63 21 äskas
512 1052 7 21 i
535 1052 68 21 andra
625 1051 37 22 fall
686 1054 27 20 än
736 1052 32 26 de,
792 1057 46 16 som
853 1051 7 21 i
876 1052 70 21 denna

188 1086 37 28 lag
240 1088 37 20 äro
293 1086 103 22 särskildt
411 1087 99 21 nämnda.

544 1156 47 28 78.

258 1201 79 21 Påstår
359 1200 108 22 vinnande
482 1203 57 25 part,
555 1208 46 15 som
616 1201 130 28 berättigats
762 1202 34 20 att
810 1202 135 27 verkställig-

188 1235 38 21 het
247 1235 23 21 af
291 1235 48 21 dom
362 1235 28 27 på
412 1236 154 26 vederpartens
589 1236 94 21 kostnad
705 1236 136 26 föranstalta,
865 1236 80 22 dennes

189 1268 119 26 åläggande
331 1269 33 19 att
386 1269 68 20 sådan
477 1269 94 21 kostnad
589 1268 115 28 förskjuta,
720 1275 38 21 ege
774 1269 171 26 öfverexekutor,

189 1302 38 21 der
242 1301 192 28 kostnadsförslag,
450 1303 118 26 uppgjordt
584 1303 23 21 af
620 1304 122 26 sakkunnig
758 1303 50 21 eller
824 1304 62 27 eljest
901 1305 45 20 tro-

187 1336 76 28 värdig
285 1342 86 22 person,
394 1336 87 28 företes,
503 1337 109 28 förordna,
629 1339 34 20 att
676 1338 122 22 kostnaden
814 1338 61 27 skall,
891 1338 56 22 efter

188 1373 23 26 ty
227 1371 79 28 skäligt
321 1371 94 28 pröfvas,
432 1372 102 27 antingen
550 1373 29 26 på
594 1379 26 16 en
636 1373 57 27 gång
708 1373 51 22 eller
774 1373 7 21 i
791 1374 49 21 mån
852 1373 23 22 af
883 1373 64 22 verk-

189 1406 147 27 ställighetens
352 1406 160 23 fortskridande
528 1407 38 22 hos
582 1408 41 21 den
639 1408 110 27 tappande
764 1409 95 27 uttagas.
