1028 1720
398 127 82 23 Ständ.
496 128 36 23 Sv.
547 142 28 2 —
589 128 73 27 Prop.
676 127 42 23 N:o
734 127 20 22 2.

468 193 29 28 Ej
511 195 36 20 må
559 193 77 28 parcell
646 193 68 22 bildas
724 193 27 27 af
756 193 51 27 flera
818 193 128 28 egostycken,

401 227 47 23 med
462 228 80 21 mindre
556 227 119 28 synnerliga
690 227 46 22 skäl
751 227 69 22 dertill
835 229 44 20 äro.

648 325 50 29 4$.

468 383 57 28 Eger
539 384 80 22 kronan
634 384 48 22 eller
696 384 98 22 kommun
803 384 146 28 jordlägenhet

402 419 26 27 af
439 419 39 21 den
493 419 9 21 i
516 421 12 19 1
542 418 16 29 $
573 419 92 21 nämnda
680 421 64 20 natur
757 419 36 21 och
803 419 144 27 beskaffenhet,

401 461 49 15 vare
471 454 118 27 berättigad
610 456 30 20 att
656 454 105 27 öfvertaga
776 454 48 22 dess
839 454 108 22 allmänna

401 489 107 27 utskylder
530 488 36 22 och
587 488 73 22 besvär
680 490 56 21 samt
757 489 9 21 i
788 488 38 22 den
851 489 98 27 ordning,

402 530 45 14 som
461 523 33 27 för
504 523 176 28 jordafsöndring
694 526 26 19 är
734 524 97 26 stadgad,
847 523 46 22 dela
904 524 44 21 hela

402 558 120 27 lägenheten
544 559 8 20 i
571 558 105 27 parceller,
698 558 77 22 enhvar
797 558 47 22 med
860 561 89 19 motsva-

401 593 66 22 rande
482 592 199 28 afgäldsskyldighet
697 593 31 22 till
742 593 79 22 kronan
835 592 48 22 eller
893 593 56 21 kom-

401 634 83 15 munen.

652 711 13 19 5
676 708 26 29 $.

471 767 80 22 Parcell
572 768 35 21 må
629 767 57 22 delas
708 768 8 21 i
737 768 53 26 flera
808 767 140 28 parcellägen-

402 801 61 29 heter,
486 802 76 22 enhvar
582 802 48 22 med
646 802 148 22 motsvarande
809 802 139 28 afgäldsskyl-

403 836 69 27 dighet
491 836 31 22 till
536 839 101 19 stommen
652 837 53 26 eller,
728 837 9 21 i
751 837 25 21 de
790 838 9 20 i
812 839 14 19 4
841 836 15 28 $
872 837 75 26 omför-

403 871 71 21 mälda
488 871 45 26 fall,
550 871 31 21 till
595 871 80 22 kronan
690 871 48 21 eller
752 871 129 22 kommunen.

652 971 9 20 6
678 969 22 28 $.

471 1028 169 22 Kronohemman
656 1028 37 22 och
706 1035 75 20 genom
795 1029 94 28 klyfning
903 1028 48 22 eller

403 1063 109 28 styckning
534 1063 27 28 af
578 1063 83 22 sådana
685 1063 119 27 uppkomna
825 1063 124 28 lägenheter,

403 1098 68 22 hvilka
492 1098 47 21 med
560 1098 92 27 stadgad
672 1098 85 21 åborätt
772 1098 129 27 innehafvas,
924 1098 25 27 få

403 1132 81 28 klyfvas
507 1132 35 21 och
560 1133 82 27 styckas
656 1133 67 21 under
738 1132 25 21 de
777 1133 33 26 för
823 1133 74 26 frälse-
913 1132 36 22 och

403 1167 161 21 skattehemman
587 1167 62 26 ofvan
663 1166 127 27 föreskrifna
804 1167 77 26 vilkor;
903 1174 47 14 men

404 1201 124 28 afsöndring
549 1201 50 27 från
614 1201 161 27 kronolägenhet
788 1208 49 15 vare
852 1201 75 22 endast
942 1201 7 21 i

404 1236 34 21 det
458 1236 39 27 fall
512 1235 85 27 tillåten,
620 1237 32 20 att
665 1236 34 21 det
714 1235 127 27 afsöndrade
857 1235 94 22 området

403 1269 53 21 skall
470 1269 34 26 för
518 1269 92 21 kronans
624 1269 90 26 räkning
730 1269 116 21 användas.

471 1302 47 27 Lag
533 1308 80 16 samma
628 1309 48 14 vare
692 1309 32 15 om
738 1302 90 25 sådana,
843 1302 50 22 stad
902 1302 49 21 eller

405 1337 78 22 allmän
506 1336 116 28 inrättning
641 1336 103 28 tillhöriga
760 1336 121 28 lägenheter,
904 1344 45 15 som

404 1372 47 22 med
472 1372 92 28 stadgad
585 1371 84 23 åborätt
688 1372 98 28 besittas;
807 1372 50 22 dock
872 1374 31 20 att
919 1372 31 27 af-

404 1407 101 27 söndring
519 1407 52 27 från
585 1406 70 22 sådan
670 1406 94 28 lägenhet
778 1407 36 27 får
828 1407 35 21 ske
872 1407 79 27 jemväl

405 1442 33 27 för
452 1442 86 22 stadens
554 1442 47 22 eller
615 1441 155 28 inrättningens
784 1441 97 29 räkning.
