1059 1717
306 131 82 23 Ständ.
404 132 36 23 Sv.
456 146 28 2 —
499 133 71 27 Prop.
586 134 42 22 N:o
642 134 22 22 4.
802 134 28 22 23

111 194 48 27 laga
174 194 57 22 kraft
246 195 108 27 åkommit,
370 194 38 23 har
428 199 99 20 ansvaret
548 196 34 23 för
604 197 65 22 sådan
692 198 77 25 klagan
784 197 7 21 i
807 196 27 22 13
849 197 13 26 8

110 229 80 21 utsatts
205 229 33 21 till
253 230 63 21 böter
330 229 47 22 från
393 230 61 27 tjugu
469 231 33 21 till
516 231 118 22 tvåhundra
649 232 67 21 mark.

179 262 109 23 Ställande
303 263 23 22 af
340 264 79 27 borgen
434 264 34 21 för
482 265 68 26 böter,
564 265 87 22 hvartill
665 265 196 27 ändringssökande
874 268 21 16 15
908 267 10 22 $

109 297 42 22 kan
167 303 53 16 vara
241 297 44 22 fäld
301 299 6 20 i
322 298 80 21 sådana
417 298 49 21 från
485 298 162 23 öfverexekutor
666 299 101 22 inkomna
789 299 49 26 mål,
853 299 8 20 i

108 331 73 22 hvilka
203 332 141 27 underdånigt
366 333 74 21 besvär
464 333 54 27 finge
534 339 39 21 ega
587 339 54 21 rum,
663 333 65 22 hafva
742 333 119 22 Ständerna

108 367 72 21 ansett
194 366 47 21 icke
256 367 53 21 böra
324 366 160 28 ifrågakomma,
498 370 51 19 enär
563 375 29 14 nu
606 368 98 27 gällande
712 369 36 26 lag
762 368 47 21 icke
824 367 37 27 på-

108 400 76 28 bjuder
190 401 76 22 sådant
276 401 40 22 och
330 401 66 22 behof
402 401 23 22 af
432 402 116 27 stadgande
557 403 72 22 derom
640 403 18 26 ej
666 403 66 22 heller
740 402 119 27 föreligger.

108 435 56 22 Sista
178 435 112 27 meningen
305 436 7 21 i
329 436 26 21 15
370 436 13 26 &
398 435 39 22 har
452 436 71 22 derför
537 437 115 22 uteslutits.

380 545 111 30 Förslaget
501 546 32 22 till
542 546 130 29 förordning
680 553 33 15 om
720 545 137 29 utsöknings-

311 580 74 29 lagens
398 580 118 29 införande
538 581 37 22 och
595 580 57 23 hvad
666 580 9 22 i
690 581 99 28 afseende
807 581 51 22 derå

310 615 55 22 skall
379 615 113 28 iakttagas.

174 676 66 22 Ordet
256 677 145 29 ,stadfästad"
418 679 8 21 i
442 680 10 19 1
464 679 13 25 &
487 679 38 21 har
536 679 82 27 utbytts
628 681 45 19 mot
680 679 37 21 det
725 678 148 28 sakenligare1
887 685 15 13 o.
915 681 10 17 2
938 681 21 23 $$

104 712 110 26 uttrycket
226 712 76 27 ,gillad
318 712 39 22 och
372 714 113 26 antagen",
500 714 8 20 i
522 712 52 28 följd
584 713 76 22 hvaraf
668 714 14 20 2
690 714 13 26 &
711 713 62 22 äfven
781 713 76 21 under-

104 745 47 27 gätt
165 752 26 16 en
206 746 82 22 mindre
302 747 130 28 förändring.
462 748 107 27 Derjemte
584 748 63 22 hafva
658 748 118 22 Ständerna
786 750 72 20 ansett

103 780 29 22 42
147 779 12 28 S
173 781 7 21 i
194 780 150 28 förordningen
360 788 34 15 om
409 782 135 28 strafflagens
554 782 110 22 införande
679 782 46 22 icke
740 783 53 21 böra
807 783 50 27 ingå

103 814 65 22 bland
184 815 26 21 de
225 816 85 27 lagbud,
326 822 45 16 som
386 817 118 27 upphäfvas
514 824 76 20 genom
600 817 196 27 utsökningslagen,
806 819 50 20 enär

103 850 93 22 nämnda
217 851 101 26 paragraf
339 851 100 21 omfattar
460 851 141 22 missfirmelse
624 851 55 22 inför
696 852 104 27 Kejsaren
816 851 40 22 och

103 883 142 23 Storfurstens
267 884 233 28 befallningshafvande
524 886 78 27 jemväl
623 886 7 21 i
652 886 80 21 sådana
754 886 100 26 ärenden,

102 918 72 22 hvilka
188 918 20 28 ej
224 919 130 27 handläggas
376 920 22 21 af
415 920 78 22 honom
508 921 6 20 i
529 920 107 27 egenskap
651 920 23 21 af
687 920 168 26 öfverexekutor,

102 952 40 22 och
157 953 83 22 säledes
254 956 25 19 är
293 954 33 21 till
341 954 117 22 innehället
481 954 167 28 omfängsrikare
662 957 27 19 än
705 954 149 22 motsvarande

102 987 117 27 stadgande
233 988 7 20 i
255 989 188 27 utsökningslagen
458 989 38 27 (13
512 990 13 26 &
541 990 10 20 1
568 990 57 26 kap).

170 1022 74 21 Ehuru
259 1022 36 22 det
310 1029 61 21 synes
386 1029 51 16 vara
451 1023 50 21 fullt
522 1024 105 26 sakenligt
644 1025 32 19 att
691 1023 162 22 föreskrifterna
865 1024 11 17 8
888 1024 11 22 $

101 1062 35 15 om
150 1056 161 27 bysättningens
326 1058 40 20 och
380 1058 169 27 arbetstvängets
564 1057 132 22 afskaffande
706 1058 72 27 gifvits
788 1058 66 21 sädan

100 1090 118 22 retroaktiv
239 1092 79 21 verkan
341 1098 45 15 som
404 1093 7 21 i
427 1093 13 21 8
458 1093 13 26 $
495 1092 139 27 omförmäles,
658 1093 60 21 torde
740 1091 114 28 tillräcklig

100 1125 113 27 anledning
235 1125 97 22 deremot
354 1127 46 21 icke
422 1126 114 23 förefinnas
558 1129 33 20 att
613 1127 109 21 utsträcka
743 1126 111 22 enahanda

100 1159 81 27 princip
204 1159 33 22 till
259 1160 90 27 tidigare
372 1161 124 22 meddelade
518 1161 72 22 beslut
608 1168 34 15 om
662 1160 93 27 införsel,
770 1161 82 21 hvilkas

99 1195 161 26 verkställighet
274 1195 79 28 begynt
368 1196 63 21 innan
446 1196 187 27 utsökningslagen
648 1196 72 21 träder
734 1196 8 20 i
754 1195 98 28 gällande

99 1228 65 27 kraft,
178 1229 41 22 och
233 1229 40 22 har
288 1230 126 27 paragrafen
429 1230 132 22 fördenskull
576 1231 6 20 i
598 1230 74 27 antydt
687 1229 100 22 afseende
809 1235 43 15 om-

99 1263 123 28 redigerats.

168 1298 93 21 Emedan
278 1298 57 22 olika
350 1299 80 21 åsikter
445 1299 56 26 gjort
516 1299 31 26 sig
562 1298 97 27 gällande
674 1298 105 21 huruvida
794 1298 56 21 stad-
863 1300 22 17 24
898 1300 10 22 $

98 1332 96 27 gandena
210 1332 108 27 angående
334 1333 142 26 preskription
492 1333 22 21 af
522 1333 208 26 proprielöftesmans
744 1333 107 26 ansvarig-

98 1366 38 21 het
150 1366 6 21 i
174 1365 150 28 förordningen
347 1366 23 21 af
389 1367 40 20 den
448 1367 27 20 28
490 1367 51 20 Juni
559 1366 59 26 1798,
634 1366 71 21 hvilka
720 1366 108 27 upptagits
844 1366 7 21 i

98 1400 69 21 denna
181 1400 105 27 paragraf,
302 1400 61 21 äfven
378 1403 37 18 äro
431 1400 126 27 tillämpliga
567 1401 28 26 på
603 1400 129 21 förbindelse
739 1401 32 20 att
779 1400 71 21 betala

98 1436 62 21 ränta
182 1434 51 23 eller
254 1441 70 16 annan
347 1435 67 28 afgift,
437 1441 45 16 som
500 1434 78 23 utfästs
593 1436 32 21 att
640 1435 12 21 å
667 1435 41 21 viss
724 1435 31 21 tid
770 1434 79 28 gäldas,
