1034 1717
235 150 25 20 76

204 219 6 19 i
225 218 69 26 hvarje
308 219 41 20 mål
363 220 23 19 är
400 219 46 19 dem
461 218 78 26 befaldt,
555 219 48 19 eller
617 217 65 21 lindra
695 218 25 20 de
730 219 29 19 för
769 217 46 21 väld
825 218 38 20 och
873 218 84 25 vinning

205 252 66 26 någon
286 253 49 26 sak;
350 258 36 21 ege
400 252 27 20 då
436 251 96 27 Kejsaren
542 253 38 20 och
589 252 134 21 Storfurstens
734 250 223 28 befallningshafvande,

205 286 23 20 så
239 286 47 21 vidt
300 287 17 26 ej
333 287 61 20 andra
415 287 124 20 föreskrifter
558 289 35 18 äro
607 287 6 19 i
629 291 40 21 nya
691 286 58 26 lagen
770 286 60 26 gifna,
852 284 55 22 makt
927 288 31 18 att

205 321 45 20 dem
266 322 46 20 med
326 322 36 20 ord
377 322 37 19 och
429 322 84 25 varning
527 322 62 25 näpsa
603 321 49 20 eller
666 321 58 19 döma
738 321 46 20 dem
793 320 30 20 till
833 321 57 19 böter
900 320 58 26 högst

205 356 118 20 femhundra
336 356 55 19 mark
405 355 49 20 eller
468 356 41 24 ock,
525 356 34 20 der
573 356 73 20 brottet
660 357 22 18 är
697 355 86 27 svårare,
796 355 34 20 det
844 355 37 19 hos
891 356 67 19 rätten

205 390 86 25 angifva.

551 465 25 19 11
593 463 19 27 8.

274 533 96 26 Kejsaren
399 534 37 19 och
466 533 135 20 Storfurstens
629 531 230 27 befallningshafvandes
889 532 41 20 bud
951 533 7 19 i

204 567 162 21 embetsärenden
387 568 36 20 bör
444 567 50 19 hvar
516 568 37 19 och
573 573 26 14 en
614 567 55 25 lyda:
691 567 37 19 och
743 573 36 19 ege
793 567 39 19 han
847 568 60 24 makt,
922 567 35 20 der

205 603 39 19 han
259 602 44 20 skäl
326 602 68 25 finner,
411 604 30 18 att
455 602 101 25 förelägga
571 602 40 20 vite
625 602 49 20 eller
688 602 41 19 läta
743 602 44 24 den,
803 608 44 14 som
861 602 96 24 tredskas,

204 637 32 20 till
258 637 31 25 sig
304 637 65 20 hemta
384 637 48 19 eller
446 636 91 26 förbjuda
551 636 74 20 honom
640 639 29 17 att
683 642 45 14 resa
742 636 45 20 frän
802 638 63 19 orten.
895 636 64 20 Reser

204 672 40 19 han
259 670 51 21 ändä
325 671 54 25 bort;
403 671 59 20 varde
477 671 124 21 äterhemtad
613 671 36 20 och
664 671 7 19 i
685 671 59 20 häkte
759 670 66 21 hällen
840 671 63 20 under
918 671 39 20 den

204 705 30 20 tid
248 704 91 21 förbudet
353 706 68 25 gäller.
446 706 10 19 I
470 705 59 20 dessa
544 704 38 22 och
596 706 61 19 andra
673 704 67 26 dylika
754 704 34 21 fall
803 706 54 25 gifve
871 704 39 20 den
920 711 37 14 ene

206 738 229 27 befaliningshafvanden
458 740 38 19 den
514 740 61 20 andre
589 738 160 27 handräckning:
765 740 47 25 göre
826 738 39 21 han
880 740 34 19 det
928 738 28 27 ej;

205 774 71 20 stände
291 774 65 20 derför
368 772 30 22 till
413 778 78 16 ansvar.

552 850 25 19 12
594 848 18 28 &.

272 915 28 24 Är
321 919 131 25 förskrifning
472 919 52 20 stälä
545 921 30 18 att
597 919 73 20 betalas
688 918 31 20 till
733 919 154 25 innehafvaren;
902 919 55 25 njute

205 953 39 19 han
258 953 38 20 full
311 953 107 25 betalning,
434 959 42 13 som
488 954 38 20 den
541 954 6 19 i
562 954 75 19 händer
646 953 74 20 hafver.
745 953 73 20 Finnes
829 954 128 26 förskrifning

206 987 53 20 stäld
274 988 12 19 &
301 987 66 25 nägon
382 988 42 19 viss
439 994 46 13 man
500 988 44 20 med
556 988 29 20 lof
600 988 29 19 för
643 988 74 19 honom
732 990 29 18 att
775 988 42 20 läta
829 988 39 20 den
879 988 78 20 komma

205 1022 6 18 i
226 1028 78 14 annans
326 1022 58 24 hand,
406 1022 38 19 och
466 1024 21 18 är
502 1022 126 20 öfverlätelse
643 1022 47 20 derä
705 1022 93 25 tecknad;
813 1028 36 19 ege
864 1022 45 24 den,
923 1023 33 19 till

205 1056 80 20 hvilken
299 1056 154 25 förskrifningen
469 1056 84 20 sålunda
567 1056 104 25 öfvergått,
686 1062 75 14 samma
776 1058 45 18 rätt.

273 1090 41 20 Har
329 1089 100 27 borgenär,
450 1093 48 17 utan
514 1090 71 20 sådant
599 1090 130 26 gäldenärens
743 1090 34 25 lof,
792 1090 100 21 öfverlätit
906 1092 51 19 hans

204 1123 130 27 förskrifning
354 1123 30 21 till
404 1124 66 26 nägon
494 1131 71 16 annan,
588 1125 58 19 hafve
668 1125 65 20 denne
747 1124 17 26 ej
780 1131 66 13 annan
868 1126 44 24 rätt,
929 1126 29 19 än

205 1159 127 25 borgenären,
346 1158 12 20 &
372 1158 82 21 hvilken
469 1159 153 25 förskrifningen
636 1159 63 25 lyder.

552 1257 25 17 13
593 1255 19 25 8.

272 1321 100 20 Invänder
394 1322 44 23 den,
462 1327 43 14 som
521 1321 82 25 utgifvit
618 1322 83 25 löpande
716 1322 119 25 skuldebref,
851 1323 81 20 hvarom
951 1323 6 20 i

206 1356 25 19 12
248 1355 12 27 &
275 1358 21 17 är
311 1356 65 25 sagdt,
390 1358 30 18 att
434 1356 39 19 han
488 1355 67 20 dertill
570 1356 64 20 blifvit
649 1358 89 24 tvungen
753 1356 49 20 eller
817 1357 80 25 förledd,
908 1364 48 14 vare

204 1390 39 20 den
257 1390 123 26 invändning
394 1392 43 18 mot
450 1390 133 26 innehafvare,
599 1396 44 14 som
657 1393 22 17 är
692 1391 6 19 i
714 1391 39 25 god
768 1393 37 23 tro,
815 1394 48 18 utan
875 1392 81 25 verkan,

204 1425 34 19 der
252 1424 112 26 utgifvaren
378 1425 117 19 försummat
509 1424 88 26 fakttaga
607 1425 51 20 hvad
669 1426 6 19 i
686 1426 12 19 2
709 1425 44 26 kap.
765 1426 25 20 15
802 1426 12 26 &
825 1426 130 26 utsöknings-

204 1459 57 25 lagen
277 1460 87 25 stadgas.
