1056 1714
234 132 28 21 24
400 130 81 23 Ständ.
497 130 37 23 Sv.
550 143 27 3 —
592 131 75 27 Prop.
682 130 43 23 N:o
740 130 22 22 4.

207 196 111 22 underhåll
333 196 34 21 för
381 202 26 16 en
422 197 76 21 månad
513 196 87 27 tarfvas,
611 196 23 22 sä
645 196 41 21 ock
696 196 133 26 oumbärliga
840 196 120 22 arbetsred-

206 230 53 27 skap
274 230 53 22 eller
338 230 67 22 andra
413 230 91 25 lösören,
515 230 27 22 de
552 230 130 22 sistnämnda
693 230 54 22 dock
757 230 19 27 ej
787 230 58 21 öfver
855 231 31 21 ett
895 230 64 22 värde

207 264 23 22 af
243 265 72 22 trettio
335 266 61 20 mark
414 265 57 27 eller,
487 270 34 16 om
536 265 131 27 gäldenären
681 265 40 21 har
735 264 67 28 familj
817 266 31 20 att
862 264 97 28 försörja,

207 299 116 27 sjuttiofem
338 300 67 21 mark.
427 299 72 27 Stiger
508 299 202 27 arbetsredskapens
720 300 65 21 värde
796 300 19 26 ej
826 299 32 21 till
868 300 93 21 nämnda

207 334 84 28 belopp,
306 335 34 21 mä
355 334 109 22 skilnaden
480 340 25 15 ur
520 340 70 16 annan
606 335 136 27 lösegendom
757 334 68 27 fyllas.
848 334 42 22 Lös
901 340 60 22 egen-

207 369 56 27 dom,
278 375 46 16 som
339 370 63 26 utgör
417 371 52 25 pant
483 369 53 21 eller
550 368 23 22 af
586 376 69 15 annan
667 369 123 22 innehafves
800 369 48 22 med
859 369 102 27 rättighet

207 405 32 20 att
255 404 121 22 densamma
393 404 34 22 till
442 404 100 22 säkerhet
556 403 34 22 för
604 404 88 22 fordran
708 404 116 26 gvarhälla,
839 404 35 21 mä
889 404 19 26 ej
923 410 38 15 un-

208 438 102 27 dantagas
325 438 47 22 från
382 439 119 25 utmätning
511 438 33 21 för
555 438 40 22 den
605 438 55 28 gäld,
673 438 85 21 hvarför
769 438 39 22 den
820 440 24 19 är
854 438 107 22 säkerhet.

277 472 39 22 Om
339 473 41 21 den
402 472 89 28 förmån,
511 473 101 26 gäldenär
632 472 54 22 efter
702 472 94 22 afslutad
810 472 95 22 konkurs
920 472 41 21 till-

208 507 95 21 kommer
317 508 35 20 vid
367 508 124 26 utmätning,
508 507 58 27 skiljs
582 507 7 21 i
604 507 194 27 konkursstadgan.

562 575 47 28 68.

277 621 99 33 Ätnjuter
390 627 101 27 gäldenär
506 627 95 28 aflöning
616 628 52 21 eller
678 627 88 27 pension
777 627 33 22 för
820 628 80 21 allmän
912 627 51 22 eller

210 661 83 22 enskild
307 661 73 27 tjenst;
396 661 27 22 dä
439 661 53 22 skall
508 662 23 21 af
544 663 37 21 det
591 662 13 21 &
614 663 84 20 senaste
712 661 199 28 betalningstermin
921 661 42 22 för-

209 696 64 21 fallna
289 696 56 21 löne-
361 696 52 21 eller
428 697 177 26 pensionsbelopp
620 697 58 26 eller,
695 697 37 21 der
746 696 128 27 gäldenären
886 696 35 22 det
931 702 32 15 re-

210 730 41 21 dan
273 731 68 26 lyftat,
365 729 23 22 af
407 731 122 26 penningar,
551 737 45 16 som
611 731 42 21 han
668 730 96 27 innehar,
780 731 48 20 frän
842 730 121 27 utmätning

210 764 131 27 undantagas
357 765 23 20 sä
394 765 91 26 mycket,
500 771 46 15 som
561 766 120 20 motsvarar
692 765 36 21 tvä
738 765 128 26 tredjedelar
876 765 24 20 af
907 764 56 22 hvad

210 798 22 22 af
250 797 120 28 aflöningen
393 799 52 20 eller
466 800 116 25 pensionen
605 799 88 27 helöper
708 800 33 25 sig
756 799 28 26 pä
798 799 60 22 tiden
873 799 90 21 emellan

209 833 146 26 utmätningen
371 832 38 21 och
425 834 61 20 nästa
500 833 204 27 betalningstermin.

278 867 25 27 Ej
319 866 34 22 mä
368 866 95 27 aflöning
478 867 51 21 eller
544 867 90 27 pension
649 869 100 25 utmätas,
762 867 44 22 förr
821 869 27 20 än
864 867 99 28 gäldenä-

209 907 39 16 ren
263 903 24 20 är
301 901 119 26 berättigad
435 903 34 20 att
483 902 41 21 den
539 901 59 28 lyfta.

566 976 12 21 7
586 975 24 28 8.

278 1028 52 22 Rätt
352 1028 32 21 till
406 1028 87 22 lifränta
514 1028 35 22 mä
571 1028 18 28 ej
612 1029 102 24 utmätas,
730 1029 37 21 der
782 1028 100 22 lifräntan
898 1028 67 22 första

211 1063 80 27 gängen
307 1062 94 22 förfaller
418 1062 33 22 till
468 1063 109 27 betalning
595 1069 75 15 senare
688 1065 27 19 än
730 1064 33 20 tre
778 1063 24 21 är
818 1062 53 22 efter
887 1064 78 20 utmät-

211 1097 213 27 ningsförrättningen
444 1097 51 21 eller
510 1097 112 22 lifräntans
637 1097 128 27 ätnjutande
780 1097 62 22 beror
857 1098 23 20 af
894 1103 70 16 annan

210 1138 88 21 persons
314 1132 41 20 död
371 1131 52 21 eller
438 1132 59 26 eljest
512 1131 24 22 af
549 1132 55 21 oviss
619 1132 108 21 händelse.

279 1161 30 26 Är
324 1166 34 21 för
372 1166 41 22 viss
428 1165 104 28 lifränte-,
547 1165 167 28 lifförsäkrings-
724 1166 52 22 eller
786 1166 179 26 pensionsanstalt

211 1200 152 27 ofverhetligen
386 1200 132 26 förordnadt,
540 1202 32 20 att
591 1200 93 22 derifrän
704 1201 106 27 utgående
824 1200 93 27 lifränta,
932 1200 34 22 lif-

211 1234 207 28 försäkringsbelopp
433 1234 52 22 eller
499 1236 89 26 pension
604 1235 18 27 ej
639 1235 35 22 mä
688 1236 61 25 tagas
764 1235 7 21 i
786 1237 50 25 mät,
852 1235 53 21 eller
919 1237 24 19 är
958 1236 7 20 i

210 1270 36 26 lag
260 1269 101 21 särskildt
376 1269 104 27 stadgadt,
495 1271 32 19 att
542 1270 42 20 viss
600 1268 102 28 egendom
712 1268 19 28 ej
742 1269 34 22 mä
786 1270 105 25 utmätas
885 1264 10 36 ;
903 1268 63 23 lände

212 1304 37 20 det
263 1303 33 21 till
310 1302 149 22 efterrättelse.

567 1355 13 21 8
595 1354 17 28 &.

280 1408 63 22 Hvad
360 1408 7 21 i
385 1407 13 21 6
424 1408 6 26 $
451 1408 11 20 1
481 1413 62 17 mom.
560 1408 40 22 och
616 1408 12 22 7
644 1408 11 28 $
670 1408 14 22 2
698 1414 64 16 mom.
777 1411 25 19 är
816 1408 101 28 stadgadt
932 1414 34 16 om

212 1443 41 26 lön,
269 1442 94 28 pension,
379 1441 87 23 lifränta
482 1443 39 21 och
536 1442 145 28 lifförsäkring
695 1450 50 16 vare
760 1443 18 28 ej
794 1443 123 28 tillämpligt
931 1443 35 23 vid
