1025 1720
429 138 44 24 N:o
492 140 23 22 4.
791 138 26 21 91

447 206 47 27 88

163 245 70 22 Sedan
256 251 38 21 ege
316 245 112 28 borgenär,
453 245 33 22 för
508 246 64 22 hvars
594 245 87 22 fordran
696 246 33 21 lös
745 246 103 27 egendom

94 279 69 22 blifvit
178 280 7 20 i
200 279 50 28 laga
265 279 91 28 ordning
370 280 8 21 i
392 281 46 20 mät
453 281 71 26 tagen,
539 280 141 22 förmänsrätt
696 280 31 21 till
738 280 110 27 betalning

94 319 26 16 ur
143 314 41 21 den
206 315 95 20 utmätta
323 315 137 26 egendomen.
491 310 31 26 Är
545 315 41 22 den
603 315 65 27 tagen
682 314 8 22 i
706 315 95 26 anspräk
815 313 33 22 för

93 347 62 22 fleres
171 348 127 28 fordringar,
314 348 117 23 tillkomme
445 349 119 22 företrädet
579 349 47 27 den,
641 349 33 21 för
685 349 64 21 hvars
759 349 88 21 fordran

93 383 123 27 utmätning
231 383 55 22 först
300 383 142 27 verkstäldes;
459 390 48 15 men
522 384 40 21 har
576 383 150 28 utmätningen
741 384 58 21 skett
814 383 33 22 för

94 417 42 21 alla
151 418 29 26 pä
195 424 26 14 en
236 418 63 27 gäng,
315 417 61 27 njute
391 418 26 21 de
431 418 44 21 lika
489 419 51 21 rätt.

161 452 32 20 Pä
208 452 70 27 grund
293 451 23 22 af
328 452 124 27 utmätning
467 459 38 20 ege
520 452 54 22 dock
584 452 141 21 förmänsrätt
736 452 46 21 icke
792 458 54 20 rum,

94 492 34 15 om
150 486 131 26 gäldenären
303 486 58 22 inom
376 487 75 21 trettio
468 488 66 26 dagar
550 487 92 21 derefter
657 486 33 22 till
705 487 96 21 konkurs
817 486 30 22 af-

94 520 74 22 träder
190 520 33 22 sin
246 520 104 28 egendom
373 520 51 22 eller
445 520 72 22 beslut
540 522 73 20 derom
628 520 23 22 af
663 520 80 22 Rätten
758 520 89 22 fattas
834 516 15 36 i

93 554 52 28 följd
161 554 23 22 af
198 561 82 15 annans
295 555 126 27 påstående,
437 561 45 16 som
497 556 58 22 inom
570 556 67 27 sagda
652 556 32 21 tid
699 555 68 22 blifvit
777 555 70 21 väckt.

92 588 24 29 Ej
132 589 67 22 heller
214 590 34 20 må
262 589 141 22 förmånsrätt
418 590 51 27 följa
484 591 29 26 på
527 590 129 27 utmätning,
672 596 45 16 som
728 591 49 21 sker
787 590 8 21 i
805 590 43 21 död

94 630 61 16 mans
177 624 34 27 bo,
227 624 7 21 i
249 624 102 22 händelse
374 624 60 22 detta
448 625 8 21 i
470 626 49 26 laga
534 625 32 22 tid
581 625 33 21 till
628 625 96 21 konkurs
740 624 107 28 upplåtes.

447 694 11 28 8
475 695 19 20 9.

162 734 95 22 Dernäst
279 735 86 27 uttages
389 734 110 28 omyndigs
517 734 89 22 fordran
621 734 39 22 hos
674 733 107 22 föräldrar
797 734 50 21 eller

93 768 143 28 förmyndare,
260 768 38 22 der
315 768 124 22 densamma
454 769 46 21 icke
514 769 106 21 innestått
635 768 75 28 längre
725 768 33 22 tid
773 770 27 20 än
815 769 32 20 ett

93 804 31 26 år,
148 804 66 21 sedan
234 804 40 21 den
290 810 77 21 genom
381 804 101 27 godkänd
497 804 51 22 eller
564 803 119 23 oklandrad
699 803 72 27 slutlig
786 803 61 21 redo-

92 838 85 27 visning
201 837 50 22 eller
273 838 49 27 laga
344 838 59 21 kraft
426 838 81 27 egande
526 838 49 22 dom
589 838 69 21 blifvit
672 837 108 27 faststäld,
797 837 51 22 eller

94 872 90 23 såframt
200 873 117 27 utsökning
333 873 62 21 deraf
408 873 57 21 inom
480 873 68 27 sagda
562 873 32 21 tid
608 872 121 28 påbegynts
745 872 39 21 och
794 873 54 20 utan

93 907 83 22 afbrott
190 907 104 28 fullföljts.
323 907 70 22 Hafva
409 909 33 20 tre
458 908 23 21 är
497 907 54 22 efter
566 907 211 27 förmynderskapets
793 913 55 20 upp-

92 942 96 22 hörande
204 941 81 23 förlidit
300 944 54 20 utan
370 943 33 20 att
417 942 60 22 talan
492 943 74 21 väckts
583 949 34 15 om
632 942 163 27 förmyndarens
805 941 42 22 för-

92 977 112 27 pligtande
219 979 33 20 att
267 977 132 22 försummad
413 977 269 28 redovisningsskyldighet
697 977 98 27 fullgöra,
810 983 38 21 ege

94 1012 54 21 dock
171 1018 29 15 nu
215 1012 80 21 nämnd
310 1011 141 22 förmänsrätt
466 1012 46 22 icke
527 1019 53 15 rum.
611 1007 44 26 Äro
670 1011 177 28 förmynderskap

93 1045 63 28 flera;
172 1052 40 21 ega
228 1047 26 20 de
270 1046 114 27 omyndiga
399 1047 32 26 sig
448 1047 89 21 emellan
552 1047 43 20 lika
610 1047 52 20 rätt.

161 1080 63 21 Hvad
238 1081 40 20 här
294 1083 24 19 är
334 1081 62 26 sagdt
412 1087 34 15 om
463 1081 109 27 omyndigs
588 1080 89 21 fordran
692 1080 39 21 hos
741 1079 107 22 föräldrar

93 1114 51 22 eller
158 1114 144 28 förmyndare,
318 1115 55 21 skall
389 1115 39 22 ock
443 1115 56 27 gälla
509 1121 34 16 om
553 1115 89 21 hustrus
653 1114 195 28 tillgodohafvande

92 1149 40 21 hos
154 1149 42 27 god
218 1155 56 21 man,
298 1155 45 16 som
359 1149 22 21 af
395 1150 92 21 domstol
501 1149 125 22 förordnats
642 1150 33 20 att
690 1149 80 21 hennes
786 1155 62 20 egen-

94 1183 49 22 dom
158 1183 98 22 förvalta.

441 1235 11 27 8
470 1236 32 20 10.

161 1274 100 22 Derefter
271 1275 61 21 skola
342 1275 85 27 gäldas:
438 1275 98 27 kyrkors,
548 1274 151 27 fattigkassors
711 1274 39 21 och
761 1275 88 20 sockne-

93 1309 133 27 magasiners
241 1308 122 28 fordringar
377 1308 40 22 hos
433 1308 62 22 deras
509 1308 149 22 föreståndare
674 1308 39 22 och
727 1308 122 27 uppbörds-

93 1344 61 24 män;
176 1344 96 19 kronans
296 1343 38 21 och
350 1342 107 21 ällmänna
473 1342 23 21 af
508 1342 127 26 regeringen
650 1342 135 21 stadfästade
799 1342 49 20 kas-

94 1381 53 21 sors,
164 1376 171 27 penningeverks
351 1376 39 21 och
399 1376 158 26 inrättningars
568 1376 56 20 samt
635 1375 84 21 städers
730 1375 39 21 och
781 1375 68 21 andra

94 1410 137 22 kommuners
246 1410 123 27 fordringar
384 1410 39 21 hos
439 1410 26 22 de
480 1410 136 27 tjenstemän,
633 1415 46 16 som
694 1411 37 20 äro
747 1410 58 21 satte
815 1410 34 20 att

93 1444 63 22 deras
172 1445 120 21 inkomster
306 1444 40 23 och
360 1444 69 22 medel
444 1444 99 28 uppbära
559 1444 39 22 och
613 1443 187 28 omhänderhafva,
815 1443 34 22 för
