1025 1717
406 195 44 24 N:o
470 197 22 23 4.
760 194 38 22 101

139 262 57 28 Eger
217 263 151 27 förmyndaren
390 262 44 22 fast
456 264 109 26 egendom,
587 264 36 21 må
643 264 87 26 Rätten,
753 263 72 22 fastän

71 296 152 28 förmyndaren
239 298 70 21 dertill
325 298 17 27 ej
358 298 89 25 bifaller,
463 298 109 26 förordna,
588 299 33 20 att
631 298 129 26 fastigheten
771 297 55 21 skall

71 331 7 22 i
93 332 137 21 förenämndt
253 331 100 22 afseende
376 332 32 22 till
430 332 53 21 visst
501 332 78 27 belopp
595 332 121 26 intecknas;
733 331 39 22 och
786 331 40 21 bör

71 366 41 27 god
128 372 50 15 man
193 368 59 20 utses
269 367 32 20 att
316 366 72 22 utföra
402 366 227 28 inteckningsärendet
639 368 29 26 pä
678 366 41 22 den
730 366 96 27 omyndi-

70 407 37 21 ges
122 401 127 22 bekostnad.
270 401 47 21 Har
331 401 155 22 förordnandet
501 401 118 22 meddelats
635 402 53 21 utan
704 400 122 28 förmynda-

70 441 50 15 rens
142 436 116 26 samtycke,
281 442 38 21 ege
342 436 68 22 denne
432 437 46 20 rätt
496 438 34 20 att
552 435 73 28 afsäga
644 436 32 27 sig
693 436 132 27 förmynder-

71 470 86 27 skapet;
174 470 54 21 dock
243 471 68 27 gånge
326 470 155 22 förordnandet
496 470 7 22 i
517 470 168 28 verkställighet.

139 504 170 28 Tillämpningen
325 504 23 22 af
361 505 70 21 denna
446 504 126 28 förordning
587 505 97 27 vidtager
700 505 40 22 den

278 696 105 28 Förslag
399 697 29 21 till
443 697 123 27 förordning,
582 696 106 28 angående
704 695 84 27 ändring
804 696 21 21 af

207 736 14 22 6
237 738 12 24 $
265 736 4 21 i
285 736 142 28 förordningen
444 737 20 21 af
479 737 38 21 den
533 737 24 21 10
573 736 109 22 November
696 736 62 27 1892,
769 735 55 21 inne-

209 776 92 22 hållande
320 777 56 22 vissa
394 777 129 27 stadganden
542 776 86 22 rörande
644 776 46 27 lega
704 776 22 22 af
738 776 45 28 jord
799 775 26 28 på

207 817 74 22 landet.

138 886 131 28 Härigenom
291 886 95 28 stadgas,
405 887 33 20 att
457 888 12 20 6
486 886 11 28 $
512 886 8 22 i
535 885 153 28 förordningen
704 885 23 22 af
741 885 40 21 den
799 885 25 21 10

70 921 119 22 November
206 922 61 25 1892,
282 921 151 22 innehållande
447 921 58 22 vissa
519 920 135 28 stadganden
669 920 93 22 rörande
777 920 48 27 lega

71 956 23 22 af
103 956 51 28 jord
173 956 29 27 på
220 956 80 27 landet,
315 956 56 22 skall
386 955 81 23 erhålla
481 955 93 28 följande
589 954 130 23 förändrade
734 954 89 28 lydelse:

427 1019 47 28 68.

138 1058 59 23 Skall
212 1059 105 28 lägenhet,
334 1066 46 16 som
395 1062 24 19 är
434 1059 34 22 för
483 1059 159 28 nyttjanderätt
657 1058 122 27 intecknad,
789 1060 35 20 ut-

70 1094 141 27 mätningsvis
225 1093 99 28 försäljas
339 1094 34 21 för
387 1093 95 28 fordran,
498 1100 46 16 som
559 1093 40 22 har
609 1093 60 22 äldre
678 1093 146 27 intecknings-

70 1130 45 21 rätt
130 1129 53 22 eller
192 1128 109 23 företräde
311 1128 88 22 framför
409 1129 68 22 sädan
487 1128 130 28 inteckning,
629 1128 39 22 och
677 1129 44 21 kan
731 1128 93 22 fordrin-

70 1170 40 21 gen
133 1164 47 21 icke
201 1170 27 15 ur
249 1164 127 27 lägenheten
398 1164 59 27 utgä,
481 1170 35 15 om
538 1164 41 21 den
601 1164 159 26 nyttjanderätt
775 1169 49 21 eger

70 1198 98 27 bestånd,
185 1198 28 21 dä
222 1199 35 21 mä
267 1198 127 28 lägenheten
405 1199 65 27 säljas
480 1200 54 20 utan
544 1198 104 22 förbehåll
658 1204 34 16 om
702 1198 122 28 nyttjande-

70 1234 84 20 rättens
169 1232 135 22 fortfarande
319 1232 104 28 giltighet.

138 1266 170 28 Tillämpningen
324 1266 23 22 af
361 1267 70 22 denna
445 1267 126 28 förordning
585 1266 98 28 vidtager
698 1267 42 22 den
