1045 1717
258 139 80 36 XVII
471 144 29 23 U.
516 144 28 22 B.
560 158 27 2 —
602 144 74 28 Prop.
692 144 43 22 N:o
750 145 24 21 4.

584 493 42 22 IV.

297 561 97 22 Emedan
413 562 35 28 jag
462 561 48 22 icke
526 562 81 21 kunnat
621 561 32 22 till
669 562 40 21 alla
725 561 58 22 delar
798 562 75 21 förena
887 563 44 27 mig
946 570 34 13 om

231 595 26 22 de
278 595 76 27 beslut,
369 595 61 22 hvari
445 596 154 28 Lagutakottet
613 599 85 18 stannat
713 595 111 29 angående
840 597 12 20 5
869 597 12 27 &
896 604 56 14 mom
968 599 12 19 2

229 633 55 18 samt
306 631 12 20 6
341 631 12 26 $
369 631 14 20 4
397 630 49 28 kap.
475 629 203 29 Utsökningslagen,
694 637 62 14 anser
769 631 36 28 jag
819 631 44 28 mig
878 631 51 20 böra
944 631 36 21 be-

228 664 104 21 träffande
357 664 61 21 dessa
444 665 26 27 $$
494 665 177 21 reservationsvis
697 665 75 21 anföra
796 666 43 20 min
864 665 116 22 afvikande

228 699 91 27 mening.

297 733 48 21 Den
370 733 147 21 förstnämnda
538 735 12 26 $
574 733 117 22 innehåller
713 733 134 22 föreskrifter
869 733 111 29 angående

228 767 57 22 hvad
306 775 44 14 som
373 767 67 22 under
455 769 57 20 vissa
528 767 147 22 förhållanden
692 768 38 21 bör
744 768 23 21 få
782 768 133 28 undantagas
931 769 48 21 från

227 803 125 27 utmätning,
373 802 34 21 för
429 805 31 18 att
480 802 102 29 betrygga
602 802 140 28 gäldenärens
764 802 101 21 framtida
887 803 92 22 existens

229 836 40 21 och
284 836 132 21 förekomma
431 836 52 21 hans
498 836 94 21 fallande
607 836 37 21 det
659 837 105 21 allmänna
778 837 33 20 till
825 837 47 21 last.

296 870 11 21 I
323 870 37 21 det
374 871 34 27 jag
423 871 116 27 ingalunda
553 871 92 20 förbiser
661 870 36 21 det
712 871 141 20 helsosamma
863 871 117 28 inflytande

228 904 158 28 ifrågafarande
407 904 119 28 stadgande
547 905 33 20 till
595 905 36 20 sitt
646 904 142 29 hufvudsyfte
804 905 40 21 och
859 905 7 20 i
881 905 100 28 förening

228 938 49 21 med
298 938 50 21 flere
371 938 65 21 andra
451 939 104 20 likartade
571 939 166 27 bestämningar:
757 939 71 21 såsom
843 939 78 21 förbud
936 942 45 19 mot

228 972 134 28 fullföljande
384 972 22 21 af
421 973 125 27 utmätning,
562 973 37 20 der
614 973 54 20 intet
683 973 122 21 öfverskott
819 973 62 21 öfver
895 973 85 21 förrätt-

228 1006 206 28 ningskostnaderna
457 1014 51 13 vore
531 1009 31 18 att
577 1008 70 25 vänta,
662 1007 135 21 afskaffande
812 1007 23 21 af
850 1008 58 21 vissa
922 1007 59 22 förut

227 1041 83 20 tillåtna
331 1040 114 22 exekutiva
466 1041 148 28 tvångsmedel
634 1049 27 13 m.
675 1041 26 26 fl.,
717 1041 84 21 komme
817 1044 30 19 att
862 1042 76 21 utöfva
953 1042 28 29 på

227 1075 52 21 våra
301 1075 224 26 kreditförhållanden,
548 1083 62 21 synes
631 1076 44 27 mig
697 1075 55 22 dock
775 1075 42 22 den
842 1076 139 29 formulering

228 1112 115 18 momentet
366 1109 22 20 af
411 1109 122 21 Utskottets
556 1111 105 27 majoritet
684 1109 88 27 erhållit,
794 1117 51 14 vara
860 1111 7 20 i
882 1111 50 20 flere
948 1111 32 20 af-

228 1143 93 21 seenden
343 1143 106 29 olämplig,
474 1143 44 21 dels
541 1143 70 22 såsom
634 1143 112 22 lemnande
768 1152 47 13 rum
835 1144 34 21 för
889 1145 91 28 mycken

228 1177 107 28 ojämnhet
359 1178 6 20 i
388 1177 168 28 tillämpningen,
579 1177 44 22 dels
647 1177 70 22 såsom
739 1178 65 21 äfven
833 1179 7 20 i
871 1179 38 20 sak
934 1179 46 21 allt-

228 1211 34 21 för
284 1211 129 28 vidtgående
435 1211 40 21 och
490 1211 90 22 ledande
595 1212 32 20 till
643 1219 26 13 en
685 1212 141 21 öfverhöfvan
843 1215 44 18 stor
901 1213 80 21 kredit-

228 1245 155 26 förminskning
405 1245 33 20 för
461 1245 27 21 de
510 1245 81 21 mindre
610 1246 130 20 bemedlade.
769 1246 81 21 Medan
873 1247 105 27 nämligen

229 1279 65 27 enligt
316 1279 41 19 den
379 1278 77 27 nådiga
483 1279 159 27 propositionen
670 1280 7 19 i
701 1279 37 20 det
758 1279 45 26 fall,
823 1282 31 18 att
879 1280 100 27 gäldenä-

227 1320 38 13 ren
280 1312 77 21 saknar
371 1311 83 21 tillfälle
472 1311 33 21 till
520 1312 127 28 nödtorftigt
662 1312 118 28 uppehälle,
797 1313 76 21 värdet
893 1313 22 21 af
938 1313 41 22 den

227 1346 89 29 tillgång
338 1353 46 14 som
406 1345 48 21 från
477 1347 120 27 utmätning
619 1346 35 22 må
672 1346 133 30 undantagas
821 1347 85 22 utöfver
921 1348 59 22 hvad

227 1382 32 20 till
281 1380 111 22 underhåll
415 1380 34 21 för
470 1388 26 14 en
512 1380 77 22 månad
604 1381 87 27 tarfvas,
707 1382 47 21 icke
770 1382 6 21 i
792 1382 70 28 någon
877 1382 103 22 händelse

227 1416 39 22 bör
287 1415 22 21 få
327 1416 55 28 stiga
396 1415 62 22 öfver
474 1418 31 18 ett
519 1416 39 20 fixt
572 1416 78 28 belopp
666 1416 22 21 af
703 1418 72 20 trettio
790 1424 55 22 resp.
861 1418 117 28 sjuttiofem

227 1451 65 26 mark,
314 1449 70 22 ehvad
403 1450 37 20 det
456 1450 138 28 undantagna
608 1452 86 26 utgöres
710 1451 23 21 af
747 1451 163 29 arbetsredskap
926 1452 52 22 eller

295 1490 131 23 Lagutskottets
439 1490 110 18 betänkande
561 1490 37 18 N:o
611 1491 12 17 5
