1034 1714
779 145 26 19 75

82 211 26 19 då
130 211 56 24 skall,
208 211 51 20 ändå
280 213 29 19 att
333 212 115 25 utmätning
470 213 52 19 skett
536 213 7 19 i
557 213 209 26 öfverensstämmelse
787 213 46 19 med

83 245 54 19 äldre
152 245 38 24 lag,
205 251 41 18 nya
259 245 71 26 lagens
345 246 151 19 bestämmelser
510 246 68 25 gälla
571 241 12 35 i
589 247 55 24 fråga
657 253 33 13 om
700 247 133 25 egendomens

82 278 116 25 försäljning
220 279 37 20 och
278 280 186 25 verkställighetens
488 280 133 25 slutförande;
644 281 51 19 dock
715 282 29 18 att
759 280 75 19 hvad
822 274 15 36 i

81 316 40 21 nyä
143 313 59 24 lagen
222 315 22 18 är
266 314 93 24 stadgadt
380 320 32 13 om
436 314 140 20 fastställande
598 315 19 18 af
640 315 67 24 lägsta
718 315 71 24 belopp
804 315 30 18 för

80 347 74 24 anbud,
178 353 42 13 som
242 347 32 20 får
290 349 88 24 antagas,
392 348 43 19 icke
451 355 47 18 eger
512 348 131 25 tillämpning,
657 349 36 19 der
707 348 126 20 innehafvare

81 381 20 19 af
122 381 122 26 inteckning,
259 386 49 15 'som
331 384 22 17 är
376 388 113 19 gemensam
512 383 29 18 för
561 382 38 20 den
614 385 85 17 utmätta
714 382 119 25 fastigheten

82 415 38 19 och
140 421 25 13 en
186 415 48 20 eller
248 416 46 19 flere
309 416 61 19 andra
387 416 121 25 fastigheter,
524 417 43 19 icke
581 417 120 19 tillkommer
715 417 63 19 bättre
793 418 40 18 rätt

81 451 25 17 än
130 449 160 26 slutstadgandet
312 450 6 19 i
340 450 142 25 förordningen
504 451 19 18 af
545 451 65 19 denna
632 451 43 25 dag,
699 450 134 20 innefattande

82 483 85 25 ändring
181 484 20 19 af
216 484 97 19 särskilda
329 484 26 26 $$
370 485 5 18 i
392 485 140 24 förordningen
548 485 20 19 af
582 485 39 19 den
637 485 11 19 9
659 485 107 19 november
777 485 54 19 1868

83 524 31 13 om
129 518 117 25 inteckning
257 519 9 26 i
281 519 41 19 fast
337 519 102 24 egendom,
454 519 116 20 innehåller.

435 622 11 19 8
463 621 19 27 $.

149 690 55 19 Efter
225 690 34 20 det
281 696 40 20 nya
331 683 67 32 lagen
412 691 65 19 blifvit
492 691 97 25 gällande,
604 690 33 20 må
651 691 17 25 ej
684 691 5 19 i
705 690 64 26 någon
784 690 48 20 hän-

84 724 56 20 delse
161 724 119 26 bysättning
299 725 48 19 eller
368 725 114 25 skyldighet
502 727 30 17 att
548 725 44 20 med
607 726 65 18 arbete
687 725 71 25 aftjena
773 724 59 20 skuld

84 758 81 26 åläggas
188 759 95 25 gäldenär
297 759 48 19 eller
359 759 79 20 införsel
452 760 7 18 i
474 760 49 19 hans
538 759 33 20 lön
586 759 49 20 eller
648 759 83 25 pension
746 759 87 25 beviljas.

84 792 22 26 Ej
124 792 61 20 heller
207 793 37 24 må,
260 793 25 25 på
300 794 66 24 grund
380 794 20 18 af
414 794 53 18 förut
481 793 112 20 meddeladt
607 794 72 24 beslut,
694 793 119 25 gäldenären
827 793 6 19 i

85 827 188 25 bysättningshäkte
288 828 48 19 eller
350 828 29 19 till
396 828 66 19 arbete
484 828 69 19 hållas.
582 827 32 19 Då
628 834 39 18 nya
682 827 54 25 lagen
751 827 62 19 träder
826 827 9 19 i

84 861 53 25 kraft
156 861 77 25 förfalle
251 862 54 24 förut
319 862 97 19 meddelad
426 862 88 24 införsel,
529 861 24 20 så
567 862 61 24 framt
641 862 18 25 ej
672 861 161 25 verkställigheten

81 895 59 20 redan
155 896 71 25 begynt.

436 1000 11 20 9
463 1000 18 26 S.

149 1068 39 20 Der
207 1068 63 26 enligt
284 1069 73 19 allmän
372 1069 79 25 civillag
466 1069 61 25 något
542 1068 173 20 rättsförhållande
730 1070 22 18 är
766 1068 65 25 gjordt

82 1103 100 19 beroende
202 1103 60 24 deraf,
284 1105 29 17 att
335 1104 36 18 hos
391 1103 95 25 Kejsaren
501 1104 36 18 och
553 1103 133 19 Storfurstens
702 1103 128 24 befallnings-

84 1134 98 22 hafvande
204 1138 74 24 borgen
302 1137 73 24 ställes,
396 1137 49 20 eller
466 1138 80 18 fordran
565 1137 90 25 angifves
677 1137 47 19 eller
743 1136 87 24 utsökes,

80 1171 50 20 eller
143 1171 83 20 klander
244 1173 52 18 emot
310 1178 77 13 annans
402 1171 86 26 anspråk
502 1171 94 25 anmäles,
611 1177 46 13 vare
671 1171 53 19 hvad
738 1171 7 19 i
760 1172 23 24 ty
798 1171 33 19 fall

80 1211 31 14 om
134 1205 94 25 Kejsaren
246 1206 37 19 och
298 1206 134 19 Storfurstens
449 1205 215 25 befallningshafvande
679 1207 46 23 sägs
741 1205 90 25 gällande

80 1246 32 13 om
127 1240 157 19 öfverexekutor.

425 1314 26 19 10
467 1313 19 27 8.

149 1381 34 22 De,
206 1387 43 13 som
264 1381 20 19 af
299 1381 96 24 Kejsaren
410 1381 37 19 och
462 1381 135 19 Storfurstens
609 1366 221 43 befaliningshafvande

79 1415 6 20 i
102 1415 40 20 bud
162 1415 38 20 och
222 1415 85 20 ärenden
330 1415 78 24 brukas,
430 1414 56 23 skola
500 1420 47 13 vara
562 1413 100 20 edsvurne
677 1413 36 20 och
728 1413 101 20 välkände.

81 1445 129 25 Ötverskrida
224 1449 25 20 de
264 1449 20 19 af
298 1449 105 25 sjelftagen
418 1448 118 25 myndighet
551 1447 50 20 eller
615 1448 102 19 eftersätta
732 1448 39 24 det,
787 1454 41 13 som
