1036 1720
207 159 26 22 38

408 160 29 22 U.
452 161 27 22 B.
495 174 26 3 —
536 161 75 29 Prop.
626 161 44 22 N:o
686 161 20 22 7.

608 230 12 20 3
635 229 64 21 KAP.

488 303 42 22 Om
546 303 149 28 aktiebolags
710 304 112 27 styrelse.

623 373 29 20 34
666 374 21 25 $.

453 441 125 28 Aktiebolag
600 441 118 28 företrädes
734 442 46 20 mot
795 441 65 28 tredje
874 448 55 14 man

382 476 39 21 och
444 478 46 19 mot
512 476 84 21 enskild
610 476 118 27 aktieegare
744 476 28 28 af
783 476 41 21 den
839 476 51 21 eller
904 476 25 21 de

384 510 129 28 sysslomän,
535 517 48 14 som
602 512 78 25 utgöra
694 510 47 21 dess
756 510 96 28 styrelse,
867 512 61 19 utom

382 544 74 21 sävidi
469 544 10 21 i
495 545 15 20 2
524 544 48 28 kap.
587 544 51 22 eller
653 544 41 21 här
703 544 73 22 nedan
788 545 142 21 annorlunda

382 580 55 26 sägs.
478 578 110 28 —Styrelsen
609 578 42 22 har
674 579 39 21 sitt
732 580 46 20 säte
802 579 10 20 i
836 579 93 27 bolagets

385 612 96 27 hemort;
498 613 37 21 och
550 613 57 21 skall
620 614 118 26 styrelsens
752 613 73 28 flertal
842 615 89 26 utgöras

383 647 29 27 af
422 648 69 27 finske
506 647 142 28 medborgare.

454 681 15 21 I
481 682 195 28 bolagsordningen
690 682 37 22 mä
742 682 133 28 bestämmas,
893 689 36 15 om

385 717 38 21 och
437 716 10 21 i
461 717 58 21 hvad
540 717 54 21 män
615 724 27 14 en
664 718 50 20 eller
736 716 51 29 flere
808 717 28 28 af
846 718 81 27 sysslo-

387 753 104 26 männen,
512 754 56 19 utan
589 752 25 20 de
636 751 80 29 öfriges
735 752 136 27 medverkan,
891 759 38 21 ega

385 786 83 21 handla
491 786 35 28 för
548 786 87 28 bolaget,
658 787 51 21 eller
723 786 168 29 sysslomännen
905 786 25 28 få

385 820 24 22 ät
431 821 74 27 nägon
525 821 67 21 bland
608 821 34 27 sig
657 822 51 20 eller
722 822 24 20 ät
760 828 78 14 annan
849 828 82 21 person

385 856 115 26 uppdraga
522 855 179 27 handhafvandet
730 855 28 28 af
784 856 25 21 de
839 856 91 27 löpande

386 889 110 21 ärendena
507 890 51 20 eller
569 889 51 28 eljes
630 889 44 21 viss
684 889 33 21 del
727 889 29 28 af
761 890 169 27 förvaltningen.

625 987 32 20 35
670 988 21 25 $.

458 1061 42 20 Om
523 1061 170 27 aktiebolags
714 1061 155 27 skyldighet
889 1062 43 19 att

387 1095 44 20 till
455 1095 175 28 inskrifning
652 1096 8 19 i
684 1095 249 27 handelsregisiret

388 1129 109 20 anmäla
528 1129 118 27 bolagets
682 1129 120 27 styrelse
847 1129 83 27 jemte

386 1163 199 27 förändringar
611 1163 10 20 i
647 1163 160 27 densamma,
836 1163 28 20 så
889 1164 42 20 ock

386 1203 35 14 om
440 1197 112 27 påföljd
573 1197 32 28 af
619 1197 171 27 försummad
803 1198 128 20 anmälan

386 1233 30 19 är
429 1231 133 21 särskildt
578 1231 127 28 stadgadt.

626 1327 31 20 36
668 1328 22 25 4.

456 1395 137 28 Aktiebolags
607 1396 88 28 styrelse
710 1404 47 20 eger
766 1396 37 29 för
812 1398 121 20 detsamma

388 1430 45 21 tala
454 1430 39 21 och
513 1437 71 21 svara,
606 1430 97 28 företaga
724 1432 46 20 alla
793 1431 35 22 till
846 1432 84 28 bolags-

387 1465 161 21 verksamheten
563 1465 95 21 hörande
675 1466 255 28 förvaltningshandlin-

233 1504 46 22 Lag-
293 1504 31 17 och
337 1504 180 18 Ekonomiutskotteis
529 1504 109 18 betänkande
650 1504 37 18 N:o
700 1506 17 17 2.
