1042 1720
261 138 82 23 Ständ.
359 139 37 22 Sv.
414 153 22 2 —
455 139 72 28 Prop.
543 139 41 23 N:o
599 139 22 22 4.
759 140 28 22 85

63 203 106 22 allmänne
191 203 166 27 uppbördsmän,
379 203 111 22 hvarutom
509 204 40 21 alle
564 203 100 28 uppgifne
679 203 135 28 borgenärer,

63 243 45 16 som
131 237 7 21 i
160 237 72 22 landet
253 238 71 26 vistas,
347 237 62 22 skola
424 238 72 21 derom
512 238 81 21 erhälla
606 238 118 21 kännedom
739 243 76 22 genom

63 271 105 22 särskilda
189 271 106 27 kallelser,
317 272 73 21 hvilka
409 272 53 21 böra
479 273 25 20 sä
520 272 64 27 tidigt
599 271 95 22 utfärdas
710 274 31 19 att
756 271 58 22 bevis

63 306 59 21 öfver
137 305 120 23 delfäendet
271 308 43 21 kan
331 307 13 21 &
358 307 184 27 inställelsedagen
558 313 52 15 vara
624 307 32 20 till
671 307 75 21 hands.

407 392 12 27 8
434 393 33 22 24.

130 444 18 26 Ä
164 450 163 28 inställelsedag,
344 450 85 22 hvartill
444 451 128 27 gäldenären
582 450 55 22 skall
647 451 68 21 kallas
726 452 32 20 att
767 456 47 21 per-

62 484 96 28 sonligen
172 487 97 24 närvara,
285 484 42 22 läte
342 484 79 23 Rätten
437 486 120 26 offentligen
573 486 89 26 uppläsa
674 485 140 27 gäldenärens

62 520 94 21 ansökan
179 520 58 26 eller,
255 520 38 21 der
315 520 53 21 hans
390 521 103 27 egendom
517 520 53 22 efter
588 520 116 28 borgenärs
718 519 96 28 yrkande

62 553 100 27 afträdes,
184 554 93 22 beslutet
300 554 79 27 derom,
399 555 24 21 sä
445 555 40 21 ock
507 555 66 27 öfrige
591 554 133 28 handlingar,
739 554 76 22 hvaraf

62 589 155 27 borgenärerne
231 589 73 21 kunna
321 595 32 15 om
370 590 66 22 saken
447 590 64 27 nödig
520 589 97 28 kunskap
627 589 27 22 fä.
678 589 70 21 Sedan
758 588 56 27 gifve

61 624 53 20 hvar
132 623 104 28 borgenär
251 623 120 27 skriftligen
387 630 42 22 upp
445 624 32 22 sin
492 624 85 22 fordran
593 624 48 22 med
657 624 41 21 den
713 625 43 20 rätt
770 623 42 21 han

61 658 81 26 pästär;
161 658 61 28 lägge
241 658 40 22 ock
297 658 25 22 de
337 658 126 28 handlingar
478 660 28 26 in,
521 658 28 28 pä
564 659 72 21 hvilka
650 659 42 21 han
706 659 33 21 sin
754 658 59 21 talan

60 693 100 26 grundar.
191 692 143 22 Obemedlade
357 695 78 25 parter,
455 700 45 15 som
518 693 18 27 ej
552 693 74 27 sjelfva
640 694 72 20 kunna
726 691 86 27 skrifva,

61 734 49 15 vare
126 727 53 22 dock
194 727 81 22 tillätet
290 729 32 20 att
337 728 46 22 sina
399 728 121 27 fordringar
534 728 116 27 muntligen
665 727 90 22 anmäla.

130 762 42 22 Vill
186 762 111 28 borgenär,
313 762 46 22 före
374 762 192 28 inställelsedagen,
577 763 33 21 sin
621 762 118 27 ansökning
747 761 66 27 jemte

61 796 126 28 handlingar
209 798 32 20 till
263 797 77 22 Rätten
358 797 79 28 ingifva
457 798 51 21 eller
522 798 97 26 insända,
634 797 76 22 stände
725 796 37 22 det
776 797 38 21 ho-

61 838 49 15 nom
133 832 54 26 fritt;
210 832 39 21 och
271 832 78 22 Rätten
367 832 42 22 läte
427 832 14 21 &
458 832 183 28 inställelsedagen
655 831 159 23 vederbörande

60 868 72 26 parter
142 866 66 22 undfä
218 866 119 23 kännedom
349 872 34 16 om
393 867 132 26 handlingar,
536 873 46 16 som
592 866 58 22 förut
660 866 99 22 inkomne
769 868 43 20 äro.

130 896 30 27 Är
174 901 115 27 borgenärs
304 901 88 22 fordran
408 901 66 22 sådan
489 903 31 20 att
534 901 102 28 beloppet
653 900 61 22 deraf
729 901 19 27 ej
765 901 48 21 med

61 937 79 21 visshet
159 936 128 22 bestämmas
305 937 49 26 kan,
372 935 101 28 uppgifve
487 937 65 21 likväl
566 936 56 22 hvad
636 936 42 21 han
693 935 63 28 högst
770 935 43 22 for-

61 971 39 22 dra
114 971 43 22 vill.

130 1006 53 27 Den,
202 1012 45 16 som
265 1007 7 20 i
291 1006 101 27 fastighet
407 1006 38 21 har
460 1006 136 22 innestående
611 1005 85 27 utskyld
712 1005 51 22 eller
778 1011 36 15 an-

61 1047 42 16 nan
117 1041 93 21 likartad
226 1041 72 27 utlaga
314 1040 53 22 eller
380 1041 33 21 för
427 1041 63 22 hvars
505 1040 86 22 fordran
606 1039 101 28 fastighet
717 1040 62 27 eljest
790 1041 24 20 är

60 1076 126 27 underpant,
201 1081 50 16 vare
266 1076 75 27 pligtig
357 1077 36 25 att,
410 1075 69 22 såsom
490 1075 62 22 ofvan
562 1077 54 25 sägs,
628 1075 41 22 den
679 1075 73 27 utlaga
762 1074 51 21 eller

61 1111 87 21 fordran
170 1110 81 22 bevaka
275 1111 76 21 endast
371 1110 23 22 så
410 1111 45 21 vidt
470 1111 41 21 han
526 1109 36 22 vill
577 1109 57 22 hålla
650 1110 31 27 sig
695 1110 33 21 till
743 1115 70 16 annan

60 1145 141 28 gäldenärens
224 1145 111 27 egendom.
364 1145 46 26 Lag
428 1151 79 16 samma
522 1149 49 17 vare
587 1151 34 15 om
637 1144 47 27 den,
699 1151 45 15 som
759 1144 7 21 i
781 1143 33 21 fa-

61 1181 79 27 stighet
161 1180 39 22 har
222 1180 137 21 innestående
381 1179 134 28 lönebelopp,
536 1179 81 22 hvilket
638 1179 39 21 bör
696 1179 52 27 utgå
766 1177 47 22 med

61 1215 70 21 bättre
146 1215 43 21 rätt
204 1217 27 19 än
246 1214 145 27 pantfordran,
407 1215 24 21 så
446 1214 40 21 ock
497 1220 32 15 om
541 1213 48 26 den,
598 1218 45 17 som
653 1213 33 21 för
696 1213 117 26 fordrings-

62 1249 92 28 anspråk
169 1250 39 21 har
223 1251 60 25 pant-
298 1249 40 22 och
352 1249 137 22 förmånsrätt
499 1249 7 20 i
515 1249 70 26 fartyg
596 1247 51 22 eller
657 1248 53 27 gods
720 1248 7 21 i
737 1247 76 27 fartyg.

407 1328 11 27 s
433 1328 34 22 29.

130 1380 212 27 Konkursborgenär,
361 1386 45 16 som
427 1380 19 26 ej
462 1380 13 20 å
489 1378 185 26 inställelsedagen
690 1378 52 20 eller
756 1377 58 21 förut

61 1416 33 21 sin
116 1414 87 23 fordran
224 1414 39 22 hos
285 1414 79 22 Rätten
383 1413 110 29 uppgifvit,
514 1412 27 28 på
559 1414 43 21 sätt
616 1412 7 21 i
639 1411 11 27 $
664 1412 28 21 24
706 1413 25 20 är
745 1411 67 27 sagdt,

62 1450 62 23 hafve
138 1450 89 22 förlorat
241 1450 29 22 all
285 1451 44 21 rätt
344 1449 33 22 till
391 1448 110 28 betalning
516 1454 25 15 ur
556 1448 187 25 konkursmassan,
755 1447 58 21 utom
