1025 1717
416 130 44 23 N:o
480 131 22 22 4.
795 130 12 20 5

79 199 67 21 vänta
169 198 108 28 synnerlig
299 199 63 26 nytta
385 197 51 22 eller
459 197 78 27 skada;
560 198 51 22 eller
627 204 33 15 om
675 197 43 22 han
735 199 24 19 är
774 199 62 25 parts

79 232 163 22 vederdeloman
262 232 51 22 eller
328 232 126 28 uppenbare
470 234 60 20 ovän.
560 232 47 22 Har
622 232 185 27 utmätningsman
823 232 12 21 å

79 266 106 27 tjenstens
200 268 82 26 vägnar
297 268 115 26 rättegång
422 266 48 22 med
481 266 123 28 någondera
613 267 85 27 parten,
711 266 50 22 eller
772 267 63 20 söker

78 302 57 25 part,
151 301 67 21 sedan
233 301 66 21 målet
314 303 24 19 är
354 301 123 27 anhängigt,
494 301 39 21 sak
548 301 47 21 med
607 300 228 27 utmätningsmannen

79 334 51 22 eller
145 335 94 27 tillfogar
254 335 79 21 honom
349 336 67 27 något
430 336 49 21 med
496 335 39 22 ord
550 335 51 22 eller
616 336 97 26 gerning,
733 335 7 21 i
754 335 81 27 uppsåt

78 370 34 20 att
128 369 87 22 dermed
230 372 53 25 göra
297 370 79 22 honom
388 370 73 27 jäfvig,
478 370 36 21 det
529 370 55 21 skall
600 370 17 27 ej
633 369 34 22 för
679 368 34 28 jäf
726 370 85 20 räknas.

146 404 151 22 Förekommer
319 404 32 27 jäf
364 406 58 20 emot
436 404 133 27 kronofogde
585 404 50 22 eller
651 403 129 28 stadsfogde,
797 410 37 15 an-

77 437 55 22 mäle
147 438 42 22 han
206 439 37 21 det
257 440 76 26 genast
349 439 39 22 hos
404 439 169 26 öfverexekutor,
589 445 52 20 som,
653 439 38 21 der
698 437 68 29 jäfvet
776 437 57 28 pröf-

77 478 37 16 vas
137 473 81 27 lagligt,
241 473 116 22 förordnar
380 480 71 15 annan
468 473 183 27 utmätningsman
666 473 7 21 i
690 473 40 22 den
742 472 91 27 jäfviges

77 507 68 22 ställe.
177 503 64 26 Öfver
263 508 77 26 beslut,
364 515 45 15 som
424 509 8 20 i
444 508 119 28 jäfsfrågan
579 508 66 27 gifves
661 507 22 22 af
697 507 136 22 öfverexeku-

76 543 42 26 tor,
134 543 36 21 må
184 542 79 28 klagan
279 543 18 28 ej
314 542 64 23 föras.

146 571 31 27 Är
192 577 7 21 i
215 577 48 21 stad
279 577 141 27 magistraten
436 577 193 27 utmätningsman,
644 577 56 28 gälle
715 579 45 20 mot
775 576 58 21 leda-

76 613 46 20 mot
138 611 23 22 af
174 612 141 27 magistraten
331 618 81 15 samma
424 612 38 28 jäf,
478 619 46 15 som
534 611 62 23 ofvan
608 614 93 19 nämnts.
725 611 39 22 Om
775 611 57 28 pröf-

76 647 52 26 ning
144 646 23 21 af
178 646 34 28 jäf
225 647 39 21 och
279 647 145 22 förordnande
440 647 22 22 af
477 647 76 28 ojäfvig
568 647 93 21 ledamot
672 653 51 15 vare
733 647 42 27 lag,
787 652 45 16 som

75 681 8 20 i
99 680 116 22 allmänhet
231 687 34 15 om
279 682 115 27 magistrat
408 680 34 23 för
456 683 23 26 ty
494 681 37 22 fall
547 684 24 19 är
586 681 107 27 stadgadt.

426 757 24 20 10
467 757 18 27 8.

144 802 189 28 Utmätningsman
350 803 53 22 skall
419 803 35 21 vid
469 803 33 22 sin
517 803 132 27 förrättning
663 802 63 22 hafva
741 803 48 21 med
800 803 32 27 sig

76 837 88 28 ojäfvigt
179 837 74 22 vittne.

144 872 87 22 Utföres
254 872 132 29 förrättning
409 873 23 21 af
453 873 119 27 magistrat,
596 879 51 15 vare
668 873 69 21 vittne
760 873 18 27 ej
799 879 32 15 er-

74 906 121 29 forderligt.

424 961 23 20 11
466 960 18 27 8.

144 1005 44 22 Hos
205 1005 162 22 öfverexekutor
382 1007 55 21 skall
452 1006 59 22 öfver
526 1007 171 27 utsökningsmål
712 1006 59 22 föras
785 1009 45 19 sär-

74 1039 56 22 skild
146 1040 91 27 dagbok.

143 1074 138 28 Kronofogde
304 1075 39 22 och
362 1075 123 28 stadsfogde
501 1082 50 15 vare
567 1076 38 21 och
620 1076 89 27 pligtige
725 1077 33 20 att
773 1075 58 22 hålla

74 1109 86 28 dagbok
183 1109 58 22 öfver
259 1109 42 22 alla
317 1111 232 27 utsökningsärenden,
565 1111 6 21 i
587 1111 71 21 hvilka
673 1111 63 22 deras
753 1111 77 26 åtgärd

74 1144 70 21 äskas.

141 1179 32 22 De
196 1182 100 19 närmare
319 1179 162 23 föreskrifterna
497 1181 110 26 angående
623 1181 160 27 dagböckernas
798 1180 32 21 fö-

72 1213 69 22 rande
157 1214 109 21 meddelas
281 1220 79 21 genom
375 1215 93 21 särskild
482 1215 70 27 Nådig
566 1214 132 28 förordning.

142 1248 33 22 Ur
197 1249 85 27 dagbok
302 1249 54 21 skall
371 1249 108 22 meddelas
495 1249 102 28 skriftligt
612 1249 67 27 intyg,
695 1251 40 20 när
751 1249 78 22 sådant

72 1283 96 26 begäres.

421 1330 25 20 12
463 1329 18 27 8.

142 1368 169 27 Öfverexekutor
335 1374 79 26 åligger
438 1375 33 20 att
487 1380 55 21 noga
557 1374 62 25 tillse,
636 1374 56 21 huru
708 1374 26 22 de
749 1376 80 20 utmät-

71 1407 121 27 ningsmän,
208 1414 46 15 som
270 1408 69 22 under
355 1408 78 22 honom
448 1408 56 28 lyda,
520 1408 93 22 förrätta
627 1408 56 22 hvad
699 1408 47 22 dem
762 1408 66 28 enligt

71 1442 35 28 lag
122 1442 81 28 åligger
219 1442 51 22 eller
285 1442 62 29 eljest
362 1443 6 22 i
384 1443 94 28 tjensten
494 1444 77 22 varder
586 1444 93 22 betrodt.
706 1444 79 22 Finner
799 1444 30 21 öf-
