1039 1714
818 157 11 20 7

106 223 62 28 skyld
191 224 40 21 och
245 224 132 28 lönebelopp,
392 231 45 14 som
452 225 88 21 framför
554 225 41 21 den
611 225 38 21 har
662 225 110 27 företräde,
788 226 72 20 främst

105 258 57 27 utgå,
183 259 7 20 i
212 258 40 21 den
268 258 98 21 inbördes
382 259 90 28 ordning
486 259 39 21 och
540 259 27 27 på
581 261 41 19 sätt
637 259 73 21 derom
724 261 24 19 är
762 259 99 21 särskildt

105 292 103 27 stadgadt.

173 326 12 21 I
201 325 63 29 öfrigt
278 333 49 15 vare
342 326 104 28 borgenär
461 327 39 21 ock
515 327 35 21 vid
566 327 125 28 utmätning,
703 334 46 14 som
759 327 22 21 af
791 333 69 15 annan

106 360 104 27 borgenär
231 360 99 28 erhållits,
350 360 116 28 berättigad
487 363 30 19 att
531 361 49 21 med
595 368 80 14 samma
690 361 109 27 företräde,
815 367 46 15 som

107 395 53 21 efter
174 394 55 21 hvad
245 395 63 20 ofvan
320 395 92 28 stadgats
424 395 34 22 vid
470 395 93 22 konkurs
574 395 65 22 borde
649 395 78 22 honom
737 395 124 27 tillkomma,

107 428 79 22 erhålla
208 429 108 28 betalning
338 436 26 15 ur
385 430 41 21 den
448 431 88 20 utmätta
558 430 137 27 egendomen,
719 430 54 21 dock
795 431 18 26 ej
829 429 34 22 för

106 463 115 28 förlagslån
244 464 31 21 till
296 463 54 22 bruk
370 464 52 21 eller
442 465 74 27 fabrik,
530 465 33 21 för
576 465 111 27 jordegare
701 464 160 22 tillkommande

107 498 117 28 ersättning
238 498 32 21 för
285 498 87 22 husröta
386 499 52 21 eller
452 499 98 27 vanhäfd,
560 499 33 20 för
603 499 115 27 utskylder,
728 499 33 21 för
771 499 92 28 fordran,

107 538 44 15 som
168 532 7 20 i
191 533 27 26 $$
233 533 20 26 4,
268 533 12 20 9
298 532 52 22 eller
364 533 26 20 10
406 533 135 27 omförmälts,
562 533 52 21 eller
633 533 32 20 för
680 533 117 27 ersättning
811 528 52 26 eller

106 566 76 27 medel,
198 573 44 14 som
258 567 7 20 i
282 567 12 26 $
311 567 26 20 13
352 569 36 19 äro
404 567 98 28 nämnda,
516 567 23 21 så
554 567 45 21 vidt
613 568 19 26 ej
649 567 130 28 egendomen
793 567 70 20 blifvit

107 601 62 20 äfven
192 601 33 20 för
247 601 41 20 den
311 601 84 20 fordran
419 603 80 19 utmätt.
529 601 124 21 Kostnaden
672 601 33 21 för
720 601 144 27 egendomens

107 635 122 20 utmätande
245 635 39 20 och
298 634 124 29 försäljning
437 638 55 18 samt
505 635 179 28 köpeskillingens
696 635 119 28 fördelning
825 635 39 21 och

107 675 72 14 annan
201 669 33 20 för
255 669 153 28 utsökningens
424 669 129 21 slutförande
568 669 139 22 föreskrifven
723 669 73 28 åtgärd
811 669 52 21 skall

107 703 74 20 främst
203 709 26 14 ur
249 703 168 28 köpeskillingen
438 703 78 28 gäldas,
536 703 37 22 der
588 703 47 22 icke
650 703 42 22 viss
707 703 90 22 kostnad
812 704 53 20 varit

108 737 32 21 till
163 743 55 21 gagn
242 737 53 22 blott
314 737 33 21 för
361 738 43 20 viss
419 737 91 28 fordran,
525 738 7 20 i
546 738 81 21 hvilket
641 738 37 21 fall
694 738 66 21 sådan
775 737 90 22 kostnad

108 771 39 21 bör
162 773 48 19 näst
225 771 45 21 före
286 772 69 21 denna
370 771 55 28 utgå.

178 805 76 22 Denna
270 806 123 28 förordning
408 807 53 20 skall
476 807 104 27 tillämpas
595 806 47 21 från
658 806 42 21 den

279 857 5 10 ,
300 841 53 21 dock
369 841 18 27 ej
403 841 8 20 i
427 841 25 21 de
468 841 103 21 konkurs-
587 841 38 22 och
641 841 224 27 förmånsrättstvister,

110 874 72 21 hvilka
198 874 135 22 derförinnan
349 875 65 27 gjorts
429 876 122 27 anhängiga.

387 1030 163 29 Förordning,
570 1029 171 24 innefattande
762 1029 105 28 ändring

318 1064 24 22 af
366 1064 121 23 särskilda
506 1064 34 29 $8
562 1065 10 21 i
586 1064 179 28 förordningen
781 1064 27 22 af
820 1063 49 23 den

320 1099 14 22 9
352 1099 132 22 november
504 1098 59 23 1868
582 1105 40 16 om
637 1098 144 28 inteckning
796 1099 9 22 i
819 1097 50 24 fast

320 1133 124 28 egendom.

181 1207 132 28 Härigenom
328 1207 89 28 stadgas,
432 1209 30 20 att
477 1207 68 22 nedan
558 1207 93 21 nämnda
663 1207 26 27 $$
700 1207 8 20 i
718 1206 150 29 förordningen

113 1241 22 21 af
149 1241 42 22 den
207 1242 12 20 9
235 1241 115 22 november
367 1242 53 21 1868
436 1248 35 14 om
485 1241 124 28 inteckning
623 1241 7 20 i
642 1241 41 21 fast
694 1241 105 27 egendom
809 1241 59 21 skola

113 1275 80 22 erhålla
209 1275 93 28 följande
317 1276 125 21 förändrade
456 1276 90 27 lydelse:

464 1372 12 27 8
494 1372 31 21 12.

183 1428 79 22 Finnes
278 1429 118 21 sökandens
411 1428 141 29 rättsanspråk
567 1435 51 14 vara
633 1428 102 28 ostridigt,
750 1428 120 28 ovilkorligt

115 1464 40 21 och
171 1463 33 22 till
219 1463 99 28 beloppet
330 1463 151 28 erforderligen
491 1463 109 28 bestämdt,
611 1464 54 21 samt
674 1463 198 28 fastighetsegarens

816 1503 10 18 7
