1025 1720
438 127 44 23 N:o
501 128 21 23 4.
800 128 26 20 27

104 193 69 23 desvis
197 194 100 26 utmätas,
315 195 24 21 så
358 195 46 21 vidt
419 194 37 22 det
470 195 115 27 lämpligen
601 196 38 21 och
655 197 54 20 utan
724 195 84 28 förfång
823 195 33 22 för

104 228 244 27 utmätningssökanden
363 230 43 20 kan
422 229 43 21 ske.

452 305 25 20 14
496 304 17 27 8.

173 342 42 22 Lös
231 343 109 27 egendom,
357 350 45 15 som
418 345 99 25 utmätes,
534 344 54 22 skall
599 344 22 22 af
629 344 227 27 utmätningsmannen

104 378 134 27 upptecknas
251 378 44 26 och,
313 385 33 15 om
366 379 36 21 det
417 380 17 26 ej
452 381 23 19 är
490 379 121 27 penningar
627 379 51 21 eller
693 379 90 21 utdömd
798 385 57 21 vara,

103 412 112 27 värderas;
239 412 39 23 och
294 419 37 21 ege
347 414 234 27 utmätningsmannen,
598 414 39 22 der
652 415 24 20 så
691 414 68 21 finnes
775 414 80 27 nödigt,

103 446 93 22 tillkalla
211 447 135 28 sakkunnige
361 450 50 19 män
428 450 32 20 att
476 448 34 22 vid
525 448 141 27 värderingen
681 448 93 22 biträda.

450 525 24 20 15
494 524 18 27 8.

171 562 85 28 Finnes,
281 564 26 21 då
331 564 123 28 utmätning
476 564 55 22 skall
553 564 44 27 ske,
616 565 34 20 att
668 564 23 21 af
705 564 41 22 den
762 563 94 28 tillgång,

103 604 46 15 som
171 597 33 22 får
226 600 62 26 tagas
304 600 6 20 i
325 600 52 25 mät,
397 599 66 27 något
482 598 120 23 öfverskott
621 599 85 22 utöfver
724 598 133 28 verkställig-

103 632 168 22 hetskostnaden
288 634 46 21 icke
350 635 24 19 är
390 635 34 20 att
439 634 104 27 påräkna,
560 633 65 22 varde
640 634 122 27 utmätning
774 633 17 28 ej
802 632 55 22 före-

103 668 70 26 tagen.

448 728 24 20 16
492 727 17 27 8.

172 761 29 26 Är
217 766 42 26 det,
275 773 45 15 som
337 768 99 24 utmätes,
451 767 120 27 penningar
582 766 51 22 eller
644 766 90 22 utdömd
744 772 53 16 vara
808 766 50 22 eller

103 801 67 21 sådan
193 800 95 27 fordran,
310 808 45 14 som
377 801 95 28 grundas
489 802 13 21 å
515 801 110 28 handling,
641 801 58 21 stäld
714 801 33 21 till
762 800 96 22 innehaf-

102 842 66 15 varen
191 835 52 22 eller
266 836 32 21 till
320 836 43 22 viss
386 842 49 15 man
458 836 48 22 med
520 836 32 22 lof
565 836 34 22 för
614 836 79 21 honom
708 837 34 20 att
756 836 46 21 låta
817 836 40 22 den

103 870 86 21 komma
203 869 7 22 i
227 876 82 15 annans
325 870 64 27 hand,
406 870 50 21 eller
467 872 94 20 utmätes
573 877 71 15 annan
655 870 111 27 rättighet,
778 877 44 15 som
834 872 24 20 är

102 902 35 25 vid
160 905 42 22 viss
225 905 102 27 handling
341 905 95 26 bunden;
453 905 27 22 då
495 905 54 22 skall
564 905 227 28 utmätningsmannen
807 906 51 27 taga

102 940 155 27 penningarna,
274 946 66 15 varan
357 940 51 22 eller
423 939 128 28 handlingen
568 947 33 15 om
617 940 89 22 händer.

451 1016 23 20 17
492 1015 17 27 8.

172 1055 101 26 Lösören,
297 1061 44 15 som
361 1057 102 24 utmätas,
484 1055 66 27 skola,
571 1055 38 21 der
631 1056 25 20 de
672 1056 25 27 ej,
714 1054 53 22 efter
783 1056 22 26 ty
821 1061 36 15 ne-

104 1090 40 21 dan
162 1091 55 26 sägs,
232 1089 59 22 föras
305 1088 49 22 från
370 1090 79 26 stället,
468 1090 111 21 derstädes
595 1091 69 20 sättas
679 1090 8 21 i
702 1089 72 22 förvar
788 1089 69 22 under

103 1124 239 28 utmätningsmannens
364 1124 116 28 försegling
504 1124 55 27 eller,
583 1130 34 16 om
639 1124 42 22 han
704 1123 70 22 finner
797 1124 36 21 det
852 1124 5 21 i

103 1159 55 22 brist
173 1159 22 21 af
209 1159 90 28 tjenliga
313 1158 169 28 förvaringsrum
498 1159 51 22 eller
565 1159 22 21 af
601 1166 72 15 annan
684 1160 65 21 orsak
760 1159 17 27 ej
789 1158 68 28 lämp-

102 1194 57 27 ligen
174 1194 75 21 kunna
264 1194 43 26 ske,
324 1194 48 20 med
390 1194 54 21 hans
459 1194 79 28 insegel
554 1194 51 21 eller
621 1194 103 27 skriftligt
739 1193 75 27 anslag
829 1193 30 21 el-

102 1229 33 21 ler
157 1229 28 27 på
208 1230 67 20 annat
299 1229 45 20 sätt
366 1228 25 21 så
412 1229 119 26 utmärkas,
547 1230 34 20 att
603 1228 125 28 uppenbart
747 1234 63 21 synes
826 1229 33 19 att

103 1263 76 27 godset
194 1262 69 22 blifvit
279 1264 87 20 utmätt.
396 1263 68 21 Anses
481 1263 35 21 det
531 1264 96 21 utmätta
642 1263 18 27 ej
676 1263 76 21 kunna
766 1262 48 21 med
826 1264 33 19 sä-

103 1297 76 22 kerhet
197 1297 82 22 lemnas
295 1297 28 27 på
339 1297 73 21 stället
427 1297 69 22 under
511 1297 144 28 gäldenärens
670 1297 79 27 tillsyn,
765 1296 45 22 låte
825 1297 34 20 ut-

103 1332 201 27 mätningsmannen
329 1332 36 21 det
388 1331 23 22 af
431 1338 73 16 annan
527 1332 38 22 der
582 1332 78 21 vårdas
677 1332 51 21 eller
743 1331 33 22 till
792 1332 67 20 annat

104 1365 63 22 ställe
190 1365 65 27 föras,
275 1373 34 14 om
331 1366 25 21 så
370 1365 38 22 ske
423 1366 43 21 kan
483 1365 38 22 och
536 1365 134 27 borgenären
686 1365 117 27 förskjuter
818 1364 41 21 den

103 1400 33 21 för
152 1400 88 27 godsets
255 1400 54 21 vård
325 1400 51 21 eller
390 1399 102 28 flyttning
507 1400 78 27 nödiga
600 1399 100 21 kostnad.
