1050 1717
239 147 26 21 12
437 146 30 22 U.
482 145 29 22 B.
527 157 24 4 —
567 146 75 26 Prop.
656 144 41 22 N:o
712 145 22 22 8.
772 148 17 21 =

208 210 37 22 till
268 210 101 22 domstol
391 210 56 22 eller
466 210 137 29 myndighet
617 209 152 23 inlemnades.
798 210 166 28 Borgarestän-

207 244 40 22 det
262 244 104 22 deremot
376 244 42 22 har
428 244 115 22 förkastat
557 244 113 29 förslaget
685 251 38 15 om
735 251 30 15 en
776 243 100 23 särskild
886 244 78 22 vexel-

208 279 64 22 skatt
287 279 43 22 och
345 278 98 23 beslutit
450 281 35 19 att
491 278 66 23 vexel
565 278 71 23 borde
647 278 104 23 karteras
762 278 83 22 endast
855 278 40 22 vid
906 278 58 22 före-

207 313 83 23 teende
311 314 42 21 vid
375 314 100 22 domstol
499 314 56 22 eller
578 321 77 15 annan
677 313 146 29 myndighet,
845 314 8 21 i
872 313 92 22 hvilket

207 348 42 22 fall
279 349 67 21 vexel
372 348 69 22 borde
464 348 116 22 likställas
601 348 52 22 med
677 348 164 29 förskrifning.
871 348 47 22 Det
940 348 26 22 af

206 382 172 30 Ridderskapet
400 383 43 22 och
465 383 78 22 Adeln
565 383 108 22 beslutna
688 383 110 29 tillägget
813 383 97 22 innebär
924 390 39 15 en-

207 418 52 22 dast
281 420 34 20 ett
336 418 175 29 förtydligande
529 418 25 22 af
571 418 61 22 hvad
647 417 268 30 författningsförslaget
930 418 33 22 af-

206 454 46 20 sett
274 452 179 22 vidkommande
476 453 119 29 kartering
618 452 26 22 af
664 452 85 28 vexlar,
772 452 122 22 utfärdade
913 452 49 23 före

205 486 183 29 författningens
404 487 111 22 trädande
531 488 7 21 i
555 487 68 22 kraft.

274 522 12 21 I
302 521 150 23 betraktande
468 522 69 22 häraf
550 522 43 22 och
608 522 28 22 då
646 524 34 20 tre
692 522 74 22 Stånd
775 521 92 22 förenat
878 522 37 28 sig
925 528 37 15 om

206 556 172 22 vexelskattens
397 556 127 27 införande,
541 557 79 22 dervid
635 559 87 19 tvenne
738 556 74 22 Ständ
824 556 88 29 jämväl
923 563 39 15 an-

204 590 61 28 tagit
284 590 121 22 enahanda
423 590 96 30 afgifter
533 591 37 22 för
585 591 156 29 karteringen,
760 604 23 3 —
801 591 37 21 till
853 590 110 30 beloppet

204 625 64 29 lägre
283 629 30 18 än
328 626 60 22 hvad
407 626 172 29 Ridderskapet
594 626 42 22 och
652 626 76 22 Adeln
744 626 37 21 för
796 626 36 22 sin
849 626 36 22 del
901 626 61 22 stad-

204 663 46 25 gat,
267 672 25 4 —
311 662 59 20 samt
386 660 28 22 dä
429 661 82 21 endast
528 661 175 21 Bondeständet
717 660 99 22 beslutit
831 660 132 29 stämpelaf-

203 694 47 29 gift
272 695 13 21 &
307 695 222 29 postremissvexlar,
552 695 36 22 får
605 694 116 23 utskottet
736 696 117 21 vördsamt
868 694 94 23 föreslå:

481 778 32 20 att
533 776 125 22 Ständerna
680 776 48 22 ville
752 778 82 26 antaga
855 776 110 22 utskottets

411 810 134 23 betänkande
567 811 113 28 angående
694 811 158 28 stämpelafgift
867 811 35 27 för
917 818 46 14 vex-

355 841 31 37 —
401 841 44 37 lar
456 841 47 37 med
523 846 34 21 det
569 846 78 28 tillägg
662 845 137 28 beträffande
809 845 156 28 stämpelfrihet

410 882 31 20 att
457 880 53 28 efter
525 882 112 20 momentet
653 880 106 28 ,duplett*
777 880 66 22 skulle
865 880 99 28 intagas:

409 915 74 27 »vezel,
499 915 90 21 utställd
603 914 46 28 före
664 915 41 22 den
721 914 12 22 1
748 915 99 21 Januari
862 914 79 22 1895".

559 985 12 26 8
583 984 25 27 7.

269 1038 148 23 Beträffande
433 1040 45 22 den
493 1043 62 19 emot
571 1040 105 29 lydelsen
692 1040 26 22 af
731 1040 176 29 ifrågavarande
923 1043 13 26 8
953 1042 9 22 i

199 1073 173 30 Ridderskapet
388 1074 44 22 och
442 1074 77 22 Adeln
529 1074 86 30 gjorda
626 1075 187 29 anmärkningen
824 1077 60 20 samt
895 1076 67 22 Stän-

199 1108 52 21 dets
267 1108 54 22 derä
335 1109 120 28 grundade
469 1109 83 28 beslut,
568 1109 36 21 fär
619 1109 118 22 utskottet
752 1110 98 21 hänvisa
867 1110 36 22 till
919 1110 42 22 sitt

199 1142 120 22 uttalande
334 1143 76 21 under
425 1145 13 25 $
454 1144 20 21 4.

265 1178 198 27 Borgareständet
478 1178 49 21 äter
542 1178 41 22 har
598 1178 104 28 beslutit,
719 1181 35 19 att
769 1179 9 21 i
789 1178 172 30 författningen

199 1212 75 22 under
296 1212 76 21 denna
394 1212 57 21 eller
473 1220 77 14 annan
572 1213 97 29 lämplig
691 1215 13 25 &
727 1213 72 22 borde
817 1214 88 22 införas
924 1216 35 20 ett

198 1246 129 28 stadgande
350 1247 79 21 derom
453 1249 39 25 att,
509 1247 28 21 dä
552 1248 113 27 handling
680 1248 57 21 eller
752 1248 78 27 skrift,
846 1248 37 22 för
898 1249 60 21 hvil-

197 1280 48 21 ken
268 1280 173 28 stämpelafgift
463 1284 25 17 är
511 1281 123 28 päbjuden,
655 1281 25 21 af
693 1281 102 22 domstol
811 1282 56 21 eller
883 1290 77 14 annan

197 1314 140 29 myndighet
353 1314 134 22 utfärdades
504 1314 13 21 &
532 1314 139 30 ostämpladt
686 1322 87 22 papper
790 1318 59 20 samt
865 1316 93 22 belades

197 1349 53 22 med
266 1349 203 29 stämpelmärken,
485 1349 173 23 vederbörande
672 1350 143 29 tjensteman
828 1352 59 28 egde
897 1351 61 23 förse

196 1384 145 29 handlingen
366 1385 56 21 eller
444 1383 100 23 skriften
567 1385 54 22 med
643 1393 28 14 en
695 1386 26 22 af
741 1387 219 22 namnunderskrift

196 1419 109 29 bestyrkt
321 1419 144 29 anteckning
480 1426 37 15 om
532 1420 127 29 stämpelns
674 1420 91 30 belopp,
783 1422 120 22 hvarefter
919 1422 41 30 dy-

195 1454 34 22 lik
247 1454 77 29 skrift,
341 1454 70 22 äfven
427 1461 37 15 om
479 1454 116 29 stämpeln
609 1454 136 29 förkomme,
761 1456 53 22 icke
829 1457 81 21 vidare
920 1457 39 22 be-

265 1494 70 24 Bilaga
348 1495 30 17 till
390 1495 215 22 Bevillningsutskottets
617 1496 117 18 betänkande
747 1497 38 17 N:o
797 1498 16 16 4.
