1056 1714
234 131 27 20 22
400 129 83 23 Ständ.
499 129 37 23 Sv.
552 142 28 3 —
594 129 73 28 Prop.
682 129 43 22 N:o
740 131 22 20 4.

205 196 164 21 öfverexekutor
386 195 78 22 honom
486 196 35 21 vid
542 196 90 21 domstol
647 195 98 27 tilltalas;
761 195 40 22 och
815 195 64 22 varde
895 195 43 22 han
952 195 8 22 i

206 231 22 25 ty
250 230 38 21 fall
310 230 63 21 dömd
395 230 34 21 till
451 235 82 20 ansvar,
553 230 68 22 såsom
644 230 54 21 hade
721 230 41 21 han
780 229 68 22 under
864 229 95 22 konkurs

205 265 114 27 ådagalagt
333 264 58 28 dylik
405 265 94 22 tredska.

274 299 47 22 Har
335 299 69 28 någon
419 299 46 27 gått
480 299 26 21 ed
522 305 45 16 som
583 305 28 16 nu
626 301 24 20 är
665 299 67 28 sagdt,
748 305 50 16 vare
813 299 18 28 ej
842 299 76 28 pligtig
929 300 32 21 att

206 334 34 21 för
262 341 81 15 samma
365 333 38 23 sak
425 334 54 27 ånyo
501 334 86 27 aflägga
602 334 67 22 sådan
684 335 32 26 ed,
732 335 49 21 med
796 335 82 21 mindre
893 335 68 26 skälig

207 369 114 26 anledning
335 369 62 26 visas,
415 370 33 20 att
463 369 40 21 den
519 369 33 21 till
567 369 123 27 utgifvande
705 369 111 22 bestämda
830 369 131 27 egendomen

207 403 94 22 derefter
315 403 89 22 kommit
419 403 7 22 i
441 403 53 22 hans
509 404 58 27 värjo
584 403 40 22 och
638 405 33 20 att
685 403 43 22 han
743 403 67 22 håller
826 403 42 22 den
882 403 79 27 undan,

207 438 52 21 eller
279 440 32 20 att
329 438 41 21 han
389 438 140 27 undandöljer
547 438 95 27 tillgång,
658 445 45 15 som
718 438 78 22 honom
812 438 92 22 derefter
919 438 42 21 till-

207 473 54 22 fallit
277 473 39 22 och
331 473 33 21 till
379 472 59 28 gälds
453 473 114 22 betalande
582 473 26 28 gå
624 473 44 21 bör.

555 560 29 21 34
598 559 18 28 &.

276 616 116 27 Angående
406 616 161 27 verkställighet
582 617 6 21 i
603 616 89 22 Finland
702 616 23 22 af
734 616 102 22 domstols
847 616 7 21 i
864 615 99 27 Kejsare-

209 652 71 20 dömet
296 651 48 22 dom
364 652 7 20 i
389 651 113 26 tvistemål,
521 653 55 20 samt
591 651 56 21 hvad
662 651 36 21 vid
713 650 95 22 ansökan
824 650 38 22 och
878 650 84 22 medde-

208 685 65 22 lande
289 685 22 21 af
325 685 142 24 förordnande
483 692 34 15 om
533 685 66 23 sådan
614 685 159 28 verkställighet
784 684 54 22 skall
848 684 114 28 iakttagas,

209 720 55 26 gälle
277 720 56 22 hvad
348 719 72 22 derom
436 720 100 22 särskildt
550 720 93 27 stadgas.

538 841 18 19 4
571 842 61 24 Kap.

471 906 52 22 Om
542 905 163 27 utmätning.

566 971 45 27 18

279 1029 59 22 Skall
353 1028 160 28 verkställighet
528 1029 52 27 följa
590 1029 14 21 &
614 1029 49 21 dom
677 1029 51 21 eller
738 1029 77 26 utslag,
827 1028 138 27 hvarigenom

211 1063 242 28 betalningsskyldighet
463 1063 71 22 blifvit
544 1063 69 28 någon
624 1063 72 27 ålagd;
707 1063 64 22 varde
782 1063 42 26 det,
834 1070 46 15 som
891 1063 75 21 dömdt

210 1100 31 25 är,
261 1098 39 22 hos
318 1098 79 21 honom
411 1099 85 21 utmätt.
526 1093 30 26 Är
572 1098 36 22 det
623 1098 122 26 penningar,
761 1098 39 21 och
815 1096 68 23 finnas
899 1097 19 27 ej
933 1098 34 21 så-

211 1134 63 26 dana,
289 1132 55 22 skall
359 1138 68 16 annan
443 1132 104 28 egendom
562 1132 33 22 till
610 1132 126 27 erforderlig
745 1132 78 28 mängd
834 1132 6 22 i
850 1134 45 20 mät
905 1133 61 26 tagas

211 1168 48 26 och,
274 1168 70 21 såsom
358 1167 8 21 i
381 1167 14 21 5
409 1167 49 27 kap.
473 1169 55 25 sägs,
544 1167 7 21 i
566 1167 118 27 penningar
699 1166 129 22 förvandlas.
854 1166 77 22 Finnes
947 1166 18 27 ej

210 1208 58 20 vara,
286 1208 45 16 som
354 1201 69 22 blifvit
445 1202 94 25 utdömd,
560 1202 39 22 och
619 1203 25 19 är
658 1202 7 20 i
681 1202 77 21 domen
772 1201 54 22 eller
840 1201 93 27 utslaget
947 1200 19 28 ej

210 1236 67 22 heller
295 1237 75 26 utsatt,
389 1238 32 20 att
439 1236 41 21 den
497 1237 8 21 i
522 1238 23 25 ty
560 1236 38 22 fall
616 1236 55 22 skall
686 1236 48 22 med
752 1236 116 26 penningar
882 1235 83 27 gäldas;

210 1276 38 22 ege
264 1270 73 22 vidare
352 1270 161 26 verkställighet
527 1270 47 21 icke
590 1276 52 15 rum.

566 1349 47 28 28.

279 1409 42 22 Lös
339 1409 103 27 egendom
461 1408 55 22 skall
533 1408 27 28 g&
575 1408 7 22 i
598 1410 44 20 mät
656 1407 44 22 förr
716 1410 26 19 än
758 1407 42 22 fast
815 1407 103 28 egendom
933 1407 34 22 mä

210 1445 101 26 utmätas,
327 1444 36 21 der
379 1444 19 27 ej
413 1444 106 27 borgenär
534 1443 39 22 och
588 1443 102 28 gäldenär
699 1442 133 23 annorlunda
842 1442 87 27 sämjas;
943 1444 24 19 är
