1059 1714
299 142 82 23 Ständ.
397 143 39 23 Sv.
451 157 28 2 —
493 144 72 27 Prop.
581 145 42 21 N:o
638 143 21 22 8.
813 144 12 21 3

101 208 122 28 magistrat
241 209 93 21 komme
349 211 35 19 att
398 208 149 23 funktionera
561 210 76 21 såsom
652 209 179 22 öfverexekutor
845 209 9 20 i

102 242 50 21 stad
167 242 52 21 med
234 250 87 14 samma
336 243 143 28 kompetens,
496 250 48 15 som
559 243 76 21 hittils
650 243 137 21 tillkommit
807 242 46 21 Gu-

101 280 84 18 vernör
203 277 43 21 och
265 276 70 22 äfven
357 277 123 22 framdeles
499 281 24 18 är
537 277 86 21 honom
637 277 144 22 förbehållen
805 276 50 21 vid-

101 311 138 21 kommande
261 310 85 29 landet,
370 310 70 23 hafva
463 311 129 22 Ständerna
613 313 77 19 ansett
708 312 123 27 magistrat
845 311 10 20 i

101 345 116 29 egenskap
241 346 25 21 af
287 345 178 22 öfverexekutor
487 346 55 22 böra
556 346 115 21 likställas
686 345 53 22 med
753 346 101 27 länesty-

101 380 67 22 relse.

168 414 119 29 Derjemte
308 414 43 22 har
371 415 8 21 i
394 415 74 29 fjerde
483 415 150 28 afdelningen
648 415 37 21 till
701 414 39 22 der
755 414 100 22 nämnda

100 449 163 29 myndigheter
279 449 90 29 tillagts
385 449 304 30 ,Försäkringsinspektör*.

169 484 70 21 Bevis.
255 484 52 21 Den
323 484 176 29 stämpelfrihet,
515 484 96 22 hvarom
626 484 8 21 i
645 484 71 22 andra
726 484 44 21 och
780 483 76 30 tredje
873 486 12 20 3
900 486 19 26 $.

100 520 133 20 momenten
247 518 100 29 stadgas,
363 518 71 22 hafva
451 518 130 22 Ständerna
596 521 76 19 ansett
686 519 57 22 böra
757 520 98 20 utsträc-

100 553 41 22 kas
157 553 69 22 äfven
241 553 38 21 till
297 553 86 21 sädana
402 553 107 22 enskilda
523 553 84 28 förhör,
623 560 50 15 som
687 553 117 28 undergäs
819 553 36 21 in-

99 587 37 22 för
152 587 158 22 föreständare
326 587 56 22 eller
396 587 74 22 lärare
480 588 41 21 vid
531 590 86 19 statens
629 587 77 22 skolor
717 587 43 23 och
770 587 85 22 under-

100 622 220 28 visningsanstalter
335 625 61 19 samt
411 623 62 21 inför
487 622 231 28 universitetslärare,
727 622 73 29 jemte
816 622 39 20 det

101 656 138 29 stadgandet
253 657 37 21 för
304 658 119 21 vinnande
446 658 25 21 af
492 657 116 22 önskvärd
624 656 118 29 tydlighet
757 656 98 21 omstili-

101 693 78 19 serats.
198 691 155 29 Svärigheten
368 694 35 19 att
417 692 8 21 i
441 692 80 28 dylika
535 692 42 21 fall
592 691 141 22 kontrollera
746 690 109 28 stämpel-

100 725 112 28 afgiftens
235 723 147 32 erläggande,
405 734 52 14 men
473 726 136 28 isynnerhet
623 725 46 21 den
682 724 173 29 omständighe-

100 762 46 26 ten,
161 762 34 19 att
204 760 69 28 intyg
286 760 65 22 öfver
362 760 161 30 undergänget
533 760 103 22 enskildt
646 760 79 21 förhör
736 760 26 21 af
770 758 84 29 ifräga-

100 794 100 22 varande
215 797 35 19 art
264 795 9 21 i
288 795 81 29 hvarje
383 795 118 29 händelse,
517 795 29 21 dä
561 795 38 21 det
614 797 15 20 t.
645 802 34 14 ex.
695 794 41 22 vid
757 793 96 29 tjenste-

100 829 157 29 ansökningar
279 830 108 28 ingifves,
406 830 82 29 drager
503 830 97 28 stämpel
615 830 75 21 säsom
705 829 84 28 bilaga,
806 835 47 14 mo-

99 863 80 28 tivera,
203 864 75 28 enligt
300 864 142 22 Ständernas
460 864 156 27 förmenande,
631 863 140 28 tillräckligt
793 862 61 22 stad-

99 897 87 29 gandet
209 906 36 14 om
269 899 170 29 stämpelfrihet
461 899 36 22 för
512 898 65 22 bevis
593 898 66 22 öfver
673 897 80 29 dylika
767 896 86 22 förhör.

167 933 110 22 Deremot
300 934 70 22 hafva
392 934 131 22 Ständerna
537 933 51 29 höjt
603 932 198 29 stämpelafgiften
817 931 36 21 för

98 967 66 22 bevis
179 968 9 21 i
203 968 127 28 anledning
346 968 25 22 af
385 968 105 22 anmälan
506 975 37 15 om
557 966 101 22 idkande
673 966 26 21 af
705 966 85 28 näring
800 965 53 22 frän

100 1004 28 20 50
148 1002 72 28 penni
235 1002 37 22 till
288 1004 13 20 2
316 1003 73 27 mark,
405 1002 97 22 hvilken
516 1001 107 29 förhöjda
639 1000 69 30 afgift
722 1000 9 22 i
745 1001 37 28 sig
799 999 56 29 sjelf

99 1040 25 18 är
140 1037 25 21 sä
179 1036 127 30 obetydlig,
324 1039 34 19 att
373 1037 45 22 den
432 1037 52 21 icke
498 1036 37 22 för
549 1035 178 29 näringsidkare
739 1034 48 22 kan
797 1034 56 22 kän-

98 1078 42 15 nas
156 1071 153 29 betungande.
326 1071 126 22 Dessutom
467 1071 70 22 hafva
553 1070 128 22 Ständerna
691 1069 74 21 under
776 1069 77 21 denna

98 1106 81 22 rubrik
194 1106 64 29 gjort
278 1108 34 20 ett
326 1106 85 29 tillägg
426 1106 119 28 angående
559 1104 106 22 tillstånd
680 1105 34 20 att
729 1104 64 28 gifva
810 1103 41 21 cir-

98 1140 209 29 kusföreställning
323 1147 20 15 o.
361 1141 20 21 d.
398 1142 59 20 samt
473 1142 34 19 att
521 1139 116 22 utskänka
652 1138 42 22 och
709 1138 143 21 utminutera

99 1183 49 14 rus-
171 1175 43 21 och
236 1175 163 29 maltdrycker,
415 1175 38 21 till
468 1174 90 22 hvilket
572 1174 85 28 tillägg
671 1172 130 22 Ständerna
815 1174 36 19 ut-

99 1210 68 29 bedja
188 1210 37 28 sig
246 1210 25 21 få
293 1210 143 21 återkomma
451 1208 40 22 vid
505 1208 172 28 behandlingen
692 1207 26 22 af
730 1206 122 22 rubriken:

98 1244 145 22 Resolution.

167 1280 94 26 Diplom.
291 1278 206 28 Stämpelafgiften
511 1277 37 21 för
563 1276 87 30 diplom
665 1277 13 20 ä
687 1275 166 28 frälsevärdig-

98 1314 66 21 heter
186 1313 71 22 hafva
275 1312 130 22 Ständerna
424 1314 77 20 ansett
515 1312 56 20 böra
585 1310 108 28 förhöjas,
709 1309 95 23 hvarför
819 1309 33 21 di-

98 1348 63 27 plom
176 1348 13 20 å
204 1347 69 27 adlig,
295 1346 120 27 friherrlig
439 1346 42 20 och
500 1345 83 28 greflig
598 1344 122 27 värdighet
735 1345 72 19 åsatts
823 1350 29 13 en

98 1381 72 22 sådan
185 1380 71 29 afgift
271 1380 26 21 af
309 1387 60 21 resp.
386 1380 68 27 1,000,
471 1379 64 27 2,000
549 1378 43 21 och
606 1378 64 27 3,000
684 1377 73 21 mark.

150 1421 2 2 *
169 1415 114 28 Fullmakt,
299 1414 148 29 förordnande
462 1421 27 15 m.
499 1420 27 14 m.
542 1413 13 21 &
569 1411 80 29 verklig
664 1411 71 28 tjenst.
750 1411 27 22 A.
793 1410 59 22 Full-

98 1451 64 23 makt.
191 1451 13 22 I
219 1450 105 30 punkten
341 1451 34 21 1:0
390 1449 43 22 sub
449 1449 22 28 a)
487 1447 70 24 hafva
571 1446 129 23 Ständerna
714 1446 78 29 tillagt
807 1445 45 22 den
