1034 1714
789 141 26 20 73

437 244 25 18 15
479 243 18 26 8.

159 314 91 22 Hofrätts
272 316 66 25 utslag
356 317 7 19 i
378 316 45 26 mål,
446 320 43 17 som
504 317 6 19 i
526 317 12 19 2
553 316 45 26 kap.
621 316 130 25 omförmälts,
772 316 33 20 må
826 316 17 26 ej

91 350 36 20 hos
142 350 94 25 Kejsaren
251 350 38 19 och
304 350 123 20 Storfursten
441 350 129 26 öfverklagas.

160 384 41 20 Vill
220 384 68 26 någon
301 384 6 20 i
323 385 61 20 andra
399 385 46 25 mål,
459 385 84 20 hvarom
557 385 7 20 i
579 385 65 20 denna
658 383 33 28 lag
705 384 88 25 handlas,
807 385 38 20 hos

92 418 94 26 Kejsaren
201 419 37 20 och
258 418 123 21 Storfursten
397 420 42 20 föra
453 420 73 24 klagan
541 420 55 19 öfver
611 418 83 22 hofrätts
711 419 73 25 utslag,
799 421 46 23 göre

91 452 33 21 det
144 457 73 21 genom
239 454 77 24 besvär,
337 454 68 20 hvilka
427 454 59 26 jemte
509 454 88 25 utslaget
619 454 56 20 skola
695 454 86 26 ingifvas
804 454 41 20 före

91 488 83 19 klockan
195 488 37 19 tolf
253 486 13 22 &
287 488 108 20 trettionde
419 488 63 26 dagen
505 488 47 26 efter
573 486 42 27 den,
638 489 26 19 då
686 489 87 25 utslaget
795 489 50 25 pafs,

91 528 78 14 samma
182 522 37 25 dag
233 522 46 20 dock
292 522 91 21 oräknad.
415 523 72 25 (Utesl)

366 703 115 31 Förordning
504 711 29 17 om
556 703 177 31 utsökningslagons
748 703 97 25 införande

297 739 35 24 och
347 738 47 24 hvad
409 739 5 23 i
429 739 91 24 afseende
538 739 47 24 derå
599 737 49 25 skall
663 739 102 29 iakttagas.

445 837 47 27 18

160 910 43 22 Den
217 912 158 26 utsökningslag,
391 919 43 14 som
450 919 27 13 nu
493 913 64 20 blifvit
570 912 61 27 gillad
644 912 34 21 och
689 915 88 23 antagen,
789 912 56 25 skall,

92 946 62 20 tillika
175 946 46 21 med
242 945 53 21 hvad
309 947 7 19 i
331 947 64 20 denna
415 946 116 27 förordning
554 948 86 26 stadgas,
660 947 60 20 lända
740 947 30 20 till
785 946 59 21 efter-

92 981 81 20 rättelse
189 980 43 21 från
247 982 38 19 och
299 982 45 19 med
359 981 38 21 den
702 988 4 19 ;
722 981 50 20 dock
788 981 57 20 skola

93 1015 44 26 mål,
152 1022 44 13 som
210 1016 32 20 vid
257 1016 86 20 nämnda
359 1016 28 20 tid
402 1017 61 20 redan
477 1018 34 18 äro
525 1016 118 26 anhängiga,
658 1016 108 20 behandlas
781 1016 63 26 enligt

93 1038 55 42 äldre
162 1050 38 26 lag,
216 1051 34 19 der
265 1050 17 26 ej
297 1050 37 20 här
348 1051 64 19 nedan
427 1051 117 19 annorledes
560 1051 108 20 förordnas.

446 1165 47 27 28.

160 1243 76 21 Genom
248 1251 41 19 nya
299 1244 58 25 lagen
365 1245 110 25 upphäfves
484 1245 191 25 utsökningsbalken
686 1245 6 20 i
705 1245 71 24 futesl.)
791 1245 54 20 1734

93 1278 33 19 års
140 1278 34 25 lag
184 1279 69 24 (utesl.)
270 1280 57 22 samt,
343 1279 44 19 med
402 1279 25 19 de
442 1279 6 19 i
463 1285 40 19 nya
518 1279 59 26 lagen
592 1279 37 19 och
644 1279 36 20 här
694 1279 64 20 nedan
773 1279 7 19 i
796 1279 25 20 25
834 1279 12 26 &

92 1312 69 27 gjorda
183 1313 106 25 undantag,
309 1312 40 21 alla
369 1313 62 25 öfriga
450 1313 130 26 stadganden,
596 1319 42 14 som
653 1315 71 24 utgöra
738 1313 109 25 förklaring

92 1346 50 20 eller
155 1347 85 24 ändring
253 1347 20 18 af
287 1347 53 19 hvad
355 1347 61 24 sagde
432 1347 45 18 balk
491 1347 111 19 innehåller
616 1347 49 18 eller
679 1347 70 24 tillägg
764 1347 47 19 deri.

160 1379 178 26 Bestämningarna
352 1379 6 20 i
373 1385 41 19 nya
429 1379 57 26 lagen
502 1381 68 18 beröra
579 1379 51 20 dock
640 1379 17 26 ej
668 1380 52 19 hvad
731 1386 42 13 som
782 1381 64 18 finnes

93 1413 95 22 särskildt
208 1413 93 26 stadgadt
323 1413 102 26 angående
446 1413 160 26 utsökningsmål
628 1416 54 17 emot
706 1413 51 26 dem,
779 1413 68 20 hvilka

94 1449 48 29 höra
157 1447 31 21 till
202 1448 54 25 rysk,
271 1448 6 19 i
293 1448 83 20 Finland
391 1448 77 25 förlagd
482 1448 131 26 krigsstyrka.
