1039 1717
438 114 45 24 N:o
502 116 22 22 2.
819 116 12 21 5

462 182 11 20 7
489 182 18 27 S.

176 215 63 21 Hvad
262 221 34 15 om
312 215 86 27 delning
414 216 23 21 af
450 216 98 22 hemman
564 218 24 20 är
603 216 108 28 stadgadt,
726 218 56 26 gälle
798 217 62 22 äfven

107 249 101 21 särskildt
224 250 124 27 skattlagda
363 252 47 25 torp
427 250 39 22 och
480 250 103 28 utjordar,
599 251 73 21 hvilka
687 251 69 22 under
769 252 91 26 egande-

106 284 46 20 rätt
167 283 53 22 eller
235 284 49 21 med
306 284 92 26 stadgad
420 284 86 22 åborätt
520 285 133 26 innehafvas;
669 285 55 22 dock
739 287 32 20 att
785 285 74 28 hvarje

107 317 40 27 del,
163 323 45 16 som
223 324 77 20 genom
316 318 96 28 klyfning
427 318 53 22 eller
494 319 113 27 styckning
621 320 147 27 uppkommer,
783 321 24 20 sä
819 320 40 21 ock

105 352 158 27 stomlägenhet
286 352 55 22 efter
363 352 67 22 skedd
453 353 126 27 afsöndring
600 354 56 21 skall
671 354 106 22 innehälla
792 355 68 21 minst

105 386 43 22 fem
162 386 101 22 hektarer
279 387 98 22 skattbar
392 388 68 21 mark.

457 451 12 21 8
484 452 19 27 8.

173 490 154 23 Posthemman
343 491 35 22 mä
392 491 19 28 ej
428 491 59 22 delas
503 494 51 19 utan
570 492 102 22 Senatens
688 492 104 23 tillständ.

456 556 46 27 98.

172 595 97 22 Emellan
292 595 130 28 lägenheter,
445 602 45 16 som
515 596 112 27 undergätt
642 597 109 22 storskifte
767 597 53 21 eller
835 597 24 22 af

105 629 60 22 ålder
178 630 56 22 varit
250 631 96 26 enstaka,
367 631 35 21 mä
417 631 49 27 byte
482 631 23 22 af
518 631 55 22 vissa
589 632 101 21 områden
706 632 45 27 ske,
767 631 91 23 såframt

103 665 46 21 icke
170 665 126 27 nägondera
318 665 138 28 lägenhetens
478 665 149 22 storhetsmätt
646 667 7 20 i
667 665 133 23 förhällande
823 667 34 21 till

101 699 239 28 jordebokshemmanet
362 700 121 27 derigenom
504 701 87 21 ändras.
619 700 78 23 Finnes
714 701 12 21 å
739 701 56 27 jord,
811 707 45 16 som

103 734 57 22 skall
175 736 44 19 mot
234 741 70 15 annan
319 735 91 27 utbytas,
426 735 105 28 byggnad,
547 735 92 22 fabriks-
655 736 53 21 eller
718 742 68 15 annan
798 736 59 27 dylik

103 769 127 27 anläggning
252 769 54 21 eller
320 771 25 20 är
360 769 86 22 dermed
469 769 69 28 nägon
556 770 92 21 särskild
663 769 83 22 förmän
761 770 95 28 förenad,

102 805 35 21 mä
160 803 90 28 egobyte
274 804 46 22 icke
342 806 51 20 utan
416 804 237 28 inteckningshafvares
675 805 106 27 skriftliga
800 811 56 16 sam-

103 839 62 27 tycke
180 839 88 22 tillätas.

450 869 25 20 10
491 869 19 27 8.

169 908 34 21 Dä
218 909 100 27 lägenhet
334 909 64 26 delas,
414 908 36 22 mä
467 909 18 26 ej
502 915 40 16 ena
558 909 62 21 delen
636 909 131 21 förbehällas
783 915 72 15 annan

101 945 43 20 rätt
159 944 14 20 å
189 943 67 22 andra
272 943 72 22 delens
360 944 86 21 område
463 945 26 19 än
506 944 33 21 till
554 945 47 26 väg,
617 943 82 28 fädrift;
710 943 144 28 vattenställe,

101 980 86 20 vattens
203 978 89 22 ledande
309 979 53 21 eller
376 979 173 27 uppdämmande
565 981 55 19 samt
631 979 47 21 bät-
689 979 39 21 och
737 978 118 27 fiskeplats.

101 1013 59 21 Dock
176 1019 50 15 vare
242 1013 82 22 tillätet
339 1015 32 20 att
386 1014 70 21 säsom
471 1014 99 26 vederlag
585 1013 34 22 för
633 1013 130 28 byggnader,
775 1013 79 27 odling,

101 1047 119 27 ständskog
236 1047 40 22 och
292 1049 65 20 annat
372 1047 76 22 sädant
463 1047 32 22 för
507 1055 24 14 en
543 1047 31 22 tid
585 1047 23 22 af
617 1047 63 27 högst
690 1048 30 21 tio
731 1047 24 22 är
765 1048 90 26 tillägga

101 1087 41 16 ena
157 1081 62 22 delen
240 1081 76 28 bidrag
335 1081 24 22 af
372 1082 40 21 den
427 1082 78 26 andra;
528 1081 39 22 och
582 1088 50 15 vare
648 1081 69 22 denna
733 1082 32 21 för
780 1081 75 22 sädant

100 1115 79 27 bidrag
193 1116 127 27 underpant,
338 1116 36 21 der
397 1117 118 20 detsamma
529 1116 19 27 ej
564 1117 90 21 utestätt
669 1116 74 27 längre
758 1116 31 21 tid
806 1118 26 19 än
848 1115 7 21 i

100 1150 144 23 Jordabalken
262 1157 35 15 om
313 1157 69 16 annan
396 1151 75 27 utlaga
485 1153 56 25 sägs.

450 1215 23 21 11
491 1215 19 27 8.

168 1255 58 22 Utan
242 1255 68 21 skildt
324 1254 106 22 förbehäll
445 1255 131 22 tillkommer
591 1255 46 21 icke
653 1255 80 27 parcell
750 1255 33 21 del
799 1255 7 20 i
821 1255 32 26 sjö

101 1289 52 23 eller
167 1289 136 28 vattendrag,
318 1289 83 22 ändock
417 1289 40 22 den
473 1289 71 22 dertill
560 1291 98 26 gränsar.

451 1353 25 20 12
492 1352 19 26 8.

167 1391 43 22 Vid
224 1390 96 28 klyfning
335 1390 41 22 kan
391 1390 100 28 utflyttad
514 1391 34 21 del
564 1392 57 20 samt
635 1391 36 21 vid
686 1391 112 27 styckning
814 1391 39 21 och

99 1426 127 28 afsöndring
249 1426 41 22 den
314 1425 92 23 afskilda
428 1426 68 28 delen,
513 1432 33 16 om
563 1426 40 22 den
619 1428 25 20 är
659 1426 33 22 till
705 1426 149 27 jordbrukslä-
