1095 1714
205 165 50 20 10.

401 163 29 23 U.
446 165 28 20 B.
493 177 23 2 —
533 164 75 27 Prop.
624 165 41 22 N:o
681 165 21 22 1.

634 233 50 26 48.

451 300 64 27 Efter
544 300 158 27 emottagandet
731 301 29 26 af
781 301 154 27 ansökningen

382 334 107 27 förelägge
510 334 210 27 öfverexmekutor
742 335 141 26 vederparten
903 337 33 18 att

382 368 63 26 inom
474 368 44 21 viss
546 368 33 21 tid
607 368 54 27 efter
689 368 122 27 delfäendet
831 369 10 20 i
868 368 67 21 saken

383 401 125 28 skriftligen
525 409 72 20 svara,
614 403 37 20 vid
665 401 109 29 äfventyr,
789 409 36 14 om
840 403 46 20 han
901 402 35 21 det

383 437 142 27 försummar,
540 439 34 19 att
588 437 89 20 ärendet
692 437 60 21 ändä
767 436 91 28 afgöres.

635 535 12 20 5
661 521 24 46 8.

460 597 39 21 Vid
520 597 192 28 handläggningen
735 597 29 27 af
778 597 75 28 dylika
868 599 67 19 ären-

397 638 30 14 len
447 631 67 28 ingår
530 631 214 28 öfveremekutor
758 631 45 21 icke
818 631 10 21 i
841 631 94 27 gransk-

386 666 55 28 ning
457 666 28 27 af
496 666 78 28 sjelfva
589 666 72 26 saken,
677 673 47 14 som
739 665 92 28 afgjorts
840 665 28 27 af
873 666 62 20 dom-

399 700 168 28 tolsmyndighet
587 700 10 21 i
619 700 167 28 Kejsaredömet,
802 702 57 18 utan
872 700 63 27 pröf-

386 741 40 15 var
434 735 82 26 endast,
524 742 35 14 om
566 735 79 21 domen
652 734 124 22 innehäller
783 734 153 28 förfoganden,

388 762 85 28 hvilkas
494 770 158 21 verkställande
672 769 80 21 strider
774 770 56 20 emot
852 768 86 21 allmän

388 804 94 27 ordning
502 804 52 21 eller
573 804 46 21 icke
640 804 119 27 medgifves
773 803 29 27 af
812 803 10 21 i
837 802 101 22 Finland

386 838 102 33 gällande
504 838 46 28 lag;
566 838 69 21 dock
649 840 43 19 att
705 838 233 27 verkställighet

389 875 69 18 emot
476 880 110 20 person,
609 880 56 14 som
687 874 31 19 är
738 872 116 21 bosatti
872 872 63 20 Fin-

390 908 71 26 land,
478 907 47 21 och
537 907 123 21 hvarken
671 906 190 28 personligen
875 906 63 21 eller

387 948 101 25 genom
513 942 98 20 ombud
635 942 50 20 vid
710 941 226 27 domstolsmyn-

390 975 132 30 digheten
543 976 136 28 uppträdt
700 976 9 20 i
733 975 90 26 mälet,
849 975 24 27 ej
896 974 42 21 mä

390 1006 129 32 beviljas,
535 1010 90 21 derest
638 1010 149 27 stämning
801 1009 48 21 till
861 1008 78 28 sagda

390 1044 173 28 myndighet
574 1044 162 21 meddelats
747 1044 191 21 honomutom

391 1072 220 34 Kejsaredömet
629 1079 51 21 och
695 1078 34 28 af
741 1078 97 21 domen
852 1079 86 26 fram-

389 1106 54 69 går
459 1115 45 20 att
516 1113 89 21 målet
618 1113 65 22 bort
695 1112 186 28 handläggas
893 1112 49 21 vid

407 1147 69 21 insk
498 1148 132 26 domstol,
646 1148 26 27 ej
687 1148 95 21 heller
797 1154 42 14 om
853 1148 86 20 stäm-

391 1177 80 36 ning,
487 1182 98 20 medan
599 1182 51 21 den
665 1181 70 21 sökte
750 1182 102 20 vistats
866 1183 75 19 utom

391 1214 219 29 Kejsaredömet,
631 1216 73 20 skett
720 1222 97 20 genom
832 1222 110 14 annons

391 1243 236 33 iltidningarna.

406 1316 1 40 |
645 1341 8 20 6
669 1340 25 28 5.

469 1398 39 22 Vid
522 1398 133 28 behandling
669 1398 30 28 af
704 1398 102 27 ärenden,
817 1405 47 15 som
875 1398 69 28 ofvan

414 1435 60 26 ämts,
496 1433 96 28 förfares
610 1433 32 28 pä
659 1435 45 20 sätt
717 1440 37 15 om
768 1433 176 28 utsökmingsmäl

409 1475 59 24 innes
482 1467 106 29 stadgadi.

258 1514 129 23 Laguiskottets
399 1513 111 19 betänkande
521 1513 37 18 N:o
573 1513 16 18 7.

1057 262 10 15 -
