1039 1720
429 125 45 25 N:o
494 127 22 23 2.
808 127 13 20 3

304 222 102 27 Förslag
432 223 29 21 till
480 223 116 27 förordning
613 223 106 28 angående
735 223 79 27 delning
830 223 21 22 af

234 261 172 28 jordlägenheter.

429 331 10 20 I
454 331 59 21 KaP.

343 388 110 21 Allmänna
468 389 137 27 stadganden.

452 451 44 28 18.

164 490 83 22 Frälse-
270 491 40 21 och
331 491 175 27 skattehemman,
529 498 46 15 som
597 492 116 28 undergätt
740 492 110 22 storskifte

97 525 54 22 eller
166 524 24 22 af
204 525 58 22 ålder
285 526 56 21 varit
363 526 97 27 enstaka,
483 526 24 22 sä
529 527 39 21 ock
590 533 75 21 genom
685 526 97 28 klyfning
798 526 52 22 eller

97 560 112 28 styckning
223 560 24 22 af
260 560 82 22 sädana
357 560 98 22 hemman
470 561 121 27 uppkomna
605 562 122 27 lägenheter
737 561 22 21 fä
769 561 80 22 hädan-

97 595 56 22 efter
175 595 141 23 obehindradt
340 595 90 29 klyfvas,
451 602 32 16 om
499 596 56 22 blott
570 596 73 28 hvarje
659 597 34 21 del
708 598 63 25 utgör
785 596 65 22 minst

97 632 32 19 ett
144 631 191 22 etthundradedels
350 631 69 27 (0,01)
435 631 81 22 manta]
532 632 39 21 och
581 632 70 21 tillika
662 632 6 21 i
680 631 98 22 skattbar
788 631 62 21 mark

97 665 89 22 innehar

165 700 64 21 minst
244 699 45 22 fem
304 700 107 28 kektarer,
428 701 37 21 der
480 701 137 27 lägenhetens
630 700 100 28 jordvidd
740 699 110 23 beräknad

99 734 54 22 efter
168 735 45 22 helt
228 735 82 21 manta]
325 735 45 22 icke
387 735 126 28 öfverstiger
528 737 85 20 ettusen
628 735 108 26 hektarer,
752 734 52 22 eller

164 769 64 22 minst
243 770 47 21 åtta
304 769 108 27 hektarer,
427 769 45 23 ifall
486 770 126 28 jordvidden
628 769 28 28 pä
670 769 45 22 helt
725 769 81 22 mantal
816 768 33 22 öf-

96 805 104 26 verstiger
215 804 91 21 nämnda
322 807 70 24 gräns.

164 839 142 27 Lägenheter,
330 839 91 27 belägna
440 839 27 27 pä
481 841 63 20 utöar
559 840 7 21 i
582 839 73 22 hafvet
670 839 39 22 och
726 837 124 27 skattlagda

96 872 186 28 hufvudsakligast
305 873 33 22 för
357 873 60 27 fiske,
433 874 34 21 mä
484 874 54 22 dock
553 873 82 28 klyfvas
652 875 50 20 utan
720 872 100 22 afseende
837 872 13 21 &

97 908 61 22 deras
172 907 108 27 jordvidd.

451 949 46 28 28.

165 988 179 27 Jordlägenheter
358 989 23 21 af
396 988 39 22 den
451 989 6 21 i
474 990 9 20 1
501 989 12 28 &
528 988 141 22 omförmälda
683 990 65 20 natur
763 988 39 22 och
814 988 35 20 be-

97 1022 120 23 skaffenhet
239 1024 35 21 mä
298 1023 46 27 ock,
367 1024 49 21 med
432 1024 37 21 der
485 1023 102 28 stadgade
601 1023 158 27 inskränkning,
774 1028 75 22 genom

97 1058 52 22 visst
172 1059 52 21 eller
246 1060 57 21 vissa
326 1059 112 22 omrädens
454 1059 154 27 fränskiljande
623 1058 70 22 såsom
709 1058 69 22 nedan
794 1057 55 22 före-

96 1093 96 26 skrifves,
209 1094 86 26 styckas
311 1094 7 21 i
332 1093 52 22 flere
400 1094 146 27 sjelfständiga
560 1093 133 27 lägenheter,
708 1093 78 21 enhvar
801 1091 48 22 med

96 1129 150 21 motsvarande
262 1129 81 21 mantal
358 1129 38 21 och
413 1129 65 21 skatt.

166 1162 25 27 Ej
215 1163 35 21 mä
273 1169 75 21 genom
370 1163 110 27 styckning
502 1162 74 22 bildad
594 1168 27 21 ny
637 1162 100 27 lägenhet
751 1161 62 22 bestå
828 1160 23 23 af

96 1198 51 21 flere
161 1200 27 19 än
204 1199 33 19 tre
252 1198 70 21 skilda
345 1198 138 27 egostycken,
505 1198 80 21 mindre
607 1197 84 21 holmar
707 1196 142 22 oberäknade.

447 1262 13 20 3
475 1260 17 28 8.

164 1301 57 21 Frän
245 1300 75 22 frälse-
343 1300 52 21 eller
418 1300 177 27 skattelägenhet,
618 1305 45 16 som
680 1299 67 28 enligt
764 1300 9 20 1
790 1299 11 28 $
816 1298 34 22 fär

96 1335 90 27 klyfvas,
209 1341 49 14 vare
280 1334 78 27 jemväl
381 1335 79 21 tillätet
475 1336 39 25 att,
530 1337 51 18 utan
597 1334 119 26 fördelning
731 1333 24 22 af
768 1333 82 20 mantal

97 1369 39 21 och
151 1369 64 25 skatt,
230 1368 34 21 till
278 1368 174 28 parcellägenhet
467 1368 48 22 med
525 1367 204 28 afgäldsskyldighet
739 1367 34 22 till
784 1368 65 20 stom-

96 1409 49 15 men
159 1403 8 21 i
182 1402 70 23 nedan
275 1402 91 28 stadgad
382 1403 91 28 ordning
488 1402 99 22 afsöndra
602 1402 43 22 viss
661 1402 68 27 mark,
745 1401 105 22 strömfall

97 1438 52 22 eller
164 1438 89 22 skiftadt
267 1437 135 28 fiskevatten,
418 1444 33 16 om
468 1437 189 28 stomlägenheten,
677 1437 107 27 parcellen
800 1436 50 22 obe-
