1025 1717
218 127 27 21 82
523 126 44 22 N:o
587 127 22 21 4.

189 193 66 27 aflagt
277 194 56 25 eller,
359 199 34 15 om
414 193 43 20 han
473 192 32 21 sin
521 192 88 21 fordran
624 191 106 26 beedigat,
745 190 66 21 likväl
825 189 120 22 underlåtit

191 229 32 19 att
237 228 58 21 bevis
312 227 79 25 derom,
408 227 37 20 der
460 226 79 21 sådant
553 225 91 26 fordras,
656 225 32 20 till
700 225 80 20 Rätten
790 223 85 28 ingifva,
886 223 58 21 inom

191 262 40 21 den
254 262 37 26 tid,
315 268 45 15 som
382 261 93 27 stadgad
494 262 24 20 är
533 261 51 21 eller
598 260 79 21 honom
692 259 97 26 förelagd
803 258 74 26 blifvit,
895 257 51 22 eller

190 297 65 26 gitter
270 296 42 21 han
329 296 18 27 ej
364 295 54 22 eden
434 295 38 27 gå;
488 301 51 16 vare
553 295 36 26 lag
605 300 87 16 samma.

258 331 48 20 Kan
330 330 90 27 edgång,
442 329 34 22 för
498 329 65 28 laglig
585 329 71 26 orsak,
672 328 107 27 borgenär
795 328 17 27 ej
829 327 115 26 ombetros,

190 366 61 27 njute
267 365 53 21 dock
336 371 82 14 samma
433 365 45 20 rätt
493 370 46 15 som
553 363 56 22 hade
623 363 42 21 han
681 363 54 21 eden
752 362 70 27 aflagt.

537 427 12 26 S
566 427 33 20 40.

258 463 31 25 Är
311 467 103 27 gäldenär
437 467 36 20 vid
487 467 136 21 konkursens
637 466 83 27 början,
737 465 54 22 efter
806 467 22 25 ty
844 465 6 20 i
868 467 11 19 7
894 465 51 26 kap.

192 503 25 20 10
233 502 11 27 &
259 501 199 27 Utsökningslagen
475 501 57 26 skils,
548 500 33 22 för
592 500 165 22 öfverträdande
772 499 23 22 af
803 499 142 22 reseförbud
935 495 13 38 i

189 536 66 21 häkte
277 536 79 25 insatt;
379 535 65 22 varde
468 536 89 21 derutur
579 534 109 27 lösgifven,
712 534 66 21 sedan
801 534 42 21 han
862 534 83 27 boupp-

190 570 130 27 teckningen
335 570 49 21 med
400 570 26 21 ed
442 569 79 27 fästat;
537 569 38 22 och
591 569 54 27 gälle
660 569 33 21 för
707 569 80 20 honom
797 569 8 20 i
815 567 64 28 öfrigt
890 567 56 22 hvad

195 604 61 22 ofvan
272 605 7 20 i
295 604 12 28 $
323 605 27 20 39
366 604 64 27 sagdt
446 605 29 20 är.

538 667 11 27 8
565 667 34 20 41.

258 706 99 28 Begifver
372 707 103 27 gäldenär
490 707 32 27 sig
537 706 48 22 frän
601 706 38 21 sitt
654 706 98 25 hemvist,
768 707 53 20 utan
838 707 33 20 att
881 705 64 22 hafva

190 742 102 27 iakttagit
314 742 56 21 hvad
393 741 79 21 honom
495 740 53 22 efter
571 741 24 27 $$
616 742 26 20 37
659 740 39 22 och
714 742 26 20 39
757 741 88 26 åligger;
870 740 27 22 dä
911 741 36 21 mä

189 776 43 22 han
247 776 7 21 i
270 776 65 21 häkte
358 776 67 20 hällas
448 776 32 20 till
499 776 48 21 dess
562 775 43 21 han
621 775 78 21 sädant
715 775 112 27 äliggande
842 775 103 27 fullgjort.

190 810 117 22 Uteblifver
324 810 43 21 han
383 810 13 21 å
410 810 38 26 tid,
466 810 27 21 dä
507 809 43 22 han
566 809 55 22 efter
635 810 88 21 kallelse
738 810 33 27 sig
787 810 87 22 inställa
889 810 56 26 bort,

191 845 39 21 och
245 847 24 19 är
284 844 102 22 kallelsen
403 844 47 21 ätta
465 844 67 27 dagar
547 844 59 21 förut
621 844 112 22 meddelad
748 844 78 22 honom
837 844 50 27 sjelf
895 844 51 22 eller

191 880 40 21 den
246 886 85 21 person,
347 879 43 21 han
406 879 32 21 till
454 879 151 27 emottagande
621 879 60 21 deraf
695 879 116 27 uppgifvit;
826 879 67 21 varde
902 879 43 21 han

190 916 77 26 genast
281 914 94 21 hemtad.
406 913 87 22 Afviker
509 914 43 20 han
567 913 49 22 frän
633 914 36 20 det
684 914 69 26 ställe,
770 914 31 21 dit
816 914 42 20 han
874 914 72 20 kallad

191 948 50 22 eller
264 948 87 21 hemtad
370 947 74 27 blifvit,
460 948 78 21 medan
560 948 54 21 hans
632 950 92 19 närvaro
739 948 96 26 fordras;
859 948 87 21 varde
936 943 14 36 i

189 984 66 20 häkte
276 982 107 26 förvarad,
407 982 31 22 till
462 982 48 22 dess
525 982 68 22 första
609 983 48 21 dom
672 983 7 21 i
694 984 124 20 konkursen
834 983 61 26 fallit,
912 989 34 15 om

190 1019 71 25 någon
280 1017 23 21 af
315 1018 160 26 borgenärerne
490 1017 36 21 det
541 1017 82 26 påstår.
652 1016 127 22 Kostnaden
797 1017 33 21 för
845 1017 101 27 gäldenä-

190 1058 50 15 rens
255 1052 101 21 hållande
370 1051 8 21 i
392 1052 66 20 häkte
474 1051 80 21 drabbe
569 1051 7 21 i
592 1052 64 20 dessa
670 1050 37 22 fall
722 1052 155 21 konkursboet.

536 1114 11 27 $
563 1115 34 20 42.

261 1153 29 21 Af
303 1153 183 21 konkursmassan
501 1153 61 27 njute
577 1153 102 26 gäldenär
695 1153 75 26 nödigt
785 1153 113 22 underhåll
913 1154 34 21 för

191 1187 38 27 sig,
252 1187 79 22 hustru
355 1187 38 21 och
416 1187 120 27 oförsörjda
554 1187 61 26 barn,
631 1187 69 21 under
716 1187 40 21 den
772 1187 32 21 tid
818 1188 43 21 han
877 1189 17 26 ej
911 1189 36 20 må

189 1221 84 27 begifva
288 1222 32 26 sig
335 1220 48 22 från
398 1221 38 21 sitt
451 1221 97 26 hemvist,
565 1221 54 21 efter
633 1222 23 25 ty
675 1221 8 21 i
699 1221 25 27 $$
740 1223 27 20 37
785 1222 39 21 och
839 1223 27 20 39
882 1223 63 26 sagdt

191 1257 34 23 är;
242 1256 24 19 så
282 1255 40 21 ock
336 1255 57 20 hvad
408 1261 45 14 som
468 1255 83 20 fordras
567 1255 33 20 för
615 1261 48 14 resa
677 1255 38 20 och
726 1256 119 25 uppehälle,
858 1257 27 20 då
895 1257 49 25 han,

191 1288 53 21 efter
259 1288 94 25 kallelse,
369 1288 39 21 har
424 1289 33 20 att
472 1288 87 21 inställa
575 1289 32 26 sig
621 1288 35 21 vid
670 1289 81 21 Rätten
762 1289 32 20 till
804 1289 79 26 förhör,
895 1290 51 21 eller

191 1322 142 22 annorstädes
350 1321 32 22 till
397 1321 140 28 upplysnings
554 1322 119 27 afgifvande
688 1323 94 22 rörande
791 1323 154 22 konkursmas-

189 1363 46 20 san,
259 1357 54 21 dock
337 1357 17 27 ej
377 1363 51 20 mer,
452 1363 34 15 om
501 1357 42 22 han
559 1357 66 22 vistas
641 1358 60 21 utom
717 1357 123 28 domsagan,
857 1361 26 19 än
899 1365 46 15 som

190 1391 141 27 erfordrades,
356 1398 34 15 om
411 1391 43 22 han
477 1391 102 27 derinom,
601 1392 13 21 å
629 1393 34 20 ort
679 1392 37 21 der
731 1393 43 20 han
789 1393 40 21 sist
843 1393 101 28 vistades,

189 1427 32 26 sig
243 1425 122 28 uppehölle.
398 1426 113 22 Likaledes
533 1427 54 21 skall
611 1426 23 22 af
654 1427 183 22 konkursmassan
859 1428 85 27 honom,
