1025 1714
427 122 45 23 N:o
492 123 21 21 4.
790 120 27 20 43

92 194 131 16 mensamma
245 190 88 26 utropet
348 188 66 28 högre
429 188 86 27 utfallit,
539 188 60 22 detta
615 188 66 27 gälla;
705 188 39 22 och
759 188 65 21 varde
840 188 7 20 i

93 225 23 25 ty
130 222 37 22 fall
183 223 90 21 erhället
288 223 119 21 öfverskott
422 224 29 26 pä
466 223 26 21 de
506 224 132 26 gemensamt
652 223 108 27 utropade
770 222 75 27 fastig-

91 257 92 21 heterna
204 257 107 22 fördeladt
333 257 54 21 efter
406 257 41 21 den
463 257 33 21 för
510 258 73 26 hvarje
597 257 103 27 fastighet
714 257 82 27 bjudna
809 256 39 21 kö-

92 291 120 27 peskilling.

161 325 94 22 Tillhöra
273 325 157 27 fastigheterna
445 325 67 22 skilde
528 331 70 21 egare,
614 325 55 21 skall
683 325 75 27 hvarje
772 324 74 28 fastig-

93 360 36 22 het
143 360 34 21 för
192 360 32 27 sig
239 360 32 22 till
286 360 127 28 försäljning
428 362 96 25 utropas.
549 359 60 28 Stiga
625 360 16 27 ej
659 360 74 22 dervid
747 359 101 27 fastighe-

92 397 64 19 terna
178 394 33 22 till
233 395 24 21 sä
279 395 53 27 högt
347 394 85 28 belopp,
448 396 34 20 att
497 395 40 21 den
553 395 90 21 utsökta
657 394 125 27 fordringen
798 394 50 21 eller

92 436 72 15 annan
188 431 70 20 sämre
273 431 46 20 rätt
334 429 89 27 egande,
439 430 7 20 i
462 430 47 21 dem
525 431 132 25 gemensamt
672 428 117 23 intecknad
806 428 42 22 for-

93 464 54 21 dran
170 463 49 22 fullt
241 464 43 21 kan
300 464 82 27 gäldas,
398 464 51 21 eller
465 464 56 27 stiga
537 464 26 21 de
578 464 33 21 till
627 464 61 20 detta
702 463 78 27 belopp
797 462 51 22 eller

92 498 66 28 högre
181 498 39 22 och
242 498 40 22 har
304 499 17 27 ej
347 505 63 21 egare
433 498 23 22 af
476 499 71 27 nägon
565 498 66 22 bland
645 498 156 27 fastigheterna
816 497 33 22 för

92 533 72 22 denna
178 533 58 28 gjort
251 533 78 28 högsta
344 533 106 27 anbudet;
467 533 27 22 dä
508 533 67 22 varde
590 533 43 21 alla
647 532 157 28 fastigheterna
814 539 35 20 ge-

94 570 107 19 mensamt
217 568 112 27 utropade.
356 568 33 21 Gå
405 569 17 26 ej
439 568 35 21 vid
490 568 36 21 det
541 573 158 22 gemensamma
715 568 88 26 utropet
818 566 31 22 fa-

92 603 135 26 stigheterna
241 602 60 22 öfver
316 603 162 26 sammanlagda
492 602 102 27 beloppet
609 602 24 21 af
647 602 41 26 det,
706 608 45 15 som
766 601 82 28 bjudits

92 637 35 21 vid
151 637 26 21 de
200 637 106 22 särskilda
328 638 104 26 utropen;
456 637 50 21 eller
526 637 27 27 gä
569 637 26 21 de
609 636 72 27 högre,
698 636 39 21 och
753 636 97 27 erlägger

93 673 77 25 nägon,
187 677 44 16 som
248 672 35 21 vid
298 671 70 22 första
382 671 153 28 försäljningen
551 672 90 21 stannat
651 671 33 21 för
695 671 78 26 högsta
782 671 68 21 budet

94 707 12 20 å
121 706 79 21 honom
223 706 94 27 tillhörig
339 705 108 28 fastighet,
471 707 77 26 genast
566 705 33 22 till
615 705 234 22 auktionsförrättaren

94 740 55 21 hvad
164 740 23 21 af
201 740 143 22 öfverskottet
359 740 127 21 tillkommer
501 740 134 27 borgenären
651 739 51 22 eller
713 745 79 20 annan,
804 745 46 15 som

94 774 53 21 efter
162 775 79 21 honom
256 774 39 22 har
310 781 122 20 gemensam
445 774 125 27 inteckning
580 774 7 21 i
597 773 164 27 fastigheterna;
773 773 77 21 stände

92 809 36 21 vid
150 808 69 22 första
234 808 153 28 försäljningen
404 808 51 22 fast:
471 809 7 21 i
494 810 67 19 annat
576 807 37 22 fall
628 807 55 28 gälle
698 808 54 21 sista
766 807 84 28 försälj-

93 843 86 27 ningen,
197 843 38 21 och
250 843 66 21 varde
329 843 143 22 öfverskottet
482 843 107 21 fördeladt
599 843 71 21 såsom
681 848 51 21 nyss
744 843 24 20 är
779 841 70 28 sagdt.

163 877 70 22 Hafva
248 878 37 21 tvä
300 877 52 22 eller
362 877 52 22 flera
426 877 22 22 af
456 877 155 27 fastigheterna
622 882 80 15 samme
712 882 70 21 egare,
795 875 55 22 skall

94 913 45 26 ock,
156 912 39 22 der
210 912 42 22 han
268 912 37 22 det
320 912 70 27 äskar,
407 913 132 27 gemensamt
554 913 65 26 utrop
636 911 22 21 af
672 911 26 21 de
713 911 79 21 honom
807 910 42 21 till-

94 947 75 27 höriga
184 946 156 28 fastigheterna
356 953 39 21 ega
410 953 53 15 rum.

162 982 107 21 Betäcker
291 982 18 27 ej
332 982 171 26 köpeskillingen
525 981 33 21 för
580 981 71 26 nägon
667 980 66 22 bland
748 980 101 27 fastighe-

94 1018 63 19 terna:
179 1016 85 27 belopp,
287 1022 46 16 som
356 1016 65 21 derur
439 1016 40 21 bör
494 1016 53 27 utgå
566 1015 48 21 med
633 1014 109 22 företräde
762 1014 89 22 framför

95 1050 40 22 den
158 1050 90 22 utsökta
266 1050 135 28 fordringen;
417 1050 54 22 skall
486 1050 154 27 försäljningen
657 1048 22 22 af
693 1049 40 21 den
749 1048 102 28 fastighet

94 1084 90 22 förfalla.

442 1114 27 20 38
485 1114 18 27 8.

163 1154 78 22 Häftar
265 1154 103 28 egendom
391 1154 29 27 på
442 1153 70 28 grund
535 1153 22 21 af
578 1152 124 27 inteckning
718 1152 52 21 eller
784 1151 66 27 enligt

98 1190 21 20 11
138 1190 49 26 kap.
205 1190 12 20 2
233 1189 12 27 $
258 1188 143 28 jordabalken
424 1188 32 21 för
471 1187 160 29 nyttjanderätt
647 1186 51 22 eller
712 1188 46 20 rätt
773 1186 32 21 till
821 1185 30 22 af-

96 1224 71 21 komst
190 1223 51 22 eller
264 1229 72 15 annan
359 1223 89 25 förmån,
472 1228 46 16 som
534 1222 23 21 åt
572 1222 71 26 någon
660 1221 106 27 upplåtits
782 1222 33 20 att
831 1220 23 22 af

96 1259 130 27 egendomen
250 1259 63 27 utgå;
336 1258 66 21 varde
421 1258 131 26 egendomen
568 1256 32 22 till
615 1256 127 28 försäljning
757 1255 95 27 utropad

95 1294 48 22 med
166 1293 104 21 förbehåll
293 1299 34 15 om
347 1292 143 28 rättighetens
504 1292 100 21 bestånd.
634 1291 79 21 Finnes
728 1290 76 22 härvid
819 1292 33 20 att

96 1329 77 25 någon,
197 1334 45 15 som
266 1333 50 21 eger
337 1327 73 21 bättre
432 1328 52 24 rätt,
500 1326 17 27 ej
534 1326 43 21 kan
592 1332 27 14 ur
635 1325 40 21 den
690 1325 82 27 bjudna
786 1324 66 27 köpe-

96 1361 113 27 skillingen
225 1360 81 22 erhålla
320 1360 39 21 full
374 1360 146 27 godtgörelse;
541 1359 28 21 då
584 1358 61 27 skall,
661 1358 73 21 derest
749 1358 17 27 ej
784 1358 68 21 denne

96 1396 121 27 samtycker
239 1396 34 20 att
288 1395 35 21 vid
339 1394 36 21 det
390 1394 82 21 skedda
486 1394 89 26 utropet
590 1393 35 20 må
640 1391 104 27 förblifva,
761 1391 91 28 egendo-

98 1437 47 15 men
161 1431 91 26 utropas
268 1430 62 26 ånyo,
353 1430 53 20 utan
422 1427 104 23 förbehåll
541 1433 34 16 om
590 1426 144 27 rättighetens
753 1425 99 22 bestånd.
