1039 1725
326 148 29 23 U.
371 148 27 26 B.
414 161 28 3 —
456 148 73 29 Prop.
546 149 43 22 N:o
605 149 21 22 7.
788 148 34 25 27

539 220 29 19 13
585 220 20 26 $.

369 280 126 28 Aktiebolag
515 281 55 21 skall
585 281 101 21 anmälas
702 281 34 21 till
750 280 95 28 inskrif-

302 315 54 26 ning
366 315 10 20 i
386 315 190 27 handelsregistret
586 315 32 28 pä
628 317 44 19 sätt
681 316 39 20 och
729 315 10 20 i
748 315 42 21 den
800 316 48 20 ord-

301 349 56 28 ning
372 349 71 22 derom
460 351 26 19 är
500 349 104 22 särskildt
618 349 107 28 stadgadt.

372 383 104 22 Sädan
502 384 146 21 anmälan
669 384 84 21 skall
774 391 76 14 vara

300 418 234 21 undertecknad
548 419 35 27 af
595 417 256 29 bolagsstyrelsen

300 452 10 21 i
331 453 67 20 dess
421 453 105 20 helhet
540 453 54 21 och
608 452 167 22 innehålla
790 454 60 27 sty-

300 487 122 21 relsens
447 487 189 28 förklaring,
659 489 48 19 att
728 487 52 21 vid
801 494 49 15 an-

300 522 87 21 stäld
409 522 200 27 granskning
631 523 69 20 skäl
722 522 56 21 till
800 529 50 14 an-

300 557 168 27 märkning
491 556 197 28 beträffande
710 556 142 28 bolagets

301 590 151 22 bildande
481 592 76 20 eller
583 593 75 19 emot
682 591 170 27 förbehåll,

300 632 61 14 som
383 626 102 26 enligt
507 627 14 19 4
541 626 13 27 $
567 626 107 27 gjorts,
691 626 65 20 icke
771 626 80 28 före-

300 659 131 28 funnits
446 662 80 19 samt
540 662 48 19 att
602 660 48 21 det
664 660 116 28 belopp,
794 666 59 15 som

299 694 106 28 enligt
428 695 12 20 7
454 694 80 22 eller
548 696 24 19 11
586 695 15 27 $
617 695 51 21 bör
682 702 73 14 vara
770 694 81 22 inbe-

300 725 134 37 taldt,af
444 729 408 28 styrelsenomhänderhaf-

300 770 57 15 ves.

543 863 26 20 14
583 862 21 28 $.

369 926 76 21 Innan
460 926 120 27 aktiebolag
594 926 10 21 i
616 925 190 28 handelsregistret
815 925 35 21 in-

299 960 107 27 skrifvits,
429 961 36 20 må
489 961 20 27 ej
530 961 102 26 egendom
647 960 9 21 i
672 960 93 28 bolagets
779 967 70 14 namn

300 995 126 28 förvärfvas
446 996 52 20 eller
519 995 37 28 för
577 995 121 21 detsamma
721 995 57 21 talas
800 995 52 21 eller

299 1037 88 18 svaras;
403 1030 52 21 dock
469 1037 51 14 vare
534 1030 149 27 stiftarene
698 1029 100 28 obetaget,
814 1030 38 21 der

302 1064 98 21 tecknare
415 1065 45 20 icke
475 1065 83 26 fullgör
572 1065 42 20 den
628 1064 10 20 i
652 1065 24 20 11
690 1065 15 26 $
716 1063 135 28 föreskrifna

300 1099 146 27 inbetalning,
462 1100 34 19 att
510 1099 41 20 den
567 1099 38 20 hos
620 1099 81 20 honom
716 1099 82 20 utsöka.

369 1132 69 29 Ingår
452 1133 74 28 någon
540 1133 47 28 före
603 1133 93 27 bolagets
711 1132 140 28 inskrifning

302 1167 130 27 förbindelse
468 1168 10 20 i
513 1168 47 20 dess
596 1174 76 19 namn,
708 1174 63 14 svare
807 1168 45 21 han

303 1202 36 27 för
360 1202 41 20 den
422 1202 131 27 förbindelse
574 1202 72 20 säsom
661 1202 36 27 för
711 1208 52 20 egen
777 1202 75 24 skuld;

303 1237 47 19 äro
372 1236 28 20 de
422 1236 76 27 flere,
519 1242 79 14 svare
612 1235 30 21 de
656 1235 94 27 derför
764 1242 30 14 en
808 1235 46 27 för

303 1270 57 21 alla
377 1270 43 21 och
436 1270 55 21 alla
506 1271 42 27 för
563 1277 37 14 en.

544 1368 28 18 15
588 1366 20 26 $.

374 1428 71 22 Sedan
468 1428 121 27 aktiebolag
610 1428 134 28 inskrifvits,
766 1435 34 21 ege
816 1428 38 21 bo-

303 1464 99 27 lagsman
424 1463 45 22 icke
491 1463 147 28 undandraga
659 1463 34 28 sig
712 1464 33 20 att
762 1463 37 21 sin
814 1463 40 20 in-

163 1503 49 24 Lag-
224 1504 33 17 och
270 1503 182 18 Ekonomiutskottets
465 1503 110 18 betänkande
589 1504 37 17 N:o
638 1503 19 18 2.
