1025 1714
414 120 45 24 N:o
478 121 22 23 4.
782 119 27 21 49

81 192 50 15 man
154 186 87 28 åligger,
257 186 90 22 såframt
363 187 17 27 ej
398 187 22 21 åt
436 187 47 26 den,
500 192 45 16 som
561 188 151 26 utmätningen
728 186 110 27 förrättat,

77 220 81 28 jemväl
177 221 130 27 uppdragits
323 223 33 19 att
372 221 163 22 tillhandahålla
549 221 135 28 borgenären
699 221 139 28 betalningen

82 255 39 22 och
137 255 70 21 denne
221 255 70 21 blifvit
306 256 73 21 derom
394 256 150 21 underrättad.
800 252 4 4 |

436 325 47 27 38.

150 363 35 22 Nu
201 364 45 26 har,
263 364 28 22 dä
305 364 32 22 lös
353 364 104 28 egendom
471 364 70 22 blifvit
555 364 33 22 för
598 364 62 22 fleres
670 364 123 28 fordringar
803 366 35 20 ut-

80 399 64 26 mätt,
167 399 71 27 nägon
257 399 23 21 af
292 398 160 28 borgenärerne
467 399 84 27 pästätt
566 399 73 21 bättre
654 399 142 21 förmänsrätt
812 401 27 20 än

81 432 151 28 utmätningen
248 433 89 27 medför,
353 433 51 22 eller
419 433 40 21 har
474 440 26 16 ur
516 433 109 28 egendom,
641 433 60 22 hvari
716 434 124 27 utmätning

80 467 97 27 vunnits,
193 467 112 27 betalning
319 467 67 28 enligt
401 469 13 20 4
430 468 50 28 kap.
498 469 25 20 12
539 468 12 28 &
567 467 24 22 af
603 474 73 15 annan
688 468 108 28 borgenär
805 475 35 21 yr-

81 501 60 22 kats:
158 502 75 21 räcker
249 503 18 27 ej
283 502 118 28 tillgången
417 502 33 22 till
465 502 38 23 full
518 502 111 28 betalning
640 503 23 20 ät
673 502 165 28 borgenärerne,

81 535 41 22 och
138 537 91 26 äsämjas
245 537 26 21 de
287 537 25 27 ej,
328 537 56 22 huru
401 537 40 22 den
458 537 54 22 skall
527 537 102 27 fördelas;
646 539 98 26 uppgöre
758 538 81 21 utmät-

82 570 157 28 ningsmannen
262 571 59 22 öfver
337 571 149 28 fördelningen
502 571 93 23 särskild
609 571 65 28 längd
690 573 56 20 samt
760 572 79 21 under-

81 605 60 20 rätte
155 605 166 27 borgenärerne,
339 607 33 20 att
387 605 93 28 längden
495 605 48 22 frän
558 605 43 22 viss
617 605 42 27 dag
669 606 69 21 under
749 605 41 22 den
801 605 38 28 tid,

80 638 149 28 fördelningen
253 640 66 27 enligt
335 642 12 19 9
363 640 51 27 kap.
429 639 33 22 fär
476 640 111 26 klandras,
609 639 70 22 finnes
701 640 39 21 hos
759 641 81 20 utmät-

82 672 157 28 ningsmannen
255 673 129 28 tillgänglig;
396 674 39 21 och
445 674 65 22 varde
522 674 117 22 emellertid
650 674 112 28 utdelning
774 674 66 27 enligt

81 707 94 28 längden
197 709 78 26 genast
297 708 117 27 verkstäld,
434 709 54 21 dock
502 710 45 20 mot
562 710 55 26 pant
632 709 51 21 eller
698 709 87 27 borgen,
802 709 38 22 der

81 742 56 21 efter
152 743 24 26 ty
191 742 7 21 i
214 742 61 22 detta
289 742 82 27 kapitel
386 745 49 25 sägs
451 743 68 21 sädan
534 742 102 23 säkerhet
651 743 40 21 bör
706 743 82 22 ställas.

151 777 42 21 Vid
215 777 236 28 fördelningslängdens
474 778 148 27 upprättande
645 778 97 27 iakttage
759 779 81 20 utmät-

82 811 157 27 ningsmannen
263 812 41 21 den
326 811 34 22 för
379 812 123 27 utmätning
518 812 104 27 stadgade
637 812 203 22 förmänsrättsord-

82 846 58 27 ning,
156 847 25 20 sä
197 847 39 20 ock
250 847 7 21 i
273 847 127 27 tillämpliga
416 847 59 22 delar
489 847 57 21 hvad
561 847 7 21 i
583 848 13 21 5
611 847 50 27 kap.
679 848 27 20 25
721 847 11 28 $
748 848 13 20 2
776 853 62 16 mom.

82 881 57 20 samt
154 881 6 20 i
177 881 26 21 29
220 881 39 21 och
274 882 27 21 30
317 881 25 28 $$
359 887 81 16 samma
458 882 50 26 kap.
531 887 34 15 om
587 881 253 27 borgenärsförteckning

82 916 26 20 är
122 914 143 24 föreskrifvet.

436 969 14 21 4
466 969 20 28 8.

151 1008 80 22 Finner
254 1008 186 28 utmätningsman
464 1008 81 28 nödigt,
561 1008 66 22 innan
643 1008 198 28 fördelningslängd

83 1046 115 25 uppgöres,
222 1045 34 20 att
277 1044 73 21 lemna
371 1044 160 26 borgenärerne
553 1042 82 22 tillfälle
656 1044 33 21 att
704 1042 59 23 öfver
777 1043 63 21 hvar-

82 1078 81 22 andras
187 1079 95 27 anspräk
305 1078 32 28 sig
360 1080 65 26 yttra,
441 1078 55 22 kalle
512 1078 48 22 dem
576 1079 33 20 att
623 1077 8 21 i
646 1078 79 21 sädant
740 1077 100 22 afseende

82 1113 49 21 med
153 1113 79 22 honom
238 1108 16 37 &
276 1113 43 21 viss
335 1113 32 22 tid
382 1113 40 21 och
438 1114 12 20 &
465 1113 111 27 uppgifvet
591 1112 63 22 ställe
669 1112 171 26 sammanträda;

84 1147 39 22 och
144 1148 67 21 varde
226 1148 8 21 i
249 1149 23 26 ty
294 1147 37 22 fall
354 1147 198 28 fördelningslängd
574 1146 132 22 omedelbart
729 1146 54 22 efter
798 1146 44 22 för-

82 1171 143 42 handlingens
252 1182 122 22 afslutande
400 1182 109 28 uppgjord
532 1182 39 22 och
593 1181 111 27 framlagd,
731 1183 54 20 utan
808 1183 33 20 att

82 1216 105 22 särskildt
202 1216 206 28 tillkännagifvande
424 1216 73 22 derom
512 1215 114 23 erfordras.

438 1286 12 20 5
468 1285 18 28 &.

152 1325 47 22 Har
222 1325 72 27 nägon
313 1325 67 27 enligt
396 1326 13 21 4
423 1326 50 26 kap.
492 1326 25 21 12
534 1325 11 27 $
561 1325 64 27 yrkat
639 1324 111 28 betalning
765 1331 27 15 ur
806 1326 35 20 ut-

83 1360 57 21 mätt
156 1359 110 27 egendom,
282 1360 54 21 utan
352 1360 34 20 att
400 1359 54 22 hans
470 1358 88 22 fordran
575 1360 24 20 är
615 1358 99 27 domfäst,
726 1357 39 22 och
776 1358 66 27 gitter

83 1393 44 21 han
150 1394 18 27 ej
191 1393 52 28 visa,
259 1395 34 19 att
307 1393 115 27 betalning
435 1392 22 22 af
471 1392 130 29 gäldenären
617 1392 79 22 honom
711 1392 129 27 medgifvits;

83 1427 57 22 kalle
156 1428 227 27 utmätningsmannen
398 1427 135 28 borgenären
549 1427 39 22 och
601 1427 131 27 gäldenären
743 1426 33 22 till
786 1433 56 15 sam-

762 1473 11 16 4
