1039 1711
438 133 55 24 N:o
507 133 30 24 5.

314 441 70 26 Hans
410 442 164 33 Kejserliga
601 442 154 33 Majestäts
781 443 82 32 nädiga

246 488 139 33 proposition
398 489 34 24 till
444 488 103 26 Finlands
559 489 95 26 Ständer
665 489 115 32 angäende
792 497 70 25 grun-

246 533 41 26 den
306 534 38 25 för
362 534 183 33 tolagsafgiftens
563 535 152 26 beräknande.

176 613 48 21 Den
247 613 69 28 afgift,
340 620 52 21 som,
415 614 69 22 under
506 614 130 28 benämning
658 614 161 28 tolagsafgift,
813 609 13 37 i
836 615 26 21 de

108 647 61 22 flesta
184 648 23 21 af
220 648 85 22 landets
320 648 72 22 städer
407 649 113 27 uppburits
535 649 34 21 för
585 649 38 21 der
638 649 173 21 tullbehandlade
824 655 38 15 va-

108 688 43 21 ror,
173 682 39 21 har
229 682 47 22 frän
293 682 38 22 och
346 683 49 21 med
412 683 25 21 är
454 684 53 21 1874
522 683 71 27 utgätt
610 684 48 21 med
675 690 25 15 en
715 684 43 21 viss
773 686 89 24 procent

109 716 22 22 af
151 717 112 21 tullsatsen
286 717 14 21 &
322 718 40 20 den
386 718 205 26 tolagsbeskattning
616 718 157 21 underkastade
788 724 72 14 varan.

107 751 76 22 Denna
198 751 69 27 grund
282 752 34 21 för
330 752 170 27 tolagsafgiftens
514 752 138 22 beräknande
671 752 46 27 har,
732 752 8 22 i
755 752 106 22 öfverens-

109 786 121 22 stämmelse
253 786 49 22 med
324 786 132 22 Ständernas
477 786 36 22 vid
537 788 52 20 1891
615 786 35 22 års
664 786 102 28 landtdag
781 786 81 22 aflätna

108 826 48 16 svar
172 820 13 21 å
199 820 78 28 nådiga
299 821 160 27 propositionen
474 822 7 20 i
497 823 77 25 ämnet,
599 823 71 20 senast
687 827 77 21 genom
779 820 82 22 förord-

107 855 78 27 ningen
207 856 41 21 den
271 856 27 21 22
313 856 103 21 Februari
438 856 53 21 1892
506 856 107 21 faststälts
629 857 32 20 att
675 856 59 27 gälla
748 856 56 20 intill
820 855 40 22 den

109 890 10 21 1
136 889 90 22 Januari
251 891 61 20 1896.
342 890 10 21 I
368 890 151 27 sammanhang
541 889 90 22 härmed
649 889 39 22 har
702 889 59 22 Hans
776 889 86 27 Kejser-

107 924 44 27 liga
173 924 107 27 Majestät,
303 925 28 26 pä
354 924 132 22 Ständernas
504 924 129 27 tillstyrkan,
649 924 31 21 uti
695 923 129 28 kungörelse
839 923 24 22 af

107 958 149 22 förstnämnda
272 959 42 26 dag
328 958 86 27 nädigst
430 959 85 26 stadgat
530 959 67 21 bland
613 961 74 19 annat:

177 994 33 20 att
220 992 170 28 tolagsafgiftens
401 992 119 22 dävarande
531 992 170 27 maximibelopp,
710 992 151 21 motsvarande

107 1027 47 27 fyra
176 1029 90 25 procent
283 1027 24 22 af
320 1027 112 22 tullsatsen
448 1027 13 21 å
476 1027 40 22 den
531 1027 210 27 tolagsbeskattning
755 1026 107 22 underka-

108 1061 62 22 stade
185 1067 72 21 varan,
273 1061 70 22 skulle
357 1061 128 27 bibehällas;

177 1097 33 20 att
232 1095 136 22 föreskriften
391 1102 34 15 om
448 1095 169 28 tolagsafgiftens
636 1095 117 28 utgörande
769 1095 33 21 till
817 1095 45 21 lika

108 1131 90 26 procent
220 1129 24 22 af
265 1130 67 22 tullen
348 1131 13 19 &
375 1130 55 21 bäde
454 1130 150 21 inkommande
623 1130 38 21 och
677 1129 106 27 utgäende
798 1135 63 15 varor

105 1164 80 28 jemväl
202 1164 68 22 skulle
285 1164 68 22 blifva
368 1164 139 26 oförändrad;
523 1166 55 20 samt

177 1200 33 20 att
232 1199 68 21 denna
322 1198 62 28 afgift
406 1198 66 22 borde
492 1198 97 27 erläggas
605 1198 33 21 till
653 1198 44 21 lika
711 1198 78 26 belopp
805 1197 23 22 af
842 1197 18 27 ej

107 1232 82 22 mindre
212 1233 114 21 städernas
348 1232 99 28 samtliga
468 1232 127 22 innevånare
619 1234 26 19 än
668 1232 43 21 alla
727 1232 73 26 andra,
815 1238 46 15 som

108 1267 91 27 sjöledes
215 1268 53 21 eller
282 1267 119 27 landvägen
416 1267 47 21 frän
479 1269 58 20 orter
552 1269 59 19 utom
627 1267 73 21 landet
715 1266 33 22 till
759 1266 102 22 städerna

107 1301 84 22 införde
206 1301 53 22 eller
276 1301 93 22 derifrän
384 1301 86 22 utförde
485 1301 130 27 tullpligtiga
630 1307 69 15 varor.

177 1335 31 21 På
230 1336 69 26 grund
314 1335 24 21 af
352 1336 62 20 dessa
429 1336 133 20 föreskrifter
576 1336 40 20 har
631 1336 98 24 Senaten,
745 1335 6 20 i
768 1334 94 26 enlighet

108 1369 47 21 med
171 1369 23 21 af
208 1369 101 21 städerna
324 1369 119 27 uppgjorda
458 1369 39 21 och
512 1369 33 21 till
559 1369 94 21 Senaten
663 1368 100 22 inkomna
773 1368 87 26 förslag,

108 1403 41 23 den
174 1404 27 21 22
224 1404 58 21 Mars
303 1404 54 21 1892
372 1403 95 22 faststält
482 1403 197 26 tolagsprocentens
695 1402 76 27 belopp
786 1402 33 22 för
835 1402 27 21 de

107 1438 81 28 städer,
202 1438 74 22 hvilka
291 1437 137 23 derförinnan
445 1437 55 23 varit
510 1437 7 22 i
528 1437 124 28 ätnjutande
667 1436 24 23 af
698 1436 163 29 ifrägavarande
