1036 1714
784 143 26 21 95

439 223 11 27 s
466 224 18 20 8.

155 278 69 21 Sedan
246 286 38 20 ege
307 279 109 27 borgenär,
438 280 33 20 för
492 280 62 20 hvars
576 279 85 21 fordran
683 279 32 21 lös
736 280 104 26 egendom

86 312 69 21 blifvit
174 312 8 20 i
201 312 47 28 laga
267 313 90 27 ordning
372 314 7 19 i
394 315 44 19 mät
452 316 68 25 tagen,
535 313 135 21 förmånsrätt
685 313 31 21 till
732 313 108 27 betalning

86 353 26 14 ur
133 346 41 22 den
197 348 89 20 utmätta
309 347 137 27 egendomen.
475 344 31 24 Är
528 348 41 20 den
592 349 61 25 tagen
675 347 7 21 i
703 347 90 28 anspråk
808 348 33 20 för

85 381 63 21 fleres
169 380 123 28 fordringar,
309 381 117 21 tillkomme
442 382 111 21 företrädet
569 381 46 27 den,
630 381 33 21 för
677 382 62 20 hvars
754 381 86 21 fordran

86 415 119 27 utmätning
225 416 52 20 först
296 416 138 25 verkstäldes;
456 422 49 15 men
525 416 38 20 har
577 416 146 27 utmätningen
739 416 55 20 skett
808 416 33 20 för

86 450 41 21 alla
143 449 26 28 på
184 456 26 15 en
225 450 61 28 gång,
302 450 59 27 njute
377 450 26 20 de
418 450 42 21 lika
476 452 45 19 rätt.

155 484 31 21 På
200 485 69 27 grund
285 484 21 21 af
321 484 119 29 utmätning
456 491 38 20 ege
509 484 52 22 dock
577 484 133 22 förmånsrätt
724 484 47 21 icke
786 491 54 20 rum,

87 525 34 14 om
137 519 127 27 gäldenären
279 519 57 21 inom
350 520 68 21 trettio
430 519 64 28 dagar
504 519 91 22 derefter
605 519 31 21 till
647 519 93 21 konkurs
751 519 91 21 afträder

87 554 32 20 sin
143 554 103 27 egendom
269 554 51 21 eller
342 554 70 21 beslut
434 555 70 20 derom
526 555 21 20 af
561 554 76 21 Rätten
652 554 62 21 fattas
729 554 7 20 i
751 553 52 28 följd
818 553 22 22 af

87 595 82 14 annans
190 588 119 28 påstående,
332 595 45 14 som
399 589 58 20 inom
480 589 63 27 sagda
565 589 30 20 tid
618 589 69 20 blifvit
709 588 67 21 väckt.
813 588 25 28 Ej

86 623 67 21 heller
174 623 35 21 mä
231 623 133 21 förmänsrätt
385 623 51 28 följa
456 623 27 28 på
504 623 125 28 utmätning,
650 629 44 14 som
713 623 48 20 sker
775 623 7 20 i
798 623 40 21 död

86 654 61 25 mans
163 657 33 28 bo,
210 658 8 20 i
232 657 101 22 händelse
349 657 55 22 detta
420 658 7 20 i
442 658 47 28 laga
504 658 29 21 tid
548 657 32 22 till
594 657 94 22 konkurs
703 656 101 29 upplåtes.

441 756 12 27 $
469 756 17 21 9.

156 812 90 21 Dernäst
268 815 82 26 uttages
372 813 112 28 omyndigs
506 813 85 22 fordran
613 814 38 20 hos
671 813 103 20 föräldrar
789 813 51 21 eller

87 847 141 27 förmyndare,
251 847 37 21 der
311 847 122 21 densamma
454 847 47 21 icke
521 847 100 22 innestått
636 847 72 27 längre
723 847 30 20 tid
768 849 26 19 än
811 849 29 19 ett

87 881 29 27 år,
138 881 65 21 sedan
225 881 42 21 den
287 888 76 21 genom
383 881 98 28 godkänd
497 882 51 21 eller
563 881 116 22 oklandrad
693 881 72 27 slutlig
780 881 60 20 redo-

87 915 85 28 visning
194 915 51 21 eller
266 916 48 28 laga
336 915 55 21 kraft
412 915 81 28 egande
516 916 48 21 dom
586 915 69 21 blifvit
673 915 101 27 faststäld,
790 915 50 21 eller

88 950 87 20 såframt
196 950 114 27 utsökning
332 950 58 21 deraf
405 950 58 20 inom
478 950 65 28 sagda
558 950 30 21 tid
603 949 116 28 påbegynts
735 950 38 20 och
789 951 51 19 utan

89 984 76 21 afbrott
186 984 103 28 fullföljts.
319 984 69 21 Hafva
409 986 31 19 tre
461 984 23 22 är
500 985 52 21 efter
567 984 207 27 förmynderskapets
789 990 51 21 upp-

88 1018 93 21 hörande
202 1018 79 22 förlidit
301 1020 50 19 utan
372 1020 29 19 att
416 1018 56 22 talan
488 1019 71 21 väckts
574 1025 35 14 om
623 1018 162 27 förmyndarens
799 1018 41 20 för-

88 1053 108 27 pligtande
217 1055 29 19 att
266 1053 129 21 försummad
411 1053 266 28 redovisningsskyldighet
691 1053 96 27 fullgöra,
803 1058 37 22 ege

89 1088 54 20 dock
165 1094 29 14 nu
216 1088 79 20 nämnd
317 1087 135 22 förmänsrätt
465 1088 47 21 icke
525 1094 54 14 rum.
608 1084 43 24 Äro
667 1086 173 28 förmynderskap

89 1122 60 26 flera;
165 1128 39 21 ega
219 1122 25 21 de
263 1122 114 28 omyndiga
392 1122 32 28 sig
439 1122 89 22 emellan
544 1122 43 21 lika
601 1123 46 19 rätt.

157 1156 62 22 Hvad
240 1158 38 20 här
298 1158 23 19 är
335 1157 61 27 sagdt
411 1164 35 14 om
462 1157 111 27 omyndigs
587 1156 86 21 fordran
687 1156 38 21 hos
740 1155 102 21 föräldrar

90 1191 51 21 eller
156 1191 140 27 förmyndare,
312 1191 53 20 skall
380 1192 39 20 ock
434 1192 55 26 gälla
504 1198 35 14 om
553 1192 86 20 hustrus
649 1190 192 28 tillgodohafvande

90 1226 38 20 hos
143 1226 41 26 god
199 1232 55 20 man,
269 1232 46 14 som
330 1224 21 22 af
366 1225 90 21 domstol
470 1225 118 21 förordnats
603 1226 31 20 att
648 1225 80 20 hennes
738 1223 103 28 egendom

90 1259 94 22 förvalta.

438 1328 12 26 $
467 1328 32 21 10.

159 1385 97 21 Derefter
270 1385 59 20 skola
344 1385 81 27 gäldas:
441 1384 94 27 kyrkors,
550 1383 143 28 fattigkassors
706 1383 39 20 och
755 1383 87 20 sockne-

91 1419 129 29 magasiners
242 1418 118 29 fordringar
381 1419 39 20 hos
440 1418 60 21 deras
514 1417 143 23 föreständare
673 1417 38 22 och
726 1416 116 29 uppbörds-

91 1457 58 25 män;
165 1455 92 20 kronans
273 1455 39 20 och
327 1454 110 27 allmänna,
450 1453 20 22 af
482 1454 124 27 regeringen
616 1452 127 22 stadfästade
753 1452 89 27 kassors,
