1045 1723
277 122 82 24 Ständ.
375 122 39 23 Sv.
431 135 24 4 —
473 123 73 27 Prop.
561 123 40 22 N:o
617 123 21 22 4.
776 123 27 21 87

82 187 54 22 efter
150 187 95 27 kallelse,
261 188 39 23 har
315 189 31 20 att
360 187 85 22 inställa
459 188 33 27 sig
507 187 34 22 vid
556 187 78 22 Rätten
646 187 33 22 till
689 187 78 26 förhör,
781 187 52 21 eller

81 223 139 21 annorstädes
242 223 33 21 till
294 223 136 26 upplysnings
446 222 119 27 afgifvande
580 223 90 21 rörande
684 222 149 22 konkursmas-

81 263 44 20 san,
143 257 55 21 dock
213 257 18 26 ej
248 263 50 20 mer,
314 263 34 15 om
362 257 42 21 han
419 257 66 22 vistas
500 258 59 20 utom
576 257 120 26 domsagan,
707 259 27 18 än
744 263 46 15 som
800 263 32 15 er-

82 291 118 26 fordrades,
219 297 34 15 om
273 291 42 22 han
330 291 101 26 derinom,
448 291 13 22 &
476 294 33 18 ort
524 291 37 21 der
576 291 41 21 han
633 291 39 21 sist
686 291 99 25 vistades,
800 291 33 26 sig

81 323 118 29 uppehölle.
230 325 111 22 Likaledes
364 325 53 22 skall
438 325 23 22 af
481 325 179 22 konkursmassan
679 325 84 27 honom,
779 324 53 22 hans

80 359 75 22 hustru
171 360 39 21 och
226 360 118 27 oförsörjda
359 359 53 22 barn
427 360 92 21 tilldelas
534 359 111 22 underhåll
659 359 33 22 till
707 359 124 22 inställelse-

82 393 74 29 dagen,
172 394 37 21 der
224 394 42 22 han
282 395 18 27 ej
316 394 126 22 annorledes
457 395 32 26 sig
504 394 89 27 försörja
608 394 48 22 kan.

148 429 145 27 Uppkomimer
308 429 50 22 tvist
373 435 34 16 om
422 429 110 26 gäldenärs
548 429 40 21 och
604 429 48 22 dess
667 428 110 27 anhöriges
793 435 39 14 un-

81 463 81 22 derhäll
183 470 26 15 ur
228 463 190 26 konkursmassan;
434 463 74 28 pröfve
524 463 78 22 Rätten
617 463 56 21 hvad
688 463 7 22 i
710 463 76 22 sädant
801 462 31 22 af-

80 499 78 21 seende
181 498 94 28 skäligen
297 499 71 21 bestäs
390 498 41 21 mä.
460 498 77 22 Finnes
552 498 127 27 gäldenären
695 497 69 27 hafva,
780 499 51 20 utan

81 533 48 27 laga
150 533 53 26 skäl,
219 533 56 27 dröjt
297 534 48 21 med
363 533 199 28 bouppteckningen
582 533 39 21 och
637 533 48 22 dess
700 533 131 27 beedigande

81 568 51 21 eller
146 568 61 21 boets
223 569 170 21 öfverlemnande
408 568 32 21 till
450 569 54 26 gode
514 570 55 24 män,
581 573 37 22 ege
628 567 79 22 Rätten
717 567 114 22 inskränka

80 603 58 21 tiden
161 603 34 21 för
217 603 36 22 det
275 603 110 22 underbåll
407 603 41 22 han
467 603 59 27 njuta
543 603 60 26 skall,
620 603 54 21 efter
690 604 21 25 ty
727 608 44 16 som
788 608 43 15 om-

80 638 174 27 ständigheterna
269 639 71 21 dertill
354 638 115 21 föranleda.

424 743 11 28 $
449 743 35 23 45.

147 795 40 23 Till
203 796 121 22 konkursbo
340 796 77 22 räknas
432 796 29 22 all
476 797 40 21 den
532 796 108 28 egendom,
656 803 45 15 som
716 797 13 21 å
743 797 39 21 den
793 797 37 25 tid,

82 830 27 22 då
130 830 129 27 gäldenären
281 831 32 21 sin
335 830 210 28 afträdesansökning
563 831 32 21 till
614 831 77 21 Rätten
706 831 60 27 ingaf
779 830 52 22 eller

79 865 70 22 beslut
171 872 34 15 om
227 866 53 21 hans
300 867 112 26 egendoms
427 865 125 22 afträdande
566 866 28 27 på
609 867 115 26 borgenärs
739 865 92 27 begäran

79 899 23 22 af
117 900 78 22 Rätten
211 901 98 26 fattades,
325 901 101 21 tillhörde
441 901 128 27 gäldenären
584 901 51 20 eller
645 901 45 21 före
698 901 133 21 konkursens

80 935 42 21 slut
144 935 77 21 honom
243 935 102 26 tillfaller,
368 935 39 21 och
430 935 84 22 hvilken
528 935 90 27 lagligen
633 934 33 22 får
681 935 7 21 i
703 937 43 20 mät
760 936 70 26 tagas;

80 969 24 22 så
119 970 40 21 ock
174 969 55 22 hvad
244 969 48 22 med
307 970 47 21 stöd
370 969 23 22 af
406 969 11 27 $
432 970 27 21 46
474 970 34 21 till
524 970 50 21 boet
589 969 120 22 återvinnas
725 970 49 21 kan.

148 999 100 31 Ätnjuter
263 1004 102 27 gäldenär
374 1004 96 26 aflöning
480 1005 51 20 eller
540 1005 95 26 pension,
646 1010 45 15 som
701 1004 67 21 under
778 1003 53 22 kon-

82 1039 76 21 kursen
175 1038 92 26 utfaller,
283 1039 117 21 tillkomme
415 1038 144 22 konkursboet
574 1038 23 21 så
610 1040 45 21 stor
665 1038 34 22 del
709 1037 65 28 deraf,
785 1045 45 15 som

72 1073 22 21 -å
109 1073 72 27 hvarje
196 1073 67 21 under
277 1073 121 22 konkursen
413 1072 128 23 inträffande
556 1073 198 26 betalningstermin
766 1073 65 27 enligt

79 1107 36 27 lag
129 1107 33 21 får
177 1108 6 20 i
199 1108 44 21 mät
258 1110 66 25 tagas.

148 1141 97 28 Införsel,
261 1148 44 15 som
321 1143 77 26 någon,
411 1142 85 27 jemlikt
510 1142 11 27 $
536 1143 12 20 8
564 1143 7 20 i
586 1142 151 27 förordningen
747 1149 34 14 om
793 1142 37 21 Ut-

80 1176 174 27 sökningslagens
272 1177 118 26 införande,
408 1177 94 26 åtnjuter
516 1177 8 22 i
538 1176 112 28 gäldenärs
664 1177 35 21 lön
714 1177 52 22 eller
780 1183 51 21 pen-

81 1212 52 25 sion,
149 1211 95 27 upphöre
259 1212 35 21 vid
308 1211 65 21 slutet
388 1211 23 22 af
424 1211 41 22 den
480 1211 84 26 månad,
580 1212 60 21 hvari
650 1211 121 22 konkursen
781 1212 49 21 bör-

78 1246 44 27 jas;
138 1245 39 22 och
192 1246 64 21 varde
272 1245 93 22 derefter
379 1245 48 22 med
442 1246 35 21 lön
493 1246 52 21 eller
555 1246 87 26 pension
652 1246 99 21 förhället
760 1246 70 22 säsom

79 1280 109 22 ofvanföre
203 1280 62 27 sagdt
279 1283 30 18 är.

424 1355 11 26 $
450 1356 36 19 46.

148 1409 22 24 a)
185 1407 45 22 Allt
245 1407 55 22 hvad
313 1406 102 28 gäldenär
430 1412 74 22 genom
519 1406 118 28 bedrägligt
647 1406 122 22 förfarande
779 1406 52 22 eller

79 1449 70 16 annan
165 1442 124 28 oredlighet,
304 1448 45 16 som
365 1442 6 22 i
386 1441 12 28 $
413 1442 27 22 86
456 1442 39 21 och
510 1441 11 28 $
536 1442 26 22 87
578 1448 63 15 mom.
654 1442 13 21 b
683 1444 91 25 nämnes,
785 1442 45 22 sine
