1025 1714
402 105 45 24 N:o
468 107 22 22 4.
766 105 27 22 65

67 172 122 22 sökandens
212 173 45 21 rätt
272 172 119 27 uppenbar,
407 171 78 22 honom
501 172 71 22 dertill
587 172 112 28 förhjelpa.
729 173 11 21 1
756 174 66 20 annat

67 206 37 21 fall
126 206 66 21 varde
214 207 111 21 sökanden
347 206 104 21 hänvisad
474 208 33 20 att
522 207 32 21 sin
570 207 60 22 talan
646 207 54 22 efter
715 207 108 26 stämning

67 240 35 21 vid
118 240 92 21 domstol
226 239 77 22 utföra.

422 281 12 20 9
450 281 19 26 8.

135 318 35 21 Då
184 319 78 27 klagan
281 319 58 22 öfver
355 320 195 27 utmätningsmans
567 320 80 27 åtgärd
661 320 39 22 hos
717 320 106 22 öfverexe-

67 353 66 21 kutor
148 353 101 27 anmäles,
265 360 38 20 ege
318 354 49 27 han,
384 361 34 15 om
434 355 46 20 skäl
496 354 72 22 dertill
582 353 69 23 finnes
667 354 39 22 och
722 355 66 21 saken
804 355 17 27 ej

67 387 31 22 tål
120 388 99 27 uppskof,
244 391 33 19 att
299 389 44 21 tills
362 389 74 21 vidare
451 389 51 21 eller
517 389 56 21 intill
588 389 49 21 dess
653 389 83 27 slutligt
752 389 72 27 utslag

66 421 62 22 faller
142 422 87 22 inställa
244 423 74 22 vidare
332 423 101 28 fortgång
449 423 23 21 af
486 423 104 28 åtgärden
607 423 51 22 eller
673 423 98 22 meddela
782 423 41 22 den

66 457 91 22 rättelse
180 457 51 27 deri,
254 463 46 16 som
323 457 212 28 omständigheterna
554 457 121 27 föranleda;
698 457 126 22 föreskrifve

68 490 60 27 dock,
152 491 39 21 der
209 491 36 21 det
260 491 23 22 af
296 491 78 22 sakens
389 491 147 22 beskaffenhet
551 492 104 21 särskildt
669 492 105 27 påkallas,
791 493 33 20 att

67 525 121 27 klaganden
211 525 54 22 skall
287 526 64 21 ställa
373 528 54 25 pant
450 526 51 21 eller
523 526 81 27 borgen
624 526 33 21 för
673 527 41 21 den
729 526 95 21 kostnad

68 559 38 22 och
122 560 74 26 skada,
212 565 46 17 som
273 567 77 20 genom
365 561 124 27 uppehållet
504 561 43 21 kan
562 560 73 22 vållas.

416 630 26 20 10
459 630 17 27 $.

136 668 84 28 Klagan
243 669 66 27 enligt
332 670 12 20 3
364 669 52 21 eller
430 670 14 20 4
460 670 12 27 $
488 668 59 22 öfver
569 668 255 28 borgenärsförteckning

68 702 51 22 eller
141 703 153 28 köpeskillings
317 703 121 28 fördelning
460 703 55 28 gälle
538 704 17 26 ej
578 703 34 22 för
636 710 72 15 annan
732 706 27 19 än
776 704 46 26 den,

68 743 46 16 som
129 738 79 27 klagan
223 738 69 21 väckt.

417 780 23 20 11
459 779 18 27 8.

136 818 11 20 I
165 818 49 26 mål,
237 818 89 22 hvarom
345 819 7 21 i
368 819 55 21 2—4
439 819 25 27 8$
480 818 105 27 förmälts,
609 818 55 22 skall
688 818 136 22 öfverexeku-

68 854 46 20 tors
136 852 89 28 slutliga
246 852 73 28 utslag
340 852 67 28 gifvas
425 853 7 21 i
448 853 41 21 den
506 852 97 28 ordning,
619 858 46 16 som
680 852 7 21 i
703 853 13 20 2
731 853 49 26 kap.
797 853 27 20 22

70 887 10 27 8
98 889 24 20 är
137 887 98 27 stadgad.

418 929 26 20 12
460 928 18 28 8.

136 967 24 28 Ej
177 968 35 21 må
226 968 79 26 klagan
322 968 58 22 öfver
394 968 125 27 utmätning
533 968 83 22 hindra
624 968 200 27 verkställighetens

68 1002 102 28 fortgång
193 1002 50 22 eller
261 1002 78 28 klagan
356 1002 58 22 öfver
430 1009 72 15 annan
518 1002 23 22 af
554 1003 187 27 utmätningsman
756 1003 70 21 vidta-

69 1043 40 21 gen
133 1037 78 27 åtgärd
232 1038 66 20 verka
315 1036 102 28 uppehåll
432 1037 52 26 deri,
500 1038 25 21 så
540 1037 46 21 vidt
602 1037 17 27 ej
637 1037 127 22 annorledes
780 1039 24 19 är
819 1036 7 22 i

70 1071 70 22 denna
154 1071 36 27 lag
205 1071 102 27 stadgadt
323 1071 51 21 eller
390 1071 22 21 af
426 1071 163 22 öfverexekutor
603 1071 77 22 varder
692 1070 132 22 förordnadt.

390 1203 30 21 10
442 1202 75 22 KAP.

199 1272 37 20 Om
251 1272 78 26 klagan
345 1271 59 21 öfver
418 1272 70 26 utslag
503 1272 6 19 i
525 1271 177 26 utsökningsmål.

428 1334 46 25 18.

139 1372 64 27 Nöjes
220 1372 17 27 ej
253 1373 52 26 part
320 1373 23 20 åt
359 1371 174 22 öfverexekutors
548 1371 72 21 beslut
632 1371 7 20 i
650 1371 177 27 utsökningsmål,

72 1414 38 21 ege
126 1407 97 22 deröfver
237 1407 91 22 besvära
344 1406 32 28 sig
391 1406 7 22 i
413 1406 120 26 hofrätten;
558 1405 39 22 och
613 1405 80 28 åligger
709 1405 36 22 det
760 1404 68 23 öfver-

749 1452 11 17 5
