1028 1725
217 143 11 21 6
529 144 43 23 N:o
593 144 20 23 3.

188 211 77 27 gerligt
287 210 129 26 förtroende,
440 216 45 16 som
501 211 66 27 enligt
581 210 55 22 finsk
652 211 35 26 lag
702 210 40 22 bör
757 212 12 19 å
785 210 82 22 brottet
881 209 60 28 följa,

188 245 77 22 honom
281 245 7 21 i
303 245 92 21 Finland
411 245 94 22 ådömas.

255 280 57 21 Dom
334 280 7 21 i
363 280 109 26 brottmål,
497 280 43 22 fäld
564 280 23 21 af
608 280 90 21 domstol
719 280 6 21 i
741 279 133 22 främmande
890 282 52 24 stat,

189 314 34 22 må
239 315 6 21 i
261 314 91 22 Finland
368 314 17 28 ej
402 314 135 22 verkställas.

542 392 11 20 6
570 390 18 28 $.

257 431 84 22 Varder
363 431 47 26 den,
434 438 44 15 som
499 434 23 18 är
538 431 83 22 anstäld
636 432 7 20 i
659 431 131 22 främmande
807 432 54 20 stats
875 431 66 27 tjenst

191 466 38 22 och
244 466 67 22 vistas
326 466 6 21 i
348 466 98 28 Finland,
461 466 39 22 här
515 466 93 22 tilltalad
623 466 33 21 för
670 467 59 21 brott
740 468 57 20 emot
808 466 80 21 allmän
900 466 42 26 lag,

191 500 82 23 hvilket
287 501 43 21 han
345 501 6 21 i
368 502 40 20 den
425 501 91 27 tjensten
532 501 84 27 begått;
632 501 55 21 skall
698 502 42 20 han
750 501 56 21 blott
817 500 33 22 för
861 500 80 22 brottet

191 538 56 20 emot
267 536 78 21 allmän
361 536 35 27 lag
412 536 32 20 till
460 536 62 22 straff
536 536 79 21 dömas.
646 530 17 27 Å
680 535 136 27 skadestånd,
831 541 45 16 som
892 535 49 21 här-

190 570 61 28 flyter
267 570 23 22 af
303 570 67 23 sådan
386 571 211 28 tjensteförbrytelse,
614 570 34 22 må
664 571 54 21 finsk
732 571 36 27 lag
783 570 115 28 tillämpas.

509 676 22 20 11
556 675 73 21 KAP.

464 739 35 20 Om
516 739 151 28 högförräderi.

544 804 12 20 2
572 803 18 27 8.

260 843 66 25 Hvar,
343 849 43 14 som
403 843 6 20 i
425 843 88 27 uppsät:

262 877 20 27 1)
305 879 33 19 att
352 876 88 22 beröfva
451 877 100 27 Kejsaren
563 877 38 21 och
613 876 131 23 Storfursten
756 876 99 27 friheten,
868 876 75 28 bringa

191 912 76 22 honom
283 912 7 21 i
305 912 80 21 fiendes
408 912 52 22 eller
483 914 152 26 upprorsmäns
658 912 56 26 väld,
729 912 120 21 fränhända
864 911 78 22 honom

191 947 76 28 högsta
283 948 92 25 makten,
384 947 52 21 eller
447 947 76 22 hindra
534 947 77 22 honom
622 948 7 20 i
640 946 124 28 utöfningen
775 947 23 21 af
808 947 136 26 densamma;

259 982 22 28 2)
305 984 32 20 att
359 982 46 22 från
428 982 72 28 Ryska
522 982 63 22 Riket
608 982 97 28 lösrycka
727 982 97 27 Finland,
841 982 52 21 eller
909 982 33 21 del

192 1017 65 28 deraf,
281 1017 52 21 eller
355 1019 66 20 annat
443 1017 32 21 till
498 1018 71 26 Ryska
589 1017 65 22 Riket
669 1017 95 21 hörande
780 1016 94 27 omräde,
891 1017 53 21 eller

192 1052 62 27 lägga
269 1051 70 28 nägon
351 1052 34 21 del
395 1052 23 22 af
426 1052 73 28 Ryska
510 1052 64 22 Riket
584 1052 68 22 under
662 1052 132 22 främmande
805 1052 70 26 makt;
891 1052 53 21 eller

259 1087 23 27 3)
305 1086 106 28 olagligen
441 1087 106 27 upphäfva
577 1087 51 22 eller
659 1088 68 20 ändra
756 1087 157 27 styrelsesättet
936 1086 5 22 i

192 1122 161 26 Kejsaredömet
375 1122 51 21 eller
446 1122 7 21 i
470 1121 212 27 Storfurstendömet,
706 1122 52 21 eller
781 1122 115 26 ordningen
911 1121 33 21 för

192 1157 137 27 tronföljden,

260 1191 66 28 begår
349 1191 109 28 handling,
474 1198 45 15 som
535 1192 115 21 innefattar
665 1191 113 28 uppsätets
793 1191 150 22 fullbordande

192 1227 51 21 eller
265 1226 75 22 försök
363 1226 77 26 dertill,
463 1227 82 21 straffes
568 1227 32 21 för
623 1227 148 27 högförräderi
791 1227 47 21 med
855 1227 90 21 tukthus

191 1255 28 32 pä
234 1260 67 21 lifstid
317 1261 53 20 eller
385 1261 47 20 från
447 1261 40 20 och
502 1261 47 20 med
566 1262 44 20 åtta
626 1262 33 20 till
675 1262 38 20 och
729 1262 49 21 med
793 1261 41 21 tolf
848 1261 30 21 år.

546 1352 46 27 38.

260 1392 70 23 Hafva
351 1392 36 22 två
409 1392 52 22 eller
483 1392 50 22 flere
556 1392 76 22 aftalat
655 1394 31 20 att
709 1392 55 28 begå
787 1392 156 28 högförräderi;

192 1428 84 21 straffes
299 1427 80 22 enhvar
403 1427 23 21 af
448 1427 46 22 dem
517 1427 33 22 för
572 1427 67 22 sädan
662 1428 116 27 stämpling
793 1427 47 22 med
855 1427 90 23 tukthus

192 1463 47 22 frän
255 1463 39 22 och
311 1463 48 21 med
375 1465 31 19 ett
421 1463 33 21 till
471 1462 39 22 och
526 1463 47 21 med
589 1464 46 21 ätta
650 1462 30 22 är.
