<?xml version="1.0" encoding="UTF-8"?>
<alto xmlns="http://www.loc.gov/standards/alto/ns-v3#" xmlns:xlink="http://www.w3.org/1999/xlink" xmlns:xsi="http://www.w3.org/2001/XMLSchema-instance" xsi:schemaLocation="http://www.loc.gov/standards/alto/ns-v3# http://www.loc.gov/alto/v3/alto-3-0.xsd">
	<Description>
		<MeasurementUnit>pixel</MeasurementUnit>
		<sourceImageInformation>
			<fileName>/tmp/tess_9sijwnu9_input.PNG</fileName>
		</sourceImageInformation>
		<OCRProcessing ID="OCR_0">
			<ocrProcessingStep>
				<processingSoftware>
					<softwareName>tesseract 5.3.4</softwareName>
				</processingSoftware>
			</ocrProcessingStep>
		</OCRProcessing>
	</Description>
	<Layout>
		<Page WIDTH="1023" HEIGHT="1714" PHYSICAL_IMG_NR="0" ID="page_0">
			<PrintSpace HPOS="0" VPOS="0" WIDTH="1023" HEIGHT="1714">
				<ComposedBlock ID="cblock_0" HPOS="220" VPOS="158" WIDTH="498" HEIGHT="29">
					<TextBlock ID="block_0" HPOS="220" VPOS="158" WIDTH="498" HEIGHT="29">
						<TextLine ID="line_0" HPOS="220" VPOS="158" WIDTH="498" HEIGHT="29">
							<String ID="string_0" HPOS="220" VPOS="160" WIDTH="27" HEIGHT="20" WC="0.96" CONTENT="86"/><SP WIDTH="169" VPOS="160" HPOS="247"/>
							<String ID="string_1" HPOS="416" VPOS="159" WIDTH="29" HEIGHT="22" WC="0.92" CONTENT="U."/><SP WIDTH="16" VPOS="159" HPOS="445"/>
							<String ID="string_2" HPOS="461" VPOS="159" WIDTH="27" HEIGHT="21" WC="0.90" CONTENT="B."/><SP WIDTH="17" VPOS="159" HPOS="488"/>
							<String ID="string_3" HPOS="505" VPOS="171" WIDTH="23" HEIGHT="3" WC="0.92" CONTENT="—"/><SP WIDTH="17" VPOS="171" HPOS="528"/>
							<String ID="string_4" HPOS="545" VPOS="158" WIDTH="74" HEIGHT="29" WC="0.96" CONTENT="Prop."/><SP WIDTH="16" VPOS="158" HPOS="619"/>
							<String ID="string_5" HPOS="635" VPOS="158" WIDTH="44" HEIGHT="22" WC="0.95" CONTENT="N:o"/><SP WIDTH="16" VPOS="158" HPOS="679"/>
							<String ID="string_6" HPOS="695" VPOS="158" WIDTH="23" HEIGHT="22" WC="0.96" CONTENT="4."/>
						</TextLine>
					</TextBlock>
				</ComposedBlock>
				<ComposedBlock ID="cblock_1" HPOS="193" VPOS="226" WIDTH="759" HEIGHT="653">
					<TextBlock ID="block_1" HPOS="193" VPOS="226" WIDTH="753" HEIGHT="168">
						<TextLine ID="line_1" HPOS="259" VPOS="226" WIDTH="685" HEIGHT="29">
							<String ID="string_7" HPOS="259" VPOS="228" WIDTH="20" HEIGHT="24" WC="0.91" CONTENT="1)"/><SP WIDTH="18" VPOS="228" HPOS="279"/>
							<String ID="string_8" HPOS="297" VPOS="227" WIDTH="82" HEIGHT="28" WC="0.96" CONTENT="frågan"/><SP WIDTH="15" VPOS="227" HPOS="379"/>
							<String ID="string_9" HPOS="394" VPOS="227" WIDTH="111" HEIGHT="27" WC="0.93" CONTENT="angående"/><SP WIDTH="16" VPOS="227" HPOS="505"/>
							<String ID="string_10" HPOS="521" VPOS="226" WIDTH="132" HEIGHT="28" WC="0.92" CONTENT="stadsfogdes"/><SP WIDTH="11" VPOS="226" HPOS="653"/>
							<String ID="string_11" HPOS="664" VPOS="226" WIDTH="134" HEIGHT="21" WC="0.95" CONTENT="tillsättande"/><SP WIDTH="11" VPOS="226" HPOS="798"/>
							<String ID="string_12" HPOS="809" VPOS="226" WIDTH="38" HEIGHT="20" WC="0.96" CONTENT="och"/><SP WIDTH="11" VPOS="226" HPOS="847"/>
							<String ID="string_13" HPOS="858" VPOS="232" WIDTH="35" HEIGHT="14" WC="0.93" CONTENT="om"/><SP WIDTH="10" VPOS="232" HPOS="893"/>
							<String ID="string_14" HPOS="903" VPOS="226" WIDTH="41" HEIGHT="20" WC="0.54" CONTENT="vil-"/>
						</TextLine>
						<TextLine ID="line_2" HPOS="193" VPOS="259" WIDTH="751" HEIGHT="31">
							<String ID="string_15" HPOS="193" VPOS="264" WIDTH="64" HEIGHT="20" WC="0.93" CONTENT="koren"/><SP WIDTH="15" VPOS="264" HPOS="257"/>
							<String ID="string_16" HPOS="272" VPOS="263" WIDTH="36" HEIGHT="27" WC="0.93" CONTENT="för"/><SP WIDTH="14" VPOS="263" HPOS="308"/>
							<String ID="string_17" HPOS="322" VPOS="262" WIDTH="125" HEIGHT="21" WC="0.93" CONTENT="erhällande"/><SP WIDTH="15" VPOS="262" HPOS="447"/>
							<String ID="string_18" HPOS="462" VPOS="262" WIDTH="28" HEIGHT="27" WC="0.93" CONTENT="af"/><SP WIDTH="11" VPOS="262" HPOS="490"/>
							<String ID="string_19" HPOS="501" VPOS="262" WIDTH="70" HEIGHT="20" WC="0.92" CONTENT="sädan"/><SP WIDTH="13" VPOS="262" HPOS="571"/>
							<String ID="string_20" HPOS="584" VPOS="260" WIDTH="129" HEIGHT="28" WC="0.91" CONTENT="befattning,"/><SP WIDTH="16" VPOS="260" HPOS="713"/>
							<String ID="string_21" HPOS="729" VPOS="260" WIDTH="9" HEIGHT="20" WC="0.93" CONTENT="i"/><SP WIDTH="15" VPOS="260" HPOS="738"/>
							<String ID="string_22" HPOS="753" VPOS="260" WIDTH="79" HEIGHT="21" WC="0.92" CONTENT="hvilket"/><SP WIDTH="12" VPOS="260" HPOS="832"/>
							<String ID="string_23" HPOS="844" VPOS="259" WIDTH="100" HEIGHT="27" WC="0.92" CONTENT="afseende"/>
						</TextLine>
						<TextLine ID="line_3" HPOS="193" VPOS="294" WIDTH="752" HEIGHT="31">
							<String ID="string_24" HPOS="193" VPOS="298" WIDTH="20" HEIGHT="27" WC="0.95" CONTENT="ej"/><SP WIDTH="22" VPOS="298" HPOS="213"/>
							<String ID="string_25" HPOS="235" VPOS="298" WIDTH="52" HEIGHT="21" WC="0.93" CONTENT="blott"/><SP WIDTH="14" VPOS="298" HPOS="287"/>
							<String ID="string_26" HPOS="301" VPOS="298" WIDTH="85" HEIGHT="26" WC="0.93" CONTENT="krafvet"/><SP WIDTH="11" VPOS="298" HPOS="386"/>
							<String ID="string_27" HPOS="397" VPOS="297" WIDTH="32" HEIGHT="27" WC="0.96" CONTENT="pä"/><SP WIDTH="16" VPOS="297" HPOS="429"/>
							<String ID="string_28" HPOS="445" VPOS="297" WIDTH="62" HEIGHT="27" WC="0.93" CONTENT="högre"/><SP WIDTH="16" VPOS="297" HPOS="507"/>
							<String ID="string_29" HPOS="523" VPOS="296" WIDTH="192" HEIGHT="28" WC="0.92" CONTENT="kompetensvilkor"/><SP WIDTH="14" VPOS="296" HPOS="715"/>
							<String ID="string_30" HPOS="729" VPOS="296" WIDTH="55" HEIGHT="20" WC="0.96" CONTENT="utan"/><SP WIDTH="17" VPOS="296" HPOS="784"/>
							<String ID="string_31" HPOS="801" VPOS="295" WIDTH="38" HEIGHT="21" WC="0.95" CONTENT="och"/><SP WIDTH="12" VPOS="295" HPOS="839"/>
							<String ID="string_32" HPOS="851" VPOS="294" WIDTH="31" HEIGHT="28" WC="0.93" CONTENT="pä"/><SP WIDTH="10" VPOS="294" HPOS="882"/>
							<String ID="string_33" HPOS="892" VPOS="294" WIDTH="53" HEIGHT="21" WC="0.92" CONTENT="stäl-"/>
						</TextLine>
						<TextLine ID="line_4" HPOS="193" VPOS="329" WIDTH="753" HEIGHT="31">
							<String ID="string_34" HPOS="193" VPOS="332" WIDTH="65" HEIGHT="21" WC="0.96" CONTENT="lande"/><SP WIDTH="15" VPOS="332" HPOS="258"/>
							<String ID="string_35" HPOS="273" VPOS="332" WIDTH="29" HEIGHT="28" WC="0.93" CONTENT="af"/><SP WIDTH="10" VPOS="332" HPOS="302"/>
							<String ID="string_36" HPOS="312" VPOS="332" WIDTH="66" HEIGHT="27" WC="0.96" CONTENT="nödig"/><SP WIDTH="14" VPOS="332" HPOS="378"/>
							<String ID="string_37" HPOS="392" VPOS="332" WIDTH="98" HEIGHT="20" WC="0.96" CONTENT="säkerhet"/><SP WIDTH="10" VPOS="332" HPOS="490"/>
							<String ID="string_38" HPOS="500" VPOS="331" WIDTH="37" HEIGHT="27" WC="0.93" CONTENT="för"/><SP WIDTH="10" VPOS="331" HPOS="537"/>
							<String ID="string_39" HPOS="547" VPOS="330" WIDTH="196" HEIGHT="27" WC="0.52" CONTENT="omhändertäende"/><SP WIDTH="10" VPOS="330" HPOS="743"/>
							<String ID="string_40" HPOS="753" VPOS="330" WIDTH="69" HEIGHT="20" WC="0.96" CONTENT="medel"/><SP WIDTH="10" VPOS="330" HPOS="822"/>
							<String ID="string_41" HPOS="832" VPOS="329" WIDTH="58" HEIGHT="22" WC="0.93" CONTENT="torde"/><SP WIDTH="10" VPOS="329" HPOS="890"/>
							<String ID="string_42" HPOS="900" VPOS="329" WIDTH="46" HEIGHT="28" WC="0.92" CONTENT="för-"/>
						</TextLine>
						<TextLine ID="line_5" HPOS="193" VPOS="366" WIDTH="204" HEIGHT="28">
							<String ID="string_43" HPOS="193" VPOS="366" WIDTH="59" HEIGHT="28" WC="0.92" CONTENT="tjena"/><SP WIDTH="17" VPOS="366" HPOS="252"/>
							<String ID="string_44" HPOS="269" VPOS="366" WIDTH="128" HEIGHT="26" WC="0.95" CONTENT="beaktande;"/>
						</TextLine>
					</TextBlock>
					<TextBlock ID="block_2" HPOS="193" VPOS="399" WIDTH="753" HEIGHT="307">
						<TextLine ID="line_6" HPOS="263" VPOS="399" WIDTH="680" HEIGHT="29">
							<String ID="string_45" HPOS="263" VPOS="400" WIDTH="22" HEIGHT="28" WC="0.92" CONTENT="2)"/><SP WIDTH="19" VPOS="400" HPOS="285"/>
							<String ID="string_46" HPOS="304" VPOS="400" WIDTH="138" HEIGHT="22" WC="0.92" CONTENT="anställande"/><SP WIDTH="22" VPOS="400" HPOS="442"/>
							<String ID="string_47" HPOS="464" VPOS="400" WIDTH="28" HEIGHT="28" WC="0.96" CONTENT="af"/><SP WIDTH="11" VPOS="400" HPOS="492"/>
							<String ID="string_48" HPOS="503" VPOS="407" WIDTH="17" HEIGHT="14" WC="0.96" CONTENT="s."/><SP WIDTH="18" VPOS="407" HPOS="520"/>
							<String ID="string_49" HPOS="538" VPOS="401" WIDTH="18" HEIGHT="21" WC="0.93" CONTENT="k."/><SP WIDTH="18" VPOS="401" HPOS="556"/>
							<String ID="string_50" HPOS="574" VPOS="400" WIDTH="193" HEIGHT="21" WC="0.84" CONTENT="kommissionärer"/><SP WIDTH="15" VPOS="400" HPOS="767"/>
							<String ID="string_51" HPOS="782" VPOS="400" WIDTH="38" HEIGHT="21" WC="0.93" CONTENT="hos"/><SP WIDTH="14" VPOS="400" HPOS="820"/>
							<String ID="string_52" HPOS="834" VPOS="399" WIDTH="109" HEIGHT="27" WC="0.88" CONTENT="öfverexe-"/>
						</TextLine>
						<TextLine ID="line_7" HPOS="193" VPOS="433" WIDTH="753" HEIGHT="29">
							<String ID="string_53" HPOS="193" VPOS="436" WIDTH="114" HEIGHT="20" WC="0.91" CONTENT="kutorerne"/><SP WIDTH="15" VPOS="436" HPOS="307"/>
							<String ID="string_54" HPOS="322" VPOS="434" WIDTH="10" HEIGHT="21" WC="0.92" CONTENT="i"/><SP WIDTH="13" VPOS="434" HPOS="332"/>
							<String ID="string_55" HPOS="345" VPOS="435" WIDTH="106" HEIGHT="21" WC="0.96" CONTENT="ändamål"/><SP WIDTH="15" VPOS="435" HPOS="451"/>
							<String ID="string_56" HPOS="466" VPOS="437" WIDTH="33" HEIGHT="19" WC="0.96" CONTENT="att"/><SP WIDTH="14" VPOS="437" HPOS="499"/>
							<String ID="string_57" HPOS="513" VPOS="437" WIDTH="45" HEIGHT="19" WC="0.93" CONTENT="mot"/><SP WIDTH="14" VPOS="437" HPOS="558"/>
							<String ID="string_58" HPOS="572" VPOS="434" WIDTH="108" HEIGHT="28" WC="0.89" CONTENT="faststäld,"/><SP WIDTH="14" VPOS="434" HPOS="680"/>
							<String ID="string_59" HPOS="694" VPOS="434" WIDTH="61" HEIGHT="28" WC="0.96" CONTENT="billig"/><SP WIDTH="11" VPOS="434" HPOS="755"/>
							<String ID="string_60" HPOS="766" VPOS="436" WIDTH="52" HEIGHT="18" WC="0.96" CONTENT="taxa"/><SP WIDTH="10" VPOS="436" HPOS="818"/>
							<String ID="string_61" HPOS="828" VPOS="433" WIDTH="37" HEIGHT="21" WC="0.96" CONTENT="ock"/><SP WIDTH="11" VPOS="433" HPOS="865"/>
							<String ID="string_62" HPOS="876" VPOS="433" WIDTH="70" HEIGHT="21" WC="0.97" CONTENT="under"/>
						</TextLine>
						<TextLine ID="line_8" HPOS="195" VPOS="469" WIDTH="751" HEIGHT="29">
							<String ID="string_63" HPOS="195" VPOS="470" WIDTH="161" HEIGHT="28" WC="0.88" CONTENT="tjenstemanna"/><SP WIDTH="21" VPOS="470" HPOS="356"/>
							<String ID="string_64" HPOS="377" VPOS="476" WIDTH="83" HEIGHT="14" WC="0.90" CONTENT="ansvar"/><SP WIDTH="19" VPOS="476" HPOS="460"/>
							<String ID="string_65" HPOS="479" VPOS="470" WIDTH="138" HEIGHT="27" WC="0.90" CONTENT="tillhandagä"/><SP WIDTH="21" VPOS="470" HPOS="617"/>
							<String ID="string_66" HPOS="638" VPOS="471" WIDTH="75" HEIGHT="26" WC="0.95" CONTENT="parter"/><SP WIDTH="20" VPOS="471" HPOS="713"/>
							<String ID="string_67" HPOS="733" VPOS="470" WIDTH="49" HEIGHT="20" WC="0.91" CONTENT="med"/><SP WIDTH="19" VPOS="470" HPOS="782"/>
							<String ID="string_68" HPOS="801" VPOS="469" WIDTH="145" HEIGHT="27" WC="0.91" CONTENT="handlingars"/>
						</TextLine>
						<TextLine ID="line_9" HPOS="193" VPOS="504" WIDTH="751" HEIGHT="28">
							<String ID="string_69" HPOS="193" VPOS="504" WIDTH="130" HEIGHT="28" WC="0.91" CONTENT="ingifvande"/><SP WIDTH="18" VPOS="504" HPOS="323"/>
							<String ID="string_70" HPOS="341" VPOS="504" WIDTH="36" HEIGHT="21" WC="0.93" CONTENT="till"/><SP WIDTH="14" VPOS="504" HPOS="377"/>
							<String ID="string_71" HPOS="391" VPOS="504" WIDTH="161" HEIGHT="28" WC="0.83" CONTENT="öfverexekutor"/><SP WIDTH="15" VPOS="504" HPOS="552"/>
							<String ID="string_72" HPOS="567" VPOS="505" WIDTH="58" HEIGHT="20" WC="0.93" CONTENT="samt"/><SP WIDTH="15" VPOS="505" HPOS="625"/>
							<String ID="string_73" HPOS="640" VPOS="504" WIDTH="79" HEIGHT="21" WC="0.96" CONTENT="besluts"/><SP WIDTH="16" VPOS="504" HPOS="719"/>
							<String ID="string_74" HPOS="735" VPOS="504" WIDTH="38" HEIGHT="20" WC="0.93" CONTENT="och"/><SP WIDTH="15" VPOS="504" HPOS="773"/>
							<String ID="string_75" HPOS="788" VPOS="504" WIDTH="82" HEIGHT="26" WC="0.91" CONTENT="utslags"/><SP WIDTH="16" VPOS="504" HPOS="870"/>
							<String ID="string_76" HPOS="886" VPOS="504" WIDTH="58" HEIGHT="20" WC="0.92" CONTENT="utlö-"/>
						</TextLine>
						<TextLine ID="line_10" HPOS="193" VPOS="538" WIDTH="752" HEIGHT="29">
							<String ID="string_77" HPOS="193" VPOS="539" WIDTH="68" HEIGHT="22" WC="0.91" CONTENT="sande"/><SP WIDTH="16" VPOS="539" HPOS="261"/>
							<String ID="string_78" HPOS="277" VPOS="539" WIDTH="68" HEIGHT="28" WC="0.93" CONTENT="jemte"/><SP WIDTH="16" VPOS="539" HPOS="345"/>
							<String ID="string_79" HPOS="361" VPOS="538" WIDTH="171" HEIGHT="27" WC="0.92" CONTENT="öfversändande"/><SP WIDTH="16" VPOS="538" HPOS="532"/>
							<String ID="string_80" HPOS="548" VPOS="538" WIDTH="35" HEIGHT="22" WC="0.96" CONTENT="till"/><SP WIDTH="14" VPOS="538" HPOS="583"/>
							<String ID="string_81" HPOS="597" VPOS="538" WIDTH="164" HEIGHT="27" WC="0.90" CONTENT="vederbörande,"/><SP WIDTH="15" VPOS="538" HPOS="761"/>
							<String ID="string_82" HPOS="776" VPOS="551" WIDTH="28" HEIGHT="3" WC="0.92" CONTENT="—"/><SP WIDTH="15" VPOS="551" HPOS="804"/>
							<String ID="string_83" HPOS="819" VPOS="545" WIDTH="27" HEIGHT="14" WC="0.93" CONTENT="en"/><SP WIDTH="14" VPOS="545" HPOS="846"/>
							<String ID="string_84" HPOS="860" VPOS="538" WIDTH="85" HEIGHT="28" WC="0.96" CONTENT="åtgärd,"/>
						</TextLine>
						<TextLine ID="line_11" HPOS="194" VPOS="572" WIDTH="750" HEIGHT="29">
							<String ID="string_85" HPOS="194" VPOS="574" WIDTH="87" HEIGHT="21" WC="0.92" CONTENT="hvilken"/><SP WIDTH="14" VPOS="574" HPOS="281"/>
							<String ID="string_86" HPOS="295" VPOS="574" WIDTH="25" HEIGHT="21" WC="0.96" CONTENT="sä"/><SP WIDTH="14" VPOS="574" HPOS="320"/>
							<String ID="string_87" HPOS="334" VPOS="574" WIDTH="85" HEIGHT="27" WC="0.93" CONTENT="mycket"/><SP WIDTH="14" VPOS="574" HPOS="419"/>
							<String ID="string_88" HPOS="433" VPOS="574" WIDTH="65" HEIGHT="21" WC="0.92" CONTENT="hellre"/><SP WIDTH="17" VPOS="574" HPOS="498"/>
							<String ID="string_89" HPOS="515" VPOS="573" WIDTH="61" HEIGHT="22" WC="0.93" CONTENT="borde"/><SP WIDTH="10" VPOS="573" HPOS="576"/>
							<String ID="string_90" HPOS="586" VPOS="573" WIDTH="77" HEIGHT="22" WC="0.92" CONTENT="ställas"/><SP WIDTH="14" VPOS="573" HPOS="663"/>
							<String ID="string_91" HPOS="677" VPOS="573" WIDTH="10" HEIGHT="20" WC="0.96" CONTENT="i"/><SP WIDTH="14" VPOS="573" HPOS="687"/>
							<String ID="string_92" HPOS="701" VPOS="573" WIDTH="103" HEIGHT="27" WC="0.96" CONTENT="förening"/><SP WIDTH="10" VPOS="573" HPOS="804"/>
							<String ID="string_93" HPOS="814" VPOS="573" WIDTH="49" HEIGHT="20" WC="0.93" CONTENT="med"/><SP WIDTH="9" VPOS="573" HPOS="863"/>
							<String ID="string_94" HPOS="872" VPOS="572" WIDTH="72" HEIGHT="21" WC="0.90" CONTENT="utsök-"/>
						</TextLine>
						<TextLine ID="line_12" HPOS="193" VPOS="607" WIDTH="752" HEIGHT="30">
							<String ID="string_95" HPOS="193" VPOS="609" WIDTH="142" HEIGHT="28" WC="0.92" CONTENT="ningslagens"/><SP WIDTH="25" VPOS="609" HPOS="335"/>
							<String ID="string_96" HPOS="360" VPOS="608" WIDTH="117" HEIGHT="28" WC="0.95" CONTENT="införande"/><SP WIDTH="24" VPOS="608" HPOS="477"/>
							<String ID="string_97" HPOS="501" VPOS="615" WIDTH="47" HEIGHT="14" WC="0.92" CONTENT="som"/><SP WIDTH="25" VPOS="615" HPOS="548"/>
							<String ID="string_98" HPOS="573" VPOS="607" WIDTH="138" HEIGHT="28" WC="0.34" CONTENT="afskaffande"/><SP WIDTH="22" VPOS="607" HPOS="711"/>
							<String ID="string_99" HPOS="733" VPOS="607" WIDTH="28" HEIGHT="28" WC="0.95" CONTENT="af"/><SP WIDTH="17" VPOS="607" HPOS="761"/>
							<String ID="string_100" HPOS="778" VPOS="607" WIDTH="34" HEIGHT="22" WC="0.96" CONTENT="det"/><SP WIDTH="21" VPOS="607" HPOS="812"/>
							<String ID="string_101" HPOS="833" VPOS="607" WIDTH="36" HEIGHT="28" WC="0.91" CONTENT="för"/><SP WIDTH="21" VPOS="607" HPOS="869"/>
							<String ID="string_102" HPOS="890" VPOS="609" WIDTH="55" HEIGHT="19" WC="0.85" CONTENT="när-"/>
						</TextLine>
						<TextLine ID="line_13" HPOS="193" VPOS="642" WIDTH="753" HEIGHT="29">
							<String ID="string_103" HPOS="193" VPOS="644" WIDTH="97" HEIGHT="21" WC="0.94" CONTENT="varande"/><SP WIDTH="20" VPOS="644" HPOS="290"/>
							<String ID="string_104" HPOS="310" VPOS="643" WIDTH="84" HEIGHT="28" WC="0.93" CONTENT="mycket"/><SP WIDTH="21" VPOS="643" HPOS="394"/>
							<String ID="string_105" HPOS="415" VPOS="643" WIDTH="97" HEIGHT="21" WC="0.93" CONTENT="anlitade"/><SP WIDTH="13" VPOS="643" HPOS="512"/>
							<String ID="string_106" HPOS="525" VPOS="642" WIDTH="283" HEIGHT="28" WC="0.69" CONTENT="promotorialförfarandet"/><SP WIDTH="16" VPOS="642" HPOS="808"/>
							<String ID="string_107" HPOS="824" VPOS="643" WIDTH="59" HEIGHT="27" WC="0.95" CONTENT="eljest"/><SP WIDTH="14" VPOS="643" HPOS="883"/>
							<String ID="string_108" HPOS="897" VPOS="649" WIDTH="49" HEIGHT="15" WC="0.95" CONTENT="vore"/>
						</TextLine>
						<TextLine ID="line_14" HPOS="194" VPOS="677" WIDTH="518" HEIGHT="29">
							<String ID="string_109" HPOS="194" VPOS="678" WIDTH="79" HEIGHT="28" WC="0.90" CONTENT="egnadt"/><SP WIDTH="15" VPOS="678" HPOS="273"/>
							<String ID="string_110" HPOS="288" VPOS="679" WIDTH="33" HEIGHT="20" WC="0.95" CONTENT="att"/><SP WIDTH="14" VPOS="679" HPOS="321"/>
							<String ID="string_111" HPOS="335" VPOS="677" WIDTH="120" HEIGHT="28" WC="0.95" CONTENT="framkalla"/><SP WIDTH="15" VPOS="677" HPOS="455"/>
							<String ID="string_112" HPOS="470" VPOS="677" WIDTH="178" HEIGHT="27" WC="0.95" CONTENT="betänkligheter;"/><SP WIDTH="26" VPOS="677" HPOS="648"/>
							<String ID="string_113" HPOS="674" VPOS="677" WIDTH="38" HEIGHT="20" WC="0.94" CONTENT="och"/>
						</TextLine>
					</TextBlock>
					<TextBlock ID="block_3" HPOS="194" VPOS="711" WIDTH="758" HEIGHT="168">
						<TextLine ID="line_15" HPOS="264" VPOS="711" WIDTH="683" HEIGHT="29">
							<String ID="string_114" HPOS="264" VPOS="712" WIDTH="22" HEIGHT="27" WC="0.96" CONTENT="3)"/><SP WIDTH="24" VPOS="712" HPOS="286"/>
							<String ID="string_115" HPOS="310" VPOS="712" WIDTH="82" HEIGHT="28" WC="0.96" CONTENT="frågan"/><SP WIDTH="22" VPOS="712" HPOS="392"/>
							<String ID="string_116" HPOS="414" VPOS="718" WIDTH="35" HEIGHT="15" WC="0.96" CONTENT="om"/><SP WIDTH="14" VPOS="718" HPOS="449"/>
							<String ID="string_117" HPOS="463" VPOS="712" WIDTH="133" HEIGHT="27" WC="0.96" CONTENT="utfärdande"/><SP WIDTH="15" VPOS="712" HPOS="596"/>
							<String ID="string_118" HPOS="611" VPOS="711" WIDTH="28" HEIGHT="27" WC="0.96" CONTENT="af"/><SP WIDTH="12" VPOS="711" HPOS="639"/>
							<String ID="string_119" HPOS="651" VPOS="711" WIDTH="145" HEIGHT="27" WC="0.95" CONTENT="fullständiga"/><SP WIDTH="15" VPOS="711" HPOS="796"/>
							<String ID="string_120" HPOS="811" VPOS="711" WIDTH="136" HEIGHT="28" WC="0.96" CONTENT="föreskrifter"/>
						</TextLine>
						<TextLine ID="line_16" HPOS="194" VPOS="745" WIDTH="752" HEIGHT="29">
							<String ID="string_121" HPOS="194" VPOS="747" WIDTH="93" HEIGHT="22" WC="0.91" CONTENT="rörande"/><SP WIDTH="22" VPOS="747" HPOS="287"/>
							<String ID="string_122" HPOS="309" VPOS="746" WIDTH="128" HEIGHT="27" WC="0.91" CONTENT="utmätning"/><SP WIDTH="22" VPOS="746" HPOS="437"/>
							<String ID="string_123" HPOS="459" VPOS="746" WIDTH="35" HEIGHT="27" WC="0.93" CONTENT="för"/><SP WIDTH="22" VPOS="746" HPOS="494"/>
							<String ID="string_124" HPOS="516" VPOS="746" WIDTH="77" HEIGHT="21" WC="0.90" CONTENT="krono-"/><SP WIDTH="26" VPOS="746" HPOS="593"/>
							<String ID="string_125" HPOS="619" VPOS="745" WIDTH="51" HEIGHT="22" WC="0.94" CONTENT="eller"/><SP WIDTH="17" VPOS="745" HPOS="670"/>
							<String ID="string_126" HPOS="687" VPOS="746" WIDTH="128" HEIGHT="21" WC="0.93" CONTENT="kommunal"/><SP WIDTH="14" VPOS="746" HPOS="815"/>
							<String ID="string_127" HPOS="829" VPOS="746" WIDTH="117" HEIGHT="28" WC="0.91" CONTENT="utskylder,"/>
						</TextLine>
						<TextLine ID="line_17" HPOS="195" VPOS="780" WIDTH="757" HEIGHT="28">
							<String ID="string_128" HPOS="195" VPOS="781" WIDTH="116" HEIGHT="22" WC="0.93" CONTENT="allmänna"/><SP WIDTH="15" VPOS="781" HPOS="311"/>
							<String ID="string_129" HPOS="326" VPOS="781" WIDTH="96" HEIGHT="27" WC="0.90" CONTENT="afgifter,"/><SP WIDTH="24" VPOS="781" HPOS="422"/>
							<String ID="string_130" HPOS="446" VPOS="780" WIDTH="193" HEIGHT="28" WC="0.91" CONTENT="expeditionslösen"/><SP WIDTH="22" VPOS="780" HPOS="639"/>
							<String ID="string_131" HPOS="661" VPOS="787" WIDTH="29" HEIGHT="14" WC="0.91" CONTENT="m."/><SP WIDTH="24" VPOS="787" HPOS="690"/>
							<String ID="string_132" HPOS="714" VPOS="787" WIDTH="37" HEIGHT="20" WC="0.91" CONTENT="m.,"/><SP WIDTH="19" VPOS="787" HPOS="751"/>
							<String ID="string_133" HPOS="770" VPOS="780" WIDTH="87" HEIGHT="21" WC="0.96" CONTENT="hvilken"/><SP WIDTH="17" VPOS="780" HPOS="857"/>
							<String ID="string_134" HPOS="874" VPOS="781" WIDTH="34" HEIGHT="20" WC="0.96" CONTENT="del"/><SP WIDTH="14" VPOS="781" HPOS="908"/>
							<String ID="string_135" HPOS="922" VPOS="780" WIDTH="30" HEIGHT="28" WC="0.96" CONTENT="af"/>
						</TextLine>
						<TextLine ID="line_18" HPOS="195" VPOS="815" WIDTH="750" HEIGHT="28">
							<String ID="string_136" HPOS="195" VPOS="815" WIDTH="227" HEIGHT="22" WC="0.81" CONTENT="exekutionsväsendet"/><SP WIDTH="22" VPOS="815" HPOS="422"/>
							<String ID="string_137" HPOS="444" VPOS="822" WIDTH="48" HEIGHT="14" WC="0.94" CONTENT="vore"/><SP WIDTH="21" VPOS="822" HPOS="492"/>
							<String ID="string_138" HPOS="513" VPOS="815" WIDTH="10" HEIGHT="20" WC="0.93" CONTENT="i"/><SP WIDTH="15" VPOS="815" HPOS="523"/>
							<String ID="string_139" HPOS="538" VPOS="815" WIDTH="63" HEIGHT="28" WC="0.93" CONTENT="behof"/><SP WIDTH="14" VPOS="815" HPOS="601"/>
							<String ID="string_140" HPOS="615" VPOS="816" WIDTH="25" HEIGHT="26" WC="0.96" CONTENT="af"/><SP WIDTH="15" VPOS="816" HPOS="640"/>
							<String ID="string_141" HPOS="655" VPOS="815" WIDTH="181" HEIGHT="27" WC="0.93" CONTENT="kompletterande"/><SP WIDTH="16" VPOS="815" HPOS="836"/>
							<String ID="string_142" HPOS="852" VPOS="815" WIDTH="93" HEIGHT="21" WC="0.92" CONTENT="bestäm-"/>
						</TextLine>
						<TextLine ID="line_19" HPOS="194" VPOS="849" WIDTH="387" HEIGHT="30">
							<String ID="string_143" HPOS="194" VPOS="850" WIDTH="83" HEIGHT="29" WC="0.96" CONTENT="ningar"/><SP WIDTH="14" VPOS="850" HPOS="277"/>
							<String ID="string_144" HPOS="291" VPOS="850" WIDTH="10" HEIGHT="21" WC="0.91" CONTENT="i"/><SP WIDTH="14" VPOS="850" HPOS="301"/>
							<String ID="string_145" HPOS="315" VPOS="849" WIDTH="109" HEIGHT="22" WC="0.96" CONTENT="särskilda"/><SP WIDTH="14" VPOS="849" HPOS="424"/>
							<String ID="string_146" HPOS="438" VPOS="850" WIDTH="143" HEIGHT="21" WC="0.95" CONTENT="hänseenden."/>
						</TextLine>
					</TextBlock>
				</ComposedBlock>
				<ComposedBlock ID="cblock_2" HPOS="195" VPOS="901" WIDTH="752" HEIGHT="161">
					<TextBlock ID="block_4" HPOS="195" VPOS="901" WIDTH="752" HEIGHT="161">
						<TextLine ID="line_20" HPOS="263" VPOS="901" WIDTH="684" HEIGHT="30">
							<String ID="string_147" HPOS="263" VPOS="902" WIDTH="70" HEIGHT="22" WC="0.93" CONTENT="Jemte"/><SP WIDTH="22" VPOS="902" HPOS="333"/>
							<String ID="string_148" HPOS="355" VPOS="903" WIDTH="36" HEIGHT="21" WC="0.97" CONTENT="det"/><SP WIDTH="21" VPOS="903" HPOS="391"/>
							<String ID="string_149" HPOS="412" VPOS="901" WIDTH="113" HEIGHT="24" WC="0.93" CONTENT="Utskottet"/><SP WIDTH="14" VPOS="901" HPOS="525"/>
							<String ID="string_150" HPOS="539" VPOS="902" WIDTH="57" HEIGHT="29" WC="0.92" CONTENT="förty"/><SP WIDTH="15" VPOS="902" HPOS="596"/>
							<String ID="string_151" HPOS="611" VPOS="909" WIDTH="62" HEIGHT="14" WC="0.96" CONTENT="anser"/><SP WIDTH="16" VPOS="909" HPOS="673"/>
							<String ID="string_152" HPOS="689" VPOS="901" WIDTH="36" HEIGHT="22" WC="0.96" CONTENT="det"/><SP WIDTH="14" VPOS="901" HPOS="725"/>
							<String ID="string_153" HPOS="739" VPOS="909" WIDTH="52" HEIGHT="15" WC="0.93" CONTENT="vara"/><SP WIDTH="15" VPOS="909" HPOS="791"/>
							<String ID="string_154" HPOS="806" VPOS="902" WIDTH="94" HEIGHT="28" WC="0.92" CONTENT="önskligt"/><SP WIDTH="15" VPOS="902" HPOS="900"/>
							<String ID="string_155" HPOS="915" VPOS="905" WIDTH="32" HEIGHT="18" WC="0.96" CONTENT="att"/>
						</TextLine>
						<TextLine ID="line_21" HPOS="196" VPOS="936" WIDTH="751" HEIGHT="29">
							<String ID="string_156" HPOS="196" VPOS="937" WIDTH="78" HEIGHT="28" WC="0.94" CONTENT="nödiga"/><SP WIDTH="21" VPOS="937" HPOS="274"/>
							<String ID="string_157" HPOS="295" VPOS="937" WIDTH="134" HEIGHT="21" WC="0.94" CONTENT="föreskrifter"/><SP WIDTH="22" VPOS="937" HPOS="429"/>
							<String ID="string_158" HPOS="451" VPOS="937" WIDTH="23" HEIGHT="21" WC="0.93" CONTENT="af"/><SP WIDTH="14" VPOS="937" HPOS="474"/>
							<String ID="string_159" HPOS="488" VPOS="936" WIDTH="80" HEIGHT="29" WC="0.91" CONTENT="antydd"/><SP WIDTH="16" VPOS="936" HPOS="568"/>
							<String ID="string_160" HPOS="584" VPOS="936" WIDTH="147" HEIGHT="21" WC="0.93" CONTENT="beskaffenhet"/><SP WIDTH="15" VPOS="936" HPOS="731"/>
							<String ID="string_161" HPOS="746" VPOS="936" WIDTH="72" HEIGHT="22" WC="0.92" CONTENT="blefve"/><SP WIDTH="15" VPOS="936" HPOS="818"/>
							<String ID="string_162" HPOS="833" VPOS="937" WIDTH="114" HEIGHT="21" WC="0.96" CONTENT="utfärdade"/>
						</TextLine>
						<TextLine ID="line_22" HPOS="195" VPOS="971" WIDTH="752" HEIGHT="29">
							<String ID="string_163" HPOS="195" VPOS="971" WIDTH="86" HEIGHT="22" WC="0.91" CONTENT="utöfver"/><SP WIDTH="21" VPOS="971" HPOS="281"/>
							<String ID="string_164" HPOS="302" VPOS="971" WIDTH="27" HEIGHT="22" WC="0.96" CONTENT="de"/><SP WIDTH="22" VPOS="971" HPOS="329"/>
							<String ID="string_165" HPOS="351" VPOS="973" WIDTH="7" HEIGHT="20" WC="0.96" CONTENT="i"/><SP WIDTH="22" VPOS="973" HPOS="358"/>
							<String ID="string_166" HPOS="380" VPOS="971" WIDTH="78" HEIGHT="29" WC="0.96" CONTENT="nådiga"/><SP WIDTH="23" VPOS="971" HPOS="458"/>
							<String ID="string_167" HPOS="481" VPOS="972" WIDTH="160" HEIGHT="28" WC="0.96" CONTENT="propositionen"/><SP WIDTH="25" VPOS="972" HPOS="641"/>
							<String ID="string_168" HPOS="666" VPOS="971" WIDTH="91" HEIGHT="21" WC="0.95" CONTENT="berörda"/><SP WIDTH="21" VPOS="971" HPOS="757"/>
							<String ID="string_169" HPOS="778" VPOS="971" WIDTH="169" HEIGHT="22" WC="0.95" CONTENT="administrativa"/>
						</TextLine>
						<TextLine ID="line_23" HPOS="196" VPOS="1005" WIDTH="751" HEIGHT="29">
							<String ID="string_170" HPOS="196" VPOS="1005" WIDTH="139" HEIGHT="29" WC="0.96" CONTENT="stadganden,"/><SP WIDTH="21" VPOS="1005" HPOS="335"/>
							<String ID="string_171" HPOS="356" VPOS="1005" WIDTH="33" HEIGHT="22" WC="0.96" CONTENT="får"/><SP WIDTH="22" VPOS="1005" HPOS="389"/>
							<String ID="string_172" HPOS="411" VPOS="1006" WIDTH="105" HEIGHT="21" WC="0.96" CONTENT="utskottet"/><SP WIDTH="14" VPOS="1006" HPOS="516"/>
							<String ID="string_173" HPOS="530" VPOS="1006" WIDTH="6" HEIGHT="21" WC="0.96" CONTENT="i"/><SP WIDTH="17" VPOS="1006" HPOS="536"/>
							<String ID="string_174" HPOS="553" VPOS="1006" WIDTH="66" HEIGHT="28" WC="0.96" CONTENT="öfrigt"/><SP WIDTH="21" VPOS="1006" HPOS="619"/>
							<String ID="string_175" HPOS="640" VPOS="1005" WIDTH="28" HEIGHT="29" WC="0.96" CONTENT="på"/><SP WIDTH="14" VPOS="1005" HPOS="668"/>
							<String ID="string_176" HPOS="682" VPOS="1005" WIDTH="68" HEIGHT="29" WC="0.96" CONTENT="grund"/><SP WIDTH="16" VPOS="1005" HPOS="750"/>
							<String ID="string_177" HPOS="766" VPOS="1005" WIDTH="23" HEIGHT="21" WC="0.96" CONTENT="af"/><SP WIDTH="14" VPOS="1005" HPOS="789"/>
							<String ID="string_178" HPOS="803" VPOS="1005" WIDTH="57" HEIGHT="22" WC="0.96" CONTENT="hvad"/><SP WIDTH="16" VPOS="1005" HPOS="860"/>
							<String ID="string_179" HPOS="876" VPOS="1005" WIDTH="7" HEIGHT="21" WC="0.96" CONTENT="i"/><SP WIDTH="15" VPOS="1005" HPOS="883"/>
							<String ID="string_180" HPOS="898" VPOS="1005" WIDTH="49" HEIGHT="22" WC="0.96" CONTENT="dess"/>
						</TextLine>
						<TextLine ID="line_24" HPOS="196" VPOS="1040" WIDTH="553" HEIGHT="22">
							<String ID="string_181" HPOS="196" VPOS="1040" WIDTH="135" HEIGHT="22" WC="0.96" CONTENT="betänkande"/><SP WIDTH="15" VPOS="1040" HPOS="331"/>
							<String ID="string_182" HPOS="346" VPOS="1040" WIDTH="73" HEIGHT="22" WC="0.93" CONTENT="blifvit"/><SP WIDTH="15" VPOS="1040" HPOS="419"/>
							<String ID="string_183" HPOS="434" VPOS="1040" WIDTH="86" HEIGHT="22" WC="0.92" CONTENT="anfördt"/><SP WIDTH="14" VPOS="1040" HPOS="520"/>
							<String ID="string_184" HPOS="534" VPOS="1040" WIDTH="109" HEIGHT="22" WC="0.93" CONTENT="vördsamt"/><SP WIDTH="14" VPOS="1040" HPOS="643"/>
							<String ID="string_185" HPOS="657" VPOS="1040" WIDTH="92" HEIGHT="22" WC="0.85" CONTENT="föreslå"/><SP WIDTH="-9" VPOS="1040" HPOS="749"/>
							<String ID="string_186" HPOS="740" VPOS="1036" WIDTH="14" HEIGHT="37" WC="0.93" CONTENT=":"/>
						</TextLine>
					</TextBlock>
				</ComposedBlock>
				<ComposedBlock ID="cblock_3" HPOS="400" VPOS="1098" WIDTH="552" HEIGHT="336">
					<TextBlock ID="block_5" HPOS="400" VPOS="1098" WIDTH="552" HEIGHT="336">
						<TextLine ID="line_25" HPOS="468" VPOS="1098" WIDTH="480" HEIGHT="27">
							<String ID="string_187" HPOS="468" VPOS="1100" WIDTH="33" HEIGHT="19" WC="0.95" CONTENT="att"/><SP WIDTH="21" VPOS="1100" HPOS="501"/>
							<String ID="string_188" HPOS="522" VPOS="1098" WIDTH="83" HEIGHT="21" WC="0.92" CONTENT="landets"/><SP WIDTH="22" VPOS="1098" HPOS="605"/>
							<String ID="string_189" HPOS="627" VPOS="1098" WIDTH="116" HEIGHT="27" WC="0.92" CONTENT="höglofliga"/><SP WIDTH="22" VPOS="1098" HPOS="743"/>
							<String ID="string_190" HPOS="765" VPOS="1098" WIDTH="93" HEIGHT="21" WC="0.91" CONTENT="Ständer"/><SP WIDTH="14" VPOS="1098" HPOS="858"/>
							<String ID="string_191" HPOS="872" VPOS="1098" WIDTH="76" HEIGHT="21" WC="0.95" CONTENT="ville"/><SP WIDTH="-10" VPOS="1098" HPOS="948"/>
							<String ID="string_192" HPOS="938" VPOS="1094" WIDTH="14" HEIGHT="35" WC="0.96" CONTENT="i"/>
						</TextLine>
						<TextLine ID="line_26" HPOS="401" VPOS="1132" WIDTH="545" HEIGHT="28">
							<String ID="string_193" HPOS="401" VPOS="1132" WIDTH="137" HEIGHT="28" WC="0.88" CONTENT="underdänig"/><SP WIDTH="21" VPOS="1132" HPOS="538"/>
							<String ID="string_194" HPOS="559" VPOS="1132" WIDTH="174" HEIGHT="27" WC="0.92" CONTENT="svarsskrifvelse"/><SP WIDTH="21" VPOS="1132" HPOS="733"/>
							<String ID="string_195" HPOS="754" VPOS="1132" WIDTH="35" HEIGHT="21" WC="0.95" CONTENT="till"/><SP WIDTH="19" VPOS="1132" HPOS="789"/>
							<String ID="string_196" HPOS="808" VPOS="1132" WIDTH="65" HEIGHT="21" WC="0.93" CONTENT="Hans"/><SP WIDTH="20" VPOS="1132" HPOS="873"/>
							<String ID="string_197" HPOS="893" VPOS="1132" WIDTH="53" HEIGHT="28" WC="0.91" CONTENT="Kej-"/>
						</TextLine>
						<TextLine ID="line_27" HPOS="401" VPOS="1166" WIDTH="546" HEIGHT="28">
							<String ID="string_198" HPOS="401" VPOS="1166" WIDTH="79" HEIGHT="28" WC="0.89" CONTENT="serliga"/><SP WIDTH="22" VPOS="1166" HPOS="480"/>
							<String ID="string_199" HPOS="502" VPOS="1166" WIDTH="103" HEIGHT="28" WC="0.92" CONTENT="Majestät"/><SP WIDTH="22" VPOS="1166" HPOS="605"/>
							<String ID="string_200" HPOS="627" VPOS="1167" WIDTH="91" HEIGHT="20" WC="0.91" CONTENT="anmäla"/><SP WIDTH="22" VPOS="1167" HPOS="718"/>
							<String ID="string_201" HPOS="740" VPOS="1168" WIDTH="33" HEIGHT="19" WC="0.96" CONTENT="att"/><SP WIDTH="21" VPOS="1168" HPOS="773"/>
							<String ID="string_202" HPOS="794" VPOS="1166" WIDTH="24" HEIGHT="21" WC="0.93" CONTENT="de"/><SP WIDTH="21" VPOS="1166" HPOS="818"/>
							<String ID="string_203" HPOS="839" VPOS="1167" WIDTH="34" HEIGHT="20" WC="0.92" CONTENT="uti"/><SP WIDTH="15" VPOS="1167" HPOS="873"/>
							<String ID="string_204" HPOS="888" VPOS="1166" WIDTH="59" HEIGHT="28" WC="0.92" CONTENT="före-"/>
						</TextLine>
						<TextLine ID="line_28" HPOS="400" VPOS="1200" WIDTH="548" HEIGHT="28">
							<String ID="string_205" HPOS="400" VPOS="1202" WIDTH="97" HEIGHT="20" WC="0.91" CONTENT="varande"/><SP WIDTH="22" VPOS="1202" HPOS="497"/>
							<String ID="string_206" HPOS="519" VPOS="1201" WIDTH="82" HEIGHT="27" WC="0.91" CONTENT="nädiga"/><SP WIDTH="16" VPOS="1201" HPOS="601"/>
							<String ID="string_207" HPOS="617" VPOS="1200" WIDTH="138" HEIGHT="28" WC="0.96" CONTENT="proposition"/><SP WIDTH="16" VPOS="1200" HPOS="755"/>
							<String ID="string_208" HPOS="771" VPOS="1200" WIDTH="34" HEIGHT="22" WC="0.93" CONTENT="till"/><SP WIDTH="17" VPOS="1200" HPOS="805"/>
							<String ID="string_209" HPOS="822" VPOS="1200" WIDTH="126" HEIGHT="22" WC="0.92" CONTENT="Ständerna"/>
						</TextLine>
						<TextLine ID="line_29" HPOS="401" VPOS="1234" WIDTH="545" HEIGHT="28">
							<String ID="string_210" HPOS="401" VPOS="1236" WIDTH="161" HEIGHT="26" WC="0.30" CONTENT="6fverlämnade"/><SP WIDTH="22" VPOS="1236" HPOS="562"/>
							<String ID="string_211" HPOS="584" VPOS="1235" WIDTH="108" HEIGHT="27" WC="0.96" CONTENT="förslagen"/><SP WIDTH="29" VPOS="1235" HPOS="692"/>
							<String ID="string_212" HPOS="721" VPOS="1235" WIDTH="36" HEIGHT="21" WC="0.92" CONTENT="till"/><SP WIDTH="22" VPOS="1235" HPOS="757"/>
							<String ID="string_213" HPOS="779" VPOS="1234" WIDTH="167" HEIGHT="28" WC="0.91" CONTENT="utsökningslag"/>
						</TextLine>
						<TextLine ID="line_30" HPOS="401" VPOS="1268" WIDTH="546" HEIGHT="26">
							<String ID="string_214" HPOS="401" VPOS="1268" WIDTH="38" HEIGHT="21" WC="0.95" CONTENT="och"/><SP WIDTH="23" VPOS="1268" HPOS="439"/>
							<String ID="string_215" HPOS="462" VPOS="1268" WIDTH="35" HEIGHT="21" WC="0.96" CONTENT="till"/><SP WIDTH="15" VPOS="1268" HPOS="497"/>
							<String ID="string_216" HPOS="512" VPOS="1268" WIDTH="71" HEIGHT="20" WC="0.96" CONTENT="andra"/><SP WIDTH="14" VPOS="1268" HPOS="583"/>
							<String ID="string_217" HPOS="597" VPOS="1268" WIDTH="10" HEIGHT="20" WC="0.95" CONTENT="i"/><SP WIDTH="14" VPOS="1268" HPOS="607"/>
							<String ID="string_218" HPOS="621" VPOS="1268" WIDTH="163" HEIGHT="26" WC="0.93" CONTENT="sammanhang"/><SP WIDTH="16" VPOS="1268" HPOS="784"/>
							<String ID="string_219" HPOS="800" VPOS="1268" WIDTH="86" HEIGHT="20" WC="0.93" CONTENT="dermed"/><SP WIDTH="13" VPOS="1268" HPOS="886"/>
							<String ID="string_220" HPOS="899" VPOS="1268" WIDTH="48" HEIGHT="21" WC="0.92" CONTENT="stä-"/>
						</TextLine>
						<TextLine ID="line_31" HPOS="401" VPOS="1301" WIDTH="549" HEIGHT="29">
							<String ID="string_221" HPOS="401" VPOS="1302" WIDTH="52" HEIGHT="20" WC="0.93" CONTENT="ende"/><SP WIDTH="15" VPOS="1302" HPOS="453"/>
							<String ID="string_222" HPOS="468" VPOS="1302" WIDTH="157" HEIGHT="28" WC="0.89" CONTENT="förordningar"/><SP WIDTH="16" VPOS="1302" HPOS="625"/>
							<String ID="string_223" HPOS="641" VPOS="1301" WIDTH="74" HEIGHT="28" WC="0.90" CONTENT="blifvit"/><SP WIDTH="12" VPOS="1301" HPOS="715"/>
							<String ID="string_224" HPOS="727" VPOS="1302" WIDTH="30" HEIGHT="27" WC="0.93" CONTENT="af"/><SP WIDTH="8" VPOS="1302" HPOS="757"/>
							<String ID="string_225" HPOS="765" VPOS="1302" WIDTH="124" HEIGHT="20" WC="0.92" CONTENT="Ständerna"/><SP WIDTH="14" VPOS="1302" HPOS="889"/>
							<String ID="string_226" HPOS="903" VPOS="1302" WIDTH="47" HEIGHT="20" WC="0.96" CONTENT="med"/>
						</TextLine>
						<TextLine ID="line_32" HPOS="401" VPOS="1336" WIDTH="551" HEIGHT="28">
							<String ID="string_227" HPOS="401" VPOS="1336" WIDTH="59" HEIGHT="22" WC="0.93" CONTENT="vissa"/><SP WIDTH="29" VPOS="1336" HPOS="460"/>
							<String ID="string_228" HPOS="489" VPOS="1336" WIDTH="123" HEIGHT="28" WC="0.92" CONTENT="ändringar"/><SP WIDTH="15" VPOS="1336" HPOS="612"/>
							<String ID="string_229" HPOS="627" VPOS="1338" WIDTH="104" HEIGHT="26" WC="0.96" CONTENT="antagna,"/><SP WIDTH="26" VPOS="1338" HPOS="731"/>
							<String ID="string_230" HPOS="757" VPOS="1336" WIDTH="9" HEIGHT="21" WC="0.94" CONTENT="i"/><SP WIDTH="24" VPOS="1336" HPOS="766"/>
							<String ID="string_231" HPOS="790" VPOS="1336" WIDTH="55" HEIGHT="28" WC="0.93" CONTENT="följd"/><SP WIDTH="24" VPOS="1336" HPOS="845"/>
							<String ID="string_232" HPOS="869" VPOS="1336" WIDTH="83" HEIGHT="28" WC="0.86" CONTENT="hvaraf"/>
						</TextLine>
						<TextLine ID="line_33" HPOS="401" VPOS="1370" WIDTH="545" HEIGHT="29">
							<String ID="string_233" HPOS="401" VPOS="1371" WIDTH="99" HEIGHT="21" WC="0.92" CONTENT="nämnda"/><SP WIDTH="22" VPOS="1371" HPOS="500"/>
							<String ID="string_234" HPOS="522" VPOS="1370" WIDTH="229" HEIGHT="29" WC="0.82" CONTENT="författningsförslag"/><SP WIDTH="15" VPOS="1370" HPOS="751"/>
							<String ID="string_235" HPOS="766" VPOS="1371" WIDTH="84" HEIGHT="21" WC="0.96" CONTENT="komme"/><SP WIDTH="15" VPOS="1371" HPOS="850"/>
							<String ID="string_236" HPOS="865" VPOS="1372" WIDTH="33" HEIGHT="20" WC="0.92" CONTENT="att"/><SP WIDTH="15" VPOS="1372" HPOS="898"/>
							<String ID="string_237" HPOS="913" VPOS="1378" WIDTH="33" HEIGHT="14" WC="0.91" CONTENT="er-"/>
						</TextLine>
						<TextLine ID="line_34" HPOS="401" VPOS="1405" WIDTH="279" HEIGHT="29">
							<String ID="string_238" HPOS="401" VPOS="1406" WIDTH="60" HEIGHT="22" WC="0.96" CONTENT="hålla"/><SP WIDTH="14" VPOS="1406" HPOS="461"/>
							<String ID="string_239" HPOS="475" VPOS="1405" WIDTH="98" HEIGHT="29" WC="0.91" CONTENT="följande"/><SP WIDTH="16" VPOS="1405" HPOS="573"/>
							<String ID="string_240" HPOS="589" VPOS="1406" WIDTH="91" HEIGHT="28" WC="0.88" CONTENT="lydelse:"/>
						</TextLine>
					</TextBlock>
				</ComposedBlock>
				<ComposedBlock ID="cblock_4" HPOS="267" VPOS="1505" WIDTH="329" HEIGHT="24">
					<TextBlock ID="block_6" HPOS="267" VPOS="1505" WIDTH="329" HEIGHT="24">
						<TextLine ID="line_35" HPOS="267" VPOS="1505" WIDTH="329" HEIGHT="24">
							<String ID="string_241" HPOS="267" VPOS="1505" WIDTH="128" HEIGHT="24" WC="0.90" CONTENT="Lagutskottets"/><SP WIDTH="12" VPOS="1505" HPOS="395"/>
							<String ID="string_242" HPOS="407" VPOS="1505" WIDTH="110" HEIGHT="18" WC="0.96" CONTENT="betänkande"/><SP WIDTH="12" VPOS="1505" HPOS="517"/>
							<String ID="string_243" HPOS="529" VPOS="1505" WIDTH="37" HEIGHT="17" WC="0.96" CONTENT="N:o"/><SP WIDTH="13" VPOS="1505" HPOS="566"/>
							<String ID="string_244" HPOS="579" VPOS="1505" WIDTH="17" HEIGHT="18" WC="0.96" CONTENT="5."/>
						</TextLine>
					</TextBlock>
				</ComposedBlock>
				<GraphicalElement ID="cblock_5" HPOS="1016" VPOS="1201" WIDTH="7" HEIGHT="478"></GraphicalElement >
			</PrintSpace>
		</Page>
	</Layout>
</alto>
