1025 1714
423 135 44 24 N:o
487 137 21 22 4.
786 134 27 20 58

87 202 37 21 het
139 203 34 20 att
188 203 64 21 ställa
266 202 81 28 borgen
363 203 51 21 eller
429 209 72 16 annan
517 203 101 22 säkerhet
632 203 33 21 för
680 203 57 21 hvad
751 203 41 20 han
805 201 37 28 lyf-

87 237 42 25 tar,
144 236 100 27 gällande
259 237 57 21 hvad
332 237 73 21 derom
421 239 24 19 är
460 237 103 22 särskildt
578 237 108 27 stadgadt.

435 312 24 20 17
476 311 18 27 8.

155 356 89 28 Belopp,
268 363 45 16 som
336 357 66 27 enligt
419 358 23 20 11
461 357 11 28 $
488 357 17 28 ej
522 358 43 21 kan
583 356 93 22 fördelas
693 356 12 21 ä
720 355 72 22 derför
806 355 36 22 be-

86 390 71 22 stämd
180 391 32 21 tid
234 391 52 22 eller
305 391 85 27 jemlikt
410 392 25 20 12
452 391 11 28 $
479 391 68 22 blifvit
562 391 35 21 vid
612 391 148 26 fördelningen
776 389 66 23 afsatt

84 425 34 21 för
133 425 72 27 nägon
220 425 118 28 borgenärs
354 425 95 27 fordran,
465 426 54 21 skall
531 425 151 28 ofördröjligen
692 426 8 21 i
709 425 71 21 länets
791 427 50 19 rän-

84 460 42 21 teri
148 460 118 22 nedsättas.
297 460 47 22 Har
366 461 132 26 klagandens
518 461 51 22 eller
584 460 146 27 borgenärens
746 459 95 28 anspräk

85 494 69 21 blifvit
170 495 111 26 godkändt
296 501 77 21 genom
388 495 49 21 dom
453 495 50 21 eller
518 495 80 27 utslag,
614 499 45 16 som
675 495 18 26 ej
704 494 79 21 vunnit
792 493 49 27 laga

84 528 65 27 kraft,
164 535 52 15 vare
230 529 43 22 han
290 529 54 22 dock
358 529 123 28 berättigad
497 531 33 20 att
544 529 102 27 beloppet
660 531 46 19 mot
720 530 55 26 pant
791 528 50 21 eller

83 562 81 28 borgen
180 563 60 26 lyfta.
262 563 12 21 I
289 565 68 20 annat
371 563 37 22 fall
424 563 112 22 ankomme
550 564 30 27 pä
594 563 173 21 öfverexekutors
783 561 58 28 pröf-

84 597 58 28 ning,
165 597 107 22 huruvida
294 598 67 21 afsatt
382 598 85 27 belopp,
490 598 67 21 innan
579 598 61 27 fräga
658 603 35 15 om
708 598 47 20 rätt
770 597 71 21 dertill

83 631 71 22 blifvit
170 631 90 28 afgjord,
276 633 35 20 mä
325 633 46 20 mot
385 634 55 25 pant
455 632 51 22 eller
521 632 81 27 borgen
616 631 73 28 lyftas,
708 637 50 16 vare
773 631 32 27 sig
820 631 23 21 af

84 666 41 21 den
147 666 113 28 borgenär,
286 667 34 21 för
342 666 85 22 hvilken
449 667 102 27 beloppet
575 667 83 26 afsatts,
686 666 51 22 eller
759 665 23 22 af
803 672 37 15 an-

83 706 50 21 nan,
149 700 86 22 hvilken
250 701 84 21 medlen
349 701 75 21 kunna
439 701 84 22 tillfalla
538 701 28 27 pä
581 701 71 27 grund
667 700 23 22 af
698 700 141 26 bestämning,

83 734 89 22 hvarom
187 735 7 21 i
211 736 25 20 13
253 735 11 27 $
281 737 24 19 är
320 735 70 28 sagdt.

432 805 25 20 18
474 805 18 27 8.

151 844 77 27 Medel,
251 850 45 15 som
318 844 36 21 vid
375 844 154 27 köpeskillings
544 844 120 27 fördelning
680 844 13 21 å
707 843 133 22 landskansli

82 878 70 23 blifvit
174 879 107 27 borgenär
304 879 95 27 tillagda,
414 885 49 16 men
478 880 46 21 icke
540 879 23 22 af
576 879 78 22 honom
668 879 72 27 lyftas,
757 878 61 22 skola
833 878 7 21 i

82 913 70 22 länets
174 913 83 22 ränteri
281 913 119 22 nedsättas.
430 914 45 27 Lag
495 920 82 16 samma
592 920 58 20 vare,
666 913 38 22 der
719 913 121 27 fördelning

82 949 59 21 skett
156 948 143 22 annorstädes
315 950 28 19 än
359 949 13 21 ä
386 949 140 27 landskansli,
543 948 39 22 och
596 948 135 27 borgenären
748 948 17 27 ej
781 948 58 21 inom

81 983 48 27 fyra
144 983 78 21 veckor
238 982 92 23 derefter
345 983 83 22 medlen
443 983 70 27 lyftar.

151 1012 31 26 Är
204 1017 112 28 utdelning
335 1017 118 27 beräknad,
469 1019 54 20 utan
539 1019 33 21 att
587 1017 191 28 fordringsbeviset
792 1015 47 23 blif-

81 1053 31 21 vit
134 1051 100 28 företedt,
258 1052 39 22 och
320 1053 96 21 anmäler
431 1053 32 26 sig
478 1053 18 27 ej
512 1053 189 26 fordringsegaren
717 1052 58 21 inom
791 1052 48 21 natt

82 1087 40 21 och
144 1087 25 21 år
191 1086 54 22 efter
268 1087 36 21 det
328 1087 117 21 auktionen
468 1087 77 21 vunnit
562 1086 49 28 laga
626 1086 65 27 kraft,
706 1087 35 20 må
756 1085 82 22 medlen

81 1123 47 19 mot
150 1122 56 26 pant
225 1121 51 21 eller
290 1120 82 27 borgen
387 1121 64 27 lyftas
467 1121 23 21 af
503 1127 79 20 annan,
599 1127 45 15 som
660 1121 27 21 de
702 1120 66 27 enligt
785 1121 25 20 13
827 1119 11 28 $

82 1155 75 22 kunna
172 1155 91 22 tillfalla.

432 1197 24 20 19
473 1195 19 28 8.

149 1235 77 27 Medel,
249 1242 46 15 som
315 1235 85 28 jemlikt
417 1237 25 20 17
459 1235 38 22 och
515 1237 24 20 18
556 1236 25 28 $$
597 1235 61 22 skola
672 1235 7 22 i
695 1235 144 22 landtränteri

81 1270 119 26 nedsättas,
224 1271 41 26 må,
289 1271 38 21 der
350 1271 70 26 någon
439 1270 129 27 rättegande
584 1270 36 21 det
636 1271 71 26 äskar,
723 1271 94 20 insättas
832 1269 7 22 i

81 1304 186 27 bankinrättning,
283 1311 46 15 som
345 1304 23 21 af
381 1304 164 22 öfverexekutor
560 1305 132 27 godkännes,
708 1304 33 21 för
757 1305 34 20 att
801 1304 38 22 der

81 1340 45 19 mot
141 1340 64 19 ränta
220 1339 86 20 innestå
321 1339 69 20 under
406 1339 41 20 den
463 1339 38 26 tid,
520 1339 164 20 öfverexekutor
698 1339 139 24 bestämmer;

81 1371 39 22 och
134 1373 85 20 komme
233 1373 80 20 räntan
330 1373 40 20 den
387 1372 32 21 till
435 1373 62 26 godo,
513 1378 46 15 som
574 1372 68 21 finnes
658 1372 32 21 till
705 1371 83 22 medlen
802 1371 36 22 be-

80 1406 102 27 rättigad.
