1045 1714
226 143 28 20 20
435 141 23 21 U.
474 141 24 21 B.
515 153 25 2 —
557 141 65 27 Prop.
638 140 37 21 N:o
691 139 20 22 8.

198 206 142 21 arfsskatten
363 205 41 22 här
426 205 35 22 för
484 204 141 22 närvarande
641 208 25 17 är
684 203 131 29 synnerligt
836 203 44 28 låg,
896 202 54 21 vida

198 241 63 27 lägre
284 244 29 17 än
335 239 45 22 den
402 239 62 22 inom
488 241 111 26 systemet
620 238 37 22 för
679 246 28 13 en
731 237 60 22 sund
810 237 42 22 och
867 236 83 21 rättvis

198 274 161 28 skattepolitik
374 273 71 22 borde
460 281 61 14 vara.

266 309 199 26 Depositionsbevis.
496 308 33 21 På
544 315 86 14 samma
648 307 63 28 gång
733 306 115 21 utskottet
863 305 36 22 för
914 305 36 21 sin

199 343 43 28 del,
259 343 75 21 såsom
349 350 28 14 en
393 342 97 29 lämplig
504 342 59 21 form
579 341 36 22 för
634 341 152 28 beskattning
801 340 25 22 af
839 339 113 29 kapitalet

199 377 42 22 och
256 377 197 28 förmögenheten,
469 376 108 22 omfattat
600 375 45 22 den
664 375 85 29 nådiga
764 375 187 29 propositionens

198 412 89 28 förslag
301 419 37 14 om
362 410 168 29 stämpelafgift
544 411 14 21 å
573 410 216 29 depositionsbevis,
805 409 42 22 har
861 408 90 22 utskot-

199 449 34 18 tet
255 448 76 20 ansett
352 445 82 28 nödigt
456 445 84 22 föreslå
562 445 52 21 en
603 439 15 38 i
634 444 113 21 särskilda
770 443 102 29 punkter
894 443 57 21 afvi-

199 481 75 21 kande
294 479 160 22 modifikation
470 479 26 22 af
516 479 136 22 hithörande
675 478 150 29 stadganden.
862 478 89 21 Genom

199 515 84 28 tillägg
300 514 26 22 af
341 514 70 22 orden
432 514 68 27 ,eller
523 517 70 18 annat
616 514 80 28 intyg”
716 513 70 22 borde
804 513 146 28 förebyggas,

199 552 35 19 att
249 549 80 25 medel,
348 556 48 14 som
420 549 125 28 deponeras
561 550 48 20 mot
631 548 77 21 kvitto
726 547 26 22 af
766 555 77 14 annan
859 547 93 21 benäm-

199 584 58 27 ning
275 587 28 18 än
326 583 217 28 depositionsbevis,
564 582 78 22 kunde
661 582 161 28 undandragas
845 581 107 29 stämpel-

199 618 76 28 afgift.
305 617 123 22 Utskottet
446 617 40 21 har
502 616 116 22 dessutom
640 616 121 29 föreslagit
784 615 168 30 stämpelafgift

199 652 178 22 vidkommande
392 651 80 28 medel,
484 651 80 22 hvilka
578 652 97 21 insättas
687 650 68 22 äfven
766 652 8 20 i
785 650 71 22 andra
867 650 85 22 kredit-

199 686 157 28 inrättningar
381 690 29 17 än
436 686 69 27 bank,
527 686 52 22 med
605 685 120 29 undantag
747 685 60 22 dock
831 684 37 22 för
891 692 61 22 spar-

200 721 93 27 banker,
315 720 92 22 hvilkas
430 721 130 21 kvittanser
582 720 56 22 eller
660 728 17 14 s.
698 721 21 21 k.
739 720 213 29 sparbanksböcker

200 756 76 27 borde,
292 756 37 21 till
351 755 128 29 främjande
495 755 26 22 af
537 755 66 22 dessa
625 755 168 29 inrättningars
808 754 99 29 nyttiga,
922 754 30 28 pä

200 790 104 28 egentlig
332 790 133 21 affärsvinst
494 790 50 21 icke
571 790 128 22 beräknade
722 790 153 26 verksamhet,
898 796 54 14 vara

200 825 21 21 b.
238 832 19 14 o.
274 824 22 22 h.
311 824 45 21 fria
378 824 52 21 från
453 824 239 29 stämpelskyldighet.
722 824 85 22 Vidare
830 831 66 13 anser
916 823 36 28 sig

200 859 121 27 utskottet,
335 858 87 28 jämväl
438 866 25 13 ur
479 859 155 28 synpunkten,
646 860 34 19 att
695 866 29 14 en
739 858 8 21 i
762 858 37 21 sin
813 858 74 21 första
901 857 51 21 bör-

198 893 41 28 jan
254 892 100 22 varande
378 892 196 29 kapitalbildning
593 892 41 22 bör
649 893 24 20 sä
689 892 92 28 mycket
797 899 49 15 som
860 891 93 29 möjligt

201 926 101 29 skyddas
318 926 42 22 och
376 926 125 28 befordras,
517 927 82 28 nödigt
617 926 91 28 föreslä,
728 929 34 19 att
776 934 83 14 annars
884 928 68 19 stäm-

200 961 147 29 pelskyldiga
370 961 98 21 insatser
482 960 26 22 af
528 961 88 21 mindre
631 964 30 18 än
677 964 40 19 200
733 961 65 21 mark
813 960 70 22 borde
898 968 55 14 vara

201 995 149 29 stämpelfria.
372 995 46 21 För
434 997 33 19 att
479 995 137 29 underligga
626 995 149 28 ifrägavande
791 995 162 28 stämpelskatt

201 1030 70 22 borde
294 1030 27 21 de
340 1030 87 21 insatta
448 1029 92 22 medlen
556 1029 93 22 afkasta
664 1030 130 21 räntevinst
809 1030 58 22 efter
882 1030 71 20 minst

202 1068 11 18 3
225 1065 33 27 %
283 1064 116 28 Slutligen
414 1064 41 21 har
470 1064 116 21 utskottet
600 1064 9 21 i
624 1064 78 21 stället
715 1064 36 22 för
766 1064 45 21 den
827 1064 7 21 i
850 1064 103 28 proposi-

201 1099 80 20 tionen
303 1098 131 28 föreslagna
456 1098 160 28 debiteringen
639 1098 52 21 med
715 1101 24 19 10
762 1098 70 28 penni
853 1097 36 21 för
911 1100 41 18 200

201 1133 70 25 mark,
287 1132 37 22 för
339 1132 36 21 sin
390 1132 38 21 del
450 1132 103 21 förordat
568 1140 29 13 en
617 1131 168 29 stämpelafgift
800 1132 26 21 af
839 1135 12 19 5
867 1132 30 28 p:i
912 1138 41 22 per

203 1169 40 19 100
259 1166 70 27 mark,
346 1166 74 21 säsom
437 1174 61 13 mera
512 1166 84 22 rättvis
611 1166 43 21 och
669 1166 60 21 dock
744 1166 7 21 i
767 1166 124 28 praktiken
904 1166 49 21 lika

201 1201 69 21 enkel
285 1203 35 19 att
334 1200 112 28 tillämpa.

269 1235 198 27 Försäkringsbref.
490 1235 12 21 I
518 1234 44 22 den
578 1234 84 28 nådiga
671 1235 175 28 propositionen
857 1234 95 22 föreslås

201 1276 29 13 en
254 1267 168 29 stämpelafgift
442 1268 25 21 af
486 1271 8 18 1
512 1268 64 21 mark
592 1268 12 21 &
619 1268 200 28 försäkringsbref,
836 1276 116 14 assurans-

202 1302 85 29 poliser
305 1305 59 18 samt
382 1302 64 21 bevis
465 1302 65 21 öfver
548 1302 99 28 förnyad
662 1302 55 21 eller
733 1302 117 22 öfverförd
865 1302 88 22 försäk-

201 1338 59 27 ring,
285 1344 48 14 som
353 1336 26 22 af
394 1337 183 21 icke-inhemska
592 1336 235 29 försäkringsgifvare
841 1336 110 23 utfärdas.

202 1371 37 22 En
261 1371 71 22 sädan
355 1371 91 28 ensidig
467 1371 152 28 beskattning
641 1371 26 22 af
681 1371 45 22 den
746 1371 8 22 i
774 1372 51 21 värt
841 1371 55 22 land
917 1372 36 21 be-

202 1406 77 22 drifna
301 1405 125 22 utländska
445 1405 247 30 försäkringsrörelsen
707 1407 41 21 har
763 1407 128 21 utskottets
906 1414 46 15 ma-

200 1441 81 29 joritet
299 1441 51 22 icke
370 1440 89 22 kunnat
474 1441 102 22 omfatta.
606 1441 51 22 Den
672 1441 97 28 komme,
785 1441 77 22 riktad
879 1442 73 22 säsom

272 1482 212 22 Bevillningsutskottets
498 1482 115 17 betänkande
626 1483 36 16 N:o
674 1483 16 16 4.
