1031 1717
222 139 12 21 6
390 138 82 23 Ständ.
488 138 38 23 Sv.
543 151 23 3 —
584 138 73 28 Prop.
673 139 41 21 N:o
729 139 20 21 2.

260 203 13 21 I
295 203 65 22 såväl
380 204 101 21 svenska
502 211 49 14 som
573 203 76 22 finska
663 205 80 20 texten
759 203 25 22 af
796 203 152 29 lagförslaget

192 237 71 22 hafva
278 236 37 23 för
330 237 72 29 öfrigt
417 237 113 22 särskilda
545 237 118 29 språkliga
677 238 108 21 rättelser
799 237 120 29 vidtagits.

260 271 34 22 På
316 271 77 29 grund
415 272 26 22 af
460 272 61 22 hvad
542 272 70 22 ofvan
635 272 89 22 anförts
747 272 24 21 få
792 271 130 23 Ständerna
940 271 8 22 i

192 306 187 29 underdånighet
393 307 101 21 anmäla:

469 396 31 19 att
530 393 128 27 Ständerna,
687 394 48 22 med
762 393 154 28 godkännande
942 394 9 21 i

401 428 118 27 hufvudsak
542 429 27 27 af
579 428 39 21 den
633 428 80 28 nådiga
726 427 167 28 propositionen,
915 428 35 27 för

399 463 34 21 sin
449 463 33 21 del
498 464 83 27 antagit
595 470 24 14 en
635 463 117 28 sålydande

470 595 153 27 Förordning
654 594 119 28 angående
804 595 97 26 delning
925 595 28 22 af

398 629 205 29 jordlägenheter.

627 728 13 21 I
654 728 71 22 KAP.

529 798 126 23 Allmänna
669 798 154 28 stadganden.

656 867 48 28 18.

471 926 86 23 Frälse-
573 927 36 21 och
623 926 170 26 skattehemman,
815 933 46 15 som
875 926 77 21 under-

401 963 48 26 gått
471 961 106 27 storskifte
599 961 48 22 eller
669 961 26 26 af
714 961 58 22 ålder
789 962 54 21 varit
858 961 92 26 enstaka,

403 997 26 20 så
445 996 36 22 ock
494 1003 74 20 genom
583 996 95 27 klyfning
693 996 48 21 eller
756 995 109 28 styckning
881 995 26 27 af
917 995 35 21 så-

403 1031 57 21 dana
474 1031 95 21 hemman
583 1030 119 27 uppkomna
713 1030 117 27 lägenheter
839 1031 25 26 få
873 1030 79 21 hädan-

403 1066 52 26 efter
470 1065 138 22 obehindradt
622 1065 88 27 klyfvas,
727 1072 33 14 om
775 1065 51 22 blott
841 1065 70 27 hvarje
921 1064 32 21 del

403 1102 61 25 utgör
485 1099 66 22 minst
572 1101 28 20 ett
623 1099 184 22 trehundradedels
821 1099 81 22 mantal
916 1099 37 21 och

404 1134 65 21 tillika
485 1134 116 21 innehåller
615 1134 65 21 minst
694 1134 42 27 fem
751 1133 93 22 hektarer
859 1133 94 22 skattbar

403 1169 64 21 mark.

473 1203 134 27 Lägenheter,
630 1202 87 28 belägna
736 1203 33 26 på
787 1205 60 19 utöar
861 1203 10 20 i
883 1202 71 27 hafvet

405 1237 36 22 och
455 1237 120 28 skattlagda
592 1237 182 27 hufvudsakligast
789 1237 33 27 för
835 1237 58 27 fiske,
917 1237 36 21 må

404 1271 50 21 dock
469 1271 80 27 klyfvas
564 1273 53 19 utan
632 1271 97 26 afseende
743 1271 15 20 å
773 1271 62 21 deras
844 1271 108 27 jordvidd.

653 1364 16 20 2
683 1362 21 29 $.

473 1421 174 28 Jordlägenheter
669 1421 27 27 af
715 1421 39 22 den
775 1422 8 20 i
804 1423 13 19 1
838 1420 15 29 $
877 1421 75 27 omför-

404 1456 72 22 mälda
499 1458 62 20 natur
584 1456 36 22 och
639 1456 138 26 beskaffenhet
791 1456 37 21 mä
844 1456 41 28 ock,
907 1456 48 22 med
