1045 1720
237 123 27 22 72
405 123 83 22 Ständ.
504 123 36 22 Sv.
557 135 25 4 —
597 123 73 27 Prop.
686 123 41 22 N:o
742 123 21 22 4.

208 195 48 16 nom
278 188 117 27 tillstäldes,
418 189 32 22 till
473 189 106 22 hofrätten
599 189 79 27 ingifva
692 189 117 28 förklaring
823 190 8 21 i
846 189 73 26 målet;
935 191 23 20 är

207 223 127 28 kungörelse
350 224 107 27 angäende
472 225 102 20 besvären
590 224 7 21 i
612 224 106 21 allmänna
733 223 133 28 tidningarna
881 224 77 27 införd,

208 258 53 21 skall
281 258 41 21 han
342 259 31 21 sin
387 257 118 28 förklaring
520 259 79 27 ingifva
613 259 56 20 inom
684 259 61 21 nittio
761 259 67 26 dagar
843 258 46 22 frän
904 258 52 22 sista

207 293 152 27 kungörandet.
389 292 100 22 Kommer
508 293 42 22 han
565 293 19 28 ej
600 293 21 22 in
636 293 49 22 med
699 293 118 28 förklaring
831 293 56 22 inom
902 293 55 22 före-

207 327 92 22 skrifven
321 327 38 27 tid,
381 327 40 22 och
443 328 55 21 visas
521 327 18 28 ej
560 327 67 23 heller
648 328 57 21 inom
727 334 80 16 samma
824 329 33 20 tid
876 328 82 27 förfall;

207 363 64 21 varde
287 363 42 20 han
343 362 20 27 ej
377 362 74 22 vidare
465 363 7 21 i
487 363 106 21 hofrätten
608 363 60 21 hörd.
684 363 61 22 Visas
756 363 48 27 laga
815 363 77 26 förfall,
904 363 54 22 före-

207 397 60 27 lägge
282 396 106 22 hofrätten
404 397 76 21 honom
495 403 28 21 ny
538 397 37 22 tid.

553 478 24 20 11
595 476 17 28 8.

274 536 62 21 Hvad
358 537 98 25 parterne
479 535 65 27 enligt
563 535 13 21 9
595 535 39 21 och
651 536 26 20 10
692 535 24 27 $$
730 536 63 21 hafva
808 537 33 20 att
855 536 102 27 iakttaga,

206 570 25 22 så
246 571 39 21 ock
304 569 124 27 äfventyret,
445 576 33 15 om
493 570 36 21 det
543 570 132 26 försummas,
691 570 43 22 låte
749 570 107 22 hofrätten
871 570 87 22 tecknas

207 605 12 22 å
234 604 184 23 besvärsskriften.

552 685 26 22 12
593 685 18 27 &.

274 743 77 22 Finner
367 743 106 22 hofrätten
487 743 74 28 nödigt
576 745 31 20 att
621 743 95 22 infordra
732 743 121 22 öfverexeku
865 745 44 20 tors
925 745 34 19 ut-

206 778 84 22 låtande
306 777 59 22 öfver
380 778 107 27 besvären,
503 780 50 25 göre
569 778 36 21 det
620 778 7 21 i
643 778 128 27 embetsväg.

552 859 26 21 13
593 859 17 27 &.

273 916 118 22 Föranleda
413 917 101 21 besvären
537 917 18 27 ej
576 916 93 28 ändring
683 918 8 20 i
706 918 36 21 det
758 916 151 28 öfverklagade
925 920 33 19 ut-

204 951 73 27 slaget,
292 951 62 27 gälde
369 951 119 27 klaganden
503 952 149 27 vederpartens
667 952 115 22 kostnader
797 953 8 21 i
820 952 70 27 målet,
902 952 55 22 efter

204 987 22 25 ty
248 986 106 22 hofrätten
377 986 85 27 pröfvar
484 986 84 27 skäligt.
598 986 78 22 Finnes
694 987 68 27 någon
781 986 62 22 hafva
859 986 94 22 ohemult

203 1021 78 27 klagat,
297 1020 50 22 böte
361 1020 47 22 från
424 1020 59 28 tjugu
497 1022 33 21 till
545 1021 119 22 tvåhundra
678 1022 67 21 mark.
777 1020 126 23 Missfirmar
920 1021 37 22 nå-

203 1061 42 21 gon
258 1056 39 21 hos
311 1054 109 23 hofrätten
436 1056 167 26 öfverexekutor,
620 1062 37 21 ege
672 1056 115 24 hofrätten,
803 1056 56 22 ändå
871 1057 32 21 att
915 1056 44 22 åtal

204 1090 18 26 ej
245 1090 54 27 sker,
323 1090 62 22 döma
403 1090 41 22 den
459 1090 83 22 felande
559 1091 31 21 till
605 1096 82 21 ansvar,
703 1093 39 19 när
757 1091 164 26 brottsligheten
938 1091 20 27 ej

204 1127 23 19 är
248 1125 77 27 gröfre,
347 1127 27 19 än
393 1127 33 19 att
445 1125 39 22 den
499 1126 35 21 må
549 1125 47 21 med
610 1126 61 21 böter
685 1126 114 26 beläggas;
816 1128 24 19 är
855 1126 41 21 den
911 1126 47 21 svå-

202 1166 55 20 rare,
273 1160 42 21 låte
331 1159 107 22 hofrätten
454 1160 40 22 den
510 1160 110 26 brottslige
636 1160 37 21 der
688 1160 101 22 särskildt
805 1160 75 22 åtalas.

551 1242 26 21 14
593 1241 17 27 8.

270 1297 34 20 Då
318 1297 75 21 besvär
408 1299 44 19 mot
468 1297 173 22 öfverexekutors
658 1298 69 25 utslag
742 1297 102 27 anmälas,
861 1303 37 20 ege
914 1297 46 22 hof-

202 1332 76 26 rätten,
294 1333 38 20 när
347 1331 46 22 skäl
409 1331 71 22 dertill
493 1332 148 27 förekommer,
655 1333 38 26 att,
704 1333 63 20 innan
779 1332 179 28 ändringssökan-

202 1367 36 21 det
253 1367 97 27 slutligen
365 1366 91 28 pröfvas,
469 1367 108 26 förordna,
593 1369 31 20 att
639 1368 93 27 utslaget
747 1368 47 22 icke
807 1368 34 22 må
857 1368 103 22 verkstäl-

202 1398 32 25 las
250 1401 51 22 eller
316 1403 37 25 att,
370 1407 34 16 om
420 1402 161 28 verkställighet
595 1402 65 22 redan
676 1402 53 28 följt,
745 1402 124 28 ytterligare
884 1403 74 27 åtgärd

204 1438 18 26 ej
238 1437 34 21 må
287 1437 102 27 vidtagas.
