1036 1714
204 141 25 19 14
506 142 44 22 N:o
570 143 22 22 7.

519 209 26 20 38
562 208 18 28 8.

244 248 87 28 Nedgår
353 248 178 28 bolagsmännens
555 249 59 21 antal
636 248 33 22 till
690 248 83 22 mindre
789 250 27 20 än
832 250 39 25 tre,
888 254 37 15 an-

174 282 55 22 mäle
251 283 162 27 sysslomännen
436 284 72 21 derom
530 284 35 20 vid
580 283 54 22 först
650 283 204 22 sammanträdande
869 282 56 22 ordi-

174 318 61 21 narie
256 318 167 27 bolagsstämma
447 318 38 21 och
507 318 91 27 vidtage,
622 318 24 21 så
668 317 65 22 framt
754 318 48 21 icke
816 318 58 21 inom
889 324 37 15 sex

174 352 103 22 månader
300 352 92 22 derefter
414 353 82 21 antalet
517 352 126 28 bolagsmän
666 353 54 26 ånyo
736 352 142 28 uppbringats
894 352 33 21 till

174 388 34 20 tre
224 387 51 21 eller
289 386 56 28 flere,
362 387 151 28 ofördröjligen
529 388 77 26 åtgärd
621 394 34 14 om
669 387 97 27 bolagets
781 386 112 28 brytande.

520 452 26 20 39
563 451 18 27 8.

247 491 122 28 Syssloman
393 498 61 16 svare
476 492 34 22 för
524 491 52 22 fulla
591 492 100 27 beloppet
706 491 23 22 af
742 491 74 27 skada,
833 496 46 16 som
893 490 36 21 för

175 526 86 28 bolaget
283 526 77 22 vållats
380 526 23 22 af
419 527 54 22 hans
488 527 146 22 försummelse
650 526 50 21 eller
714 527 45 21 mot
774 526 35 27 lag
825 525 50 22 eller
890 525 39 21 bo-

175 561 139 28 lagsordning
329 561 112 22 stridande
457 561 77 28 åtgärd
548 561 7 22 i
570 561 98 28 bolagets
684 560 185 28 angelägenheter.

520 627 27 20 40
563 625 19 28 8.

247 661 31 25 Är
293 665 8 22 i
315 665 195 28 bolagsordningen
525 667 23 20 åt
563 665 103 22 särskildt
680 665 182 26 förvaltningsråd
877 664 53 21 eller

177 700 22 21 åt
215 700 25 21 de
255 700 8 21 i
278 701 28 20 24
322 700 11 27 &
349 700 92 21 nämnde
455 701 194 26 granskningsmän
664 700 122 27 uppdraget
802 701 32 20 att
849 699 7 21 i
871 699 57 21 vissa

175 733 38 22 fall
228 734 111 21 företräda
352 734 93 27 bolaget,
461 734 153 21 sammankalla
628 734 168 27 bolagsstämma
811 734 51 21 eller
878 734 52 27 eljes

176 768 122 22 handhafva
313 769 96 27 bolagets
425 769 185 27 angelägenheter,
625 769 63 22 lände
703 769 33 22 för
750 769 80 22 sådant
844 769 37 21 fall
896 769 34 21 till

177 803 150 26 efterrättelse,
350 803 56 22 hvad
428 803 7 21 i
458 803 70 22 denna
545 804 36 27 lag
596 809 35 16 om
646 803 118 27 sysslomän
780 805 25 20 är
819 803 109 28 stadgadt.

509 903 12 19 4
544 902 60 21 KAP.

388 961 36 19 Om
439 960 129 27 aktiebolags
583 960 132 27 upplösning.

522 1024 25 20 41
565 1023 18 27 8.

250 1062 58 22 Skall
331 1063 122 27 aktiebolag
475 1063 66 27 enligt
555 1063 37 28 lag
607 1064 51 21 eller
672 1064 136 27 bestämning
823 1064 8 22 i
845 1064 84 28 bolags-

179 1098 119 26 ordningen
313 1098 81 27 brytas,
410 1098 52 22 eller
478 1100 24 20 är
511 1098 97 27 bolagets
623 1098 105 27 brytande
744 1098 50 28 eljes
810 1098 23 22 af
845 1098 85 28 bolags-

178 1134 93 20 männen
292 1132 100 27 beslutet,
416 1133 65 21 varde
500 1132 145 28 årsstämning
660 1133 13 21 å
686 1132 97 28 bolagets
798 1133 131 27 borgenärer

179 1168 49 21 sökt
251 1167 40 22 och
313 1167 47 21 dess
383 1167 49 27 gäld
451 1167 89 28 gulden;
557 1168 38 21 och
610 1168 36 21 må
660 1168 66 22 sedan
742 1168 137 22 återstående
893 1168 38 22 be-

178 1202 123 27 hållningen
316 1201 93 22 fördelas
429 1202 89 21 emellan
533 1202 167 27 bolagsmännen
715 1202 7 21 i
737 1202 50 22 mån
803 1202 23 22 af
840 1202 90 22 enhvars

179 1236 69 22 andel.

249 1270 32 20 På
303 1269 166 27 bolagsmännen
485 1270 112 20 ankomme
613 1270 33 20 att
661 1270 84 21 besluta
760 1276 34 15 om
810 1271 67 20 sättet
892 1270 39 22 och

179 1304 118 26 ordningen
312 1302 33 22 för
360 1304 142 25 egendomens
517 1303 155 22 förvandlande
686 1304 6 20 i
707 1304 120 27 penningar
838 1304 38 21 och
887 1304 44 27 gäl-

180 1338 52 22 dens
247 1337 120 22 betalande.

524 1374 27 21 42
567 1373 19 28 8.

251 1414 99 22 Besluter
374 1414 121 27 aktiebolag
518 1414 139 27 nedsättning
679 1414 22 21 af
721 1414 39 22 sitt
782 1415 148 27 aktiekapital,

180 1449 112 27 utdelning
315 1449 22 21 af
357 1449 55 21 hvad
435 1449 66 28 enligt
515 1449 193 28 bolagsordningen
723 1449 33 22 till
772 1450 71 21 dettas
858 1450 74 22 säker-
