1045 1720
223 137 27 19 32
396 134 74 22 Ständ.
486 134 34 22 Sv.
538 147 24 2 —
579 135 63 27 Prop.
659 134 37 22 N:o
711 133 18 22 7.

521 203 11 18 5
549 199 71 21 KAP.

426 261 121 23 Särskilda
563 262 155 27 stadganden.

539 327 25 20 46
580 326 19 25 $.

265 382 71 22 Talan
359 384 48 20 mot
429 382 134 29 bolagsman
581 383 74 28 enligt
673 385 24 20 16
714 382 55 21 eller
785 385 26 20 33
826 384 20 26 &,
863 383 25 21 så
903 382 43 22 ock

195 417 245 29 ersättningsanspräk
462 420 48 18 mot
533 417 129 28 syssloman
683 417 29 29 på
734 417 77 28 grund
826 417 25 21 af
864 417 83 21 under-

197 451 92 21 lätande
312 452 56 21 eller
390 452 175 21 öfverträdande
584 451 25 22 af
621 451 61 22 hvad
697 452 8 21 i
721 454 33 26 21,
771 454 33 25 29,
820 453 35 25 39,
870 453 33 27 40,
919 454 26 19 43

195 486 58 21 eller
269 489 26 19 44
310 488 13 25 &
339 490 25 17 är
379 486 107 29 stadgadt
501 487 42 27 mä,
560 486 39 22 der
609 486 104 28 bolagets
725 486 112 28 egendom
848 485 98 23 afträdts

195 520 39 22 till
249 520 110 29 konkurs,
376 520 68 22 äfven
460 520 26 22 af
498 521 113 28 borgenär
626 522 93 20 utföras.

266 555 91 21 Samma
372 558 46 18 rätt
432 555 129 22 tillkomme
577 555 42 22 ock
635 555 113 28 borgenär
763 555 41 21 vid
813 556 134 27 utmätning

197 589 42 21 hos
257 589 99 29 bolaget,
377 589 95 22 såframt
487 590 98 28 ostridig
600 590 107 28 tillgång,
724 597 48 14 som
788 592 57 19 utan
861 590 86 28 svärig-

198 623 39 22 het
247 624 46 21 kan
304 625 8 20 i
322 625 130 28 penningar
462 624 139 29 förvandlas,
612 625 52 21 icke
674 624 74 22 finnes
760 625 37 20 till
806 624 141 22 betäckande

196 658 27 21 af
236 658 57 22 hans
308 659 100 22 fordran.

539 731 26 20 47
581 730 19 25 8.

265 785 69 22 Hvad
352 785 167 29 förordningen
537 785 26 22 af
579 785 44 22 den
644 787 25 20 10
688 785 46 29 Maj
752 788 60 25 1886,
829 785 118 29 angäende

198 819 154 28 bankrörelse,
376 827 48 14 som
445 820 26 21 af
491 820 69 29 bolag
578 819 73 26 idkas,
669 823 60 18 samt
743 819 166 29 förordningen
925 819 24 22 af

196 854 45 21 den
259 857 24 19 15
304 855 68 27 April
389 857 60 25 1889,
465 855 118 28 angäende
598 855 106 21 enskilda
716 855 124 28 jernvägar
855 854 37 22 för
906 855 41 21 all-

198 892 52 18 män
266 888 141 28 samfärdsel,
424 888 81 29 stadga
520 896 36 14 om
572 889 27 21 de
615 890 7 20 i
638 888 51 22 dem
705 889 99 21 nämnda
815 888 132 29 aktiebolag

197 922 115 30 undergär
327 923 134 28 härigenom
475 924 51 21 icke
542 924 75 28 nägon
633 923 106 29 ändring.

265 958 82 21 Denna
362 958 39 28 lag
416 958 76 21 träder
507 958 8 21 i
530 958 106 29 gällande
653 958 62 21 kraft
725 958 52 21 frän
788 958 43 21 och
842 957 51 22 med
902 957 44 22 den

266 1131 12 21 I
293 1131 165 28 sammanhang
473 1130 52 22 med
541 1130 44 22 den
600 1130 37 22 till
654 1130 129 22 Ständerna
794 1130 40 22 vid
846 1132 51 20 1891
911 1130 36 21 ärs

198 1164 112 29 landtdag
332 1164 170 22 öfverlemnade
525 1165 84 28 nädiga
633 1165 175 29 propositionen
828 1164 119 28 angäende

197 1199 40 28 lag
255 1206 36 14 om
311 1199 133 29 aktiebolag
465 1199 156 22 behandlades
643 1202 34 18 ett
695 1200 9 20 i
723 1198 174 23 Bondeständet
915 1199 32 21 in-

197 1233 76 28 gifvet
290 1234 205 28 petitionsförslag,
514 1234 66 21 hvari
598 1233 129 29 päyrkades
746 1234 102 21 revision
861 1233 86 28 jemväl

198 1267 26 21 af
232 1268 106 27 gällande
352 1268 149 27 lagstiftning
511 1268 96 21 rörande
617 1268 76 27 öfriga
703 1267 244 21 associationsformer.

199 1301 128 22 Ständerna
344 1301 74 22 funno
436 1301 111 28 förslaget
565 1301 67 22 värdt
649 1301 129 21 beaktande
792 1301 44 21 och
850 1301 97 28 ingingo

197 1335 64 30 förty
279 1335 51 23 med
346 1343 28 15 en
389 1335 145 30 underdänig
549 1335 114 29 anhällan,
679 1338 35 20 att
729 1335 72 23 Eders
816 1335 132 30 Kejserliga

197 1371 109 29 Majestät
320 1372 86 20 täcktes
423 1371 46 21 läta
482 1371 105 21 utarbeta
596 1371 89 29 förslag
695 1371 36 21 till
742 1371 44 28 lag,
798 1371 150 28 hvarigenom

197 1406 22 29 ej
235 1405 89 23 mindre
335 1406 115 21 formerna
460 1405 37 22 för
507 1409 76 25 öppna
594 1406 43 22 och
647 1405 214 29 kommanditbolag
871 1405 76 22 blefve

198 1444 103 18 närmare
317 1440 100 22 ordnade
432 1444 29 18 än
477 1440 70 22 äfven
563 1440 27 22 de
607 1441 116 28 egentliga
739 1440 151 22 ekonomiska
903 1440 44 22 för-
