1034 1714
204 153 26 19 70

529 222 12 19 5
552 218 23 33 $.

244 289 54 20 Skall
313 290 119 19 :besvärstid
453 290 72 19 räknas
540 290 44 20 från
599 290 87 19 erhållen
701 290 31 19 del
746 290 20 19 af
780 290 91 24 beslutet,
887 289 40 19 låte

176 324 39 20 den:
238 324 101 19 vinnande
360 324 90 19 tillställa
465 324 129 25 vederparten
609 324 86 19 beslutet
709 324 7 19 i
730 324 135 20 hufvudskrift
880 324 48 19 eller

175 358 104 20 besannad
296 358 78 19 afskrift
394 358 36 20 och
445 358 47 20 derå
506 358 71 20 teckna
591 358 70 25 dagen,
675 358 26 19 då
716 358 138 19 tillställandet
869 358 58 20 skett.

176 392 70 20 Vistas
268 392 131 25 vederparten
416 394 55 18 utom
486 392 72 24 landet,
573 392 49 20 eller
636 394 34 17 vet
685 398 46 14 man
746 392 17 25 ej
779 392 49 19 hvar
842 392 39 20 han
897 392 30 24 sig

175 426 125 26 uppehåller,
315 426 36 20 och
367 426 35 20 har
416 426 40 20 han
470 426 17 26 ej
502 427 30 19 för
547 427 31 25 sig
593 426 47 20 stält
656 426 78 25 ombud,
749 426 60 20 varde
821 426 78 20 afskrift
909 427 20 18 af

175 461 86 19 beslutet
276 461 36 19 hos
328 461 152 19 öfverexekutor
493 461 84 24 lemnad,
593 461 36 19 och
644 460 39 20 låte
699 461 38 19 den
752 460 100 20 vinnande
867 461 60 19 sedan

175 496 5 19 i
197 495 100 20 allmänna
318 495 126 25 tidningarna
466 498 29 17 tre
512 495 81 26 gånger,
616 496 61 19 minst
693 495 73 26 fjorton
781 495 60 25 dagar
856 495 71 20 mellan

176 530 67 25 hvarje
265 529 59 26 gång,
345 530 93 25 kungöra,
458 531 30 18 att
510 530 65 20 beslut
589 531 8 18 i
611 530 34 19 det
666 529 40 20 mål
728 532 21 17 är
764 530 62 25 gifvet
846 530 37 19 och
898 531 29 18 att

176 564 78 19 afskrift
269 565 19 18 af
302 564 88 19 beslutet
412 565 63 18 finnes
492 565 37 19 hos
545 564 150 20 öfverexekutor
709 566 30 17 att
754 564 65 25 tillgå;
834 564 7 19 i
856 566 23 23 ty
894 564 33 19 fall

176 599 59 18 hafve
250 598 129 25 vederparten
395 599 29 18 tid
439 600 29 17 att
483 599 31 24 sig
529 599 82 19 besvära
620 599 41 19 före
671 598 82 19 klockan
763 598 37 19 tolf
809 598 12 19 å
832 598 95 20 nittionde

176 633 63 24 dagen
255 632 50 19 efter
320 632 48 19 sista
383 632 143 25 kungörandet.

528 731 11 19 6
556 731 18 23 8.

245 793 41 19 Vill
301 793 67 24 någon
383 793 57 25 klaga
454 793 96 24 deröfver,
565 795 30 18 att
609 793 39 19 han
663 793 19 20 af
697 793 151 20 öfverexekutor
862 793 65 20 blifvit

174 827 42 20 fäld
230 827 30 20 till
276 834 71 13 ansvar
362 828 62 24 enligt
440 829 10 18 1
466 828 44 25 kap.
528 829 24 18 12
568 828 48 19 eller
632 828 25 19 13
674 829 17 23 $,
707 828 48 19 eller
765 828 30 19 till
807 828 120 19 skadestånd

176 862 63 25 enligt
255 863 12 18 9
283 862 43 25 kap.
342 863 12 18 8
372 863 16 24 $,
403 863 59 18 hafve
476 863 66 19 dertill
557 863 34 24 tid,
607 869 42 12 som
665 863 58 18 ofvan
738 863 7 18 i
760 863 12 19 3
784 863 10 23 $
807 864 61 23 sagts,
882 863 45 19 från

177 897 39 19 den
231 897 43 24 dag,
292 897 87 24 utslaget
400 903 70 19 genom
489 897 160 20 öfverexekutors
664 897 77 25 försorg
755 897 72 19 honom
843 897 83 25 delgafs.

177 926 29 24 Är
220 931 88 25 utslaget
322 931 30 19 för
362 931 37 20 den
410 931 96 25 klagande
517 932 111 24 muntligen
639 931 114 25 afkunnadt,
764 931 60 20 varde
835 932 91 20 besvärs-

175 965 55 19 tiden
244 966 74 18 räknad
333 965 43 19 från
391 966 33 19 det
438 966 134 19 afkunnandet
587 966 79 20 skedde,

528 1064 46 24 78.

243 1126 89 25 Ingifvas
355 1126 17 26 ej
393 1127 96 19 besvären
511 1127 30 19 till
564 1127 98 19 hofrätten
676 1127 54 19 inom
745 1127 132 20 föreskrifven
891 1128 34 21 tid,

176 1160 59 20 varde
250 1160 24 20 de
288 1161 18 25 ej
321 1163 103 23 upptagna
439 1162 30 18 till
483 1162 99 24 pröfning,
597 1161 35 19 der
647 1161 17 25 ej
679 1161 54 19 inom
749 1167 74 15 samma
839 1162 28 19 tid
881 1162 45 25 laga

176 1194 64 20 förfall
255 1195 62 24 visas;
334 1195 53 19 visas
402 1195 45 25 laga
462 1196 69 24 förfall,
546 1197 75 18 utsätte
636 1195 99 20 hofrätten
751 1202 26 18 ny
793 1196 33 20 tid.

526 1292 47 23 88.

243 1354 83 25 Styrker
346 1353 118 26 klaganden,
486 1356 30 19 att
537 1354 44 26 laga
602 1354 71 21 hinder
694 1356 50 19 mött
760 1356 165 19 utbekommande

175 1389 21 19 af
210 1389 165 20 öfverexekutors
397 1389 67 25 utslag
484 1389 49 20 eller
551 1389 97 26 protokoll
664 1390 5 19 i
685 1389 66 26 målet,
769 1390 98 26 förelägge
882 1391 43 19 hof-

175 1425 65 18 rätten
262 1423 73 20 honom
358 1423 42 20 viss
423 1424 29 19 tid
472 1426 29 18 att.
522 1424 81 20 dermed
620 1425 105 24 inkomma,
741 1425 30 19 vid
788 1425 94 25 äfventyr
896 1427 29 18 att

176 1457 152 21 underlätenhet
342 1458 56 20 deraf
411 1459 17 24 ej
444 1459 32 19 mä
491 1459 106 26 uppehälla
611 1459 71 20 mälets
697 1459 110 26 afgörande.
