<?xml version="1.0" encoding="UTF-8"?>
<alto xmlns="http://www.loc.gov/standards/alto/ns-v3#" xmlns:xlink="http://www.w3.org/1999/xlink" xmlns:xsi="http://www.w3.org/2001/XMLSchema-instance" xsi:schemaLocation="http://www.loc.gov/standards/alto/ns-v3# http://www.loc.gov/alto/v3/alto-3-0.xsd">
	<Description>
		<MeasurementUnit>pixel</MeasurementUnit>
		<sourceImageInformation>
			<fileName>/tmp/tess_kh24_8me_input.PNG</fileName>
		</sourceImageInformation>
		<OCRProcessing ID="OCR_0">
			<ocrProcessingStep>
				<processingSoftware>
					<softwareName>tesseract 5.3.4</softwareName>
				</processingSoftware>
			</ocrProcessingStep>
		</OCRProcessing>
	</Description>
	<Layout>
		<Page WIDTH="1039" HEIGHT="1723" PHYSICAL_IMG_NR="0" ID="page_0">
			<PrintSpace HPOS="0" VPOS="0" WIDTH="1039" HEIGHT="1723">
				<ComposedBlock ID="cblock_0" HPOS="240" VPOS="143" WIDTH="515" HEIGHT="29">
					<TextBlock ID="block_0" HPOS="240" VPOS="143" WIDTH="515" HEIGHT="29">
						<TextLine ID="line_0" HPOS="240" VPOS="143" WIDTH="515" HEIGHT="29">
							<String ID="string_0" HPOS="240" VPOS="148" WIDTH="12" HEIGHT="20" WC="0.95" CONTENT="2"/><SP WIDTH="167" VPOS="148" HPOS="252"/>
							<String ID="string_1" HPOS="419" VPOS="145" WIDTH="74" HEIGHT="22" WC="0.91" CONTENT="Ständ."/><SP WIDTH="16" VPOS="145" HPOS="493"/>
							<String ID="string_2" HPOS="509" VPOS="145" WIDTH="34" HEIGHT="21" WC="0.93" CONTENT="Sv."/><SP WIDTH="16" VPOS="145" HPOS="543"/>
							<String ID="string_3" HPOS="559" VPOS="157" WIDTH="27" HEIGHT="3" WC="0.92" CONTENT="—"/><SP WIDTH="15" VPOS="157" HPOS="586"/>
							<String ID="string_4" HPOS="601" VPOS="145" WIDTH="65" HEIGHT="27" WC="0.95" CONTENT="Prop."/><SP WIDTH="15" VPOS="145" HPOS="666"/>
							<String ID="string_5" HPOS="681" VPOS="144" WIDTH="38" HEIGHT="22" WC="0.96" CONTENT="N:o"/><SP WIDTH="17" VPOS="144" HPOS="719"/>
							<String ID="string_6" HPOS="736" VPOS="143" WIDTH="19" HEIGHT="22" WC="0.96" CONTENT="7."/>
						</TextLine>
					</TextBlock>
				</ComposedBlock>
				<ComposedBlock ID="cblock_1" HPOS="210" VPOS="207" WIDTH="754" HEIGHT="516">
					<TextBlock ID="block_1" HPOS="210" VPOS="207" WIDTH="754" HEIGHT="163">
						<TextLine ID="line_1" HPOS="211" VPOS="207" WIDTH="752" HEIGHT="32">
							<String ID="string_7" HPOS="211" VPOS="211" WIDTH="71" HEIGHT="28" WC="0.92" CONTENT="dånig"/><SP WIDTH="14" VPOS="211" HPOS="282"/>
							<String ID="string_8" HPOS="296" VPOS="210" WIDTH="188" HEIGHT="22" WC="0.92" CONTENT="svarsskrifvelse"/><SP WIDTH="16" VPOS="210" HPOS="484"/>
							<String ID="string_9" HPOS="500" VPOS="209" WIDTH="25" HEIGHT="22" WC="0.96" CONTENT="af"/><SP WIDTH="13" VPOS="209" HPOS="525"/>
							<String ID="string_10" HPOS="538" VPOS="210" WIDTH="44" HEIGHT="21" WC="0.96" CONTENT="den"/><SP WIDTH="16" VPOS="210" HPOS="582"/>
							<String ID="string_11" HPOS="598" VPOS="211" WIDTH="26" HEIGHT="21" WC="0.96" CONTENT="21"/><SP WIDTH="17" VPOS="211" HPOS="624"/>
							<String ID="string_12" HPOS="641" VPOS="209" WIDTH="45" HEIGHT="28" WC="0.96" CONTENT="Maj"/><SP WIDTH="17" VPOS="209" HPOS="686"/>
							<String ID="string_13" HPOS="703" VPOS="216" WIDTH="87" HEIGHT="14" WC="0.95" CONTENT="samma"/><SP WIDTH="15" VPOS="216" HPOS="790"/>
							<String ID="string_14" HPOS="805" VPOS="209" WIDTH="30" HEIGHT="27" WC="0.96" CONTENT="år,"/><SP WIDTH="9" VPOS="209" HPOS="835"/>
							<String ID="string_15" HPOS="844" VPOS="207" WIDTH="41" HEIGHT="23" WC="0.93" CONTENT="att"/><SP WIDTH="11" VPOS="207" HPOS="885"/>
							<String ID="string_16" HPOS="896" VPOS="208" WIDTH="67" HEIGHT="21" WC="0.92" CONTENT="Stän-"/>
						</TextLine>
						<TextLine ID="line_2" HPOS="211" VPOS="242" WIDTH="753" HEIGHT="30">
							<String ID="string_17" HPOS="211" VPOS="245" WIDTH="71" HEIGHT="21" WC="0.96" CONTENT="derna"/><SP WIDTH="21" VPOS="245" HPOS="282"/>
							<String ID="string_18" HPOS="303" VPOS="245" WIDTH="52" HEIGHT="21" WC="0.96" CONTENT="icke"/><SP WIDTH="22" VPOS="245" HPOS="355"/>
							<String ID="string_19" HPOS="377" VPOS="244" WIDTH="90" HEIGHT="22" WC="0.96" CONTENT="kunnat"/><SP WIDTH="15" VPOS="244" HPOS="467"/>
							<String ID="string_20" HPOS="482" VPOS="246" WIDTH="84" HEIGHT="26" WC="0.96" CONTENT="antaga"/><SP WIDTH="15" VPOS="246" HPOS="566"/>
							<String ID="string_21" HPOS="581" VPOS="243" WIDTH="44" HEIGHT="22" WC="0.96" CONTENT="den"/><SP WIDTH="15" VPOS="243" HPOS="625"/>
							<String ID="string_22" HPOS="640" VPOS="243" WIDTH="131" HEIGHT="28" WC="0.96" CONTENT="föreslagna"/><SP WIDTH="15" VPOS="243" HPOS="771"/>
							<String ID="string_23" HPOS="786" VPOS="243" WIDTH="68" HEIGHT="28" WC="0.93" CONTENT="lagen"/><SP WIDTH="16" VPOS="243" HPOS="854"/>
							<String ID="string_24" HPOS="870" VPOS="242" WIDTH="94" HEIGHT="22" WC="0.91" CONTENT="oförän-"/>
						</TextLine>
						<TextLine ID="line_3" HPOS="211" VPOS="276" WIDTH="753" HEIGHT="31">
							<String ID="string_25" HPOS="211" VPOS="280" WIDTH="61" HEIGHT="27" WC="0.92" CONTENT="drad,"/><SP WIDTH="16" VPOS="280" HPOS="272"/>
							<String ID="string_26" HPOS="288" VPOS="281" WIDTH="57" HEIGHT="19" WC="0.96" CONTENT="utan"/><SP WIDTH="15" VPOS="281" HPOS="345"/>
							<String ID="string_27" HPOS="360" VPOS="278" WIDTH="36" HEIGHT="22" WC="0.96" CONTENT="för"/><SP WIDTH="20" VPOS="278" HPOS="396"/>
							<String ID="string_28" HPOS="416" VPOS="278" WIDTH="36" HEIGHT="22" WC="0.96" CONTENT="sin"/><SP WIDTH="20" VPOS="278" HPOS="452"/>
							<String ID="string_29" HPOS="472" VPOS="278" WIDTH="37" HEIGHT="21" WC="0.97" CONTENT="del"/><SP WIDTH="18" VPOS="278" HPOS="509"/>
							<String ID="string_30" HPOS="527" VPOS="278" WIDTH="104" HEIGHT="28" WC="0.95" CONTENT="godkänt"/><SP WIDTH="18" VPOS="278" HPOS="631"/>
							<String ID="string_31" HPOS="649" VPOS="278" WIDTH="42" HEIGHT="21" WC="0.96" CONTENT="och"/><SP WIDTH="22" VPOS="278" HPOS="691"/>
							<String ID="string_32" HPOS="713" VPOS="277" WIDTH="91" HEIGHT="28" WC="0.96" CONTENT="antagit"/><SP WIDTH="18" VPOS="277" HPOS="804"/>
							<String ID="string_33" HPOS="822" VPOS="279" WIDTH="34" HEIGHT="19" WC="0.96" CONTENT="ett"/><SP WIDTH="18" VPOS="279" HPOS="856"/>
							<String ID="string_34" HPOS="874" VPOS="276" WIDTH="90" HEIGHT="29" WC="0.95" CONTENT="förslag"/>
						</TextLine>
						<TextLine ID="line_4" HPOS="210" VPOS="310" WIDTH="752" HEIGHT="32">
							<String ID="string_35" HPOS="210" VPOS="314" WIDTH="37" HEIGHT="22" WC="0.96" CONTENT="till"/><SP WIDTH="17" VPOS="314" HPOS="247"/>
							<String ID="string_36" HPOS="264" VPOS="314" WIDTH="40" HEIGHT="28" WC="0.96" CONTENT="lag"/><SP WIDTH="19" VPOS="314" HPOS="304"/>
							<String ID="string_37" HPOS="323" VPOS="314" WIDTH="8" HEIGHT="20" WC="0.96" CONTENT="i"/><SP WIDTH="19" VPOS="314" HPOS="331"/>
							<String ID="string_38" HPOS="350" VPOS="315" WIDTH="77" HEIGHT="19" WC="0.96" CONTENT="ämnet"/><SP WIDTH="18" VPOS="315" HPOS="427"/>
							<String ID="string_39" HPOS="445" VPOS="312" WIDTH="25" HEIGHT="22" WC="0.96" CONTENT="af"/><SP WIDTH="16" VPOS="312" HPOS="470"/>
							<String ID="string_40" HPOS="486" VPOS="312" WIDTH="45" HEIGHT="22" WC="0.96" CONTENT="den"/><SP WIDTH="17" VPOS="312" HPOS="531"/>
							<String ID="string_41" HPOS="548" VPOS="312" WIDTH="88" HEIGHT="29" WC="0.93" CONTENT="lydelse"/><SP WIDTH="17" VPOS="312" HPOS="636"/>
							<String ID="string_42" HPOS="653" VPOS="312" WIDTH="169" HEIGHT="22" WC="0.92" CONTENT="ofvanberörda"/><SP WIDTH="15" VPOS="312" HPOS="822"/>
							<String ID="string_43" HPOS="837" VPOS="310" WIDTH="125" HEIGHT="23" WC="0.96" CONTENT="skrifvelse"/>
						</TextLine>
						<TextLine ID="line_5" HPOS="210" VPOS="348" WIDTH="135" HEIGHT="22">
							<String ID="string_44" HPOS="210" VPOS="348" WIDTH="135" HEIGHT="22" WC="0.92" CONTENT="innehåller."/>
						</TextLine>
					</TextBlock>
					<TextBlock ID="block_2" HPOS="210" VPOS="380" WIDTH="754" HEIGHT="343">
						<TextLine ID="line_6" HPOS="280" VPOS="380" WIDTH="683" HEIGHT="32">
							<String ID="string_45" HPOS="280" VPOS="383" WIDTH="70" HEIGHT="21" WC="0.92" CONTENT="Eders"/><SP WIDTH="16" VPOS="383" HPOS="350"/>
							<String ID="string_46" HPOS="366" VPOS="382" WIDTH="132" HEIGHT="30" WC="0.96" CONTENT="Kejserliga"/><SP WIDTH="15" VPOS="382" HPOS="498"/>
							<String ID="string_47" HPOS="513" VPOS="382" WIDTH="108" HEIGHT="29" WC="0.96" CONTENT="Majestät"/><SP WIDTH="15" VPOS="382" HPOS="621"/>
							<String ID="string_48" HPOS="636" VPOS="382" WIDTH="41" HEIGHT="21" WC="0.96" CONTENT="har"/><SP WIDTH="17" VPOS="382" HPOS="677"/>
							<String ID="string_49" HPOS="694" VPOS="380" WIDTH="128" HEIGHT="23" WC="0.95" CONTENT="emellertid"/><SP WIDTH="11" VPOS="380" HPOS="822"/>
							<String ID="string_50" HPOS="833" VPOS="380" WIDTH="51" HEIGHT="22" WC="0.95" CONTENT="icke"/><SP WIDTH="15" VPOS="380" HPOS="884"/>
							<String ID="string_51" HPOS="899" VPOS="380" WIDTH="64" HEIGHT="21" WC="0.95" CONTENT="velat"/>
						</TextLine>
						<TextLine ID="line_7" HPOS="211" VPOS="414" WIDTH="749" HEIGHT="30">
							<String ID="string_52" HPOS="211" VPOS="418" WIDTH="112" HEIGHT="22" WC="0.92" CONTENT="stadfästa"/><SP WIDTH="20" VPOS="418" HPOS="323"/>
							<String ID="string_53" HPOS="343" VPOS="417" WIDTH="39" HEIGHT="21" WC="0.96" CONTENT="det"/><SP WIDTH="19" VPOS="417" HPOS="382"/>
							<String ID="string_54" HPOS="401" VPOS="416" WIDTH="26" HEIGHT="23" WC="0.96" CONTENT="af"/><SP WIDTH="24" VPOS="416" HPOS="427"/>
							<String ID="string_55" HPOS="451" VPOS="420" WIDTH="52" HEIGHT="19" WC="0.92" CONTENT="1891"/><SP WIDTH="21" VPOS="420" HPOS="503"/>
							<String ID="string_56" HPOS="524" VPOS="418" WIDTH="36" HEIGHT="20" WC="0.93" CONTENT="års"/><SP WIDTH="19" VPOS="418" HPOS="560"/>
							<String ID="string_57" HPOS="579" VPOS="416" WIDTH="99" HEIGHT="22" WC="0.92" CONTENT="Ständer"/><SP WIDTH="26" VPOS="416" HPOS="678"/>
							<String ID="string_58" HPOS="704" VPOS="418" WIDTH="101" HEIGHT="26" WC="0.96" CONTENT="antagna"/><SP WIDTH="21" VPOS="418" HPOS="805"/>
							<String ID="string_59" HPOS="826" VPOS="414" WIDTH="134" HEIGHT="30" WC="0.96" CONTENT="lagförslag,"/>
						</TextLine>
						<TextLine ID="line_8" HPOS="211" VPOS="449" WIDTH="751" HEIGHT="30">
							<String ID="string_60" HPOS="211" VPOS="460" WIDTH="48" HEIGHT="15" WC="0.93" CONTENT="som"/><SP WIDTH="16" VPOS="460" HPOS="259"/>
							<String ID="string_61" HPOS="275" VPOS="452" WIDTH="69" HEIGHT="22" WC="0.90" CONTENT="afvek"/><SP WIDTH="14" VPOS="452" HPOS="344"/>
							<String ID="string_62" HPOS="358" VPOS="452" WIDTH="52" HEIGHT="21" WC="0.96" CONTENT="från"/><SP WIDTH="16" VPOS="452" HPOS="410"/>
							<String ID="string_63" HPOS="426" VPOS="451" WIDTH="39" HEIGHT="22" WC="0.93" CONTENT="det"/><SP WIDTH="15" VPOS="451" HPOS="465"/>
							<String ID="string_64" HPOS="480" VPOS="451" WIDTH="129" HEIGHT="22" WC="0.91" CONTENT="Ständerna"/><SP WIDTH="15" VPOS="451" HPOS="609"/>
							<String ID="string_65" HPOS="624" VPOS="451" WIDTH="119" HEIGHT="28" WC="0.92" CONTENT="förelagda"/><SP WIDTH="14" VPOS="451" HPOS="743"/>
							<String ID="string_66" HPOS="757" VPOS="450" WIDTH="88" HEIGHT="29" WC="0.92" CONTENT="förslag"/><SP WIDTH="16" VPOS="450" HPOS="845"/>
							<String ID="string_67" HPOS="861" VPOS="449" WIDTH="101" HEIGHT="22" WC="0.90" CONTENT="hufvud-"/>
						</TextLine>
						<TextLine ID="line_9" HPOS="211" VPOS="484" WIDTH="752" HEIGHT="32">
							<String ID="string_68" HPOS="211" VPOS="488" WIDTH="105" HEIGHT="28" WC="0.92" CONTENT="sakligen"/><SP WIDTH="20" VPOS="488" HPOS="316"/>
							<String ID="string_69" HPOS="336" VPOS="487" WIDTH="145" HEIGHT="27" WC="0.91" CONTENT="derutinnan,"/><SP WIDTH="19" VPOS="487" HPOS="481"/>
							<String ID="string_70" HPOS="500" VPOS="489" WIDTH="35" HEIGHT="19" WC="0.96" CONTENT="att"/><SP WIDTH="20" VPOS="489" HPOS="535"/>
							<String ID="string_71" HPOS="555" VPOS="486" WIDTH="178" HEIGHT="28" WC="0.96" CONTENT="bestämningen"/><SP WIDTH="23" VPOS="486" HPOS="733"/>
							<String ID="string_72" HPOS="756" VPOS="493" WIDTH="37" HEIGHT="14" WC="0.92" CONTENT="om"/><SP WIDTH="22" VPOS="493" HPOS="793"/>
							<String ID="string_73" HPOS="815" VPOS="484" WIDTH="148" HEIGHT="22" WC="0.91" CONTENT="utverkande"/>
						</TextLine>
						<TextLine ID="line_10" HPOS="210" VPOS="519" WIDTH="750" HEIGHT="30">
							<String ID="string_74" HPOS="210" VPOS="522" WIDTH="26" HEIGHT="21" WC="0.93" CONTENT="af"/><SP WIDTH="13" VPOS="522" HPOS="236"/>
							<String ID="string_75" HPOS="249" VPOS="523" WIDTH="112" HEIGHT="21" WC="0.91" CONTENT="Senatens"/><SP WIDTH="17" VPOS="523" HPOS="361"/>
							<String ID="string_76" HPOS="378" VPOS="521" WIDTH="146" HEIGHT="22" WC="0.91" CONTENT="stadfästelse"/><SP WIDTH="15" VPOS="521" HPOS="524"/>
							<String ID="string_77" HPOS="539" VPOS="521" WIDTH="13" HEIGHT="22" WC="0.92" CONTENT="å"/><SP WIDTH="16" VPOS="521" HPOS="552"/>
							<String ID="string_78" HPOS="568" VPOS="520" WIDTH="144" HEIGHT="29" WC="0.92" CONTENT="aktiebolags"/><SP WIDTH="17" VPOS="520" HPOS="712"/>
							<String ID="string_79" HPOS="729" VPOS="519" WIDTH="94" HEIGHT="29" WC="0.95" CONTENT="stadgar"/><SP WIDTH="9" VPOS="519" HPOS="823"/>
							<String ID="string_80" HPOS="832" VPOS="519" WIDTH="128" HEIGHT="22" WC="0.95" CONTENT="uteslutits."/>
						</TextLine>
						<TextLine ID="line_11" HPOS="210" VPOS="553" WIDTH="754" HEIGHT="32">
							<String ID="string_81" HPOS="210" VPOS="557" WIDTH="35" HEIGHT="21" WC="0.96" CONTENT="Då"/><SP WIDTH="14" VPOS="557" HPOS="245"/>
							<String ID="string_82" HPOS="259" VPOS="556" WIDTH="73" HEIGHT="21" WC="0.95" CONTENT="likväl"/><SP WIDTH="16" VPOS="556" HPOS="332"/>
							<String ID="string_83" HPOS="348" VPOS="563" WIDTH="32" HEIGHT="22" WC="0.96" CONTENT="ny"/><SP WIDTH="15" VPOS="563" HPOS="380"/>
							<String ID="string_84" HPOS="395" VPOS="556" WIDTH="39" HEIGHT="28" WC="0.96" CONTENT="lag"/><SP WIDTH="15" VPOS="556" HPOS="434"/>
							<String ID="string_85" HPOS="449" VPOS="556" WIDTH="35" HEIGHT="21" WC="0.96" CONTENT="uti"/><SP WIDTH="15" VPOS="556" HPOS="484"/>
							<String ID="string_86" HPOS="499" VPOS="555" WIDTH="176" HEIGHT="29" WC="0.96" CONTENT="ifrågavarande"/><SP WIDTH="18" VPOS="555" HPOS="675"/>
							<String ID="string_87" HPOS="693" VPOS="559" WIDTH="66" HEIGHT="17" WC="0.96" CONTENT="ämne"/><SP WIDTH="16" VPOS="559" HPOS="759"/>
							<String ID="string_88" HPOS="775" VPOS="556" WIDTH="86" HEIGHT="20" WC="0.96" CONTENT="ansetts"/><SP WIDTH="11" VPOS="556" HPOS="861"/>
							<String ID="string_89" HPOS="872" VPOS="561" WIDTH="54" HEIGHT="18" WC="0.96" CONTENT="vara"/><SP WIDTH="11" VPOS="561" HPOS="926"/>
							<String ID="string_90" HPOS="937" VPOS="553" WIDTH="27" HEIGHT="22" WC="0.96" CONTENT="af"/>
						</TextLine>
						<TextLine ID="line_12" HPOS="210" VPOS="588" WIDTH="751" HEIGHT="31">
							<String ID="string_91" HPOS="210" VPOS="591" WIDTH="110" HEIGHT="22" WC="0.92" CONTENT="behofvet"/><SP WIDTH="16" VPOS="591" HPOS="320"/>
							<String ID="string_92" HPOS="336" VPOS="591" WIDTH="113" HEIGHT="28" WC="0.95" CONTENT="påkallad,"/><SP WIDTH="17" VPOS="591" HPOS="449"/>
							<String ID="string_93" HPOS="466" VPOS="591" WIDTH="41" HEIGHT="21" WC="0.93" CONTENT="har"/><SP WIDTH="15" VPOS="591" HPOS="507"/>
							<String ID="string_94" HPOS="522" VPOS="591" WIDTH="72" HEIGHT="21" WC="0.91" CONTENT="Eders"/><SP WIDTH="13" VPOS="591" HPOS="594"/>
							<String ID="string_95" HPOS="607" VPOS="590" WIDTH="133" HEIGHT="29" WC="0.96" CONTENT="Kejserliga"/><SP WIDTH="9" VPOS="590" HPOS="740"/>
							<String ID="string_96" HPOS="749" VPOS="589" WIDTH="110" HEIGHT="29" WC="0.96" CONTENT="Majestät"/><SP WIDTH="15" VPOS="589" HPOS="859"/>
							<String ID="string_97" HPOS="874" VPOS="589" WIDTH="8" HEIGHT="21" WC="0.92" CONTENT="i"/><SP WIDTH="8" VPOS="589" HPOS="882"/>
							<String ID="string_98" HPOS="890" VPOS="588" WIDTH="71" HEIGHT="29" WC="0.92" CONTENT="nådig"/>
						</TextLine>
						<TextLine ID="line_13" HPOS="210" VPOS="624" WIDTH="752" HEIGHT="31">
							<String ID="string_99" HPOS="210" VPOS="626" WIDTH="145" HEIGHT="29" WC="0.96" CONTENT="proposition"/><SP WIDTH="20" VPOS="626" HPOS="355"/>
							<String ID="string_100" HPOS="375" VPOS="626" WIDTH="37" HEIGHT="21" WC="0.96" CONTENT="till"/><SP WIDTH="19" VPOS="626" HPOS="412"/>
							<String ID="string_101" HPOS="431" VPOS="633" WIDTH="32" HEIGHT="14" WC="0.96" CONTENT="nu"/><SP WIDTH="20" VPOS="633" HPOS="463"/>
							<String ID="string_102" HPOS="483" VPOS="625" WIDTH="137" HEIGHT="22" WC="0.93" CONTENT="församlade"/><SP WIDTH="19" VPOS="625" HPOS="620"/>
							<String ID="string_103" HPOS="639" VPOS="624" WIDTH="98" HEIGHT="23" WC="0.92" CONTENT="Ständer"/><SP WIDTH="22" VPOS="624" HPOS="737"/>
							<String ID="string_104" HPOS="759" VPOS="624" WIDTH="153" HEIGHT="22" WC="0.91" CONTENT="öfverlemnat"/><SP WIDTH="16" VPOS="624" HPOS="912"/>
							<String ID="string_105" HPOS="928" VPOS="625" WIDTH="34" HEIGHT="19" WC="0.96" CONTENT="ett"/>
						</TextLine>
						<TextLine ID="line_14" HPOS="210" VPOS="657" WIDTH="752" HEIGHT="32">
							<String ID="string_106" HPOS="210" VPOS="661" WIDTH="30" HEIGHT="28" WC="0.96" CONTENT="på"/><SP WIDTH="19" VPOS="661" HPOS="240"/>
							<String ID="string_107" HPOS="259" VPOS="662" WIDTH="111" HEIGHT="27" WC="0.96" CONTENT="systemet"/><SP WIDTH="16" VPOS="662" HPOS="370"/>
							<String ID="string_108" HPOS="386" VPOS="659" WIDTH="25" HEIGHT="23" WC="0.92" CONTENT="af"/><SP WIDTH="14" VPOS="659" HPOS="411"/>
							<String ID="string_109" HPOS="425" VPOS="660" WIDTH="112" HEIGHT="22" WC="0.92" CONTENT="Senatens"/><SP WIDTH="17" VPOS="660" HPOS="537"/>
							<String ID="string_110" HPOS="554" VPOS="660" WIDTH="109" HEIGHT="22" WC="0.93" CONTENT="sanktion"/><SP WIDTH="16" VPOS="660" HPOS="663"/>
							<String ID="string_111" HPOS="679" VPOS="660" WIDTH="14" HEIGHT="21" WC="0.90" CONTENT="å"/><SP WIDTH="15" VPOS="660" HPOS="693"/>
							<String ID="string_112" HPOS="708" VPOS="659" WIDTH="144" HEIGHT="28" WC="0.91" CONTENT="aktiebolags"/><SP WIDTH="16" VPOS="659" HPOS="852"/>
							<String ID="string_113" HPOS="868" VPOS="657" WIDTH="94" HEIGHT="29" WC="0.95" CONTENT="stadgar"/>
						</TextLine>
						<TextLine ID="line_15" HPOS="210" VPOS="694" WIDTH="536" HEIGHT="29">
							<String ID="string_114" HPOS="210" VPOS="695" WIDTH="116" HEIGHT="28" WC="0.91" CONTENT="grundadt"/><SP WIDTH="18" VPOS="695" HPOS="326"/>
							<String ID="string_115" HPOS="344" VPOS="695" WIDTH="88" HEIGHT="28" WC="0.96" CONTENT="förslag"/><SP WIDTH="17" VPOS="695" HPOS="432"/>
							<String ID="string_116" HPOS="449" VPOS="695" WIDTH="37" HEIGHT="20" WC="0.96" CONTENT="till"/><SP WIDTH="15" VPOS="695" HPOS="486"/>
							<String ID="string_117" HPOS="501" VPOS="695" WIDTH="39" HEIGHT="28" WC="0.96" CONTENT="lag"/><SP WIDTH="15" VPOS="695" HPOS="540"/>
							<String ID="string_118" HPOS="555" VPOS="701" WIDTH="37" HEIGHT="15" WC="0.96" CONTENT="om"/><SP WIDTH="15" VPOS="701" HPOS="592"/>
							<String ID="string_119" HPOS="607" VPOS="694" WIDTH="139" HEIGHT="28" WC="0.96" CONTENT="aktiebolag."/>
						</TextLine>
					</TextBlock>
				</ComposedBlock>
				<ComposedBlock ID="cblock_2" HPOS="207" VPOS="860" WIDTH="773" HEIGHT="617">
					<TextBlock ID="block_3" HPOS="208" VPOS="860" WIDTH="756" HEIGHT="135">
						<TextLine ID="line_16" HPOS="278" VPOS="860" WIDTH="686" HEIGHT="31">
							<String ID="string_120" HPOS="278" VPOS="863" WIDTH="46" HEIGHT="22" WC="0.96" CONTENT="Vid"/><SP WIDTH="19" VPOS="863" HPOS="324"/>
							<String ID="string_121" HPOS="343" VPOS="862" WIDTH="206" HEIGHT="29" WC="0.96" CONTENT="handläggningen"/><SP WIDTH="20" VPOS="862" HPOS="549"/>
							<String ID="string_122" HPOS="569" VPOS="861" WIDTH="26" HEIGHT="23" WC="0.96" CONTENT="af"/><SP WIDTH="15" VPOS="861" HPOS="595"/>
							<String ID="string_123" HPOS="610" VPOS="861" WIDTH="63" HEIGHT="22" WC="0.96" CONTENT="detta"/><SP WIDTH="18" VPOS="861" HPOS="673"/>
							<String ID="string_124" HPOS="691" VPOS="861" WIDTH="90" HEIGHT="29" WC="0.96" CONTENT="förslag"/><SP WIDTH="15" VPOS="861" HPOS="781"/>
							<String ID="string_125" HPOS="796" VPOS="862" WIDTH="41" HEIGHT="21" WC="0.93" CONTENT="har"/><SP WIDTH="16" VPOS="862" HPOS="837"/>
							<String ID="string_126" HPOS="853" VPOS="860" WIDTH="111" HEIGHT="23" WC="0.92" CONTENT="Ständer-"/>
						</TextLine>
						<TextLine ID="line_17" HPOS="210" VPOS="896" WIDTH="752" HEIGHT="30">
							<String ID="string_127" HPOS="210" VPOS="906" WIDTH="41" HEIGHT="14" WC="0.96" CONTENT="nas"/><SP WIDTH="22" VPOS="906" HPOS="251"/>
							<String ID="string_128" HPOS="273" VPOS="897" WIDTH="204" HEIGHT="29" WC="0.96" CONTENT="uppmärksamhet"/><SP WIDTH="21" VPOS="897" HPOS="477"/>
							<String ID="string_129" HPOS="498" VPOS="898" WIDTH="8" HEIGHT="20" WC="0.96" CONTENT="i"/><SP WIDTH="19" VPOS="898" HPOS="506"/>
							<String ID="string_130" HPOS="525" VPOS="897" WIDTH="96" HEIGHT="21" WC="0.96" CONTENT="främsta"/><SP WIDTH="19" VPOS="897" HPOS="621"/>
							<String ID="string_131" HPOS="640" VPOS="898" WIDTH="98" HEIGHT="20" WC="0.95" CONTENT="rummet"/><SP WIDTH="21" VPOS="898" HPOS="738"/>
							<String ID="string_132" HPOS="759" VPOS="897" WIDTH="60" HEIGHT="21" WC="0.95" CONTENT="varit"/><SP WIDTH="20" VPOS="897" HPOS="819"/>
							<String ID="string_133" HPOS="839" VPOS="896" WIDTH="78" HEIGHT="22" WC="0.96" CONTENT="riktad"/><SP WIDTH="15" VPOS="896" HPOS="917"/>
							<String ID="string_134" HPOS="932" VPOS="896" WIDTH="30" HEIGHT="28" WC="0.96" CONTENT="på"/>
						</TextLine>
						<TextLine ID="line_18" HPOS="208" VPOS="930" WIDTH="753" HEIGHT="31">
							<String ID="string_135" HPOS="208" VPOS="932" WIDTH="82" HEIGHT="29" WC="0.96" CONTENT="frågan"/><SP WIDTH="24" VPOS="932" HPOS="290"/>
							<String ID="string_136" HPOS="314" VPOS="940" WIDTH="37" HEIGHT="14" WC="0.93" CONTENT="om"/><SP WIDTH="16" VPOS="940" HPOS="351"/>
							<String ID="string_137" HPOS="367" VPOS="932" WIDTH="113" HEIGHT="22" WC="0.92" CONTENT="Senatens"/><SP WIDTH="14" VPOS="932" HPOS="480"/>
							<String ID="string_138" HPOS="494" VPOS="934" WIDTH="47" HEIGHT="19" WC="0.96" CONTENT="rätt"/><SP WIDTH="15" VPOS="934" HPOS="541"/>
							<String ID="string_139" HPOS="556" VPOS="934" WIDTH="35" HEIGHT="19" WC="0.96" CONTENT="att"/><SP WIDTH="14" VPOS="934" HPOS="591"/>
							<String ID="string_140" HPOS="605" VPOS="931" WIDTH="104" HEIGHT="22" WC="0.96" CONTENT="meddela"/><SP WIDTH="16" VPOS="931" HPOS="709"/>
							<String ID="string_141" HPOS="725" VPOS="932" WIDTH="109" HEIGHT="21" WC="0.92" CONTENT="sanktion"/><SP WIDTH="10" VPOS="932" HPOS="834"/>
							<String ID="string_142" HPOS="844" VPOS="931" WIDTH="13" HEIGHT="22" WC="0.92" CONTENT="å"/><SP WIDTH="14" VPOS="931" HPOS="857"/>
							<String ID="string_143" HPOS="871" VPOS="930" WIDTH="90" HEIGHT="29" WC="0.93" CONTENT="bolags-"/>
						</TextLine>
						<TextLine ID="line_19" HPOS="210" VPOS="966" WIDTH="606" HEIGHT="29">
							<String ID="string_144" HPOS="210" VPOS="967" WIDTH="99" HEIGHT="28" WC="0.96" CONTENT="ordning"/><SP WIDTH="14" VPOS="967" HPOS="309"/>
							<String ID="string_145" HPOS="323" VPOS="966" WIDTH="143" HEIGHT="22" WC="0.96" CONTENT="fortfarande"/><SP WIDTH="16" VPOS="966" HPOS="466"/>
							<String ID="string_146" HPOS="482" VPOS="966" WIDTH="59" HEIGHT="22" WC="0.96" CONTENT="skall"/><SP WIDTH="16" VPOS="966" HPOS="541"/>
							<String ID="string_147" HPOS="557" VPOS="974" WIDTH="66" HEIGHT="14" WC="0.96" CONTENT="anses"/><SP WIDTH="15" VPOS="974" HPOS="623"/>
							<String ID="string_148" HPOS="638" VPOS="974" WIDTH="55" HEIGHT="14" WC="0.93" CONTENT="vara"/><SP WIDTH="15" VPOS="974" HPOS="693"/>
							<String ID="string_149" HPOS="708" VPOS="966" WIDTH="108" HEIGHT="28" WC="0.91" CONTENT="behöflig."/>
						</TextLine>
					</TextBlock>
					<TextBlock ID="block_4" HPOS="207" VPOS="1000" WIDTH="773" HEIGHT="477">
						<TextLine ID="line_20" HPOS="277" VPOS="1000" WIDTH="685" HEIGHT="29">
							<String ID="string_150" HPOS="277" VPOS="1002" WIDTH="46" HEIGHT="21" WC="0.96" CONTENT="Det"/><SP WIDTH="21" VPOS="1002" HPOS="323"/>
							<String ID="string_151" HPOS="344" VPOS="1001" WIDTH="131" HEIGHT="28" WC="0.96" CONTENT="väsentliga"/><SP WIDTH="20" VPOS="1001" HPOS="475"/>
							<String ID="string_152" HPOS="495" VPOS="1002" WIDTH="8" HEIGHT="20" WC="0.96" CONTENT="i"/><SP WIDTH="20" VPOS="1002" HPOS="503"/>
							<String ID="string_153" HPOS="523" VPOS="1001" WIDTH="76" HEIGHT="21" WC="0.96" CONTENT="denna"/><SP WIDTH="21" VPOS="1001" HPOS="599"/>
							<String ID="string_154" HPOS="620" VPOS="1003" WIDTH="47" HEIGHT="19" WC="0.96" CONTENT="rätt"/><SP WIDTH="18" VPOS="1003" HPOS="667"/>
							<String ID="string_155" HPOS="685" VPOS="1001" WIDTH="76" HEIGHT="28" WC="0.96" CONTENT="ligger"/><SP WIDTH="15" VPOS="1001" HPOS="761"/>
							<String ID="string_156" HPOS="776" VPOS="1001" WIDTH="8" HEIGHT="21" WC="0.96" CONTENT="i"/><SP WIDTH="15" VPOS="1001" HPOS="784"/>
							<String ID="string_157" HPOS="799" VPOS="1000" WIDTH="45" HEIGHT="22" WC="0.96" CONTENT="den"/><SP WIDTH="16" VPOS="1000" HPOS="844"/>
							<String ID="string_158" HPOS="860" VPOS="1000" WIDTH="102" HEIGHT="22" WC="0.95" CONTENT="Senaten"/>
						</TextLine>
						<TextLine ID="line_21" HPOS="209" VPOS="1034" WIDTH="751" HEIGHT="31">
							<String ID="string_159" HPOS="209" VPOS="1036" WIDTH="97" HEIGHT="29" WC="0.90" CONTENT="tillagda"/><SP WIDTH="24" VPOS="1036" HPOS="306"/>
							<String ID="string_160" HPOS="330" VPOS="1036" WIDTH="170" HEIGHT="28" WC="0.90" CONTENT="befogenheten"/><SP WIDTH="29" VPOS="1036" HPOS="500"/>
							<String ID="string_161" HPOS="529" VPOS="1038" WIDTH="34" HEIGHT="19" WC="0.93" CONTENT="att"/><SP WIDTH="22" VPOS="1038" HPOS="563"/>
							<String ID="string_162" HPOS="585" VPOS="1035" WIDTH="92" HEIGHT="22" WC="0.93" CONTENT="utöfver"/><SP WIDTH="22" VPOS="1035" HPOS="677"/>
							<String ID="string_163" HPOS="699" VPOS="1035" WIDTH="80" HEIGHT="29" WC="0.96" CONTENT="lagens"/><SP WIDTH="23" VPOS="1035" HPOS="779"/>
							<String ID="string_164" HPOS="802" VPOS="1035" WIDTH="43" HEIGHT="22" WC="0.92" CONTENT="och"/><SP WIDTH="22" VPOS="1035" HPOS="845"/>
							<String ID="string_165" HPOS="867" VPOS="1034" WIDTH="93" HEIGHT="29" WC="0.91" CONTENT="bolags-"/>
						</TextLine>
						<TextLine ID="line_22" HPOS="209" VPOS="1069" WIDTH="752" HEIGHT="30">
							<String ID="string_166" HPOS="209" VPOS="1070" WIDTH="141" HEIGHT="29" WC="0.96" CONTENT="ordningens"/><SP WIDTH="16" VPOS="1070" HPOS="350"/>
							<String ID="string_167" HPOS="366" VPOS="1070" WIDTH="103" HEIGHT="22" WC="0.96" CONTENT="innehåll"/><SP WIDTH="15" VPOS="1070" HPOS="469"/>
							<String ID="string_168" HPOS="484" VPOS="1070" WIDTH="104" HEIGHT="22" WC="0.96" CONTENT="meddela"/><SP WIDTH="14" VPOS="1070" HPOS="588"/>
							<String ID="string_169" HPOS="602" VPOS="1070" WIDTH="37" HEIGHT="22" WC="0.96" CONTENT="för"/><SP WIDTH="9" VPOS="1070" HPOS="639"/>
							<String ID="string_170" HPOS="648" VPOS="1070" WIDTH="80" HEIGHT="29" WC="0.93" CONTENT="hvarje"/><SP WIDTH="11" VPOS="1070" HPOS="728"/>
							<String ID="string_171" HPOS="739" VPOS="1070" WIDTH="73" HEIGHT="22" WC="0.91" CONTENT="skildt"/><SP WIDTH="9" VPOS="1070" HPOS="812"/>
							<String ID="string_172" HPOS="821" VPOS="1070" WIDTH="43" HEIGHT="22" WC="0.96" CONTENT="fall"/><SP WIDTH="11" VPOS="1070" HPOS="864"/>
							<String ID="string_173" HPOS="875" VPOS="1069" WIDTH="86" HEIGHT="22" WC="0.96" CONTENT="sådana"/>
						</TextLine>
						<TextLine ID="line_23" HPOS="208" VPOS="1104" WIDTH="757" HEIGHT="29">
							<String ID="string_174" HPOS="208" VPOS="1105" WIDTH="136" HEIGHT="28" WC="0.96" CONTENT="ytterligare"/><SP WIDTH="18" VPOS="1105" HPOS="344"/>
							<String ID="string_175" HPOS="362" VPOS="1104" WIDTH="152" HEIGHT="28" WC="0.96" CONTENT="föreskrifter,"/><SP WIDTH="20" VPOS="1104" HPOS="514"/>
							<String ID="string_176" HPOS="534" VPOS="1112" WIDTH="49" HEIGHT="14" WC="0.96" CONTENT="som"/><SP WIDTH="15" VPOS="1112" HPOS="583"/>
							<String ID="string_177" HPOS="598" VPOS="1104" WIDTH="126" HEIGHT="28" WC="0.96" CONTENT="företagets"/><SP WIDTH="16" VPOS="1104" HPOS="724"/>
							<String ID="string_178" HPOS="740" VPOS="1104" WIDTH="56" HEIGHT="22" WC="0.95" CONTENT="vidd"/><SP WIDTH="15" VPOS="1104" HPOS="796"/>
							<String ID="string_179" HPOS="811" VPOS="1104" WIDTH="44" HEIGHT="22" WC="0.93" CONTENT="och"/><SP WIDTH="15" VPOS="1104" HPOS="855"/>
							<String ID="string_180" HPOS="870" VPOS="1104" WIDTH="95" HEIGHT="22" WC="0.92" CONTENT="beskaf-"/>
						</TextLine>
						<TextLine ID="line_24" HPOS="208" VPOS="1138" WIDTH="753" HEIGHT="30">
							<String ID="string_181" HPOS="208" VPOS="1139" WIDTH="81" HEIGHT="22" WC="0.92" CONTENT="fenhet"/><SP WIDTH="21" VPOS="1139" HPOS="289"/>
							<String ID="string_182" HPOS="310" VPOS="1146" WIDTH="67" HEIGHT="14" WC="0.96" CONTENT="anses"/><SP WIDTH="19" VPOS="1146" HPOS="377"/>
							<String ID="string_183" HPOS="396" VPOS="1139" WIDTH="99" HEIGHT="29" WC="0.95" CONTENT="påkalla."/><SP WIDTH="30" VPOS="1139" HPOS="495"/>
							<String ID="string_184" HPOS="525" VPOS="1138" WIDTH="148" HEIGHT="22" WC="0.93" CONTENT="Beträffande"/><SP WIDTH="22" VPOS="1138" HPOS="673"/>
							<String ID="string_185" HPOS="695" VPOS="1138" WIDTH="102" HEIGHT="29" WC="0.92" CONTENT="antydda"/><SP WIDTH="22" VPOS="1138" HPOS="797"/>
							<String ID="string_186" HPOS="819" VPOS="1138" WIDTH="142" HEIGHT="29" WC="0.96" CONTENT="befogenhet"/>
						</TextLine>
						<TextLine ID="line_25" HPOS="208" VPOS="1171" WIDTH="753" HEIGHT="31">
							<String ID="string_187" HPOS="208" VPOS="1182" WIDTH="55" HEIGHT="14" WC="0.93" CONTENT="anse"/><SP WIDTH="21" VPOS="1182" HPOS="263"/>
							<String ID="string_188" HPOS="284" VPOS="1174" WIDTH="134" HEIGHT="28" WC="0.92" CONTENT="Ständerna,"/><SP WIDTH="20" VPOS="1174" HPOS="418"/>
							<String ID="string_189" HPOS="438" VPOS="1174" WIDTH="8" HEIGHT="21" WC="0.96" CONTENT="i"/><SP WIDTH="20" VPOS="1174" HPOS="446"/>
							<String ID="string_190" HPOS="466" VPOS="1171" WIDTH="75" HEIGHT="24" WC="0.96" CONTENT="likhet"/><SP WIDTH="19" VPOS="1171" HPOS="541"/>
							<String ID="string_191" HPOS="560" VPOS="1173" WIDTH="52" HEIGHT="22" WC="0.96" CONTENT="med"/><SP WIDTH="19" VPOS="1173" HPOS="612"/>
							<String ID="string_192" HPOS="631" VPOS="1176" WIDTH="52" HEIGHT="20" WC="0.96" CONTENT="1891"/><SP WIDTH="23" VPOS="1176" HPOS="683"/>
							<String ID="string_193" HPOS="706" VPOS="1174" WIDTH="36" HEIGHT="21" WC="0.93" CONTENT="års"/><SP WIDTH="21" VPOS="1174" HPOS="742"/>
							<String ID="string_194" HPOS="763" VPOS="1173" WIDTH="105" HEIGHT="28" WC="0.91" CONTENT="Ständer,"/><SP WIDTH="21" VPOS="1173" HPOS="868"/>
							<String ID="string_195" HPOS="889" VPOS="1174" WIDTH="72" HEIGHT="27" WC="0.95" CONTENT="något"/>
						</TextLine>
						<TextLine ID="line_26" HPOS="209" VPOS="1207" WIDTH="752" HEIGHT="23">
							<String ID="string_196" HPOS="209" VPOS="1209" WIDTH="50" HEIGHT="21" WC="0.96" CONTENT="skäl"/><SP WIDTH="18" VPOS="1209" HPOS="259"/>
							<String ID="string_197" HPOS="277" VPOS="1208" WIDTH="51" HEIGHT="22" WC="0.95" CONTENT="icke"/><SP WIDTH="15" VPOS="1208" HPOS="328"/>
							<String ID="string_198" HPOS="343" VPOS="1208" WIDTH="79" HEIGHT="22" WC="0.93" CONTENT="vidare"/><SP WIDTH="15" VPOS="1208" HPOS="422"/>
							<String ID="string_199" HPOS="437" VPOS="1208" WIDTH="124" HEIGHT="22" WC="0.92" CONTENT="förefinnas"/><SP WIDTH="16" VPOS="1208" HPOS="561"/>
							<String ID="string_200" HPOS="577" VPOS="1210" WIDTH="34" HEIGHT="20" WC="0.96" CONTENT="att"/><SP WIDTH="15" VPOS="1210" HPOS="611"/>
							<String ID="string_201" HPOS="626" VPOS="1208" WIDTH="116" HEIGHT="21" WC="0.96" CONTENT="bibehålla"/><SP WIDTH="15" VPOS="1208" HPOS="742"/>
							<String ID="string_202" HPOS="757" VPOS="1207" WIDTH="138" HEIGHT="23" WC="0.95" CONTENT="densamma."/><SP WIDTH="23" VPOS="1207" HPOS="895"/>
							<String ID="string_203" HPOS="918" VPOS="1207" WIDTH="43" HEIGHT="22" WC="0.95" CONTENT="Uti"/>
						</TextLine>
						<TextLine ID="line_27" HPOS="208" VPOS="1242" WIDTH="752" HEIGHT="28">
							<String ID="string_204" HPOS="208" VPOS="1243" WIDTH="46" HEIGHT="21" WC="0.96" CONTENT="alla"/><SP WIDTH="17" VPOS="1243" HPOS="254"/>
							<String ID="string_205" HPOS="271" VPOS="1242" WIDTH="86" HEIGHT="27" WC="0.96" CONTENT="länder,"/><SP WIDTH="19" VPOS="1242" HPOS="357"/>
							<String ID="string_206" HPOS="376" VPOS="1242" WIDTH="8" HEIGHT="22" WC="0.96" CONTENT="i"/><SP WIDTH="16" VPOS="1242" HPOS="384"/>
							<String ID="string_207" HPOS="400" VPOS="1242" WIDTH="80" HEIGHT="22" WC="0.96" CONTENT="hvilka"/><SP WIDTH="14" VPOS="1242" HPOS="480"/>
							<String ID="string_208" HPOS="494" VPOS="1250" WIDTH="47" HEIGHT="20" WC="0.93" CONTENT="nya"/><SP WIDTH="15" VPOS="1250" HPOS="541"/>
							<String ID="string_209" HPOS="556" VPOS="1242" WIDTH="127" HEIGHT="28" WC="0.91" CONTENT="aktielagar"/><SP WIDTH="14" VPOS="1242" HPOS="683"/>
							<String ID="string_210" HPOS="697" VPOS="1242" WIDTH="108" HEIGHT="28" WC="0.96" CONTENT="antagits,"/><SP WIDTH="16" VPOS="1242" HPOS="805"/>
							<String ID="string_211" HPOS="821" VPOS="1242" WIDTH="42" HEIGHT="21" WC="0.93" CONTENT="har"/><SP WIDTH="15" VPOS="1242" HPOS="863"/>
							<String ID="string_212" HPOS="878" VPOS="1242" WIDTH="82" HEIGHT="28" WC="0.92" CONTENT="styrel-"/>
						</TextLine>
						<TextLine ID="line_28" HPOS="209" VPOS="1274" WIDTH="754" HEIGHT="29">
							<String ID="string_213" HPOS="209" VPOS="1283" WIDTH="52" HEIGHT="14" WC="0.96" CONTENT="sens"/><SP WIDTH="11" VPOS="1283" HPOS="261"/>
							<String ID="string_214" HPOS="272" VPOS="1276" WIDTH="110" HEIGHT="20" WC="0.95" CONTENT="sanktion"/><SP WIDTH="8" VPOS="1276" HPOS="382"/>
							<String ID="string_215" HPOS="390" VPOS="1275" WIDTH="26" HEIGHT="21" WC="0.93" CONTENT="af"/><SP WIDTH="5" VPOS="1275" HPOS="416"/>
							<String ID="string_216" HPOS="421" VPOS="1276" WIDTH="182" HEIGHT="27" WC="0.91" CONTENT="bolagsordning"/><SP WIDTH="7" VPOS="1276" HPOS="603"/>
							<String ID="string_217" HPOS="610" VPOS="1275" WIDTH="46" HEIGHT="21" WC="0.93" CONTENT="fått"/><SP WIDTH="8" VPOS="1275" HPOS="656"/>
							<String ID="string_218" HPOS="664" VPOS="1275" WIDTH="114" HEIGHT="21" WC="0.90" CONTENT="bortfalla."/><SP WIDTH="17" VPOS="1275" HPOS="778"/>
							<String ID="string_219" HPOS="795" VPOS="1275" WIDTH="70" HEIGHT="21" WC="0.96" CONTENT="Detta"/><SP WIDTH="9" VPOS="1275" HPOS="865"/>
							<String ID="string_220" HPOS="874" VPOS="1274" WIDTH="89" HEIGHT="22" WC="0.95" CONTENT="skedde"/>
						</TextLine>
						<TextLine ID="line_29" HPOS="208" VPOS="1308" WIDTH="754" HEIGHT="29">
							<String ID="string_221" HPOS="208" VPOS="1309" WIDTH="140" HEIGHT="28" WC="0.96" CONTENT="exempelvis"/><SP WIDTH="16" VPOS="1309" HPOS="348"/>
							<String ID="string_222" HPOS="364" VPOS="1309" WIDTH="8" HEIGHT="21" WC="0.96" CONTENT="i"/><SP WIDTH="16" VPOS="1309" HPOS="372"/>
							<String ID="string_223" HPOS="388" VPOS="1308" WIDTH="120" HEIGHT="29" WC="0.96" CONTENT="Tyskland"/><SP WIDTH="15" VPOS="1308" HPOS="508"/>
							<String ID="string_224" HPOS="523" VPOS="1308" WIDTH="71" HEIGHT="22" WC="0.96" CONTENT="redan"/><SP WIDTH="17" VPOS="1308" HPOS="594"/>
							<String ID="string_225" HPOS="611" VPOS="1312" WIDTH="60" HEIGHT="24" WC="0.95" CONTENT="1870,"/><SP WIDTH="15" VPOS="1312" HPOS="671"/>
							<String ID="string_226" HPOS="686" VPOS="1311" WIDTH="57" HEIGHT="19" WC="0.96" CONTENT="utan"/><SP WIDTH="16" VPOS="1311" HPOS="743"/>
							<String ID="string_227" HPOS="759" VPOS="1310" WIDTH="34" HEIGHT="20" WC="0.96" CONTENT="att"/><SP WIDTH="15" VPOS="1310" HPOS="793"/>
							<String ID="string_228" HPOS="808" VPOS="1316" WIDTH="53" HEIGHT="14" WC="0.96" CONTENT="man"/><SP WIDTH="15" VPOS="1316" HPOS="861"/>
							<String ID="string_229" HPOS="876" VPOS="1308" WIDTH="26" HEIGHT="22" WC="0.96" CONTENT="af"/><SP WIDTH="14" VPOS="1308" HPOS="902"/>
							<String ID="string_230" HPOS="916" VPOS="1308" WIDTH="46" HEIGHT="21" WC="0.96" CONTENT="den"/>
						</TextLine>
						<TextLine ID="line_30" HPOS="208" VPOS="1342" WIDTH="755" HEIGHT="30">
							<String ID="string_231" HPOS="208" VPOS="1346" WIDTH="62" HEIGHT="20" WC="0.96" CONTENT="stora"/><SP WIDTH="15" VPOS="1346" HPOS="270"/>
							<String ID="string_232" HPOS="285" VPOS="1343" WIDTH="43" HEIGHT="22" WC="0.96" CONTENT="och"/><SP WIDTH="13" VPOS="1343" HPOS="328"/>
							<String ID="string_233" HPOS="341" VPOS="1343" WIDTH="8" HEIGHT="21" WC="0.96" CONTENT="i"/><SP WIDTH="11" VPOS="1343" HPOS="349"/>
							<String ID="string_234" HPOS="360" VPOS="1342" WIDTH="140" HEIGHT="23" WC="0.96" CONTENT="vidsträckta"/><SP WIDTH="11" VPOS="1342" HPOS="500"/>
							<String ID="string_235" HPOS="511" VPOS="1343" WIDTH="89" HEIGHT="22" WC="0.96" CONTENT="kretsar"/><SP WIDTH="10" VPOS="1343" HPOS="600"/>
							<String ID="string_236" HPOS="610" VPOS="1342" WIDTH="26" HEIGHT="23" WC="0.96" CONTENT="af"/><SP WIDTH="7" VPOS="1342" HPOS="636"/>
							<String ID="string_237" HPOS="643" VPOS="1343" WIDTH="168" HEIGHT="28" WC="0.95" CONTENT="befolkningen"/><SP WIDTH="11" VPOS="1343" HPOS="811"/>
							<String ID="string_238" HPOS="822" VPOS="1343" WIDTH="141" HEIGHT="29" WC="0.95" CONTENT="ingripande"/>
						</TextLine>
						<TextLine ID="line_31" HPOS="208" VPOS="1378" WIDTH="754" HEIGHT="29">
							<String ID="string_239" HPOS="208" VPOS="1378" WIDTH="161" HEIGHT="27" WC="0.91" CONTENT="aktiesvindel,"/><SP WIDTH="19" VPOS="1378" HPOS="369"/>
							<String ID="string_240" HPOS="388" VPOS="1385" WIDTH="48" HEIGHT="15" WC="0.96" CONTENT="som"/><SP WIDTH="19" VPOS="1385" HPOS="436"/>
							<String ID="string_241" HPOS="455" VPOS="1378" WIDTH="59" HEIGHT="22" WC="0.96" CONTENT="efter"/><SP WIDTH="17" VPOS="1378" HPOS="514"/>
							<String ID="string_242" HPOS="531" VPOS="1378" WIDTH="39" HEIGHT="22" WC="0.96" CONTENT="det"/><SP WIDTH="15" VPOS="1378" HPOS="570"/>
							<String ID="string_243" HPOS="585" VPOS="1378" WIDTH="160" HEIGHT="28" WC="0.96" CONTENT="fransk-tyska"/><SP WIDTH="15" VPOS="1378" HPOS="745"/>
							<String ID="string_244" HPOS="760" VPOS="1378" WIDTH="77" HEIGHT="28" WC="0.96" CONTENT="kriget"/><SP WIDTH="15" VPOS="1378" HPOS="837"/>
							<String ID="string_245" HPOS="852" VPOS="1378" WIDTH="110" HEIGHT="29" WC="0.96" CONTENT="uppstod,"/>
						</TextLine>
						<TextLine ID="line_32" HPOS="207" VPOS="1413" WIDTH="753" HEIGHT="29">
							<String ID="string_246" HPOS="207" VPOS="1413" WIDTH="58" HEIGHT="23" WC="0.95" CONTENT="fann"/><SP WIDTH="16" VPOS="1413" HPOS="265"/>
							<String ID="string_247" HPOS="281" VPOS="1413" WIDTH="37" HEIGHT="29" WC="0.95" CONTENT="sig"/><SP WIDTH="9" VPOS="1413" HPOS="318"/>
							<String ID="string_248" HPOS="327" VPOS="1413" WIDTH="130" HEIGHT="22" WC="0.96" CONTENT="föranlåten"/><SP WIDTH="10" VPOS="1413" HPOS="457"/>
							<String ID="string_249" HPOS="467" VPOS="1415" WIDTH="35" HEIGHT="19" WC="0.96" CONTENT="att"/><SP WIDTH="9" VPOS="1415" HPOS="502"/>
							<String ID="string_250" HPOS="511" VPOS="1413" WIDTH="80" HEIGHT="29" WC="0.96" CONTENT="återgå"/><SP WIDTH="7" VPOS="1413" HPOS="591"/>
							<String ID="string_251" HPOS="598" VPOS="1413" WIDTH="38" HEIGHT="21" WC="0.93" CONTENT="till"/><SP WIDTH="8" VPOS="1413" HPOS="636"/>
							<String ID="string_252" HPOS="644" VPOS="1413" WIDTH="269" HEIGHT="29" WC="0.90" CONTENT="koncessionssystemet,"/><SP WIDTH="10" VPOS="1413" HPOS="913"/>
							<String ID="string_253" HPOS="923" VPOS="1420" WIDTH="37" HEIGHT="14" WC="0.96" CONTENT="om"/>
						</TextLine>
						<TextLine ID="line_33" HPOS="208" VPOS="1448" WIDTH="772" HEIGHT="29">
							<String ID="string_254" HPOS="208" VPOS="1449" WIDTH="68" HEIGHT="21" WC="0.93" CONTENT="hvars"/><SP WIDTH="16" VPOS="1449" HPOS="276"/>
							<String ID="string_255" HPOS="292" VPOS="1448" WIDTH="194" HEIGHT="22" WC="0.92" CONTENT="ändamålslöshet"/><SP WIDTH="14" VPOS="1448" HPOS="486"/>
							<String ID="string_256" HPOS="500" VPOS="1456" WIDTH="53" HEIGHT="14" WC="0.96" CONTENT="man"/><SP WIDTH="15" VPOS="1456" HPOS="553"/>
							<String ID="string_257" HPOS="568" VPOS="1448" WIDTH="73" HEIGHT="22" WC="0.96" CONTENT="under"/><SP WIDTH="14" VPOS="1448" HPOS="641"/>
							<String ID="string_258" HPOS="655" VPOS="1448" WIDTH="139" HEIGHT="29" WC="0.96" CONTENT="föregående"/><SP WIDTH="11" VPOS="1448" HPOS="794"/>
							<String ID="string_259" HPOS="805" VPOS="1448" WIDTH="60" HEIGHT="22" WC="0.96" CONTENT="tider"/><SP WIDTH="10" VPOS="1448" HPOS="865"/>
							<String ID="string_260" HPOS="875" VPOS="1448" WIDTH="89" HEIGHT="22" WC="0.80" CONTENT="vunnit"/><SP WIDTH="12" VPOS="1448" HPOS="964"/>
							<String ID="string_261" HPOS="976" VPOS="1464" WIDTH="4" HEIGHT="4" WC="0.92" CONTENT="."/>
						</TextLine>
					</TextBlock>
				</ComposedBlock>
			</PrintSpace>
		</Page>
	</Layout>
</alto>
