<?xml version="1.0" encoding="UTF-8"?>
<alto xmlns="http://www.loc.gov/standards/alto/ns-v3#" xmlns:xlink="http://www.w3.org/1999/xlink" xmlns:xsi="http://www.w3.org/2001/XMLSchema-instance" xsi:schemaLocation="http://www.loc.gov/standards/alto/ns-v3# http://www.loc.gov/alto/v3/alto-3-0.xsd">
	<Description>
		<MeasurementUnit>pixel</MeasurementUnit>
		<sourceImageInformation>
			<fileName>/tmp/tess_dhiqk0ps_input.PNG</fileName>
		</sourceImageInformation>
		<OCRProcessing ID="OCR_0">
			<ocrProcessingStep>
				<processingSoftware>
					<softwareName>tesseract 5.3.4</softwareName>
				</processingSoftware>
			</ocrProcessingStep>
		</OCRProcessing>
	</Description>
	<Layout>
		<Page WIDTH="1025" HEIGHT="1723" PHYSICAL_IMG_NR="0" ID="page_0">
			<PrintSpace HPOS="0" VPOS="0" WIDTH="1025" HEIGHT="1723">
				<ComposedBlock ID="cblock_0" HPOS="223" VPOS="143" WIDTH="498" HEIGHT="27">
					<TextBlock ID="block_0" HPOS="223" VPOS="143" WIDTH="498" HEIGHT="27">
						<TextLine ID="line_0" HPOS="223" VPOS="143" WIDTH="498" HEIGHT="27">
							<String ID="string_0" HPOS="223" VPOS="146" WIDTH="14" HEIGHT="20" WC="0.96" CONTENT="4"/><SP WIDTH="183" VPOS="146" HPOS="237"/>
							<String ID="string_1" HPOS="420" VPOS="144" WIDTH="28" HEIGHT="22" WC="0.92" CONTENT="U."/><SP WIDTH="16" VPOS="144" HPOS="448"/>
							<String ID="string_2" HPOS="464" VPOS="144" WIDTH="28" HEIGHT="21" WC="0.91" CONTENT="B."/><SP WIDTH="16" VPOS="144" HPOS="492"/>
							<String ID="string_3" HPOS="508" VPOS="156" WIDTH="27" HEIGHT="2" WC="0.91" CONTENT="—"/><SP WIDTH="15" VPOS="156" HPOS="535"/>
							<String ID="string_4" HPOS="550" VPOS="143" WIDTH="74" HEIGHT="27" WC="0.95" CONTENT="Prop."/><SP WIDTH="16" VPOS="143" HPOS="624"/>
							<String ID="string_5" HPOS="640" VPOS="143" WIDTH="42" HEIGHT="22" WC="0.94" CONTENT="N:o"/><SP WIDTH="15" VPOS="143" HPOS="682"/>
							<String ID="string_6" HPOS="697" VPOS="143" WIDTH="24" HEIGHT="21" WC="0.93" CONTENT="4."/>
						</TextLine>
					</TextBlock>
				</ComposedBlock>
				<ComposedBlock ID="cblock_1" HPOS="187" VPOS="210" WIDTH="760" HEIGHT="1305">
					<TextBlock ID="block_1" HPOS="187" VPOS="210" WIDTH="760" HEIGHT="64">
						<TextLine ID="line_1" HPOS="187" VPOS="210" WIDTH="760" HEIGHT="31">
							<String ID="string_7" HPOS="187" VPOS="220" WIDTH="85" HEIGHT="21" WC="0.91" CONTENT=":genom"/><SP WIDTH="23" VPOS="220" HPOS="272"/>
							<String ID="string_8" HPOS="295" VPOS="212" WIDTH="49" HEIGHT="21" WC="0.93" CONTENT="dess"/><SP WIDTH="22" VPOS="212" HPOS="344"/>
							<String ID="string_9" HPOS="366" VPOS="211" WIDTH="91" HEIGHT="29" WC="0.92" CONTENT="menliga"/><SP WIDTH="22" VPOS="211" HPOS="457"/>
							<String ID="string_10" HPOS="479" VPOS="211" WIDTH="104" HEIGHT="29" WC="0.92" CONTENT="inflytelse"/><SP WIDTH="16" VPOS="211" HPOS="583"/>
							<String ID="string_11" HPOS="599" VPOS="210" WIDTH="28" HEIGHT="29" WC="0.96" CONTENT="på"/><SP WIDTH="15" VPOS="210" HPOS="627"/>
							<String ID="string_12" HPOS="642" VPOS="211" WIDTH="36" HEIGHT="21" WC="0.96" CONTENT="det"/><SP WIDTH="16" VPOS="211" HPOS="678"/>
							<String ID="string_13" HPOS="694" VPOS="211" WIDTH="105" HEIGHT="21" WC="0.96" CONTENT="allmänna"/><SP WIDTH="15" VPOS="211" HPOS="799"/>
							<String ID="string_14" HPOS="814" VPOS="210" WIDTH="133" HEIGHT="21" WC="0.96" CONTENT="förtroendet"/>
						</TextLine>
						<TextLine ID="line_2" HPOS="196" VPOS="245" WIDTH="582" HEIGHT="29">
							<String ID="string_15" HPOS="196" VPOS="246" WIDTH="93" HEIGHT="23" WC="0.96" CONTENT="verkade"/><SP WIDTH="16" VPOS="246" HPOS="289"/>
							<String ID="string_16" HPOS="305" VPOS="246" WIDTH="71" HEIGHT="22" WC="0.96" CONTENT="såsom"/><SP WIDTH="15" VPOS="246" HPOS="376"/>
							<String ID="string_17" HPOS="391" VPOS="254" WIDTH="25" HEIGHT="13" WC="0.93" CONTENT="en"/><SP WIDTH="16" VPOS="254" HPOS="416"/>
							<String ID="string_18" HPOS="432" VPOS="246" WIDTH="89" HEIGHT="21" WC="0.91" CONTENT="hämsko"/><SP WIDTH="15" VPOS="246" HPOS="521"/>
							<String ID="string_19" HPOS="536" VPOS="245" WIDTH="28" HEIGHT="29" WC="0.96" CONTENT="på"/><SP WIDTH="15" VPOS="245" HPOS="564"/>
							<String ID="string_20" HPOS="579" VPOS="245" WIDTH="199" HEIGHT="28" WC="0.96" CONTENT="företagsamheten."/>
						</TextLine>
					</TextBlock>
					<TextBlock ID="block_2" HPOS="192" VPOS="279" WIDTH="755" HEIGHT="756">
						<TextLine ID="line_3" HPOS="263" VPOS="279" WIDTH="684" HEIGHT="29">
							<String ID="string_21" HPOS="263" VPOS="281" WIDTH="44" HEIGHT="21" WC="0.96" CONTENT="Det"/><SP WIDTH="22" VPOS="281" HPOS="307"/>
							<String ID="string_22" HPOS="329" VPOS="288" WIDTH="39" HEIGHT="14" WC="0.96" CONTENT="var"/><SP WIDTH="22" VPOS="288" HPOS="368"/>
							<String ID="string_23" HPOS="390" VPOS="280" WIDTH="72" HEIGHT="22" WC="0.96" CONTENT="derför"/><SP WIDTH="20" VPOS="280" HPOS="462"/>
							<String ID="string_24" HPOS="482" VPOS="280" WIDTH="102" HEIGHT="28" WC="0.96" CONTENT="naturligt"/><SP WIDTH="23" VPOS="280" HPOS="584"/>
							<String ID="string_25" HPOS="607" VPOS="283" WIDTH="30" HEIGHT="18" WC="0.96" CONTENT="att"/><SP WIDTH="22" VPOS="283" HPOS="637"/>
							<String ID="string_26" HPOS="659" VPOS="279" WIDTH="145" HEIGHT="29" WC="0.96" CONTENT="lagstiftarens"/><SP WIDTH="15" VPOS="279" HPOS="804"/>
							<String ID="string_27" HPOS="819" VPOS="279" WIDTH="64" HEIGHT="21" WC="0.93" CONTENT="tanke"/><SP WIDTH="16" VPOS="279" HPOS="883"/>
							<String ID="string_28" HPOS="899" VPOS="280" WIDTH="48" HEIGHT="20" WC="0.92" CONTENT="när-"/>
						</TextLine>
						<TextLine ID="line_4" HPOS="195" VPOS="313" WIDTH="752" HEIGHT="31">
							<String ID="string_29" HPOS="195" VPOS="319" WIDTH="55" HEIGHT="19" WC="0.94" CONTENT="mast"/><SP WIDTH="21" VPOS="319" HPOS="250"/>
							<String ID="string_30" HPOS="271" VPOS="315" WIDTH="69" HEIGHT="23" WC="0.95" CONTENT="skulle"/><SP WIDTH="22" VPOS="315" HPOS="340"/>
							<String ID="string_31" HPOS="362" VPOS="315" WIDTH="67" HEIGHT="21" WC="0.96" CONTENT="riktas"/><SP WIDTH="18" VPOS="315" HPOS="429"/>
							<String ID="string_32" HPOS="447" VPOS="314" WIDTH="28" HEIGHT="30" WC="0.93" CONTENT="på"/><SP WIDTH="15" VPOS="314" HPOS="475"/>
							<String ID="string_33" HPOS="490" VPOS="314" WIDTH="145" HEIGHT="29" WC="0.90" CONTENT="aflägsnandet"/><SP WIDTH="15" VPOS="314" HPOS="635"/>
							<String ID="string_34" HPOS="650" VPOS="314" WIDTH="22" HEIGHT="21" WC="0.96" CONTENT="af"/><SP WIDTH="15" VPOS="314" HPOS="672"/>
							<String ID="string_35" HPOS="687" VPOS="314" WIDTH="70" HEIGHT="21" WC="0.96" CONTENT="denna"/><SP WIDTH="15" VPOS="314" HPOS="757"/>
							<String ID="string_36" HPOS="772" VPOS="314" WIDTH="119" HEIGHT="27" WC="0.95" CONTENT="olägenhet,"/><SP WIDTH="15" VPOS="314" HPOS="891"/>
							<String ID="string_37" HPOS="906" VPOS="313" WIDTH="41" HEIGHT="21" WC="0.96" CONTENT="och"/>
						</TextLine>
						<TextLine ID="line_5" HPOS="196" VPOS="348" WIDTH="751" HEIGHT="32">
							<String ID="string_38" HPOS="196" VPOS="352" WIDTH="7" HEIGHT="20" WC="0.96" CONTENT="i"/><SP WIDTH="16" VPOS="352" HPOS="203"/>
							<String ID="string_39" HPOS="219" VPOS="350" WIDTH="77" HEIGHT="30" WC="0.96" CONTENT="sjelfva"/><SP WIDTH="15" VPOS="350" HPOS="296"/>
							<String ID="string_40" HPOS="311" VPOS="350" WIDTH="75" HEIGHT="21" WC="0.96" CONTENT="verket"/><SP WIDTH="14" VPOS="350" HPOS="386"/>
							<String ID="string_41" HPOS="400" VPOS="349" WIDTH="38" HEIGHT="22" WC="0.96" CONTENT="har"/><SP WIDTH="15" VPOS="349" HPOS="438"/>
							<String ID="string_42" HPOS="453" VPOS="349" WIDTH="37" HEIGHT="21" WC="0.96" CONTENT="det"/><SP WIDTH="14" VPOS="349" HPOS="490"/>
							<String ID="string_43" HPOS="504" VPOS="352" WIDTH="66" HEIGHT="19" WC="0.96" CONTENT="mesta"/><SP WIDTH="16" VPOS="352" HPOS="570"/>
							<String ID="string_44" HPOS="586" VPOS="348" WIDTH="23" HEIGHT="22" WC="0.96" CONTENT="af"/><SP WIDTH="15" VPOS="348" HPOS="609"/>
							<String ID="string_45" HPOS="624" VPOS="349" WIDTH="26" HEIGHT="21" WC="0.96" CONTENT="de"/><SP WIDTH="15" VPOS="349" HPOS="650"/>
							<String ID="string_46" HPOS="665" VPOS="349" WIDTH="77" HEIGHT="21" WC="0.93" CONTENT="talrika"/><SP WIDTH="12" VPOS="349" HPOS="742"/>
							<String ID="string_47" HPOS="754" VPOS="348" WIDTH="193" HEIGHT="29" WC="0.91" CONTENT="lagbestämningar"/>
						</TextLine>
						<TextLine ID="line_6" HPOS="195" VPOS="383" WIDTH="752" HEIGHT="28">
							<String ID="string_48" HPOS="195" VPOS="386" WIDTH="41" HEIGHT="22" WC="0.94" CONTENT="och"/><SP WIDTH="21" VPOS="386" HPOS="236"/>
							<String ID="string_49" HPOS="257" VPOS="384" WIDTH="141" HEIGHT="27" WC="0.94" CONTENT="föreskrifter,"/><SP WIDTH="15" VPOS="384" HPOS="398"/>
							<String ID="string_50" HPOS="413" VPOS="392" WIDTH="46" HEIGHT="14" WC="0.95" CONTENT="som"/><SP WIDTH="23" VPOS="392" HPOS="459"/>
							<String ID="string_51" HPOS="482" VPOS="385" WIDTH="6" HEIGHT="20" WC="0.96" CONTENT="i"/><SP WIDTH="22" VPOS="385" HPOS="488"/>
							<String ID="string_52" HPOS="510" VPOS="386" WIDTH="71" HEIGHT="19" WC="0.96" CONTENT="ämnet"/><SP WIDTH="15" VPOS="386" HPOS="581"/>
							<String ID="string_53" HPOS="596" VPOS="383" WIDTH="105" HEIGHT="22" WC="0.96" CONTENT="utfärdats"/><SP WIDTH="15" VPOS="383" HPOS="701"/>
							<String ID="string_54" HPOS="716" VPOS="384" WIDTH="68" HEIGHT="21" WC="0.96" CONTENT="under"/><SP WIDTH="15" VPOS="384" HPOS="784"/>
							<String ID="string_55" HPOS="799" VPOS="383" WIDTH="41" HEIGHT="21" WC="0.96" CONTENT="den"/><SP WIDTH="17" VPOS="383" HPOS="840"/>
							<String ID="string_56" HPOS="857" VPOS="383" WIDTH="30" HEIGHT="21" WC="0.93" CONTENT="tid"/><SP WIDTH="16" VPOS="383" HPOS="887"/>
							<String ID="string_57" HPOS="903" VPOS="383" WIDTH="44" HEIGHT="28" WC="0.92" CONTENT="lag-"/>
						</TextLine>
						<TextLine ID="line_7" HPOS="197" VPOS="418" WIDTH="750" HEIGHT="30">
							<String ID="string_58" HPOS="197" VPOS="420" WIDTH="126" HEIGHT="28" WC="0.96" CONTENT="stiftningen"/><SP WIDTH="21" VPOS="420" HPOS="323"/>
							<String ID="string_59" HPOS="344" VPOS="427" WIDTH="39" HEIGHT="14" WC="0.96" CONTENT="var"/><SP WIDTH="21" VPOS="427" HPOS="383"/>
							<String ID="string_60" HPOS="404" VPOS="419" WIDTH="34" HEIGHT="21" WC="0.96" CONTENT="för"/><SP WIDTH="16" VPOS="419" HPOS="438"/>
							<String ID="string_61" HPOS="454" VPOS="418" WIDTH="87" HEIGHT="29" WC="0.96" CONTENT="Sverige"/><SP WIDTH="16" VPOS="418" HPOS="541"/>
							<String ID="string_62" HPOS="557" VPOS="418" WIDTH="41" HEIGHT="22" WC="0.96" CONTENT="och"/><SP WIDTH="14" VPOS="418" HPOS="598"/>
							<String ID="string_63" HPOS="612" VPOS="418" WIDTH="92" HEIGHT="21" WC="0.96" CONTENT="Finland"/><SP WIDTH="15" VPOS="418" HPOS="704"/>
							<String ID="string_64" HPOS="719" VPOS="426" WIDTH="128" HEIGHT="20" WC="0.96" CONTENT="gemensam,"/><SP WIDTH="15" VPOS="426" HPOS="847"/>
							<String ID="string_65" HPOS="862" VPOS="418" WIDTH="47" HEIGHT="28" WC="0.96" CONTENT="gått"/><SP WIDTH="15" VPOS="418" HPOS="909"/>
							<String ID="string_66" HPOS="924" VPOS="420" WIDTH="23" HEIGHT="19" WC="0.96" CONTENT="ut"/>
						</TextLine>
						<TextLine ID="line_8" HPOS="195" VPOS="452" WIDTH="752" HEIGHT="31">
							<String ID="string_67" HPOS="195" VPOS="455" WIDTH="30" HEIGHT="28" WC="0.95" CONTENT="på"/><SP WIDTH="21" VPOS="455" HPOS="225"/>
							<String ID="string_68" HPOS="246" VPOS="457" WIDTH="31" HEIGHT="18" WC="0.96" CONTENT="att"/><SP WIDTH="22" VPOS="457" HPOS="277"/>
							<String ID="string_69" HPOS="299" VPOS="453" WIDTH="22" HEIGHT="22" WC="0.93" CONTENT="åt"/><SP WIDTH="23" VPOS="453" HPOS="321"/>
							<String ID="string_70" HPOS="344" VPOS="453" WIDTH="141" HEIGHT="22" WC="0.91" CONTENT="exekutionen"/><SP WIDTH="15" VPOS="453" HPOS="485"/>
							<String ID="string_71" HPOS="500" VPOS="453" WIDTH="61" HEIGHT="28" WC="0.96" CONTENT="gifva"/><SP WIDTH="15" VPOS="453" HPOS="561"/>
							<String ID="string_72" HPOS="576" VPOS="455" WIDTH="67" HEIGHT="19" WC="0.93" CONTENT="större"/><SP WIDTH="15" VPOS="455" HPOS="643"/>
							<String ID="string_73" HPOS="658" VPOS="453" WIDTH="153" HEIGHT="28" WC="0.90" CONTENT="skyndsamhet"/><SP WIDTH="15" VPOS="453" HPOS="811"/>
							<String ID="string_74" HPOS="826" VPOS="452" WIDTH="41" HEIGHT="22" WC="0.93" CONTENT="och"/><SP WIDTH="15" VPOS="452" HPOS="867"/>
							<String ID="string_75" HPOS="882" VPOS="453" WIDTH="65" HEIGHT="21" WC="0.92" CONTENT="efter-"/>
						</TextLine>
						<TextLine ID="line_9" HPOS="193" VPOS="487" WIDTH="753" HEIGHT="31">
							<String ID="string_76" HPOS="193" VPOS="489" WIDTH="68" HEIGHT="29" WC="0.91" CONTENT="tryck."/><SP WIDTH="29" VPOS="489" HPOS="261"/>
							<String ID="string_77" HPOS="290" VPOS="489" WIDTH="66" HEIGHT="20" WC="0.95" CONTENT="Detta"/><SP WIDTH="22" VPOS="489" HPOS="356"/>
							<String ID="string_78" HPOS="378" VPOS="488" WIDTH="31" HEIGHT="21" WC="0.96" CONTENT="tid"/><SP WIDTH="23" VPOS="488" HPOS="409"/>
							<String ID="string_79" HPOS="432" VPOS="488" WIDTH="54" HEIGHT="21" WC="0.96" CONTENT="efter"/><SP WIDTH="22" VPOS="488" HPOS="486"/>
							<String ID="string_80" HPOS="508" VPOS="496" WIDTH="69" HEIGHT="13" WC="0.96" CONTENT="annan"/><SP WIDTH="16" VPOS="496" HPOS="577"/>
							<String ID="string_81" HPOS="593" VPOS="487" WIDTH="122" HEIGHT="29" WC="0.96" CONTENT="upprepade"/><SP WIDTH="16" VPOS="487" HPOS="715"/>
							<String ID="string_82" HPOS="731" VPOS="487" WIDTH="41" HEIGHT="22" WC="0.96" CONTENT="och"/><SP WIDTH="20" VPOS="487" HPOS="772"/>
							<String ID="string_83" HPOS="792" VPOS="487" WIDTH="71" HEIGHT="22" WC="0.93" CONTENT="städse"/><SP WIDTH="16" VPOS="487" HPOS="863"/>
							<String ID="string_84" HPOS="879" VPOS="495" WIDTH="67" HEIGHT="21" WC="0.91" CONTENT="oupp-"/>
						</TextLine>
						<TextLine ID="line_10" HPOS="194" VPOS="522" WIDTH="751" HEIGHT="30">
							<String ID="string_85" HPOS="194" VPOS="523" WIDTH="68" HEIGHT="29" WC="0.93" CONTENT="fyllda"/><SP WIDTH="15" VPOS="523" HPOS="262"/>
							<String ID="string_86" HPOS="277" VPOS="522" WIDTH="165" HEIGHT="29" WC="0.91" CONTENT="önskningsmål,"/><SP WIDTH="15" VPOS="522" HPOS="442"/>
							<String ID="string_87" HPOS="457" VPOS="530" WIDTH="45" HEIGHT="13" WC="0.96" CONTENT="som"/><SP WIDTH="17" VPOS="530" HPOS="502"/>
							<String ID="string_88" HPOS="519" VPOS="524" WIDTH="55" HEIGHT="19" WC="0.96" CONTENT="ännu"/><SP WIDTH="15" VPOS="524" HPOS="574"/>
							<String ID="string_89" HPOS="589" VPOS="523" WIDTH="8" HEIGHT="20" WC="0.96" CONTENT="i"/><SP WIDTH="15" VPOS="523" HPOS="597"/>
							<String ID="string_90" HPOS="612" VPOS="522" WIDTH="42" HEIGHT="28" WC="0.96" CONTENT="dag"/><SP WIDTH="10" VPOS="522" HPOS="654"/>
							<String ID="string_91" HPOS="664" VPOS="522" WIDTH="48" HEIGHT="21" WC="0.93" CONTENT="med"/><SP WIDTH="11" VPOS="522" HPOS="712"/>
							<String ID="string_92" HPOS="723" VPOS="522" WIDTH="146" HEIGHT="21" WC="0.91" CONTENT="oförminskad"/><SP WIDTH="11" VPOS="522" HPOS="869"/>
							<String ID="string_93" HPOS="880" VPOS="522" WIDTH="65" HEIGHT="28" WC="0.91" CONTENT="liflig-"/>
						</TextLine>
						<TextLine ID="line_11" HPOS="193" VPOS="557" WIDTH="754" HEIGHT="28">
							<String ID="string_94" HPOS="193" VPOS="558" WIDTH="37" HEIGHT="21" WC="0.96" CONTENT="het"/><SP WIDTH="15" VPOS="558" HPOS="230"/>
							<String ID="string_95" HPOS="245" VPOS="557" WIDTH="107" HEIGHT="25" WC="0.95" CONTENT="omfattas,"/><SP WIDTH="15" VPOS="557" HPOS="352"/>
							<String ID="string_96" HPOS="367" VPOS="557" WIDTH="37" HEIGHT="21" WC="0.96" CONTENT="har"/><SP WIDTH="14" VPOS="557" HPOS="404"/>
							<String ID="string_97" HPOS="418" VPOS="565" WIDTH="49" HEIGHT="13" WC="0.96" CONTENT="man"/><SP WIDTH="15" VPOS="565" HPOS="467"/>
							<String ID="string_98" HPOS="482" VPOS="557" WIDTH="48" HEIGHT="21" WC="0.96" CONTENT="från"/><SP WIDTH="15" VPOS="557" HPOS="530"/>
							<String ID="string_99" HPOS="545" VPOS="557" WIDTH="65" HEIGHT="21" WC="0.93" CONTENT="redan"/><SP WIDTH="17" VPOS="557" HPOS="610"/>
							<String ID="string_100" HPOS="627" VPOS="557" WIDTH="93" HEIGHT="28" WC="0.90" CONTENT="aflägsna"/><SP WIDTH="11" VPOS="557" HPOS="720"/>
							<String ID="string_101" HPOS="731" VPOS="557" WIDTH="60" HEIGHT="22" WC="0.95" CONTENT="tider"/><SP WIDTH="6" VPOS="557" HPOS="791"/>
							<String ID="string_102" HPOS="797" VPOS="557" WIDTH="88" HEIGHT="23" WC="0.95" CONTENT="tillbaka"/><SP WIDTH="13" VPOS="557" HPOS="885"/>
							<String ID="string_103" HPOS="898" VPOS="557" WIDTH="49" HEIGHT="21" WC="0.96" CONTENT="sökt"/>
						</TextLine>
						<TextLine ID="line_12" HPOS="195" VPOS="591" WIDTH="750" HEIGHT="29">
							<String ID="string_104" HPOS="195" VPOS="591" WIDTH="50" HEIGHT="22" WC="0.92" CONTENT="ernå"/><SP WIDTH="22" VPOS="591" HPOS="245"/>
							<String ID="string_105" HPOS="267" VPOS="591" WIDTH="46" HEIGHT="22" WC="0.96" CONTENT="dels"/><SP WIDTH="24" VPOS="591" HPOS="313"/>
							<String ID="string_106" HPOS="337" VPOS="591" WIDTH="28" HEIGHT="29" WC="0.96" CONTENT="på"/><SP WIDTH="15" VPOS="591" HPOS="365"/>
							<String ID="string_107" HPOS="380" VPOS="591" WIDTH="36" HEIGHT="22" WC="0.96" CONTENT="det"/><SP WIDTH="15" VPOS="591" HPOS="416"/>
							<String ID="string_108" HPOS="431" VPOS="593" WIDTH="43" HEIGHT="20" WC="0.96" CONTENT="sätt"/><SP WIDTH="15" VPOS="593" HPOS="474"/>
							<String ID="string_109" HPOS="489" VPOS="594" WIDTH="31" HEIGHT="19" WC="0.96" CONTENT="att"/><SP WIDTH="15" VPOS="594" HPOS="520"/>
							<String ID="string_110" HPOS="535" VPOS="600" WIDTH="48" HEIGHT="13" WC="0.96" CONTENT="man"/><SP WIDTH="15" VPOS="600" HPOS="583"/>
							<String ID="string_111" HPOS="598" VPOS="591" WIDTH="99" HEIGHT="29" WC="0.93" CONTENT="utvidgat"/><SP WIDTH="14" VPOS="591" HPOS="697"/>
							<String ID="string_112" HPOS="711" VPOS="592" WIDTH="234" HEIGHT="21" WC="0.91" CONTENT="underexekutorernas"/>
						</TextLine>
						<TextLine ID="line_13" HPOS="194" VPOS="625" WIDTH="752" HEIGHT="30">
							<String ID="string_113" HPOS="194" VPOS="626" WIDTH="130" HEIGHT="29" WC="0.96" CONTENT="befogenhet"/><SP WIDTH="15" VPOS="626" HPOS="324"/>
							<String ID="string_114" HPOS="339" VPOS="629" WIDTH="32" HEIGHT="18" WC="0.96" CONTENT="att"/><SP WIDTH="14" VPOS="629" HPOS="371"/>
							<String ID="string_115" HPOS="385" VPOS="626" WIDTH="114" HEIGHT="22" WC="0.96" CONTENT="verkställa"/><SP WIDTH="16" VPOS="626" HPOS="499"/>
							<String ID="string_116" HPOS="515" VPOS="627" WIDTH="74" HEIGHT="20" WC="0.96" CONTENT="domar"/><SP WIDTH="14" VPOS="627" HPOS="589"/>
							<String ID="string_117" HPOS="603" VPOS="629" WIDTH="50" HEIGHT="18" WC="0.96" CONTENT="utan"/><SP WIDTH="12" VPOS="629" HPOS="653"/>
							<String ID="string_118" HPOS="665" VPOS="626" WIDTH="41" HEIGHT="21" WC="0.93" CONTENT="den"/><SP WIDTH="11" VPOS="626" HPOS="706"/>
							<String ID="string_119" HPOS="717" VPOS="625" WIDTH="157" HEIGHT="23" WC="0.90" CONTENT="öfverordnade"/><SP WIDTH="13" VPOS="625" HPOS="874"/>
							<String ID="string_120" HPOS="887" VPOS="634" WIDTH="59" HEIGHT="21" WC="0.90" CONTENT="myn-"/>
						</TextLine>
						<TextLine ID="line_14" HPOS="196" VPOS="660" WIDTH="751" HEIGHT="29">
							<String ID="string_121" HPOS="196" VPOS="661" WIDTH="111" HEIGHT="28" WC="0.91" CONTENT="dighetens"/><SP WIDTH="22" VPOS="661" HPOS="307"/>
							<String ID="string_122" HPOS="329" VPOS="660" WIDTH="117" HEIGHT="27" WC="0.95" CONTENT="föreskrift,"/><SP WIDTH="23" VPOS="660" HPOS="446"/>
							<String ID="string_123" HPOS="469" VPOS="661" WIDTH="45" HEIGHT="21" WC="0.96" CONTENT="dels"/><SP WIDTH="15" VPOS="661" HPOS="514"/>
							<String ID="string_124" HPOS="529" VPOS="661" WIDTH="24" HEIGHT="21" WC="0.96" CONTENT="så"/><SP WIDTH="16" VPOS="661" HPOS="553"/>
							<String ID="string_125" HPOS="569" VPOS="663" WIDTH="30" HEIGHT="19" WC="0.96" CONTENT="att"/><SP WIDTH="15" VPOS="663" HPOS="599"/>
							<String ID="string_126" HPOS="614" VPOS="660" WIDTH="68" HEIGHT="22" WC="0.96" CONTENT="under"/><SP WIDTH="14" VPOS="660" HPOS="682"/>
							<String ID="string_127" HPOS="696" VPOS="661" WIDTH="59" HEIGHT="22" WC="0.96" CONTENT="vissa"/><SP WIDTH="14" VPOS="661" HPOS="755"/>
							<String ID="string_128" HPOS="769" VPOS="661" WIDTH="178" HEIGHT="28" WC="0.96" CONTENT="förutsättningar"/>
						</TextLine>
						<TextLine ID="line_15" HPOS="195" VPOS="695" WIDTH="752" HEIGHT="29">
							<String ID="string_129" HPOS="195" VPOS="695" WIDTH="161" HEIGHT="29" WC="0.94" CONTENT="verkställighet"/><SP WIDTH="22" VPOS="695" HPOS="356"/>
							<String ID="string_130" HPOS="378" VPOS="695" WIDTH="59" HEIGHT="28" WC="0.95" CONTENT="efter,"/><SP WIDTH="17" VPOS="695" HPOS="437"/>
							<String ID="string_131" HPOS="454" VPOS="695" WIDTH="131" HEIGHT="22" WC="0.96" CONTENT="sistnämnda"/><SP WIDTH="22" VPOS="695" HPOS="585"/>
							<String ID="string_132" HPOS="607" VPOS="695" WIDTH="135" HEIGHT="28" WC="0.93" CONTENT="myndighets"/><SP WIDTH="23" VPOS="695" HPOS="742"/>
							<String ID="string_133" HPOS="765" VPOS="695" WIDTH="101" HEIGHT="29" WC="0.88" CONTENT="pröfning"/><SP WIDTH="22" VPOS="695" HPOS="866"/>
							<String ID="string_134" HPOS="888" VPOS="695" WIDTH="59" HEIGHT="21" WC="0.88" CONTENT="med-"/>
						</TextLine>
						<TextLine ID="line_16" HPOS="195" VPOS="730" WIDTH="751" HEIGHT="29">
							<String ID="string_135" HPOS="195" VPOS="730" WIDTH="76" HEIGHT="29" WC="0.92" CONTENT="gifvits"/><SP WIDTH="22" VPOS="730" HPOS="271"/>
							<String ID="string_136" HPOS="293" VPOS="731" WIDTH="28" HEIGHT="28" WC="0.91" CONTENT="pä"/><SP WIDTH="22" VPOS="731" HPOS="321"/>
							<String ID="string_137" HPOS="343" VPOS="730" WIDTH="212" HEIGHT="21" WC="0.91" CONTENT="underinstansernas"/><SP WIDTH="24" VPOS="730" HPOS="555"/>
							<String ID="string_138" HPOS="579" VPOS="730" WIDTH="69" HEIGHT="27" WC="0.96" CONTENT="utslag"/><SP WIDTH="24" VPOS="730" HPOS="648"/>
							<String ID="string_139" HPOS="672" VPOS="731" WIDTH="64" HEIGHT="20" WC="0.96" CONTENT="innan"/><SP WIDTH="16" VPOS="731" HPOS="736"/>
							<String ID="string_140" HPOS="752" VPOS="730" WIDTH="27" HEIGHT="21" WC="0.96" CONTENT="de"/><SP WIDTH="15" VPOS="730" HPOS="779"/>
							<String ID="string_141" HPOS="794" VPOS="731" WIDTH="54" HEIGHT="27" WC="0.96" CONTENT="tagit"/><SP WIDTH="21" VPOS="731" HPOS="848"/>
							<String ID="string_142" HPOS="869" VPOS="730" WIDTH="22" HEIGHT="21" WC="0.96" CONTENT="åt"/><SP WIDTH="22" VPOS="730" HPOS="891"/>
							<String ID="string_143" HPOS="913" VPOS="731" WIDTH="33" HEIGHT="27" WC="0.96" CONTENT="sig"/>
						</TextLine>
						<TextLine ID="line_17" HPOS="194" VPOS="764" WIDTH="753" HEIGHT="29">
							<String ID="string_144" HPOS="194" VPOS="766" WIDTH="48" HEIGHT="27" WC="0.92" CONTENT="laga"/><SP WIDTH="22" VPOS="766" HPOS="242"/>
							<String ID="string_145" HPOS="264" VPOS="765" WIDTH="63" HEIGHT="26" WC="0.95" CONTENT="kraft,"/><SP WIDTH="23" VPOS="765" HPOS="327"/>
							<String ID="string_146" HPOS="350" VPOS="764" WIDTH="45" HEIGHT="22" WC="0.93" CONTENT="dels"/><SP WIDTH="23" VPOS="764" HPOS="395"/>
							<String ID="string_147" HPOS="418" VPOS="765" WIDTH="40" HEIGHT="21" WC="0.88" CONTENT="ock"/><SP WIDTH="23" VPOS="765" HPOS="458"/>
							<String ID="string_148" HPOS="481" VPOS="768" WIDTH="31" HEIGHT="17" WC="0.93" CONTENT="att"/><SP WIDTH="21" VPOS="768" HPOS="512"/>
							<String ID="string_149" HPOS="533" VPOS="764" WIDTH="59" HEIGHT="22" WC="0.90" CONTENT="säväl"/><SP WIDTH="23" VPOS="764" HPOS="592"/>
							<String ID="string_150" HPOS="615" VPOS="764" WIDTH="177" HEIGHT="22" WC="0.92" CONTENT="öfverexekutors"/><SP WIDTH="16" VPOS="764" HPOS="792"/>
							<String ID="string_151" HPOS="808" VPOS="772" WIDTH="45" HEIGHT="14" WC="0.93" CONTENT="som"/><SP WIDTH="16" VPOS="772" HPOS="853"/>
							<String ID="string_152" HPOS="869" VPOS="764" WIDTH="78" HEIGHT="22" WC="0.92" CONTENT="under-"/>
						</TextLine>
						<TextLine ID="line_18" HPOS="195" VPOS="799" WIDTH="751" HEIGHT="28">
							<String ID="string_153" HPOS="195" VPOS="799" WIDTH="154" HEIGHT="22" WC="0.92" CONTENT="domstolarnes"/><SP WIDTH="26" VPOS="799" HPOS="349"/>
							<String ID="string_154" HPOS="375" VPOS="799" WIDTH="27" HEIGHT="28" WC="0.95" CONTENT="pä"/><SP WIDTH="24" VPOS="799" HPOS="402"/>
							<String ID="string_155" HPOS="426" VPOS="799" WIDTH="68" HEIGHT="28" WC="0.96" CONTENT="grund"/><SP WIDTH="24" VPOS="799" HPOS="494"/>
							<String ID="string_156" HPOS="518" VPOS="799" WIDTH="23" HEIGHT="21" WC="0.96" CONTENT="af"/><SP WIDTH="21" VPOS="799" HPOS="541"/>
							<String ID="string_157" HPOS="562" VPOS="800" WIDTH="57" HEIGHT="20" WC="0.93" CONTENT="vissa"/><SP WIDTH="24" VPOS="800" HPOS="619"/>
							<String ID="string_158" HPOS="643" VPOS="799" WIDTH="56" HEIGHT="28" WC="0.92" CONTENT="slags"/><SP WIDTH="22" VPOS="799" HPOS="699"/>
							<String ID="string_159" HPOS="721" VPOS="799" WIDTH="113" HEIGHT="26" WC="0.92" CONTENT="urkunder,"/><SP WIDTH="20" VPOS="799" HPOS="834"/>
							<String ID="string_160" HPOS="854" VPOS="799" WIDTH="92" HEIGHT="28" WC="0.90" CONTENT="löpande"/>
						</TextLine>
						<TextLine ID="line_19" HPOS="194" VPOS="833" WIDTH="753" HEIGHT="29">
							<String ID="string_161" HPOS="194" VPOS="833" WIDTH="171" HEIGHT="29" WC="0.91" CONTENT="förskrifningar,"/><SP WIDTH="21" VPOS="833" HPOS="365"/>
							<String ID="string_162" HPOS="386" VPOS="834" WIDTH="80" HEIGHT="26" WC="0.92" CONTENT="vexlar,"/><SP WIDTH="22" VPOS="834" HPOS="466"/>
							<String ID="string_163" HPOS="488" VPOS="841" WIDTH="26" HEIGHT="14" WC="0.95" CONTENT="m."/><SP WIDTH="22" VPOS="841" HPOS="514"/>
							<String ID="string_164" HPOS="536" VPOS="841" WIDTH="26" HEIGHT="13" WC="0.93" CONTENT="m."/><SP WIDTH="15" VPOS="841" HPOS="562"/>
							<String ID="string_165" HPOS="577" VPOS="833" WIDTH="125" HEIGHT="21" WC="0.91" CONTENT="meddelade"/><SP WIDTH="19" VPOS="833" HPOS="702"/>
							<String ID="string_166" HPOS="721" VPOS="833" WIDTH="76" HEIGHT="29" WC="0.92" CONTENT="utslag,"/><SP WIDTH="15" VPOS="833" HPOS="797"/>
							<String ID="string_167" HPOS="812" VPOS="835" WIDTH="6" HEIGHT="19" WC="0.93" CONTENT="i"/><SP WIDTH="16" VPOS="835" HPOS="818"/>
							<String ID="string_168" HPOS="834" VPOS="833" WIDTH="67" HEIGHT="28" WC="0.93" CONTENT="afsigt"/><SP WIDTH="15" VPOS="833" HPOS="901"/>
							<String ID="string_169" HPOS="916" VPOS="837" WIDTH="31" HEIGHT="18" WC="0.97" CONTENT="att"/>
						</TextLine>
						<TextLine ID="line_20" HPOS="195" VPOS="868" WIDTH="752" HEIGHT="29">
							<String ID="string_170" HPOS="195" VPOS="868" WIDTH="61" HEIGHT="29" WC="0.91" CONTENT="bryta"/><SP WIDTH="22" VPOS="868" HPOS="256"/>
							<String ID="string_171" HPOS="278" VPOS="868" WIDTH="135" HEIGHT="28" WC="0.91" CONTENT="gäldenärers"/><SP WIDTH="16" VPOS="868" HPOS="413"/>
							<String ID="string_172" HPOS="429" VPOS="868" WIDTH="87" HEIGHT="21" WC="0.91" CONTENT="tredska"/><SP WIDTH="15" VPOS="868" HPOS="516"/>
							<String ID="string_173" HPOS="531" VPOS="868" WIDTH="40" HEIGHT="21" WC="0.96" CONTENT="och"/><SP WIDTH="15" VPOS="868" HPOS="571"/>
							<String ID="string_174" HPOS="586" VPOS="869" WIDTH="6" HEIGHT="20" WC="0.93" CONTENT="i"/><SP WIDTH="17" VPOS="869" HPOS="592"/>
							<String ID="string_175" HPOS="609" VPOS="868" WIDTH="118" HEIGHT="28" WC="0.92" CONTENT="möjligaste"/><SP WIDTH="15" VPOS="868" HPOS="727"/>
							<String ID="string_176" HPOS="742" VPOS="868" WIDTH="49" HEIGHT="21" WC="0.96" CONTENT="män"/><SP WIDTH="15" VPOS="868" HPOS="791"/>
							<String ID="string_177" HPOS="806" VPOS="870" WIDTH="52" HEIGHT="26" WC="0.93" CONTENT="göra"/><SP WIDTH="16" VPOS="870" HPOS="858"/>
							<String ID="string_178" HPOS="874" VPOS="869" WIDTH="73" HEIGHT="28" WC="0.92" CONTENT="appel-"/>
						</TextLine>
						<TextLine ID="line_21" HPOS="193" VPOS="902" WIDTH="753" HEIGHT="29">
							<String ID="string_179" HPOS="193" VPOS="903" WIDTH="97" HEIGHT="21" WC="0.57" CONTENT="lerandet"/><SP WIDTH="19" VPOS="903" HPOS="290"/>
							<String ID="string_180" HPOS="309" VPOS="902" WIDTH="49" HEIGHT="22" WC="0.96" CONTENT="från"/><SP WIDTH="16" VPOS="902" HPOS="358"/>
							<String ID="string_181" HPOS="374" VPOS="902" WIDTH="60" HEIGHT="22" WC="0.96" CONTENT="deras"/><SP WIDTH="16" VPOS="902" HPOS="434"/>
							<String ID="string_182" HPOS="450" VPOS="902" WIDTH="47" HEIGHT="22" WC="0.96" CONTENT="sida"/><SP WIDTH="14" VPOS="902" HPOS="497"/>
							<String ID="string_183" HPOS="511" VPOS="903" WIDTH="35" HEIGHT="21" WC="0.93" CONTENT="för"/><SP WIDTH="15" VPOS="903" HPOS="546"/>
							<String ID="string_184" HPOS="561" VPOS="903" WIDTH="155" HEIGHT="27" WC="0.92" CONTENT="borgenärerna"/><SP WIDTH="14" VPOS="903" HPOS="716"/>
							<String ID="string_185" HPOS="730" VPOS="903" WIDTH="112" HEIGHT="28" WC="0.92" CONTENT="oskadligt,"/><SP WIDTH="16" VPOS="903" HPOS="842"/>
							<String ID="string_186" HPOS="858" VPOS="903" WIDTH="88" HEIGHT="21" WC="0.96" CONTENT="försetts"/>
						</TextLine>
						<TextLine ID="line_22" HPOS="192" VPOS="937" WIDTH="754" HEIGHT="26">
							<String ID="string_187" HPOS="192" VPOS="937" WIDTH="48" HEIGHT="21" WC="0.93" CONTENT="med"/><SP WIDTH="23" VPOS="937" HPOS="240"/>
							<String ID="string_188" HPOS="263" VPOS="945" WIDTH="25" HEIGHT="13" WC="0.94" CONTENT="en"/><SP WIDTH="17" VPOS="945" HPOS="288"/>
							<String ID="string_189" HPOS="305" VPOS="945" WIDTH="16" HEIGHT="14" WC="0.95" CONTENT="s."/><SP WIDTH="15" VPOS="945" HPOS="321"/>
							<String ID="string_190" HPOS="336" VPOS="937" WIDTH="20" HEIGHT="22" WC="0.79" CONTENT="k."/><SP WIDTH="15" VPOS="937" HPOS="356"/>
							<String ID="string_191" HPOS="371" VPOS="937" WIDTH="94" HEIGHT="21" WC="0.96" CONTENT="starkare"/><SP WIDTH="16" VPOS="937" HPOS="465"/>
							<String ID="string_192" HPOS="481" VPOS="937" WIDTH="101" HEIGHT="21" WC="0.95" CONTENT="exekutiv"/><SP WIDTH="15" VPOS="937" HPOS="582"/>
							<String ID="string_193" HPOS="597" VPOS="937" WIDTH="64" HEIGHT="26" WC="0.93" CONTENT="kraft,"/><SP WIDTH="15" VPOS="937" HPOS="661"/>
							<String ID="string_194" HPOS="676" VPOS="937" WIDTH="20" HEIGHT="21" WC="0.92" CONTENT="d."/><SP WIDTH="16" VPOS="937" HPOS="696"/>
							<String ID="string_195" HPOS="712" VPOS="945" WIDTH="18" HEIGHT="13" WC="0.96" CONTENT="v."/><SP WIDTH="16" VPOS="945" HPOS="730"/>
							<String ID="string_196" HPOS="746" VPOS="945" WIDTH="15" HEIGHT="12" WC="0.93" CONTENT="s."/><SP WIDTH="15" VPOS="945" HPOS="761"/>
							<String ID="string_197" HPOS="776" VPOS="938" WIDTH="48" HEIGHT="20" WC="0.96" CONTENT="icke"/><SP WIDTH="15" VPOS="938" HPOS="824"/>
							<String ID="string_198" HPOS="839" VPOS="937" WIDTH="56" HEIGHT="21" WC="0.93" CONTENT="blott"/><SP WIDTH="15" VPOS="937" HPOS="895"/>
							<String ID="string_199" HPOS="910" VPOS="938" WIDTH="36" HEIGHT="21" WC="0.90" CONTENT="be-"/>
						</TextLine>
						<TextLine ID="line_23" HPOS="193" VPOS="971" WIDTH="752" HEIGHT="29">
							<String ID="string_200" HPOS="193" VPOS="972" WIDTH="120" HEIGHT="28" WC="0.93" CONTENT="rättigande"/><SP WIDTH="16" VPOS="972" HPOS="313"/>
							<String ID="string_201" HPOS="329" VPOS="971" WIDTH="108" HEIGHT="22" WC="0.92" CONTENT="sökanden"/><SP WIDTH="21" VPOS="971" HPOS="437"/>
							<String ID="string_202" HPOS="458" VPOS="971" WIDTH="33" HEIGHT="22" WC="0.93" CONTENT="till"/><SP WIDTH="15" VPOS="971" HPOS="491"/>
							<String ID="string_203" HPOS="506" VPOS="971" WIDTH="114" HEIGHT="29" WC="0.92" CONTENT="skyndsam"/><SP WIDTH="15" VPOS="971" HPOS="620"/>
							<String ID="string_204" HPOS="635" VPOS="973" WIDTH="126" HEIGHT="26" WC="0.92" CONTENT="utmätning,"/><SP WIDTH="16" VPOS="973" HPOS="761"/>
							<String ID="string_205" HPOS="777" VPOS="975" WIDTH="50" HEIGHT="18" WC="0.93" CONTENT="utan"/><SP WIDTH="16" VPOS="975" HPOS="827"/>
							<String ID="string_206" HPOS="843" VPOS="971" WIDTH="102" HEIGHT="29" WC="0.92" CONTENT="derjemte"/>
						</TextLine>
						<TextLine ID="line_24" HPOS="193" VPOS="1005" WIDTH="450" HEIGHT="30">
							<String ID="string_207" HPOS="193" VPOS="1009" WIDTH="32" HEIGHT="18" WC="0.93" CONTENT="att"/><SP WIDTH="14" VPOS="1009" HPOS="225"/>
							<String ID="string_208" HPOS="239" VPOS="1006" WIDTH="131" HEIGHT="21" WC="0.96" CONTENT="omedelbart"/><SP WIDTH="14" VPOS="1006" HPOS="370"/>
							<String ID="string_209" HPOS="384" VPOS="1005" WIDTH="24" HEIGHT="22" WC="0.96" CONTENT="få"/><SP WIDTH="14" VPOS="1005" HPOS="408"/>
							<String ID="string_210" HPOS="422" VPOS="1006" WIDTH="129" HEIGHT="28" WC="0.92" CONTENT="gäldenären"/><SP WIDTH="15" VPOS="1006" HPOS="551"/>
							<String ID="string_211" HPOS="566" VPOS="1006" WIDTH="77" HEIGHT="29" WC="0.84" CONTENT="bysatt."/>
						</TextLine>
					</TextBlock>
					<TextBlock ID="block_3" HPOS="190" VPOS="1040" WIDTH="756" HEIGHT="443">
						<TextLine ID="line_25" HPOS="260" VPOS="1040" WIDTH="685" HEIGHT="29">
							<String ID="string_212" HPOS="260" VPOS="1041" WIDTH="45" HEIGHT="21" WC="0.96" CONTENT="Det"/><SP WIDTH="21" VPOS="1041" HPOS="305"/>
							<String ID="string_213" HPOS="326" VPOS="1041" WIDTH="42" HEIGHT="21" WC="0.96" CONTENT="kan"/><SP WIDTH="23" VPOS="1041" HPOS="368"/>
							<String ID="string_214" HPOS="391" VPOS="1041" WIDTH="35" HEIGHT="21" WC="0.96" CONTENT="väl"/><SP WIDTH="22" VPOS="1041" HPOS="426"/>
							<String ID="string_215" HPOS="448" VPOS="1041" WIDTH="48" HEIGHT="21" WC="0.96" CONTENT="icke"/><SP WIDTH="23" VPOS="1041" HPOS="496"/>
							<String ID="string_216" HPOS="519" VPOS="1041" WIDTH="66" HEIGHT="21" WC="0.96" CONTENT="nekas"/><SP WIDTH="19" VPOS="1041" HPOS="585"/>
							<String ID="string_217" HPOS="604" VPOS="1043" WIDTH="31" HEIGHT="18" WC="0.93" CONTENT="att"/><SP WIDTH="16" VPOS="1043" HPOS="635"/>
							<String ID="string_218" HPOS="651" VPOS="1040" WIDTH="122" HEIGHT="29" WC="0.92" CONTENT="syftemålet"/><SP WIDTH="15" VPOS="1040" HPOS="773"/>
							<String ID="string_219" HPOS="788" VPOS="1041" WIDTH="7" HEIGHT="20" WC="0.96" CONTENT="i"/><SP WIDTH="15" VPOS="1041" HPOS="795"/>
							<String ID="string_220" HPOS="810" VPOS="1041" WIDTH="70" HEIGHT="28" WC="0.96" CONTENT="någon"/><SP WIDTH="16" VPOS="1041" HPOS="880"/>
							<String ID="string_221" HPOS="896" VPOS="1041" WIDTH="49" HEIGHT="21" WC="0.96" CONTENT="mån"/>
						</TextLine>
						<TextLine ID="line_26" HPOS="193" VPOS="1075" WIDTH="753" HEIGHT="28">
							<String ID="string_222" HPOS="193" VPOS="1075" WIDTH="141" HEIGHT="28" WC="0.92" CONTENT="befrämjades"/><SP WIDTH="16" VPOS="1075" HPOS="334"/>
							<String ID="string_223" HPOS="350" VPOS="1082" WIDTH="76" HEIGHT="21" WC="0.96" CONTENT="genom"/><SP WIDTH="16" VPOS="1082" HPOS="426"/>
							<String ID="string_224" HPOS="442" VPOS="1075" WIDTH="62" HEIGHT="22" WC="0.95" CONTENT="dessa"/><SP WIDTH="16" VPOS="1075" HPOS="504"/>
							<String ID="string_225" HPOS="520" VPOS="1075" WIDTH="67" HEIGHT="22" WC="0.96" CONTENT="under"/><SP WIDTH="15" VPOS="1075" HPOS="587"/>
							<String ID="string_226" HPOS="602" VPOS="1075" WIDTH="56" HEIGHT="21" WC="0.96" CONTENT="olika"/><SP WIDTH="14" VPOS="1075" HPOS="658"/>
							<String ID="string_227" HPOS="672" VPOS="1075" WIDTH="56" HEIGHT="22" WC="0.96" CONTENT="tider"/><SP WIDTH="13" VPOS="1075" HPOS="728"/>
							<String ID="string_228" HPOS="741" VPOS="1075" WIDTH="102" HEIGHT="28" WC="0.93" CONTENT="vidtagna"/><SP WIDTH="9" VPOS="1075" HPOS="843"/>
							<String ID="string_229" HPOS="852" VPOS="1075" WIDTH="94" HEIGHT="28" WC="0.92" CONTENT="lagstift-"/>
						</TextLine>
						<TextLine ID="line_27" HPOS="192" VPOS="1109" WIDTH="754" HEIGHT="29">
							<String ID="string_230" HPOS="192" VPOS="1109" WIDTH="170" HEIGHT="28" WC="0.89" CONTENT="ningsätgärder,"/><SP WIDTH="14" VPOS="1109" HPOS="362"/>
							<String ID="string_231" HPOS="376" VPOS="1117" WIDTH="48" HEIGHT="14" WC="0.96" CONTENT="men"/><SP WIDTH="16" VPOS="1117" HPOS="424"/>
							<String ID="string_232" HPOS="440" VPOS="1111" WIDTH="5" HEIGHT="19" WC="0.96" CONTENT="i"/><SP WIDTH="17" VPOS="1111" HPOS="445"/>
							<String ID="string_233" HPOS="462" VPOS="1110" WIDTH="71" HEIGHT="21" WC="0.96" CONTENT="stället"/><SP WIDTH="14" VPOS="1110" HPOS="533"/>
							<String ID="string_234" HPOS="547" VPOS="1109" WIDTH="65" HEIGHT="22" WC="0.92" CONTENT="hafva"/><SP WIDTH="11" VPOS="1109" HPOS="612"/>
							<String ID="string_235" HPOS="623" VPOS="1110" WIDTH="163" HEIGHT="27" WC="0.93" CONTENT="olägenheterna"/><SP WIDTH="10" VPOS="1110" HPOS="786"/>
							<String ID="string_236" HPOS="796" VPOS="1110" WIDTH="23" HEIGHT="21" WC="0.97" CONTENT="af"/><SP WIDTH="10" VPOS="1110" HPOS="819"/>
							<String ID="string_237" HPOS="829" VPOS="1113" WIDTH="32" HEIGHT="18" WC="0.93" CONTENT="ett"/><SP WIDTH="10" VPOS="1113" HPOS="861"/>
							<String ID="string_238" HPOS="871" VPOS="1110" WIDTH="75" HEIGHT="28" WC="0.92" CONTENT="mäng-"/>
						</TextLine>
						<TextLine ID="line_28" HPOS="195" VPOS="1144" WIDTH="750" HEIGHT="29">
							<String ID="string_239" HPOS="195" VPOS="1144" WIDTH="108" HEIGHT="21" WC="0.96" CONTENT="skiftande"/><SP WIDTH="16" VPOS="1144" HPOS="303"/>
							<String ID="string_240" HPOS="319" VPOS="1144" WIDTH="40" HEIGHT="21" WC="0.93" CONTENT="och"/><SP WIDTH="15" VPOS="1144" HPOS="359"/>
							<String ID="string_241" HPOS="374" VPOS="1144" WIDTH="126" HEIGHT="28" WC="0.92" CONTENT="principlöst"/><SP WIDTH="15" VPOS="1144" HPOS="500"/>
							<String ID="string_242" HPOS="515" VPOS="1147" WIDTH="79" HEIGHT="25" WC="0.93" CONTENT="system"/><SP WIDTH="15" VPOS="1147" HPOS="594"/>
							<String ID="string_243" HPOS="609" VPOS="1144" WIDTH="119" HEIGHT="27" WC="0.92" CONTENT="framträdt,"/><SP WIDTH="15" VPOS="1144" HPOS="728"/>
							<String ID="string_244" HPOS="743" VPOS="1152" WIDTH="46" HEIGHT="14" WC="0.96" CONTENT="som"/><SP WIDTH="14" VPOS="1152" HPOS="789"/>
							<String ID="string_245" HPOS="803" VPOS="1145" WIDTH="38" HEIGHT="22" WC="0.93" CONTENT="vid"/><SP WIDTH="11" VPOS="1145" HPOS="841"/>
							<String ID="string_246" HPOS="852" VPOS="1145" WIDTH="93" HEIGHT="28" WC="0.92" CONTENT="tillämp-"/>
						</TextLine>
						<TextLine ID="line_29" HPOS="195" VPOS="1178" WIDTH="750" HEIGHT="30">
							<String ID="string_247" HPOS="195" VPOS="1179" WIDTH="77" HEIGHT="27" WC="0.96" CONTENT="ningen"/><SP WIDTH="17" VPOS="1179" HPOS="272"/>
							<String ID="string_248" HPOS="289" VPOS="1178" WIDTH="48" HEIGHT="21" WC="0.96" CONTENT="icke"/><SP WIDTH="15" VPOS="1178" HPOS="337"/>
							<String ID="string_249" HPOS="352" VPOS="1178" WIDTH="82" HEIGHT="21" WC="0.96" CONTENT="kunnat"/><SP WIDTH="9" VPOS="1178" HPOS="434"/>
							<String ID="string_250" HPOS="443" VPOS="1179" WIDTH="72" HEIGHT="28" WC="0.96" CONTENT="undgå"/><SP WIDTH="10" VPOS="1179" HPOS="515"/>
							<String ID="string_251" HPOS="525" VPOS="1182" WIDTH="31" HEIGHT="18" WC="0.96" CONTENT="att"/><SP WIDTH="10" VPOS="1182" HPOS="556"/>
							<String ID="string_252" HPOS="566" VPOS="1178" WIDTH="60" HEIGHT="29" WC="0.93" CONTENT="gifva"/><SP WIDTH="11" VPOS="1178" HPOS="626"/>
							<String ID="string_253" HPOS="637" VPOS="1179" WIDTH="83" HEIGHT="28" WC="0.92" CONTENT="upphof"/><SP WIDTH="12" VPOS="1179" HPOS="720"/>
							<String ID="string_254" HPOS="732" VPOS="1179" WIDTH="22" HEIGHT="21" WC="0.93" CONTENT="åt"/><SP WIDTH="10" VPOS="1179" HPOS="754"/>
							<String ID="string_255" HPOS="764" VPOS="1179" WIDTH="89" HEIGHT="29" WC="0.92" CONTENT="stridiga"/><SP WIDTH="12" VPOS="1179" HPOS="853"/>
							<String ID="string_256" HPOS="865" VPOS="1179" WIDTH="80" HEIGHT="28" WC="0.92" CONTENT="åsigter"/>
						</TextLine>
						<TextLine ID="line_30" HPOS="193" VPOS="1212" WIDTH="751" HEIGHT="29">
							<String ID="string_257" HPOS="193" VPOS="1213" WIDTH="40" HEIGHT="21" WC="0.96" CONTENT="och"/><SP WIDTH="23" VPOS="1213" HPOS="233"/>
							<String ID="string_258" HPOS="256" VPOS="1212" WIDTH="99" HEIGHT="29" WC="0.96" CONTENT="åtgärder"/><SP WIDTH="21" VPOS="1212" HPOS="355"/>
							<String ID="string_259" HPOS="376" VPOS="1213" WIDTH="48" HEIGHT="21" WC="0.94" CONTENT="med"/><SP WIDTH="24" VPOS="1213" HPOS="424"/>
							<String ID="string_260" HPOS="448" VPOS="1213" WIDTH="61" HEIGHT="21" WC="0.93" CONTENT="deraf"/><SP WIDTH="21" VPOS="1213" HPOS="509"/>
							<String ID="string_261" HPOS="530" VPOS="1213" WIDTH="132" HEIGHT="28" WC="0.92" CONTENT="härflytande"/><SP WIDTH="16" VPOS="1213" HPOS="662"/>
							<String ID="string_262" HPOS="678" VPOS="1213" WIDTH="116" HEIGHT="28" WC="0.96" CONTENT="omgångar"/><SP WIDTH="15" VPOS="1213" HPOS="794"/>
							<String ID="string_263" HPOS="809" VPOS="1214" WIDTH="40" HEIGHT="21" WC="0.93" CONTENT="och"/><SP WIDTH="16" VPOS="1214" HPOS="849"/>
							<String ID="string_264" HPOS="865" VPOS="1214" WIDTH="79" HEIGHT="21" WC="0.93" CONTENT="exeku-"/>
						</TextLine>
						<TextLine ID="line_31" HPOS="190" VPOS="1247" WIDTH="755" HEIGHT="27">
							<String ID="string_265" HPOS="190" VPOS="1248" WIDTH="72" HEIGHT="19" WC="0.92" CONTENT="tionen"/><SP WIDTH="23" VPOS="1248" HPOS="262"/>
							<String ID="string_266" HPOS="285" VPOS="1247" WIDTH="137" HEIGHT="27" WC="0.91" CONTENT="fördröjande"/><SP WIDTH="22" VPOS="1247" HPOS="422"/>
							<String ID="string_267" HPOS="444" VPOS="1248" WIDTH="81" HEIGHT="21" WC="0.95" CONTENT="tvister."/><SP WIDTH="29" VPOS="1248" HPOS="525"/>
							<String ID="string_268" HPOS="554" VPOS="1247" WIDTH="80" HEIGHT="22" WC="0.78" CONTENT="Härtill"/><SP WIDTH="22" VPOS="1247" HPOS="634"/>
							<String ID="string_269" HPOS="656" VPOS="1247" WIDTH="49" HEIGHT="22" WC="0.96" CONTENT="kom"/><SP WIDTH="15" VPOS="1247" HPOS="705"/>
							<String ID="string_270" HPOS="720" VPOS="1251" WIDTH="31" HEIGHT="18" WC="0.96" CONTENT="att"/><SP WIDTH="15" VPOS="1251" HPOS="751"/>
							<String ID="string_271" HPOS="766" VPOS="1248" WIDTH="65" HEIGHT="21" WC="0.96" CONTENT="äfven"/><SP WIDTH="15" VPOS="1248" HPOS="831"/>
							<String ID="string_272" HPOS="846" VPOS="1248" WIDTH="28" HEIGHT="21" WC="0.96" CONTENT="de"/><SP WIDTH="15" VPOS="1248" HPOS="874"/>
							<String ID="string_273" HPOS="889" VPOS="1249" WIDTH="6" HEIGHT="20" WC="0.93" CONTENT="i"/><SP WIDTH="16" VPOS="1249" HPOS="895"/>
							<String ID="string_274" HPOS="911" VPOS="1251" WIDTH="34" HEIGHT="18" WC="0.92" CONTENT="ut-"/>
						</TextLine>
						<TextLine ID="line_32" HPOS="191" VPOS="1280" WIDTH="752" HEIGHT="29">
							<String ID="string_275" HPOS="191" VPOS="1280" WIDTH="180" HEIGHT="28" WC="0.91" CONTENT="sökningsbalken"/><SP WIDTH="24" VPOS="1280" HPOS="371"/>
							<String ID="string_276" HPOS="395" VPOS="1280" WIDTH="40" HEIGHT="21" WC="0.96" CONTENT="och"/><SP WIDTH="27" VPOS="1280" HPOS="435"/>
							<String ID="string_277" HPOS="462" VPOS="1288" WIDTH="74" HEIGHT="14" WC="0.95" CONTENT="senare"/><SP WIDTH="25" VPOS="1288" HPOS="536"/>
							<String ID="string_278" HPOS="561" VPOS="1281" WIDTH="152" HEIGHT="28" WC="0.93" CONTENT="författningar"/><SP WIDTH="24" VPOS="1281" HPOS="713"/>
							<String ID="string_279" HPOS="737" VPOS="1281" WIDTH="125" HEIGHT="22" WC="0.93" CONTENT="meddelade"/><SP WIDTH="25" VPOS="1281" HPOS="862"/>
							<String ID="string_280" HPOS="887" VPOS="1282" WIDTH="56" HEIGHT="21" WC="0.87" CONTENT="före-"/>
						</TextLine>
						<TextLine ID="line_33" HPOS="193" VPOS="1314" WIDTH="750" HEIGHT="29">
							<String ID="string_281" HPOS="193" VPOS="1315" WIDTH="86" HEIGHT="20" WC="0.96" CONTENT="skrifter"/><SP WIDTH="21" VPOS="1315" HPOS="279"/>
							<String ID="string_282" HPOS="300" VPOS="1314" WIDTH="91" HEIGHT="21" WC="0.96" CONTENT="rörande"/><SP WIDTH="16" VPOS="1314" HPOS="391"/>
							<String ID="string_283" HPOS="407" VPOS="1314" WIDTH="76" HEIGHT="29" WC="0.92" CONTENT="sjelfva"/><SP WIDTH="15" VPOS="1314" HPOS="483"/>
							<String ID="string_284" HPOS="498" VPOS="1315" WIDTH="157" HEIGHT="28" WC="0.91" CONTENT="utmätningens"/><SP WIDTH="16" VPOS="1315" HPOS="655"/>
							<String ID="string_285" HPOS="671" VPOS="1315" WIDTH="159" HEIGHT="22" WC="0.96" CONTENT="verkställande"/><SP WIDTH="15" VPOS="1315" HPOS="830"/>
							<String ID="string_286" HPOS="845" VPOS="1316" WIDTH="41" HEIGHT="21" WC="0.96" CONTENT="och"/><SP WIDTH="16" VPOS="1316" HPOS="886"/>
							<String ID="string_287" HPOS="902" VPOS="1315" WIDTH="41" HEIGHT="22" WC="0.96" CONTENT="den"/>
						</TextLine>
						<TextLine ID="line_34" HPOS="190" VPOS="1349" WIDTH="753" HEIGHT="29">
							<String ID="string_288" HPOS="190" VPOS="1351" WIDTH="89" HEIGHT="20" WC="0.92" CONTENT="utmätta"/><SP WIDTH="16" VPOS="1351" HPOS="279"/>
							<String ID="string_289" HPOS="295" VPOS="1349" WIDTH="142" HEIGHT="28" WC="0.92" CONTENT="egendomens"/><SP WIDTH="16" VPOS="1349" HPOS="437"/>
							<String ID="string_290" HPOS="453" VPOS="1349" WIDTH="141" HEIGHT="22" WC="0.96" CONTENT="användande"/><SP WIDTH="15" VPOS="1349" HPOS="594"/>
							<String ID="string_291" HPOS="609" VPOS="1349" WIDTH="35" HEIGHT="21" WC="0.93" CONTENT="för"/><SP WIDTH="14" VPOS="1349" HPOS="644"/>
							<String ID="string_292" HPOS="658" VPOS="1349" WIDTH="99" HEIGHT="22" WC="0.91" CONTENT="fordrans"/><SP WIDTH="15" VPOS="1349" HPOS="757"/>
							<String ID="string_293" HPOS="772" VPOS="1350" WIDTH="112" HEIGHT="28" WC="0.92" CONTENT="gäldande,"/><SP WIDTH="15" VPOS="1350" HPOS="884"/>
							<String ID="string_294" HPOS="899" VPOS="1351" WIDTH="44" HEIGHT="20" WC="0.92" CONTENT="sär-"/>
						</TextLine>
						<TextLine ID="line_35" HPOS="190" VPOS="1383" WIDTH="753" HEIGHT="29">
							<String ID="string_295" HPOS="190" VPOS="1383" WIDTH="67" HEIGHT="22" WC="0.92" CONTENT="skildt"/><SP WIDTH="22" VPOS="1383" HPOS="257"/>
							<String ID="string_296" HPOS="279" VPOS="1384" WIDTH="6" HEIGHT="21" WC="0.96" CONTENT="i"/><SP WIDTH="19" VPOS="1384" HPOS="285"/>
							<String ID="string_297" HPOS="304" VPOS="1383" WIDTH="60" HEIGHT="28" WC="0.96" CONTENT="fråga"/><SP WIDTH="19" VPOS="1383" HPOS="364"/>
							<String ID="string_298" HPOS="383" VPOS="1391" WIDTH="34" HEIGHT="14" WC="0.96" CONTENT="om"/><SP WIDTH="15" VPOS="1391" HPOS="417"/>
							<String ID="string_299" HPOS="432" VPOS="1383" WIDTH="44" HEIGHT="22" WC="0.96" CONTENT="fast"/><SP WIDTH="14" VPOS="1383" HPOS="476"/>
							<String ID="string_300" HPOS="490" VPOS="1383" WIDTH="110" HEIGHT="29" WC="0.96" CONTENT="egendom,"/><SP WIDTH="15" VPOS="1383" HPOS="600"/>
							<String ID="string_301" HPOS="615" VPOS="1385" WIDTH="7" HEIGHT="20" WC="0.96" CONTENT="i"/><SP WIDTH="15" VPOS="1385" HPOS="622"/>
							<String ID="string_302" HPOS="637" VPOS="1383" WIDTH="51" HEIGHT="22" WC="0.93" CONTENT="flere"/><SP WIDTH="15" VPOS="1383" HPOS="688"/>
							<String ID="string_303" HPOS="703" VPOS="1384" WIDTH="117" HEIGHT="22" WC="0.92" CONTENT="afseenden"/><SP WIDTH="15" VPOS="1384" HPOS="820"/>
							<String ID="string_304" HPOS="835" VPOS="1385" WIDTH="108" HEIGHT="22" WC="0.91" CONTENT="befunnos"/>
						</TextLine>
						<TextLine ID="line_36" HPOS="191" VPOS="1418" WIDTH="752" HEIGHT="30">
							<String ID="string_305" HPOS="191" VPOS="1418" WIDTH="94" HEIGHT="29" WC="0.96" CONTENT="otydliga"/><SP WIDTH="23" VPOS="1418" HPOS="285"/>
							<String ID="string_306" HPOS="308" VPOS="1418" WIDTH="40" HEIGHT="21" WC="0.96" CONTENT="och"/><SP WIDTH="21" VPOS="1418" HPOS="348"/>
							<String ID="string_307" HPOS="369" VPOS="1418" WIDTH="151" HEIGHT="28" WC="0.95" CONTENT="ofullständiga"/><SP WIDTH="19" VPOS="1418" HPOS="520"/>
							<String ID="string_308" HPOS="539" VPOS="1421" WIDTH="54" HEIGHT="19" WC="0.96" CONTENT="samt"/><SP WIDTH="15" VPOS="1421" HPOS="593"/>
							<String ID="string_309" HPOS="608" VPOS="1418" WIDTH="47" HEIGHT="22" WC="0.96" CONTENT="icke"/><SP WIDTH="15" VPOS="1418" HPOS="655"/>
							<String ID="string_310" HPOS="670" VPOS="1419" WIDTH="67" HEIGHT="22" WC="0.93" CONTENT="heller"/><SP WIDTH="14" VPOS="1419" HPOS="737"/>
							<String ID="string_311" HPOS="751" VPOS="1419" WIDTH="143" HEIGHT="29" WC="0.91" CONTENT="tillgodosågo"/><SP WIDTH="17" VPOS="1419" HPOS="894"/>
							<String ID="string_312" HPOS="911" VPOS="1427" WIDTH="32" HEIGHT="14" WC="0.91" CONTENT="er-"/>
						</TextLine>
						<TextLine ID="line_37" HPOS="192" VPOS="1453" WIDTH="751" HEIGHT="30">
							<String ID="string_313" HPOS="192" VPOS="1453" WIDTH="103" HEIGHT="28" WC="0.90" CONTENT="forderlig"/><SP WIDTH="15" VPOS="1453" HPOS="295"/>
							<String ID="string_314" HPOS="310" VPOS="1453" WIDTH="158" HEIGHT="28" WC="0.91" CONTENT="skyndsamhet,"/><SP WIDTH="18" VPOS="1453" HPOS="468"/>
							<String ID="string_315" HPOS="486" VPOS="1456" WIDTH="54" HEIGHT="18" WC="0.95" CONTENT="samt"/><SP WIDTH="15" VPOS="1456" HPOS="540"/>
							<String ID="string_316" HPOS="555" VPOS="1455" WIDTH="30" HEIGHT="19" WC="0.93" CONTENT="att"/><SP WIDTH="15" VPOS="1455" HPOS="585"/>
							<String ID="string_317" HPOS="600" VPOS="1454" WIDTH="77" HEIGHT="28" WC="0.91" CONTENT="jemväl"/><SP WIDTH="17" VPOS="1454" HPOS="677"/>
							<String ID="string_318" HPOS="694" VPOS="1453" WIDTH="36" HEIGHT="23" WC="0.96" CONTENT="det"/><SP WIDTH="14" VPOS="1453" HPOS="730"/>
							<String ID="string_319" HPOS="744" VPOS="1455" WIDTH="48" HEIGHT="26" WC="0.93" CONTENT="sätt,"/><SP WIDTH="15" VPOS="1455" HPOS="792"/>
							<String ID="string_320" HPOS="807" VPOS="1454" WIDTH="82" HEIGHT="29" WC="0.92" CONTENT="hvarpå"/><SP WIDTH="15" VPOS="1454" HPOS="889"/>
							<String ID="string_321" HPOS="904" VPOS="1454" WIDTH="39" HEIGHT="29" WC="0.92" CONTENT="by-"/>
						</TextLine>
					</TextBlock>
					<TextBlock ID="block_4" HPOS="257" VPOS="1492" WIDTH="331" HEIGHT="23">
						<TextLine ID="line_38" HPOS="257" VPOS="1492" WIDTH="331" HEIGHT="23">
							<String ID="string_322" HPOS="257" VPOS="1493" WIDTH="130" HEIGHT="22" WC="0.89" CONTENT="Lagutskottets"/><SP WIDTH="13" VPOS="1493" HPOS="387"/>
							<String ID="string_323" HPOS="400" VPOS="1492" WIDTH="108" HEIGHT="18" WC="0.96" CONTENT="betänkande"/><SP WIDTH="13" VPOS="1492" HPOS="508"/>
							<String ID="string_324" HPOS="521" VPOS="1493" WIDTH="38" HEIGHT="17" WC="0.96" CONTENT="N:o"/><SP WIDTH="12" VPOS="1493" HPOS="559"/>
							<String ID="string_325" HPOS="571" VPOS="1494" WIDTH="17" HEIGHT="16" WC="0.96" CONTENT="5."/>
						</TextLine>
					</TextBlock>
				</ComposedBlock>
			</PrintSpace>
		</Page>
	</Layout>
</alto>
