1036 1714
822 133 26 19 87

126 197 93 28 kallelse,
234 198 38 21 har
286 199 30 20 att
330 198 84 21 inställa
429 199 32 26 sig
476 199 35 21 vid
521 199 76 21 Rätten
608 199 31 21 till
651 199 75 27 förhör,
740 199 52 21 eller
802 205 77 15 annor-

127 231 69 21 städes
221 232 31 21 till
278 232 138 27 upplysnings
439 233 119 26 afgifvande
581 233 89 20 rörande
693 232 184 27 konkursmassan,

127 265 54 21 dock
203 266 18 27 ej
243 272 51 20 mer,
316 273 34 13 om
366 266 41 20 han
423 266 63 21 vistas
501 269 57 18 utom
575 266 120 27 domsagan,
710 269 27 18 än
752 273 46 14 som
814 267 64 21 erfor-

127 299 81 28 drades,
223 306 33 14 om
272 300 42 21 han
329 299 101 27 derinom,
446 300 12 20 å
473 303 32 18 ort
519 300 38 21 der
571 300 40 21 han
623 300 38 21 sist
669 300 97 27 vistades,
774 301 32 26 sig
814 306 65 21 uppe-

126 333 61 21 hölle.
217 328 110 27 Likaledes
342 333 53 21 skall
410 333 21 21 af
446 334 176 21 konkursmassan
638 334 84 27 honom,
736 334 54 21 hans
804 335 75 20 hustru

127 367 39 22 och
181 367 116 28 oförsörjda
312 368 52 21 barn
378 368 90 21 tilldelas
479 368 110 21 underhäll
601 368 31 21 till
642 368 189 28 inställelsedagen,
842 368 38 21 der

127 403 41 20 han
184 402 18 27 ej
219 402 124 21 annorledes
358 402 32 28 sig
404 402 88 27 försörja
507 403 47 20 kan.

196 436 145 27 Uppkommer
355 436 50 21 tvist
420 443 35 14 om
470 437 109 28 gäldenärs
595 437 38 21 och
649 436 47 22 dess
712 437 112 27 anhöriges
839 443 40 14 un-

127 470 80 21 derhäll
229 477 25 14 ur
276 470 190 27 konkursmassan;
488 471 72 28 pröfve
576 471 75 21 Rätten
667 471 54 20 hvad
736 471 7 20 i
759 471 75 21 sädant
848 471 31 21 af-

127 504 78 21 seende
228 504 94 28 skäligen
345 504 69 22 bestäs
436 505 38 21 mä.
504 505 79 22 Finnes
603 505 126 28 gäldenären
744 505 68 27 hafva,
829 506 50 20 utan

127 539 48 27 laga
197 539 51 27 skäl,
271 539 54 27 dröjt
346 539 49 21 med
418 539 197 28 bouppteckningen
631 539 38 21 och
685 539 47 21 dess
748 539 131 28 beedigande

127 573 51 22 eller
194 573 58 21 boets
268 573 172 21 öfverlemnande
455 574 31 21 till
501 573 54 28 gode
565 576 55 24 män,
631 579 38 22 ege
679 573 75 21 Rätten
764 573 116 22 inskränka

128 607 57 22 tiden
207 607 33 21 för
261 607 35 22 det
318 607 110 22 underhåll
450 609 42 20 han
514 608 60 28 njuta
596 607 59 29 skall,
670 608 52 21 efter
736 610 24 25 ty
775 615 45 14 som
836 615 44 14 om-

128 643 170 27 ständigheterna
313 643 69 21 dertill
397 643 113 21 föranleda.

474 730 12 27 S
501 730 33 21 45.

196 781 39 21 Till
250 781 120 21 konkursbo
386 781 76 21 räknas
477 781 29 21 all
520 781 40 22 den
576 781 109 27 egendom,
699 787 46 15 som
760 788 12 13 å
788 781 41 20 den
844 781 36 25 tid,

129 815 28 21 då
178 815 126 28 gäldenären
326 816 33 21 sin
380 815 210 27 afträdesansökning
613 815 31 21 till
665 815 76 21 Rätten
756 815 59 27 ingaf
830 815 51 21 eller

130 849 69 22 beslut
222 857 33 14 om
279 850 52 21 hans
352 849 114 28 egendoms
482 849 122 22 afträdande
619 849 26 28 på
660 849 113 28 borgenärs
789 849 92 28 begäran

129 885 22 20 af
165 883 75 22 Rätten
256 885 94 25 fattades,
370 884 98 21 tillhörde
482 884 127 27 gäldenären
625 883 51 21 eller
690 883 44 21 före
749 883 132 21 konkursens

130 919 43 21 slut
194 919 78 21 honom
296 919 98 26 tillfaller,
416 919 40 20 och
477 919 85 20 hvilken
577 918 92 28 lagligen
685 917 32 22 får
730 918 8 20 i
752 919 44 20 mät
811 920 70 25 tagas;

129 953 24 22 så
168 953 38 21 ock
221 953 56 21 hvad
292 953 48 22 med
355 953 46 21 stöd
416 953 22 21 af
453 953 12 27 $
480 953 27 21 46
522 953 32 21 till
569 952 49 21 boet
633 952 119 21 återvinnas
766 952 48 21 kan.

198 981 100 34 Åtnjuter
319 987 100 28 gäldenär
442 987 92 28 aflöning
557 987 51 21 eller
630 986 94 28 pension,
746 993 44 14 som
815 987 67 20 under

130 1022 121 21 konkursen
273 1022 89 27 utfaller,
384 1022 117 21 tillkomme
516 1021 142 22 konkursboet
672 1021 23 21 så
710 1023 44 19 stor
769 1021 33 21 del
818 1020 64 28 deraf,

131 1063 45 14 som
199 1057 11 20 &
233 1057 73 27 hvarje
328 1056 68 21 under
410 1056 121 21 konkursen
546 1055 124 22 inträffande
685 1055 196 28 betalningstermin

133 1090 65 28 enligt
212 1091 34 26 lag
260 1090 33 21 får
307 1091 7 20 i
329 1092 42 19 mät
386 1093 64 24 tagas.

202 1124 102 28 Införsel,
318 1131 48 14 som
386 1125 80 27 någon,
483 1124 90 28 jemlikt
589 1124 16 27 $
621 1124 14 20 8
650 1123 10 21 i
673 1123 159 28 förordningen
847 1130 35 14 om

139 1158 206 28 Utsökningslagens
360 1158 124 28 införande,
506 1158 98 27 åtnjuter
625 1157 10 21 i
647 1158 117 27 gäldenärs
780 1158 36 20 lön
831 1157 52 22 eller

130 1193 101 27 pension,
244 1193 96 28 upphöre
354 1193 38 20 vid
406 1193 66 20 slutet
486 1192 29 27 af
524 1192 43 21 den
582 1191 88 27 månad,
685 1191 64 21 hvari
760 1191 123 22 konkursen

132 1227 80 28 börjas;
234 1227 38 21 och
294 1227 65 21 varde
380 1226 92 28 derefter
493 1226 50 21 med
557 1227 37 20 lön
608 1226 51 21 eller
671 1225 95 29 pension
780 1225 105 28 förhället

132 1261 73 22 såsom
220 1261 113 27 ofvanföre
347 1261 63 28 sagdt
424 1262 32 19 är.

477 1347 13 26 g
504 1346 33 20 46.

201 1397 21 26 a)
240 1397 46 21 Allt
300 1397 54 21 hvad
370 1397 100 27 gäldenär
484 1403 76 21 genom
571 1395 118 28 bedrägligt
701 1395 120 21 förfarande
834 1395 52 21 eller

133 1438 69 16 annan
218 1431 122 28 oredlighet,
354 1437 46 16 som
415 1431 7 20 i
437 1431 13 27 $
465 1431 27 21 86
508 1431 38 21 och
562 1430 12 28 $
589 1430 26 21 87
631 1437 63 14 mom.
710 1429 12 22 b
736 1431 93 26 nämnes,
840 1429 46 22 sine
