1025 1720
310 150 29 21 U.
352 150 27 21 B.
396 163 26 2 —
439 151 73 27 Prop.
528 151 42 21 N:o
585 151 24 21 4.
784 151 26 19 31

84 218 66 21 andra
170 218 93 28 grunder
284 220 27 18 än
334 218 26 21 de
376 219 5 20 i
397 218 163 28 förteckningen
575 221 109 25 upptagna
700 219 20 26 (9
735 218 47 28 kap.
798 220 12 20 3
827 222 12 24 &

84 260 18 13 o.
127 253 25 20 10
177 252 47 28 kap.
248 254 11 19 3
283 253 25 27 &).
333 265 27 2 —
383 252 119 28 Angående
525 252 96 21 deremot
642 252 150 28 fördelningen
817 253 24 21 af

84 286 171 28 köpeskillingen
278 286 34 21 för
334 288 78 20 utmätt
430 287 31 21 lös
478 286 103 28 egendom
596 286 34 21 för
645 286 26 21 de
688 286 43 26 fall,
746 286 28 21 dä
788 287 51 21 flere

84 320 128 28 borgenärer
234 321 131 21 konkurrera
387 328 33 14 om
442 321 114 27 betalning,
579 320 86 28 stadgas
686 321 6 20 i
717 322 13 19 6
752 321 47 27 kap.
817 321 24 21 af

83 355 109 27 förslaget.
228 355 111 28 Klarligen
363 355 103 21 behöfves
490 355 48 21 icke
558 354 90 22 särskild
671 354 112 22 föreskrift
805 362 34 14 om

83 389 54 21 huru
156 390 221 27 utmätningsmannen
399 389 38 21 har
458 392 31 18 att
508 389 27 28 gä
557 389 32 21 till
604 390 61 27 väga,
680 388 28 22 dä
723 390 5 19 i
746 389 94 28 antydda

83 424 39 20 fall
142 423 48 21 icke
205 423 70 28 nägon
291 424 105 27 borgenär
411 425 39 26 gör
467 423 92 28 anspräk
577 423 28 28 pä
620 423 108 20 företräde
750 423 91 21 framför

84 465 78 14 annan:
184 457 75 22 räcker
282 458 18 28 ej
323 457 116 28 tillgången
463 457 32 21 till
510 457 23 21 ät
547 457 46 26 alla,
609 457 24 21 sä
647 457 38 21 har
700 458 140 27 utmätnings-

84 499 91 14 mannen
196 495 31 18 att
249 491 12 22 &
281 492 26 21 de
330 491 163 29 ifrägavarande
515 491 148 28 fordringarna
684 491 82 22 fördela
788 491 52 22 den-

84 534 79 14 samma
184 527 5 20 i
212 527 132 21 förhållande
360 527 32 20 till
414 526 60 22 deras
496 527 83 28 belopp.
618 526 46 22 Var
686 526 45 22 åter
746 526 94 28 egendo-

84 569 47 14 men
154 561 90 29 tidigare
266 563 78 19 utmätt
363 561 35 21 för
416 561 42 21 den
482 569 38 13 ene
542 561 143 28 hborgenärens
705 561 87 21 fordran
812 562 26 19 än

84 596 34 21 för
140 595 40 22 den
205 596 82 26 andres,
309 596 54 21 skall
389 595 101 22 likaledes
516 599 51 18 utan
595 595 73 22 vidare
690 595 92 28 omgång
802 595 38 21 be-

84 631 81 28 talning
191 630 171 21 tillhandahållas
387 630 55 21 först
464 631 85 25 honom,
570 637 45 14 som
638 630 76 21 vunnit
733 629 41 22 den
789 629 50 21 tidi-

85 673 51 20 gare
151 666 146 27 utmätningen
313 665 41 21 och
369 665 86 21 dermed
472 665 64 21 äfven
548 664 138 21 förmänsrätt
695 664 90 21 framför
796 663 42 22 den

86 700 72 26 andre,
179 702 54 19 samt
248 699 73 26 sedan,
336 699 72 22 sävidt
422 699 121 22 öfverskott
559 699 72 26 finnes,
647 699 41 21 den
704 698 131 22 sistnämnde

84 733 142 22 Annorlunda
246 734 102 27 gestaltar
370 735 32 26 sig
425 733 95 22 deremot
542 733 72 26 saken,
633 741 34 13 om
682 733 70 28 nägon
768 733 23 20 af
806 735 34 18 ut-

84 768 230 28 mätningssökandene
337 768 37 21 vill
396 767 48 22 med
468 768 68 21 bättre
553 769 42 19 rätt
618 769 26 19 än
665 767 77 28 sjelfva
762 769 77 18 utmäi-

85 803 79 28 ningen
181 802 84 21 medför
279 803 59 27 njuta
354 802 109 28 betalning
478 802 90 21 framför
583 801 26 21 de
625 801 65 22 andre
702 801 40 22 och
754 801 84 21 medlen

85 838 18 27 ej
120 837 67 21 förslä
201 837 32 21 till
249 837 51 21 allas
315 836 127 28 förnöjande
455 839 54 19 samt
521 836 217 21 öfverenskommelse
751 843 33 14 om
794 835 46 21 för-

85 872 116 28 delningen
217 872 17 28 ej
251 872 66 20 heller
331 871 34 21 fås
380 871 32 21 till
428 870 68 22 stånd.
517 871 43 21 För
575 870 62 22 dessa
652 870 44 26 fall,
706 870 59 22 hvari
777 870 62 21 verk-

85 906 30 28 lig
136 906 99 21 kollision
259 906 89 20 emellan
367 905 228 29 fordringsanspräken
618 912 49 21 eger
681 912 53 19 rum,
748 904 91 22 föreslås

85 940 137 21 anordnande
243 940 23 21 af
281 943 30 18 ett
327 939 101 21 särskildt
448 939 130 27 förfarande,
598 939 91 21 medelst
708 938 83 22 hvilket
805 942 34 17 ut-

86 975 196 27 mätningsmannen
298 974 55 21 hade
369 976 31 18 att
415 974 7 20 i
438 973 93 28 enlighet
546 973 48 21 med
605 972 234 22 förmänsrättsförord-

86 1010 90 27 ningens
199 1008 158 28 bestämningar
376 1008 116 21 verkställa
514 1008 182 28 köpeskillingens
711 1006 128 28 fördelning.

85 1043 100 22 Nämnda
207 1043 123 21 förfarande
354 1044 22 20 är
396 1042 66 28 enligt
477 1042 103 28 förslaget
594 1042 32 21 till
641 1043 47 20 sina
702 1041 137 29 hufvuddrag

85 1078 101 28 följande.
217 1078 227 27 Utmätningsmannen
466 1084 49 21 eger
530 1079 32 19 att
576 1076 62 22 öfver
653 1076 26 21 de
695 1076 83 28 belopp,
794 1083 44 13 som

87 1113 67 27 enligt
176 1112 89 28 stadgad
287 1111 242 28 förmånsrättsordning
544 1111 51 21 böra
610 1111 75 21 utfalla
700 1111 13 21 å
728 1110 26 22 de
770 1110 69 21 skilda

86 1147 154 27 fordringarna,
259 1148 95 27 uppgöra
380 1153 26 14 en
431 1146 71 28 längd,
527 1145 48 21 med
600 1145 138 28 iakttagande
764 1144 75 22 dervid

86 1184 32 19 att
140 1182 63 20 äfven
226 1181 35 20 för
282 1182 85 26 tvistigt
381 1180 51 21 eller
447 1180 110 27 vilkorligt
571 1180 92 28 anspråk
676 1180 112 27 utdelning
802 1180 37 20 be-

86 1216 78 21 räknas
181 1215 40 22 och
236 1218 32 18 att
281 1215 36 21 för
331 1215 93 26 fordran,
441 1222 44 13 som
501 1214 48 21 icke
565 1216 22 19 är
602 1213 100 22 förfallen
718 1213 40 22 och
773 1213 66 21 hvarå

86 1252 62 19 ränta
171 1250 18 28 ej
206 1249 54 22 skall
274 1249 74 28 gäldas
364 1249 46 21 före
425 1248 163 29 förfallodagen,
603 1248 139 28 utdelningen
756 1247 83 22 utföres

87 1284 75 22 endast
177 1284 54 21 efter
245 1283 135 28 fordringens
397 1283 66 28 enligt
478 1283 57 21 vissa
548 1283 87 27 angifna
647 1282 93 28 grunder
750 1282 89 21 reduce-

86 1318 51 21 rade
160 1317 71 22 värde.
261 1318 76 20 Denna
360 1317 205 28 fördelningslängd,
588 1316 87 22 hvilken
699 1317 140 27 utmätnings-

86 1359 91 13 mannen
193 1352 39 20 bör
247 1351 97 20 bekräfta
360 1351 48 20 med
424 1352 31 19 sin
472 1351 136 24 underskrift,
623 1350 128 27 framlägges
772 1350 66 27 derpå

86 1386 56 20 efter
164 1384 127 28 föregånget
311 1383 208 28 tillkännagifvande
541 1383 34 21 för
590 1383 161 27 borgenärerne,
766 1382 72 22 hvilka

86 1420 57 20 inom
165 1418 143 22 föreskrifven
325 1417 33 21 tid
373 1417 71 22 kunna
460 1417 38 22 hos
514 1416 165 22 öfverexekutor
695 1416 88 22 klandra
795 1416 43 21 för-

86 1454 121 28 delningen,
225 1460 47 14 men
289 1452 117 22 emellertid
422 1454 35 19 äro
474 1451 131 29 berättigade
621 1454 31 18 att
667 1452 81 21 enhvar
763 1464 26 3 —
805 1450 34 22 sä-

155 1493 131 23 Lagutskotteis
299 1492 109 18 belänkande
420 1492 38 18 N:o
470 1493 17 17 5.
