1020 1664
216 116 26 20 16
517 117 34 21 N:o
565 111 38 27 26.

186 184 104 27 nämning
305 184 125 28 länsmedel,
446 185 67 21 varda
529 188 44 18 mot
589 185 92 27 stadgad
697 184 199 27 uppbördsprocent
904 191 35 21 ge-

186 225 49 14 nom
251 219 167 26 vederbörande,
438 219 3 21 i
461 220 154 26 sammanhang
635 220 49 21 med
699 219 188 27 kronoskatterna,
904 219 36 21 de-

186 253 100 21 biterade
302 253 39 21 och
357 253 101 28 indrifna,
475 256 54 19 samt
541 254 6 21 i
557 254 169 21 landtränteriet
734 254 87 27 insatta,
831 254 56 21 inom
899 254 40 21 den

187 287 32 21 tid
236 287 40 22 och
291 287 36 21 vid
343 288 35 21 det
394 294 84 21 ansvar,
488 295 45 15 som
545 291 24 18 är
577 288 33 21 för
618 289 95 20 kronans
724 287 97 28 uppbörd
833 288 106 27 stadgadt.

532 363 11 27 $
560 364 33 20 53.

262 403 60 20 Inom
345 403 44 21 Juli
412 403 78 21 månad
513 403 56 21 skall
588 403 128 26 fullständig
730 403 138 27 redovisning
882 402 59 21 öfver

188 437 126 26 uppbörden
330 437 23 21 af
366 437 133 22 länsmedlen
511 444 76 21 genom
596 437 141 22 Guvernören
744 437 33 21 till
786 437 155 22 länsutskottet

188 471 110 21 aflemnas.

534 513 11 27 $
562 513 33 21 54.

260 552 129 27 Länstinget
413 553 95 21 besluter
531 559 33 15 om
586 553 130 26 afskrifning
731 552 24 21 af
769 552 124 21 resterande
909 553 33 20 ut-

192 587 94 27 skylder,
303 593 45 15 som
364 587 46 22 icke
426 588 83 21 kunnat
523 587 111 22 indrifvas.

535 662 11 27 S
562 663 33 20 55.

260 701 31 22 De
307 702 6 21 i
329 702 166 21 landtränteriet
511 702 81 21 insatta
608 701 123 22 länsmedel
749 702 66 27 skola,
829 703 24 25 på
862 701 81 21 länsut-

189 736 93 21 skottets
306 736 114 28 invisning,
436 737 23 20 af
473 736 140 22 Guvernören
633 736 140 27 utanordnas,
790 736 39 21 och
845 736 58 27 böra,
919 736 25 20 så

188 770 46 21 vidt
250 771 38 20 ske
304 771 42 20 kan
366 771 39 21 och
429 771 69 26 enligt
513 771 129 27 länstingets
662 770 118 28 föreskrift,
796 777 76 20 genom
886 770 58 21 läns-

189 805 118 21 utskottets
323 805 85 27 försorg
423 805 114 28 förräntas,
554 806 33 21 till
604 806 49 21 dess
664 805 28 22 de
702 805 33 21 för
747 805 88 21 afsedda
844 805 99 20 ändamål

190 839 67 21 blifva
272 839 113 28 behöfliga.

535 881 11 26 8
563 881 33 20 56.

262 920 139 27 Länstingets
417 921 147 26 räkenskaper
580 921 75 21 ställas
671 921 29 26 på
715 920 135 21 kalenderår.

535 997 12 27 $
563 998 33 20 57.

263 1036 127 27 Länstinget
410 1039 60 19 utser
488 1037 73 26 hvarje
582 1038 24 19 år
622 1037 36 20 två
674 1035 107 22 revisorer
797 1035 40 21 och
853 1037 30 19 ett
898 1034 45 21 lika

190 1069 60 22 antal
270 1070 145 28 suppleanter,
438 1071 33 21 för
486 1071 132 27 granskning
638 1071 24 20 af
676 1070 37 21 det
728 1069 93 27 löpande
837 1070 57 20 årets
910 1071 34 18 rä-

190 1104 123 27 kenskaper
329 1105 39 21 och
384 1105 158 28 förvaltningen
558 1105 23 21 af
594 1105 142 21 länsmedlen.
766 1103 128 22 Revisionen
905 1103 40 21 bör

190 1145 52 14 vara
266 1140 24 20 sä
312 1139 65 27 tidigt
400 1139 100 28 afslutad,
524 1141 33 20 att
579 1139 133 22 berättelsen
733 1139 73 20 derom
822 1139 35 20 mä
871 1137 74 21 kunna

191 1173 58 21 inom
266 1174 40 21 den
324 1175 9 20 1
352 1174 66 27 derpä
434 1174 93 27 följande
543 1174 126 27 September
685 1179 52 15 vara
753 1179 76 20 genom
844 1172 61 27 tryck
913 1171 32 22 of-

191 1207 141 28 fentliggjord
348 1208 39 21 och
402 1208 71 22 länets
489 1208 231 27 kommunalstyrelser
734 1207 99 21 tillstäld.

536 1283 11 27 8
564 1284 33 20 58.

263 1323 246 22 Revisionsberättelsen
532 1323 121 27 förelägges
678 1323 37 20 det
737 1322 90 27 lagtima
841 1321 103 27 länsting,

192 1363 45 15 som
253 1359 50 20 näst
319 1357 55 22 efter
389 1358 121 21 revisionen
526 1357 182 26 sammanträder,
724 1357 38 21 och
779 1362 51 21 eger
845 1356 59 21 detta
913 1355 32 21 af-

190 1393 60 26 göra,
266 1392 105 21 huruvida
387 1393 155 21 ansvarsfrihet
557 1393 35 20 mä
607 1391 111 22 meddelas
735 1391 59 27 eller,
810 1391 7 20 i
829 1390 116 27 anledning

190 1426 23 21 af
226 1426 126 21 förekomna
368 1427 173 27 anmärkningar,
556 1427 49 26 laga
622 1425 97 28 anspräk
734 1425 85 21 väckas.
