1025 1664
229 120 27 20 24
535 120 35 22 N:o
586 121 35 21 25.

200 188 77 20 trollör
300 188 58 21 åsatt
381 190 32 20 till
436 189 176 22 förekommande
635 190 23 21 af
675 190 125 21 bränvinets
820 190 81 26 lönliga
920 192 34 19 ut-

199 222 100 26 tagande,
323 223 51 21 eller
398 224 129 21 åsidosätter
547 226 33 19 att
599 231 34 14 om
653 224 72 21 förfall
745 224 34 21 för
795 225 79 20 dennes
891 224 61 20 verk-

200 256 84 21 samhet
306 259 53 24 göra
382 258 66 21 sådan
472 259 98 21 anmälan
590 259 11 27 $
622 260 26 20 22
663 260 7 20 i
687 259 195 26 ordningsstadgan
899 258 55 21 före-

200 290 99 27 skrifver,
323 292 52 20 eller
394 292 66 27 begår
481 299 70 15 annan
570 293 156 21 öfverträdelse
746 294 6 20 i
769 293 66 26 afsigt
850 295 32 19 att
898 292 55 21 deri-

199 331 76 20 genom
299 326 71 26 undgå
392 327 142 21 föreskrifven
554 328 145 26 beskattning,
723 327 85 21 straftes
828 328 47 20 med
893 328 62 20 böter

199 359 47 21 från
265 360 36 21 och
318 361 48 20 med
382 363 85 19 ettusen
483 362 31 20 till
531 362 39 20 och
587 362 47 21 med
651 363 99 19 tvåtusen
768 362 66 26 mark,
851 362 52 20 eller
914 362 39 20 ock

199 394 49 21 med
269 394 95 26 fängelse
388 395 45 21 från
454 396 39 20 och
513 396 47 21 med
577 396 41 21 fem
635 396 103 21 månader
754 396 32 20 till
803 397 39 20 och
859 396 46 21 med
923 398 32 19 ett

199 428 30 26 år,
247 428 54 21 efter
321 429 92 21 brottets
433 430 152 24 beskaffenhet,
606 432 55 19 samt
680 430 64 26 gälde
764 431 41 20 den
825 431 65 25 skatt,
907 436 45 15 som

199 462 34 21 för
249 463 36 21 det
301 464 163 21 undansnillade
485 465 111 21 bränvinet
616 465 33 26 sig
665 465 95 26 belöper,
777 465 39 21 och
832 464 61 22 hafve
909 465 43 20 för-

199 497 70 21 brutit
284 498 128 27 redskapen,
428 499 40 21 allt
483 500 36 20 det
535 500 95 25 bränvin,
647 506 45 15 som
710 499 35 21 vid
757 499 100 26 tillfället,
870 500 27 20 då
908 499 42 21 för-

199 531 109 28 brytelsen
324 533 77 21 varder
417 534 109 26 upptäckt,
547 534 96 21 befinnes
662 535 6 20 i
685 535 124 20 brännoriet
822 535 66 25 jemte
904 533 48 22 der-

199 567 32 20 till
252 567 95 21 hörande
366 568 175 27 förvaringsrum,
563 569 47 21 med
632 570 109 25 undantag
762 569 22 20 af
799 569 36 20 det
850 569 12 20 å
878 569 74 20 neder-

198 601 35 26 lag
250 601 86 26 insatta,
353 605 55 18 samt
424 603 26 20 de
466 603 53 24 kärl,
535 603 59 21 hvari
611 604 114 20 bränvinet
740 603 124 21 inneslutes.

543 667 12 26 $
571 667 34 20 44.

271 705 134 21 Verkställer
424 706 227 21 bränvinstillverkare
670 706 136 27 destillering
822 707 12 20 &
850 706 31 21 tid
898 706 53 21 eller

197 740 41 24 ort,
255 745 45 15 som
317 739 97 22 otillåten
430 742 30 24 är,
477 741 51 20 eller
544 741 47 20 med
607 747 68 14 annan
692 743 28 18 än
736 740 102 25 lofgifven
850 741 99 26 redskap,

197 773 63 21 hafve
276 773 110 22 förverkat
403 781 66 14 varan
489 775 39 20 och
547 776 50 20 böte
616 775 69 21 första
706 781 62 15 resan
786 775 45 20 frän
848 775 38 21 och
903 775 49 20 med

197 807 118 22 etthundra
334 809 31 20 till
386 809 38 20 och
444 810 48 20 med
508 809 120 21 tvähundra
643 810 75 21 femtio
735 809 66 26 mark,
818 809 67 21 andra
900 809 51 26 gän-

197 847 41 20 gen
254 841 47 21 frän
318 843 39 20 och
373 843 48 20 med
440 843 120 21 tvähundra
579 844 32 21 till
627 844 39 21 och
683 844 48 20 med
748 843 126 21 femhundra
890 843 60 21 mark

198 878 56 18 samt
270 876 68 27 tredje
354 883 63 14 resan
434 879 83 19 ettusen
533 878 72 25 mark;
622 878 114 21 hvarutom
748 878 123 21 tillverkare
882 878 6 20 i
900 878 50 21 sist-

197 911 94 20 nämnda
306 911 37 21 fall
360 918 50 14 vare
426 912 92 27 redskap
535 913 38 21 och
590 913 199 25 tillverkningsrätt
805 912 106 27 förlustig.

542 975 11 27 $
569 976 34 20 45.

269 1013 40 21 Till
326 1014 99 26 redskap,
442 1021 46 15 som
504 1016 67 25 enligt
586 1015 131 27 föregäende
728 1016 133 26 stadganden
873 1017 24 19 är
908 1015 43 21 för-

195 1047 85 26 bruten,
297 1048 78 21 räknas
392 1048 73 28 hvarje
475 1050 6 20 i
493 1050 100 20 bränneri
604 1050 33 20 för
648 1050 103 26 kokning,
763 1050 187 26 mäskberedning,

193 1082 88 26 jäsning
300 1083 39 21 och
360 1083 105 27 bränning
483 1084 95 20 inrättad
599 1084 99 26 redskap,
719 1084 110 20 äfvensom
849 1084 103 26 sprithäl-

197 1116 52 21 lare.

541 1147 11 27 $
568 1148 34 20 46.

266 1185 93 21 Innehar
379 1186 51 21 eller
450 1187 107 21 använder
577 1186 224 27 destilleringsidkare
817 1193 69 15 annan
903 1186 48 21 red-

195 1219 60 27 skap,
275 1222 27 18 än
322 1220 42 20 han
384 1221 112 26 uppgifvit,
517 1222 38 20 och
572 1222 32 20 till
621 1221 141 27 begagnande
778 1221 77 21 hvaraf
869 1221 40 21 han
927 1223 24 19 är

193 1253 130 27 berättigad,
348 1254 52 21 eller
418 1255 63 21 idkar
500 1256 40 21 han
560 1256 136 26 destillering
717 1255 67 21 under
806 1256 37 25 tid,
863 1255 88 21 hvarför

192 1288 100 21 anmälan
315 1288 18 27 ej
358 1289 64 26 skett,
446 1290 52 20 eller
517 1290 12 20 &
548 1292 65 18 annat
632 1292 26 19 än
680 1289 114 27 uppgifvet
813 1290 68 24 ställe.
899 1290 49 20 böte

191 1323 70 21 första
284 1323 83 26 gängen
390 1323 48 22 frän
457 1325 38 20 och
515 1325 47 20 med
582 1325 123 20 tvähundra
724 1325 33 20 till
775 1325 38 20 och
829 1325 48 20 med
893 1324 57 27 fyra-

190 1356 86 22 hundra
299 1357 61 21 mark
384 1361 55 18 samt
462 1359 67 20 andra
550 1365 63 14 resan
632 1359 47 21 frän
696 1359 41 20 och
754 1359 48 20 med
817 1359 134 26 fyrahundra

190 1391 34 21 till
240 1392 39 21 och
295 1392 49 21 med
360 1392 131 21 ättahundra
507 1393 59 21 mark
582 1393 39 21 och
636 1400 52 14 vare
706 1393 34 21 sin
756 1393 195 26 destilleringsrät-

191 1425 70 27 tighet
277 1426 107 27 förlustig.
