1020 1661
306 149 32 24 USB
346 149 208 29 —oPröp-N:c
561 150 36 24 28.
784 152 13 20 7

65 203 44 36 kes;
111 207 136 28 befogenhet
262 209 37 20 att.
304 207 112 22 destillera
428 207 91 22 bränvin
534 207 24 22 så
565 207 74 27 långt,
649 213 52 16 som
717 207 58 28 detta
790 214 36 15 an-

67 245 54 20 setts
144 243 44 21 låta
207 241 73 22 förena
301 241 31 28 sig
347 241 49 22 med
410 241 127 22 kontrollen.
567 241 171 24 Vidkommande
752 242 74 27 rening

68 277 23 21 af
103 277 94 21 bränvin.
206 277 35 27 :.på
257 276 47 22 kalt
318 278 41 25 väg
369 276 44 22 har.
434 271 111 37 utskottet.
566 271 75 37 ansett.
655 276 127 28 densamma,
798 277 28 26 pä

66 313 48 23 sätt
126 305 70 38 äfven:
204 305 84 38 härtills.
296 310 58 28 varit:
368 310 69 26 fallet,
445 310 62 21 böra:
516 310 23 22 få
552 309 22 23 af
584 310 169 29 bränneriegare
766 310 60 22 verk-

68 345 75 22 ställas
153 358 1 3 .
164 344 49 23 hela
235 345 47 21 året
296 351 41 20 om,
348 346 62 20 utan
428 344 69 28 tillsyn:
513 344 23 22 af
549 344 126 26 kontrollör,
686 344 60 28 helst
762 345 64 26 något

67 379 110 23 missbruk
190 378 60 23 deraf
256 379 56 28 icke
326 374 62 37 gerna
402 374 41 37 kan
459 378 102 27 befaras...
575 379 42 22 Det
631 385 62 21 synes
710 385 53 15 vara
774 378 52 22 obil-

64 408 49 37 ligt,
126 416 35 20 att
179 415 30 25 på
226 420 80 19 samma
324 414 55 26 gång
392 419 50 16 man
464 412 142 27 föreskrifver;
619 415 39 26 att.
669 412 95 28 bränvin,
779 419 46 16 som

71 448 33 21 till
119 448 47 22 salu
180 448 74 26 hålles,
269 448 39 21 bör
317 451 57 19 vara
388 447 7 21 i
410 447 124 27 möjligaste
539 448 73 21 måtto
628 448 83 26 renadt,
721 447 54 28 vilja.
780 447 46 22 för-

69 488 72 16 mena
146 482 244 22 ibränvinstiliverkaren
412 488 25 16 en
451 483 34 21 :så
505 482 116 28 enkel:och
636 474 116 36 sjelffallen:
762 484 63 25 utväg

69 518 39 20 att:
116 516 184 22 förbättra.:varan
315 523 46 15 som
373 516 118 27 kolrening.:
515 512 111 30 Äfven:om
643 516 131 22 .bränneriets
785 516 41 22 till

68 551 104 26 verkning
187 546 75 36 komme
280 546 45 36 att:
331 551 58 27 tjena
404 551 77 21 endast
487 556 46 16 som
543 552 77 21 rävara
628 551 34 21 för
677 550 149 27 'destillerings-

69 585 83 27 idkare;
163 586 81 21 ;mäste
257 585 44 22 väl.
314 585 59 22 dock
388 591 33 16 en:
430 591 76 16 renare:
521 586 124 21 rävara.:stä
659 585 10 21 i
681 585 73 27 högre;
762 585 63 21 värde

69 621 27 20 än
112 626 26 15 en
158 626 58 15 oren.
246 620 42 21 Det
309 619 57 22 lärer
388 622 55 19 ännu
465 619 22 22 fä
509 625 61 16 anses
592 619 111 28 oafgjordt,
719 619 12 22 i
741 619 84 22 hvilken

69 654 63 21 män:
141 650 32 36 en.
178 656 90 20 .större
263 650 7 36 :
277 654 51 22 eller
337 654 92 22 mindre:
436 654 67 22 frihet
518 654 46 21 från
577 654 110 27 finkelolja
702 654 76 21 verkar
794 655 31 20 att

69 689 49 26 göra
132 684 115 35 alkoholen
257 684 86 35 -mindre
356 688 89 27 :skadlig
460 689 33 21 för
503 689 42 21 den
559 689 116 26 menskliga
686 688 138 27 organismen.

69 722 42 22 Om
120 732 3 2 +
133 723 42 21 ock
196 723 49 21 den:
259 723 97 27 produkt,
370 735 1 6 .
378 729 47 16 som
440 729 77 21 genom
532 723 111 27 kolrening
653 723 139 26 framställes,
807 722 17 27 ej

69 756 42 22 kan
126 757 65 21 blifva
203 757 106 27 jemförlig
320 757 48 22 med
378 757 26 22 de
418 757 156 27 fullkomligare'
590 757 235 26 destillationsverkens,

69 791 62 22 torde
150 791 55 22 den
217 791 54 22 dock
286 791 71 22 kunna
371 791 130 28 uppbringas
515 792 38 21 till
563 798 26 15 en
605 791 45 22 vida
665 794 71 19 större
751 791 75 22 renhet

69 827 31 19 än
112 825 116 26 'den:vara,
241 831 45 15 som
301 825 32 21 för
347 826 154 21 närvarande
491 821 14 35 i
517 832 26 15 en
556 828 47 20 stor
618 826 34 21 del
668 825 21 22 af
703 826 72 21 landet
790 825 37 22 all-

69 859 133 27 männeligen
218 859 124 22 -förbrukas.
372 860 45 21 Och
440 860 27 22 då
489 860 201 22 bränneritekniken
713 855 64 37 ännu:
786 855 45 37 kan

68 894 80 26 ganska
172 894 83 27 mycket
269 894 133 27 fullkomnas,
416 894 40 22 har
471 894 138 28 utskottet:ej
626 894 63 22 bordt
703 894 124 27 ifrågasätta

69 927 191 28 möjligheten
222 923 41 37 att
279 928 48 22 från
342 928 155 22 brännerierna
511 929 95 21 leverera
618 935 28 15 en
661 930 24 20 sä
699 928 129 28 väsendtligt

68 961 92 23 finkelfri.
170 968 57 21 vara,
235 964 34 20 att
279 963 40 21 den
329 963 95 22 hvarken
433 963 76 22 blifver
517 963 33 21 för
560 963 73 22 helsan
643 963 82 27 skadlig
735 963 52 22 eller
794 962 33 22 för

68 996 126 22 smak-:och
208 996 116 23 luktsinnet
339 997 121 27 obehaglig.
481 997 164 22 Med:afseende
660 998 13 21 &
689 998 36 21 det
739 997 89 22 anförda

68 1026 28 38 har
97 1030 136 23 :utskottet:
243 1031 47 22 från
304 1031 16 28 $
332 1032 26 21 19
373 1032 96 21 uteslutit
485 1032 38 21 allt
538 1038 45 15 som
593 1034 36 19 rör
644 1032 118 27 kallrening
771 1034 56 19 samt

68 1065 117 22 likaledes
194 1065 54 22 ifrån
263 1066 11 27 $
289 1067 27 20 25
331 1067 105 27 borttagit
451 1067 37 21 det
502 1067 67 21 andra
584 1073 69 20 mom.,
670 1073 47 15 men
732 1066 8 21 i
755 1066 71 22 stället

67 1099 71 27 tillagt
152 1107 27 14 en
195 1101 11 26 $
223 1101 37 25 26,
271 1107 46 15 som
332 1101 80 21 uttalar
427 1103 31 19 att
473 1101 77 43 rening
559 1097 31 50 pä
600 1101 45 21 kall
655 1103 38 25 väg
704 1103 24 19 är
737 1107 35 15 en.
763 1101 81 45 Chvärs
860 1101 32 20 26.

67 1133 89 22 tillåten.

137 1168 10 22 I
162 1168 11 28 $
184 1169 28 21 20
223 1169 39 21 har
272 1170 104 21 utskottet
386 1170 48 21 sökt
444 1169 93 28 afhjelpa
547 1171 65 26 några
623 1150 109 42 stilistiska
742 1170 82 22 brister.
834 1170 10 24 $
860 1169 35 23 20.

136 1203 10 21 I
161 1205 11 23 $
188 1204 27 20 22
231 1203 87 22 föreslås
340 1206 32 19 att
388 1204 93 22 utesluta
497 1205 66 21 orden
578 1204 29 26 af
618 1204 91 26 kronan,
725 1208 51 19 enär
792 1204 51 28 de-8
859 1204 36 21 22-

67 1236 189 28 stilleringsidkare
266 1238 42 22 kan
318 1238 76 22 tänkas
405 1238 111 22 tillhandla
526 1239 32 27 sig
568 1239 105 22 förbrutet
683 1240 73 21 dömdt
764 1240 62 21 brän-

67 1271 35 21 vin
115 1272 78 26 jemväl
208 1272 23 21 af
244 1272 164 28 partihandlare,
424 1279 46 15 som
485 1273 85 27 inropat
584 1274 77 21 sådant
675 1275 12 21 å
703 1274 94 22 auktion.

136 1306 10 21 I
162 1307 26 21 25
205 1308 11 24 $
231 1306 39 22 har
285 1306 104 22 utskottet
412 1309 71 20 ansett
505 1308 141 22 Tammerfors
662 1308 52 22 böra
728 1306 116 29 tilläggas$
861 1307 34 21 25.

66 1339 66 22 bland
150 1340 26 22 de
195 1341 78 27 städer,
289 1341 7 21 i
310 1341 72 22 hviika
406 1342 143 27 apotekarene
571 1342 79 22 tillåtas
673 1342 112 22 innehafva
800 1348 26 16 en

66 1373 167 28 destillerpanna
248 1375 22 21 af
283 1376 27 21 30
325 1376 93 21 kannors
433 1376 67 27 rymd.

135 1408 10 21 I
161 1409 12 26 $
190 1409 26 21 27
233 1409 38 22 har
293 1409 105 22 utskottet
420 1411 53 20 trott
497 1410 31 27 sig
550 1410 72 22 kunna
644 1411 65 27 något
727 1409 118 28 nedsätta$
861 1410 34 21 27.

65 1441 183 23 kontrollörernas
270 1443 99 26 arvoden,
392 1446 51 19 enär
466 1444 107 27 svårighet
592 1445 17 26 ej
626 1445 62 21 torde
703 1445 77 27 uppstå
796 1446 31 20 att

65 1475 33 21 till
114 1476 61 22 dessa
190 1477 144 27 befattningar
348 1477 81 22 erhålla
443 1478 101 27 lämpliga
559 1485 106 20 personer.

135 1516 192 18 Ekonomiutskottets
342 1516 117 19 betänkande
472 1518 38 17 N:o
523 1519 17 16 5.
