1025 1661
396 108 35 21 N:o
447 107 36 23 25.
760 108 26 19 41

60 177 32 21 les
108 179 55 19 samt
179 178 32 20 att
228 177 32 21 för
276 178 107 20 rörelsens
400 177 117 21 utöfvande
533 177 75 20 ställes
626 177 88 26 lämplig
729 182 87 21 person,

61 217 46 15 som
124 211 22 21 af
160 211 143 27 Magistraten
321 211 87 27 pröfvas
424 212 76 26 tjenlig
516 212 39 20 och
571 212 6 20 i
595 211 66 26 öfrigt
677 210 97 26 behörig.

408 274 11 27 8
436 275 34 20 21.

134 315 50 20 Med
207 315 137 26 tillämpning
367 315 23 20 af
411 315 149 26 stadgandena
580 315 6 20 i
607 314 11 27 $
639 315 12 20 6
671 320 63 15 mom.
753 315 8 18 1
779 319 39 20 ege

60 349 79 26 jemväl
156 349 141 26 Magistraten
319 349 90 26 utbjuda
429 349 80 21 sådane
529 349 289 26 bränvinsförsäljningsrät-

62 384 100 26 tigheter,
187 389 44 15 som
256 384 5 20 i
285 383 143 27 tilläfventyrs
448 383 127 27 ledigblifna
594 383 140 26 rättigheters
755 381 62 22 ställe

62 424 64 15 anses
142 418 53 21 böra
210 418 67 21 under
293 418 92 26 löpande
400 418 219 27 försäljningstermin
636 417 106 27 upplåtas.

412 481 10 27 s
440 482 32 19 22.

139 523 16 19 1.
187 521 148 21 Minuthandel
352 521 48 20 med
416 521 52 21 eller
485 521 146 24 utskänkning
647 521 22 20 af
684 520 89 21 bränvin
785 519 34 21 må

64 556 7 20 i
88 556 117 20 allmänhet
221 562 38 19 ega
275 562 46 14 rum
338 556 76 20 endast
430 556 46 20 från
494 556 91 20 klockan
603 562 36 14 sex
656 561 32 15 om
701 560 118 20 morgonen

65 590 33 21 till
114 590 91 20 -klockan
221 590 35 21 nio
273 596 33 14 om
323 590 93 25 aftonen,
433 596 47 14 men
498 590 46 21 icke
560 590 46 20 från
624 590 109 25 sistsagda
744 588 74 22 klock-

66 625 46 25 slag
129 625 68 25 dagen
214 624 46 21 före
276 627 47 18 sön-
340 624 52 21 eller
409 625 92 25 helgdag
518 625 32 20 till
566 624 91 21 klockan
669 630 36 14 sex
718 623 102 21 föremid-

66 660 68 25 dagen
151 659 69 20 första
237 659 161 27 derpåföljande
415 659 129 26 söcknedag.

138 694 18 20 2.
188 693 47 21 Den
251 694 103 26 rättighet
370 694 32 20 till
419 694 147 26 utskänkning
583 693 22 21 af
620 693 96 25 bränvin,
728 698 45 15 som
786 698 35 15 en-

66 728 40 25 ligt
128 728 4 27 $
155 729 5 19 5
177 733 62 15 mom.
259 729 12 19 3
291 727 41 21 kan
352 734 51 14 vara
422 728 105 25 särskildt
543 727 119 26 medgifven
679 727 141 25 konditorier,

67 762 83 20 hoteler
167 762 38 21 och
223 762 66 20 andra
305 762 175 25 näringsställen,
497 762 38 21 der
551 756 189 26 värdshusrörelse
751 761 69 26 idkas,

66 797 34 20 får
115 797 13 20 å
144 798 48 19 sön-
208 797 53 20 eller
277 797 91 26 helgdag
387 797 6 20 i
414 797 118 20 allmänhet
547 797 47 20 icke
610 796 84 21 utöfvas
711 796 68 21 under
795 795 27 21 ti-

68 831 40 20 den
128 831 32 20 för
180 831 78 20 allmän
279 831 131 25 gudstjenst;
431 831 55 20 dock
506 831 113 20 ankomme
640 831 35 20 det
691 831 12 19 å
719 831 103 25 Länesty-

67 865 56 21 relse
142 867 38 23 att,
201 865 47 21 med
268 865 82 26 hänsyn
373 865 32 21 till
422 865 211 21 ortsförhållandena
648 865 39 20 och
704 863 119 22 beskaffen-

68 899 62 21 heten
151 899 22 20 af
192 899 39 20 den
253 900 80 20 rörelse
353 900 6 20 i
380 899 72 27 dylika
473 900 106 20 värdshus
595 899 68 25 idkas,
680 901 38 24 att,
735 898 88 21 sedan
813 894 14 36 i

68 934 48 20 stad
136 934 117 26 Magistrat
272 934 38 20 och
331 934 197 26 stadsfullmägtige
548 934 58 26 eller,
627 934 37 20 der
681 934 80 20 sådane
776 932 47 22 icke

68 968 74 26 finnas,
159 968 79 21 allmän
254 968 173 21 rådhusstämma
443 969 39 20 och
499 969 27 26 på
537 969 73 20 landet
621 967 203 22 kommunalnämnd

69 1004 38 20 och
128 1003 165 26 kronobetjente
307 1003 77 21 -blifvit
402 1003 7 20 i
428 1005 74 19 ämnet
518 1003 71 25 hörde,
607 1005 97 19 närmare
720 1002 104 21 förordna

68 1044 34 14 om
126 1038 65 24 tiden,
216 1037 27 21 då
267 1038 145 26 utskänkning
432 1038 6 20 i
458 1038 75 26 dylika
553 1038 105 20 värdshus
675 1038 54 20 skall
746 1042 51 15 vara
812 1036 13 20 å

70 1074 49 18 sön-
136 1072 38 20 och
190 1072 93 26 helgdag
298 1072 87 20 instäld.

142 1107 18 20 3.
191 1106 10 20 I
218 1106 111 20 enahanda
345 1106 91 26 ordning
452 1106 119 21 bestämme
584 1106 79 26 jemväl
674 1106 151 26 Länestyrelse

69 1140 65 24 tiden,
158 1140 121 21 hvarunder
297 1140 26 21 de
346 1141 5 20 i
368 1146 62 15 mom.
448 1141 11 19 2
477 1141 142 20 omförmälda
634 1141 106 20 värdshus
756 1141 70 19 natte-

69 1175 31 20 tid
118 1175 61 20 skola
195 1175 69 20 hållas
280 1175 107 20 tillslutna
402 1174 33 21 för
451 1175 70 20 andra
536 1177 26 19 än
579 1175 96 26 resande,
693 1181 45 14 som
754 1175 7 20 i
778 1174 47 21 dem

70 1209 64 20 hafva
149 1209 84 20 bostad.

416 1239 10 25 s
443 1239 35 19 23.

142 1277 141 21 Förekomma
305 1278 13 20 å
341 1277 132 27 gästgifveri,
497 1278 106 21 värdshus
626 1278 52 21 eller
698 1278 70 25 ställe,
788 1277 38 21 der

70 1312 148 21 minuthandel
234 1312 49 21 med
298 1313 52 20 eller
361 1312 148 26 utskänkning
520 1312 23 21 af
553 1312 89 21 bränvin
653 1312 69 25 idkas,
733 1311 37 21 vid
781 1313 46 18 sär-

71 1346 71 20 skilda
162 1346 99 20 tillfällen
281 1346 132 26 oordningar
432 1346 23 20 af
473 1346 42 21 den
532 1349 39 23 art,
588 1348 32 19 att
635 1346 153 21 innehafvaren
805 1345 24 21 af

70 1380 131 26 rättigheten
221 1380 47 21 icke
287 1380 42 21 kan
348 1386 63 15 anses
431 1380 135 21 fortfarande
583 1387 40 19 ega
638 1381 25 20 de
679 1381 33 20 för
728 1381 99 19 densam-

70 1421 46 14 mas
136 1414 117 21 utöfvande
273 1414 141 26 erforderliga
434 1415 141 26 egenskaper,
596 1415 51 20 eller
663 1415 38 20 har
716 1415 70 24 någon
803 1413 23 21 af
