1025 1661
226 113 13 20 2
533 113 39 22 N:o
588 111 34 24 29.

197 177 41 22 och
258 177 113 22 underhåll
389 177 23 22 af
425 178 124 28 gästgifveri
566 179 29 26 på
610 179 75 21 landet
700 178 71 21 skulle
787 178 124 22 utsträckas
927 179 32 21 till

194 212 181 27 jordlägenheter,
396 213 72 22 hvilka
485 213 33 22 för
537 213 38 22 det
593 213 137 22 närvarande
749 213 30 27 på
797 213 70 27 grund
885 213 22 22 af
923 213 36 27 lag

196 253 51 15 vore
263 246 94 22 derifrån
367 247 102 27 befriade,
481 249 57 20 samt
548 248 32 21 till
592 247 129 22 industriela
732 248 144 27 inrättningar
885 247 73 22 äfven-

196 287 46 15 som
262 281 124 27 skattlagda
404 283 47 26 torp
468 282 41 22 och
523 282 105 28 utjordar.
660 282 31 22 På
707 282 91 21 anförda
814 282 47 22 skäl
877 282 80 26 ansågo

195 315 121 22 Ständerna
332 316 37 22 det
383 316 122 27 föreslagna
521 318 69 20 sättet
606 318 32 20 att
653 316 82 22 bereda
751 316 93 28 lindring
859 317 7 21 i
877 316 80 27 skjuts-

194 350 165 27 ningsbesväret
373 350 7 22 i
397 351 39 21 och
451 350 33 22 för
499 351 33 27 sig
547 351 83 21 mindre
646 351 104 27 lämpligt,
767 351 29 27 på
810 357 81 15 samma
901 351 56 27 gång

195 385 104 26 åtgärden
315 385 63 27 ginge
394 385 7 22 i
417 392 25 15 en
457 386 101 27 riktning,
574 388 92 19 motsatt
682 386 49 25 den,
746 392 45 15 som
803 386 64 21 ledde
877 385 33 22 till
921 385 36 22 det

194 419 90 22 afsedda
305 419 72 27 målet,
401 420 107 27 nämligen
528 421 113 21 besvärets
662 419 116 28 aflyftande
796 420 46 21 från
859 420 27 21 all
899 420 56 27 jord.

194 454 122 22 Ständerna
338 454 75 23 biföllo
436 451 85 26 således
540 455 48 22 icke
609 455 41 22 den
671 455 79 26 nådiga
770 455 161 27 propositionen
949 455 6 21 i

194 489 70 21 denna
280 489 42 26 del,
338 491 53 20 utan
406 489 121 22 förklarade
544 489 152 28 skyldigheten
708 491 33 19 att
751 491 78 26 utgöra
840 489 115 28 hållskjuts

194 523 40 22 och
254 524 128 21 underhålla
402 525 124 27 gästgifveri
546 525 28 26 på
589 525 75 21 landet
680 524 121 22 tillsvidare
817 525 71 26 åligga
904 524 27 21 all
948 525 6 20 i

192 558 80 21 mantal
288 560 43 20 satt
345 558 56 28 jord,
418 565 47 15 som
479 559 48 22 icke
539 565 77 21 genom
628 559 106 27 grundlag
745 559 52 21 eller
809 559 66 21 andra
886 558 67 22 öfver-

191 592 83 27 hetliga
293 593 89 27 stadgar
397 599 50 16 vore
464 593 93 22 derifrån
572 593 91 22 befriad.
694 593 105 21 Deremot
814 593 65 21 funno
891 593 62 21 Stän-

191 627 67 21 derna
278 626 85 28 åsyftad
381 628 92 27 lindring
491 628 7 22 i
517 628 240 28 skjutsningsbesväret
773 628 73 21 kunna
861 628 7 20 i
883 628 70 26 någon

190 661 50 21 mån
256 662 155 26 åvägabringas
427 663 28 26 på
471 664 32 20 ett
518 664 72 25 annat,
604 662 80 28 jemväl
700 662 8 21 i
723 662 42 22 den
781 662 78 27 nådiga
874 668 78 21 propo-

190 695 94 22 sitionen
307 695 118 28 föreslaget
447 698 50 25 sätt,
521 703 47 15 som
592 697 70 21 tillika
684 696 91 28 erbjöde
793 696 109 22 förmånen
921 698 32 20 att

189 732 79 24 utgöra
279 736 26 15 en
315 730 147 22 förberedelse
473 731 32 21 till
513 732 90 26 jordens
614 731 113 22 befriande
738 730 48 22 från
797 732 154 26 skjutsningen,

189 764 109 27 nämligen
313 771 77 21 genom
401 765 142 22 befordrande
554 766 23 21 af
586 766 208 27 skjutshållningens
806 766 145 21 öfverlåtande

188 799 29 27 på
233 800 149 26 entreprenad,
396 800 67 27 jemte
479 800 37 22 det
527 800 123 22 Ständerna
661 800 82 27 ansågo
755 800 132 28 skjutslegan
899 800 52 21 böra

189 833 98 27 skäligen
305 833 68 28 höjas.
404 833 46 23 Och
466 835 68 21 ehuru
550 835 123 22 Ständerna
687 834 30 28 på
733 834 156 22 ofvannämnda
905 835 47 21 skäl

187 868 48 22 icke
251 868 83 22 kunnat
349 869 115 27 godkänna
479 876 26 15 en
522 869 22 22 af
555 870 277 26 hufvudbestämningarna
845 870 7 20 i
863 870 41 21 den
914 870 37 20 nå-

188 902 50 28 diga
253 903 169 27 propositionen,
437 904 41 22 den
490 910 34 16 om
535 904 251 28 skjutsningsbesvärets
798 904 153 22 utsträckande

188 937 33 21 till
236 938 207 27 privilegierad
397 933 51 36 jord
458 939 41 21 och
514 939 130 21 industriela
659 939 152 26 inrättningar,
827 939 50 21 ville
889 939 62 21 Stän-

186 972 68 21 derna
270 972 56 22 dock
340 973 116 21 medverka
467 974 32 20 till
513 974 132 21 åtminstone
656 974 26 21 de
694 973 256 27 lagstiftningsåtgärder,

187 1012 47 16 som
250 1006 33 22 för
298 1006 95 22 tillfället
407 1007 72 22 kunde
495 1008 68 21 finnas
576 1008 187 26 ändamålsenliga
775 1008 39 21 och
825 1008 82 26 egnade
919 1010 32 19 att

186 1040 116 22 förbereda
321 1048 25 15 en
366 1041 79 23 reform
460 1043 7 20 i
483 1043 80 27 antydd
581 1043 103 27 riktning.
716 1042 139 22 Beträffande
871 1043 78 27 skjuts-

184 1075 76 27 legans
279 1076 100 27 höjande,
399 1077 81 27 ansågo
500 1078 128 26 Ständerna,
647 1078 95 21 likasom
761 1078 66 20 redan
843 1078 35 21 vid
896 1079 53 19 1867

185 1109 35 22 års
235 1110 112 27 landtdag,
364 1111 125 21 densamma
503 1112 29 26 på
547 1111 75 22 landet
636 1112 55 21 böra
707 1111 133 22 bestämmas
856 1113 52 20 utan
919 1111 30 22 af-

185 1145 80 20 seende
282 1144 67 27 derpå
364 1145 107 22 huruvida
485 1146 196 27 skjutshållningen
699 1146 113 27 besörjdes
825 1152 76 21 genom
913 1153 36 15 en-

184 1178 118 27 treprenad
318 1178 53 21 eller
385 1179 54 22 icke.

253 1213 79 21 Derom
352 1213 120 22 innehåller
490 1215 133 21 Ständernas
639 1215 103 27 yttrande
758 1215 111 21 särskildt:
893 1215 56 26 ,Ge-

183 1252 50 15 nom
256 1249 33 19 att
312 1247 119 22 bestämma
456 1249 57 21 olika
536 1249 121 27 skjutslega
680 1249 75 21 såsom
778 1249 121 27 ersättning
916 1249 33 22 för

182 1287 84 16 samma
282 1282 120 26 prestation
413 1283 68 21 under
490 1283 44 22 lika
545 1283 158 26 förhållanden,
716 1283 71 21 skulle
798 1290 48 15 man
858 1284 91 22 beträda

182 1322 28 14 en
231 1316 72 26 vådlig
322 1318 43 25 väg
385 1316 28 27 på
432 1318 38 20 det
488 1318 140 22 ekonomiska
643 1317 250 28 lagstiftningsområdet
908 1318 40 22 och

182 1351 110 21 sannolikt
308 1352 167 26 mångenstädes
491 1352 39 22 hos
548 1353 26 21 de
589 1353 236 27 skjutsningsskyldige
837 1352 112 22 framkalla

180 1384 90 22 känslor
286 1385 22 21 af
323 1385 64 26 ovilja
403 1388 58 19 emot
477 1387 37 21 det
529 1387 99 27 gynnade
644 1389 113 26 systemet.
788 1383 68 25 Äfven
872 1388 26 20 de
913 1393 34 15 re-

182 1419 67 22 sande
273 1419 70 22 skulle
364 1426 77 21 genom
463 1427 26 15 en
510 1422 125 27 anordning,
656 1421 141 27 hvarigenom
813 1421 134 28 skjutslegan

180 1453 30 26 på
229 1454 75 21 landet
325 1454 86 27 gjordes
431 1455 109 22 beroende
560 1455 23 22 af
601 1456 90 22 alldeles
714 1455 105 28 tillfälliga
839 1456 40 21 och
898 1463 49 14 vex-
