1025 1664
393 145 34 21 N:o
443 145 36 21 22.
771 146 12 20 3

59 213 61 21 torde
136 213 48 21 från
194 213 204 27 Hangö—Hyvinge
409 214 40 21 och
459 208 354 27 Åbo-—Tammerfors—Tavaste-

59 248 40 21 hus
113 248 126 27 jernvägars
260 248 46 21 sida
322 248 18 27 ej
358 250 58 19 möta
435 249 140 26 synnerligen
593 250 60 19 stora
668 248 145 27 svårigheter;

59 289 49 14 men
138 283 132 20 beträffande
298 283 363 26 Helsingfors—Tavastehus—S:t
683 283 131 26 Petersburg

58 318 96 27 jernväg,
171 317 100 27 erbjuder
287 317 33 27 sig
336 317 19 27 ej
372 324 71 14 annan
459 319 66 26 utväg
536 317 33 22 för
582 318 107 21 ernående
701 317 22 21 af
733 323 81 15 samma

60 352 49 27 mål,
133 354 27 19 än
180 354 32 19 att
226 352 34 21 till
279 352 66 27 ryska
361 352 132 21 statsverket
509 353 113 26 återgälda
638 353 26 20 de
679 353 37 20 två
732 352 39 21 och
787 358 27 15 en

60 386 47 21 half
127 387 107 20 millioner
257 387 122 20 metalliska
403 387 68 27 rubel,
487 387 75 21 hvilka
577 387 48 21 från
640 387 174 20 Riksskattkam-

61 428 73 14 maren
150 421 91 21 lemnats
259 421 5 21 i
280 421 77 27 bidrag
372 421 34 21 till
422 421 31 22 S:t
468 421 279 28 Petersburg---Riihimäki
756 421 58 27 jern-

61 456 157 27 vägsbyggnad,
235 456 138 27 hvarigenom
389 456 65 26 ryska
473 457 252 20 Riksskattkammarens
741 456 73 21 delak-

61 490 69 27 tighet
146 491 6 20 i
166 491 128 26 jernvägens
311 490 126 27 afkastning
453 491 85 21 komme
554 493 32 18 att
602 491 103 26 upphöra.

133 525 59 20 Hans
216 525 121 27 Kejserliga
357 525 102 27 Majestät
478 525 42 21 har
540 527 27 25 på
583 525 62 21 ofvan
662 525 90 21 anförda
767 524 47 21 skäl

62 560 56 21 velat
134 559 79 22 föreslå
229 559 120 22 Ständerna
365 561 32 19 att
413 561 65 26 åtaga
494 560 33 27 sig
543 560 85 27 garanti
637 560 32 21 för
680 561 32 20 ett
723 559 92 21 statslän

62 594 23 21 af
98 595 30 20 tio
144 595 107 20 millioner
266 595 62 20 mark
338 595 7 20 i
357 595 39 20 och
407 595 33 20 för
451 595 161 26 återbetalning
622 595 28 26 på
661 595 77 20 sådant
746 593 69 21 vilkor

62 629 33 20 till
118 629 64 26 ryska
202 629 238 21 Riksskattkammaren
461 629 22 20 af
501 629 148 26 omförmälda,
670 628 94 21 derifrän
781 629 34 20 ut-

62 663 59 26 gifna
136 663 76 27 bidrag
228 663 33 21 till
272 663 32 21 S:t
319 663 278 26 Petersburg
463 658 9 36 —
481 663 111 26 Riihimäki
606 662 209 28 jernvägsbyggnad,

63 700 38 23 att,
118 697 55 22 efter
189 698 35 21 det
243 698 149 26 ifrägakomna
412 697 78 27 bidrag
505 697 72 22 blifvit
593 697 33 21 till
641 697 174 21 Riksskattkam-

62 739 74 14 maren
152 732 137 27 äterbetaldt,
307 739 81 14 samma
404 732 170 27 bestämningar,
586 738 44 15 som
639 732 33 20 för
681 731 134 21 närvarande

63 769 37 18 äro
116 767 114 20 faststälda
246 767 164 20 vidkommande
419 767 41 20 den
471 767 58 20 inom
540 767 175 26 Kejsaredömets
727 768 89 25 gränser

63 801 91 27 belägna
166 801 62 21 delen
239 801 22 21 af
271 801 30 21 S:t
313 801 277 26 Petersburg—Riihimäki
597 801 125 27 jernvägen,
731 801 84 20 komma

64 837 32 19 att
118 835 132 22 fortfarande
273 842 51 14 vara
344 835 107 27 gällande,
468 836 118 26 nämligen:
604 838 32 18 att
652 836 70 20 denna
737 834 78 21 bandel

64 870 75 21 förblir
154 871 68 20 under
236 871 56 20 finsk
308 871 131 26 förvaltning
454 871 28 26 pä
502 871 113 20 enahanda
630 870 75 27 vilkor,
722 876 45 15 som
783 869 33 21 för

64 905 98 21 enskilda
185 905 123 27 aktiebolag
328 905 52 21 eller
400 911 111 21 personer,
527 905 73 20 hvilka
615 905 57 20 inom
688 904 127 27 Kejsaredö-

64 942 45 19 met
124 940 114 27 öfvertagit
252 941 125 26 jernvägars
394 939 114 27 byggande
524 939 39 22 och
580 939 151 27 trafikerande,
747 938 68 21 finnas

65 975 123 25 bestämda;
211 977 31 18 att
266 975 12 20 &
298 975 67 26 sagda
381 974 34 21 del
431 974 23 21 af
467 973 71 22 finska
554 974 172 27 statsjernvägen
742 973 74 21 fortfa-

65 1010 66 20 rande
146 1009 107 26 uppbäres
269 1009 41 21 den
326 1015 76 20 genom
417 1009 76 26 nådigt
510 1009 71 26 påbud
597 1009 23 20 af
634 1009 40 20 den
691 1009 26 20 26
728 1008 88 20 Decem-

64 1045 38 20 ber
128 1045 52 20 1878
204 1044 114 21 faststälda
340 1043 106 21 riksskatt
471 1043 22 21 af
511 1049 149 21 passagerare,
678 1043 83 26 bagage
777 1041 40 22 och

65 1079 79 26 ilgods;
161 1081 55 18 samt
232 1081 32 18 att
279 1079 41 20 den
336 1079 91 20 sälunda
442 1078 119 27 inflytande
578 1079 87 20 skatten
676 1077 34 22 till
721 1077 49 21 hela
781 1077 36 20 be-

65 1113 71 27 loppet
144 1109 112 35 tillfaller.
273 1113 56 26 ryska
344 1113 89 21 kronan.

337 1171 74 26 Enligt
430 1170 61 21 Hans
511 1170 122 27 Kejserliga
652 1169 112 27 Majestäts
779 1169 38 20 nå-

270 1205 50 27 diga
349 1205 127 27 befallning,
503 1205 71 27 gifven
600 1205 6 20 i
634 1204 117 21 Gatschina
777 1203 40 21 den

278 1239 16 14 21
304 1239 94 14 November

286 1263 8 13 3
303 1262 91 14 December
424 1246 61 21 1881.

325 1332 40 17 T.
386 1331 180 18 BRUUN.

501 1389 33 22 Ch.
552 1389 39 21 Em.
608 1389 20 21 af
644 1388 115 22 Frosterus.
