1025 1667
236 98 13 20 2
439 97 24 22 U.
479 97 24 22 B.
519 109 28 3 —
562 97 66 29 Prop.
644 98 39 22 N:o
699 96 37 23 24.

206 162 74 22 hållna
302 163 73 27 vigten
398 163 22 22 af
438 164 219 28 jernvägsarbetenas
677 163 125 27 oafbrutna,
824 164 147 27 regelbundna

206 198 146 22 fortsättande
365 204 63 16 anser
438 199 34 27 sig
482 198 177 27 Statsutskottet,
671 204 49 16 som
732 201 91 25 antager
833 200 33 20 att
875 199 95 28 byggna-

207 233 53 22 dens
280 232 145 22 fortsättande
444 233 43 21 kan
507 233 88 27 vidtaga
616 235 54 19 1884
687 233 43 21 och
745 235 33 19 att
793 233 66 27 högst
874 236 12 19 4
902 234 68 28 miljo-

206 274 39 16 ner
267 268 7 21 i
295 268 103 22 medeltal
420 268 74 22 kunna
516 268 49 21 med
588 268 69 22 fördel
677 267 85 28 årligen
782 269 115 26 användas,
917 270 54 21 böra

206 302 109 28 tillstyrka
337 304 33 20 att
392 303 118 21 ständerna
533 302 61 22 anslå
617 309 26 15 en
667 309 85 15 summa
772 302 24 22 af
815 304 156 26 sammanlagdt

207 339 114 25 8,000,000
339 338 60 20 mark
415 338 32 21 till
463 338 27 21 de
505 344 42 21 nya
559 337 236 28 jernvägsbyggnader,
813 344 46 16 som
875 337 22 22 af
910 340 59 20 stän-

206 373 67 21 derna
292 372 36 21 vid
349 371 69 22 denna
436 371 105 28 landtdag
557 372 73 22 kunna
645 372 107 27 beslutas,
769 371 110 23 äfvensom
894 373 32 21 till
943 373 26 22 de

204 406 74 23 vidare
294 407 185 28 undersökningar
493 406 33 23 för
539 407 177 28 jernvägsnätets
729 407 156 28 utsträckning,
897 407 72 22 hvilka

204 443 74 20 kunna
297 441 87 22 komma
398 442 7 21 i
419 441 68 28 fråga.
517 442 10 21 I
543 442 78 22 sådant
641 441 104 22 afseende
766 442 67 22 borde
849 442 65 27 enligt
930 443 39 21 Ut-

205 477 95 22 skottets
319 476 57 27 åsigt
391 476 277 23 kommunikationsfonden
685 476 122 22 förstärkas
823 483 76 21 genom
915 483 54 22 upp-

205 511 94 27 tagande
319 511 23 21 af
361 512 32 21 ett
412 511 35 22 lån
466 511 33 22 till
514 511 79 27 belopp
609 511 23 22 af
645 511 67 27 högst
727 513 115 25 4,500,000
858 512 66 26 mark,
941 512 29 27 på

205 547 45 20 sätt
264 546 7 21 i
287 545 141 22 förenämnda
444 546 138 21 betänkande
597 546 42 21 N:o
656 547 26 20 14
698 545 100 22 föreslås.

273 580 139 23 Förberörda
436 581 6 21 i
465 581 181 26 borgareståndet
671 581 81 21 väckta
778 581 191 27 petitionsförslag,

204 615 113 22 hvaröfver
339 615 217 28 Jernvägsutskottet
575 618 57 19 ännu
651 615 51 22 icke
723 615 83 28 afgifvit
826 616 144 27 betänkande,

204 650 124 22 föranleder
342 650 48 22 icke
406 649 47 23 från
469 651 124 22 Utskottets
610 650 47 22 sida
672 650 34 21 till
722 651 71 26 någon
808 651 83 27 åtgärd,
905 650 65 21 innan

204 685 66 22 sådan
289 685 101 27 möjligen
407 685 23 22 af
442 685 68 28 något
524 685 129 22 ständernas
669 685 75 22 beslut
759 685 7 21 i
781 685 68 22 saken
864 685 105 28 påkallas.

272 725 31 22 På
327 726 69 26 grund
419 725 23 22 af
460 725 37 22 det
517 725 90 22 anförda
624 725 33 22 får
672 725 118 22 Utskottet
805 725 85 22 derföre
905 725 64 22 vörd-

203 761 57 20 samt
274 759 92 22 föreslå:

377 820 31 20 att
426 819 116 21 ständerna
561 819 8 20 i
583 818 151 27 hufvudsaklig
755 818 214 27 öfverensstämmelse

307 853 48 21 med
368 853 80 27 nådiga
458 853 162 27 propositionen
630 853 47 21 ville
687 853 36 26 för
734 852 143 22 instundande
886 853 83 26 finans-

303 887 77 26 period
398 887 64 22 anslä
477 894 25 15 en
517 895 83 14 summa
616 887 27 27 af
655 889 129 25 8,000,000
798 887 60 22 mark
872 895 26 14 ur
912 887 57 21 kom-

306 922 222 27 munikationsfonden
552 925 37 23 att,
610 923 52 26 efter
688 921 68 22 Wasa
779 922 81 21 banans
882 921 87 28 fullbor-

307 956 76 27 dande,
404 957 111 21 användas
535 957 31 21 till
584 957 25 21 de
624 963 42 22 nya
676 956 232 28 jernvägsbyggnader,
924 963 46 15 som

307 991 28 27 af
356 991 116 22 ständerna
496 991 37 22 vid
557 991 68 22 denna
649 991 104 28 landtdag
775 991 74 22 kunna
870 991 98 26 beslutas,

307 1026 109 27 äfvensom
436 1026 33 21 till
489 1026 25 22 de
531 1026 73 22 vidare
614 1026 293 27 jernvägsundersökningar,
923 1032 46 15 som

307 1060 72 22 kunna
393 1061 83 22 komma
490 1061 9 21 i
512 1061 77 27 fräga;
604 1063 57 20 samt

378 1097 32 20 att
427 1095 271 27 kommunikationsfonden
718 1095 35 27 för
772 1095 81 22 sådant
867 1094 102 22 ändamål

306 1129 118 28 förstärkes
444 1137 75 20 genom
541 1130 136 27 upptagande
697 1130 28 27 af
740 1132 29 19 ett
787 1129 38 22 län
845 1129 31 22 till
893 1129 75 28 belopp

308 1164 27 27 af
349 1163 61 28 högst
428 1165 125 26 4,500,000
573 1164 65 27 mark,
658 1165 9 20 i
686 1164 42 21 den
747 1164 91 27 ordning
853 1163 116 22 ständerna

304 1199 32 26 pä
350 1198 72 27 grund
432 1199 26 26 af
466 1198 171 22 Statsutskottets
649 1198 132 22 betänkande
790 1198 43 21 N:o
843 1199 27 20 14
881 1198 86 21 besluta.

270 1343 11 21 I
301 1343 204 28 slutbehandlingen
524 1343 23 22 af
565 1344 62 21 detta
646 1343 83 22 ärende
750 1343 7 21 i
775 1343 111 22 Utskottet
904 1342 64 22 hafva

201 1377 92 28 deltagit
319 1377 145 23 ordföranden
487 1378 106 22 Mechelin
616 1380 56 20 samt
696 1378 149 22 ledamöterne
869 1376 98 22 Friherre

200 1412 68 28 Boije,
295 1413 26 21 A.
345 1412 128 27 Schauman,
497 1412 150 28 Charpentier,
671 1413 27 22 G.
722 1413 24 21 Z.
767 1413 110 25 Forsman,
900 1411 67 28 Hjelt,

269 1452 151 20 Statsutskottets
432 1452 117 19 betänkande
561 1454 38 17 N:o
613 1454 27 16 13.
