1028 1664
235 115 27 20 22
541 115 35 22 N:o
592 115 36 22 25.

553 184 10 27 8
580 185 33 20 39.

278 217 78 22 Finner
379 217 181 22 öfverkontrollör
583 219 53 20 eller
659 219 122 20 kontrollör
800 219 34 20 vid
850 219 108 24 bränneri,

207 251 200 27 destilleringsverk
423 253 52 20 eller
495 253 211 27 nederlagsmagasin
724 253 116 26 olaglighet
856 259 51 14 vara
923 253 35 20 be-

206 286 90 27 gången,
313 286 56 27 gifve
385 287 153 27 ofördröjligen
555 288 77 21 allmän
644 288 103 26 åklagare
758 287 77 21 sådant
846 287 111 25 tillkänna,

208 321 7 20 i
231 320 101 22 afseende
348 321 13 21 å
376 321 48 26 laga
440 322 50 21 åtal.

532 396 59 26 Art.
611 396 27 27 V.

245 463 37 23 Om
298 468 78 19 ansvar
390 463 33 24 för
439 464 162 23 öfverträdelser
616 464 24 23 af
653 463 162 24 föreskrifterna
831 464 6 23 i
853 464 67 23 denna

517 498 131 30 förordning.

550 557 11 28 $
577 559 34 20 40.

280 597 18 19 1.
328 596 53 26 Den,
405 603 45 15 som
474 599 50 19 utan
545 598 72 20 dertill
638 597 92 21 erhället
746 597 98 26 behörigt
859 596 98 22 tillständ

206 630 112 21 tillverkar
334 631 52 21 eller
406 632 54 20 läter
479 632 106 26 tillverka,
606 632 124 21 destillerar
746 632 51 20 eller
812 632 55 20 läter
883 631 74 21 destil-

206 664 46 21 lera
268 664 90 22 bränvin
373 666 46 20 med
437 666 54 21 hvad
507 666 95 27 redskap
619 667 36 21 det
671 668 27 19 än
715 672 51 14 vara
781 666 40 26 mä,
837 666 63 20 hafve
915 665 43 21 för-

206 698 77 22 verkat
306 700 18 26 ej
347 700 83 21 mindre
449 701 155 21 innehafvande
624 700 137 22 mäskförräd
781 700 38 21 och
838 701 36 20 det
890 700 68 21 säme-

206 732 57 22 delst
286 733 94 22 beredda
402 734 95 27 bränvin,
521 738 26 18 än
570 736 74 20 dervid
668 735 99 21 använda
786 735 98 26 redskap,
902 736 54 19 samt

206 767 50 21 böte
279 768 69 21 första
370 769 82 27 gängen
475 770 46 20 frän
540 770 39 21 och
599 770 47 21 med
666 770 117 21 etthundra
802 770 31 20 till
855 770 38 20 och
909 769 47 20 med

206 801 121 22 tvähundra
342 803 73 21 femtio
431 804 62 20 mark
513 804 39 21 och
568 804 68 21 andra
651 810 64 15 resan
731 804 46 20 frän
795 804 37 20 och
848 804 47 20 med
911 803 46 21 tvä-

205 836 85 21 hundra
305 837 33 21 till
354 838 39 20 och
408 839 48 20 med
472 839 127 21 femhundra
613 840 68 20 mark.
712 838 70 27 Begäs
797 838 65 21 sädan
874 838 83 26 förbry-

205 870 55 21 telse
275 872 133 26 ytterligare,
424 873 55 21 skall
495 874 40 20 den
552 874 114 26 brottslige
682 874 110 20 dessutom
809 873 67 21 hällas
894 874 5 19 i
911 872 46 22 fän-

205 905 59 26 gelse
280 906 47 20 från
343 909 31 19 ett
390 907 54 21 halft
459 908 33 20 till
507 910 32 19 ett
555 908 34 21 års
606 909 38 20 tid.

277 941 19 19 2.
326 940 93 22 Innehar
438 942 32 21 till
490 942 243 26 bränvinstillverkning
752 942 52 21 eller
824 942 134 25 destillering

206 974 138 27 oberättigad
359 982 77 20 person
457 977 36 21 vid
508 979 66 19 annat
589 978 93 25 tillfälle,
698 979 28 19 än
742 976 63 22 ofvan
821 976 137 29 omförmäldt

206 1010 30 24 är,
260 1009 34 21 för
313 1010 78 22 sådant
410 1012 97 20 ändamål
528 1012 75 26 tjenlig
619 1012 94 26 redskap
733 1012 52 20 eller
801 1017 36 15 sur
852 1010 105 21 tillmäsk-

206 1043 57 27 ning,
288 1044 80 21 beredd
391 1046 46 20 med
459 1046 52 21 malt
530 1046 39 21 och
585 1047 45 26 jäst
650 1047 53 20 eller
720 1046 126 20 annorledes
862 1045 96 20 brukbar

205 1077 34 21 för
254 1078 243 28 bränvinstillverkning
515 1081 52 20 eller
583 1081 142 25 destillering,
742 1086 50 15 vare
807 1080 41 20 slik
864 1079 92 27 redskap

205 1112 40 21 och
261 1113 61 21 mäsk
337 1113 112 22 förbruten
465 1117 55 19 samt
535 1115 38 21 bot
588 1115 69 21 första
672 1121 65 15 resan
752 1114 73 21 femtio
837 1114 67 25 mark,
921 1120 37 14 an-

205 1146 40 21 dra
260 1147 83 27 gängen
360 1148 89 22 dubbelt
464 1149 39 21 och
519 1150 74 26 hvarje
609 1150 56 26 gäng
682 1149 169 21 öfverträdelsen
864 1148 94 22 derefter

205 1186 108 22 upprepas
330 1182 121 22 tvåhundra
466 1184 65 20 mark.

276 1217 20 19 3.
326 1216 139 28 Förfärdigas
484 1219 52 20 eller
554 1219 143 21 iståndsättes
718 1218 195 26 bränvinsredskap
936 1217 22 20 åt

203 1255 77 21 annan,
304 1252 26 19 än
350 1252 33 20 till
402 1252 133 22 densammas
555 1253 159 21 innehafvande
734 1252 121 26 berättigad
871 1258 85 20 person,

204 1284 69 26 plikte
289 1285 40 20 den
346 1286 47 20 med
413 1286 53 21 slikt
483 1288 73 19 arbete
576 1288 100 20 beträdes
697 1287 48 20 från
765 1287 39 20 och
820 1286 47 21 med
883 1286 75 20 femtio

205 1318 33 21 till
254 1319 40 20 och
308 1320 49 20 med
373 1320 116 21 etthundra
503 1321 74 21 femtio
593 1322 61 20 mark
670 1321 42 21 och
723 1321 119 26 redskapen
853 1326 51 15 vare
914 1319 43 21 för-

204 1353 87 20 verkad.
307 1354 122 27 Apparater
439 1356 33 20 till
483 1356 124 21 brännerier
618 1357 38 20 och
668 1355 208 26 destilleringsverk,
884 1354 74 21 hvilka

203 1387 82 22 drifvas
308 1389 48 20 med
375 1389 61 26 ånga,
456 1390 33 21 må
509 1391 53 20 dock
582 1390 23 21 af
623 1391 47 25 den,
688 1396 46 15 som
750 1390 112 21 tillverkar
878 1389 79 27 dylika,

203 1423 140 20 ansvarsfritt
357 1423 132 22 innehafvas.
