1025 1661
232 105 26 20 32

428 105 28 22 U.
472 105 27 22 B.
514 118 23 3 —
552 106 72 28 Prop.
641 106 41 22 N:o
698 106 37 21 29.

409 169 36 20 Om
467 169 117 20 röstantalet
606 169 34 24 för
659 169 34 20 och
709 171 50 18 emot
773 170 142 24 entreprenads
929 170 29 19 in-

341 203 91 19 rättande
450 204 25 19 är
489 203 49 24 lika,
553 204 52 24 gälle
620 203 8 20 i
642 203 59 26 sagde
717 203 92 24 afseende
825 203 36 20 den
875 204 81 25 mening,

340 243 41 13 som
396 237 75 20 uttalat
484 238 31 25 sig
529 238 35 24 för
578 238 136 25 entreprenad.

409 271 212 20 Kommunalstämmas
636 272 105 24 protokoll.
755 271 54 20 skall
824 271 51 19 inom
891 271 66 19 trettio

340 304 64 25 dagar
419 305 51 24 efter
484 306 105 19 auktionen
607 306 95 24 aflemnas
717 306 32 19 till
764 305 192 23 kronolänsmannen,

340 344 41 14 som
403 339 124 25 oförtöfvadt
546 340 95 19 insänder
661 340 107 19 detsamma
783 340 60 24 jemte
858 339 99 19 auktions-

336 373 127 25 protokollen
477 374 34 19 och
526 375 42 24 eget
582 374 91 25 yttrande
684 374 33 19 till
727 373 134 24 Guvernören,
872 373 83 23 hvilken,

340 407 9 19 i
369 407 92 20 händelse
476 409 126 24 entreprenör
618 408 85 24 befinnes
719 407 80 26 lämplig
814 408 35 19 och
863 407 49 20 stält
925 413 32 13 ve-

340 441 101 26 derhäftig
457 442 70 25 borgen
540 443 34 24 för
584 443 116 24 åtagandets
709 442 132 25 fullgörande,
853 447 44 19 eger
907 441 49 24 fast-

340 475 61 20 ställa
416 476 23 19 de
453 476 104 25 godkända
572 477 96 24 anbuden,
689 477 54 23 eller,
759 482 31 14 om
805 476 50 24 flera
869 475 40 20 lika
926 475 30 19 be-

340 509 89 24 skaffade
449 510 99 25 afgifvits,
565 510 32 20 det
612 511 25 24 af
654 511 49 23 dem,
719 516 40 14 som
775 510 92 25 erbjuder
882 510 74 19 största

340 543 97 21 säkerhet.

546 584 17 24 $
579 584 32 19 13.

408 623 67 25 Egare
498 623 30 20 till
552 623 51 19 bruk
623 623 49 19 eller
691 629 64 13 annan
770 624 65 19 större
850 623 105 19 industriel

340 657 114 25 inrättning,
477 663 41 14 som
541 658 25 19 är
584 657 47 24 från
650 657 83 20 allmänt
749 657 120 25 gästgifveri
883 657 73 25 aflägse

340 692 84 24 belägen,
448 692 32 19 mä
499 692 30 25 pä
551 698 43 18 egen
616 691 107 20 bekostnad
741 692 76 19 inrätta
831 691 123 25 gästyifveri,

338 725 88 24 säframt
441 726 111 19 kommunen
567 726 73 19 sädant
654 725 109 25 medgifver
777 726 35 19 och
827 725 127 20 Guvernören

339 759 68 20 dertill
423 760 86 24 bifaller,
525 766 42 13 men
582 766 48 13 vare
645 760 49 19 dock
708 760 19 24 ej
740 760 47 24 från
800 759 115 25 deltagande
925 759 31 19 uti

339 793 123 20 kommunens
475 793 127 25 gästgifveri-
618 793 33 20 och
666 793 233 25 skjutsningsskyldighet
910 793 45 19 här-

339 828 74 24 igenom
428 828 85 23 befriad.

546 880 17 23 $
577 880 32 19 14.

407 918 82 20 Brister
504 920 125 24 entreprenör
644 919 8 19 i
666 918 117 25 åtagandets
799 918 92 24 behöriga
906 918 47 24 full-

338 952 87 24 görande
444 952 49 20 eller
509 953 73 24 blifver
596 953 47 24 från
658 953 32 19 sin
706 952 108 26 befattning
829 952 62 24 skiljd
906 952 48 19 eller

338 985 78 25 aflider,
439 992 48 14 vare
508 986 49 20 hans
576 987 114 25 borgesmän
709 986 81 25 pligtige
805 988 30 18 att
845 986 30 25 på
890 986 63 19 tillsä-

336 1020 53 24 gelse
403 1020 113 24 sysslandet
529 1020 114 25 ombesörja.
664 1020 73 20 Brista
751 1020 59 24 äfven
821 1020 61 23 desse,
894 1020 58 23 skall,

337 1054 36 19 der
392 1054 19 24 ej
427 1054 62 19 heller
506 1060 66 15 annan
582 1060 75 18 person
672 1054 63 23 finnes
750 1054 83 25 benägen
848 1056 30 18 att
893 1056 60 18 entre-

333 1088 103 23 prenaden
447 1088 30 24 på
491 1088 95 24 stadgade
600 1088 66 20 vilkor
681 1088 110 25 öfvertaga,
807 1088 146 20 vederbörande

337 1121 120 25 kronofogde
471 1121 114 25 skyndsamt
598 1122 47 25 foga
660 1122 75 19 anstalt
744 1123 31 18 att
783 1122 112 19 densamma
905 1122 47 24 full-

335 1157 58 22 göres
404 1155 31 24 på
449 1157 136 23 entreprenörs
600 1156 34 19 och
650 1156 50 19 hans
715 1156 115 24 löftesmäns
845 1155 108 20 bekostnad

335 1189 55 19 intill
404 1189 195 25 entreprenadtidens
612 1190 79 25 utgång.

403 1223 47 19 Kan
471 1223 72 20 sådant
564 1223 34 24 för
619 1225 137 24 entreprenörs
771 1224 34 19 och
820 1224 49 19 hans
885 1224 67 24 löftes-

334 1257 56 18 mäns
403 1257 127 20 medellöshet
544 1257 50 20 eller
608 1258 25 24 af
646 1264 65 13 annan
725 1257 61 20 orsak
796 1258 42 20 icke
848 1258 39 23 ske,
899 1258 54 19 skall

335 1290 105 26 åtagandet
454 1292 25 23 af
491 1291 113 21 kommunen
618 1292 107 25 fullgöras.

543 1354 17 24 $
574 1354 33 20 15.

401 1391 48 20 Har
471 1393 128 24 entreprenad
621 1393 68 20 anbud
710 1393 34 24 för
763 1393 152 25 hållskjutsning
934 1394 19 24 ej

333 1425 62 24 gjorts
417 1426 49 19 eller
487 1426 41 19 icke
552 1427 68 24 blifvit
636 1427 107 25 godkändt,
764 1427 56 20 skola
840 1428 23 19 de
878 1428 72 24 skjuts-

266 1462 126 19 Sammansatta
404 1464 44 23 Lag-
461 1465 29 16 och
503 1465 173 18 Ekonomiutskottets
689 1466 106 17 betänkande
807 1466 35 19 N:o
855 1467 17 18 4.
