1036 1664
232 88 26 20 10
425 88 64 20 Ständ.
505 89 28 19 Sv.
548 99 28 3 —
592 88 54 24 Prop.
661 88 29 19 N:o
702 87 33 20 24.

200 152 122 22 hvarandra
337 153 40 21 och
389 153 165 27 jernvägsnätet
569 152 70 22 blefve
654 151 73 23 alltför
741 152 70 27 länga.
842 152 31 22 Pä
888 153 68 27 grund

200 186 22 22 af
236 187 65 21 dessa
316 188 47 21 skäl
379 187 39 21 har
433 188 37 21 det
485 189 60 26 synts
562 187 122 21 Ständerna
698 186 103 28 lämpligt,
811 188 33 20 att
853 186 104 28 ifrägava-

200 221 68 21 rande
280 222 153 26 jernvägslinie
441 222 72 22 skulle
522 222 54 27 utgä
586 221 47 22 frän
642 217 124 31 Östermyra
774 221 79 22 station
869 222 5 20 ä
882 222 74 20 Wasa-

200 256 72 21 banan
288 256 40 22 och
343 256 60 22 ledas
419 257 28 27 pä
463 258 59 20 östra
538 256 62 22 sidan
616 256 22 22 af
652 256 108 22 floddalen
775 262 78 21 genom
866 256 88 26 Nurmo,

199 290 75 28 Lappo
298 291 40 21 och
361 291 105 22 Kauhava
487 291 32 21 till
535 291 77 22 Gamla
627 291 99 27 Karleby,
743 290 40 22 och
799 290 93 22 derifrän
907 291 49 21 med

199 325 111 27 invikning
331 326 46 21 inåt
398 326 73 21 landet
489 326 7 21 i
512 326 64 27 ostlig
592 326 40 22 och
648 325 120 27 nordostlig
782 326 100 26 riktning,
898 325 28 27 pä
942 326 12 20 2

199 359 32 21 till
248 361 12 19 4
276 360 48 21 mils
340 360 83 22 afständ
438 360 48 22 frän
501 361 85 26 kusten,
604 360 59 22 öfver
678 360 97 26 Limingo
791 360 32 21 till
839 360 115 26 Uleäborg,

199 400 77 20 genom
290 394 89 27 trakter,
395 395 72 21 hvilka
481 395 8 21 i
504 394 102 22 afseende
622 395 12 21 &
650 395 77 26 odling,
744 394 112 28 möjlighet
871 394 32 21 till
919 394 36 21 od-

198 428 50 27 ling,
265 428 124 28 folkmängd
404 429 40 22 och
461 429 234 27 terrängförhällanden
715 429 73 21 kunna
799 435 63 16 anses
872 428 82 27 lämpli-

199 464 56 25 gast.

267 497 77 22 Denna
364 498 50 22 linie
436 498 109 22 förbinder
568 498 84 22 direkte
671 498 36 22 tvä
721 498 145 21 framstäende
881 497 73 22 hamn-

197 531 89 27 platser,
311 532 76 22 Gamla
409 533 94 27 Karleby
525 533 41 21 och
582 533 114 27 Uleäborg,
713 534 56 20 samt
784 532 107 22 utesluter
905 532 48 21 icke

197 566 140 27 möjligheten
360 568 33 20 att
415 567 50 22 leda
484 567 156 28 jemförelsevis
664 568 63 20 korta
749 567 91 21 bibanor
861 566 33 22 till
912 566 42 28 Ny-

197 600 101 28 Karleby,
321 601 120 23 Jakobstad
464 602 40 22 och
523 602 128 26 Brahestad,
668 604 55 19 samt
737 602 96 21 kommer
849 602 103 27 derjemte

198 634 37 22 det
257 635 46 22 inre
318 636 75 22 landet
407 637 33 21 till
455 638 55 26 godo
526 637 41 21 och
583 638 70 20 sätter
669 637 120 21 detsamma
803 637 28 27 pä
847 636 106 22 särskilda

197 669 78 22 ställen
291 670 7 21 i
314 670 129 22 förbindelse
459 672 48 21 med
522 671 79 27 hafvet,
618 672 137 26 hvarigenom
771 671 38 21 det
823 671 45 21 inre
878 670 74 22 landet

196 703 43 21 kan
254 703 58 23 finna
328 704 116 29 afsättning
459 706 32 22 för
507 706 46 21 sina
568 706 124 27 produkter,
709 707 52 20 utan
777 707 32 19 att
823 706 70 26 nägon
907 705 44 21 viss

197 738 50 21 stad
263 738 77 22 blifver
354 741 44 20 satt
413 740 7 21 i
435 740 84 22 tillfälle
534 742 32 20 att
582 740 158 28 monopolisera
755 740 98 21 handeln.

266 773 34 21 Dä
322 780 41 21 nya
385 774 252 28 detaljundersökningar
655 774 33 22 för
703 775 41 21 den
759 776 94 25 antagna
868 774 84 22 sträck-

196 807 78 27 ningen
289 807 76 28 finnes,
380 808 64 22 hafva
460 809 120 22 Ständerna
590 810 58 21 velat
656 810 22 21 ät
686 809 127 27 regeringen
822 808 129 22 öfverlemna

196 843 33 19 att
244 842 7 20 i
267 842 223 23 öfverensstämmelse
505 844 89 22 härmed
609 846 97 20 närmare
721 843 66 22 fixera
803 844 80 21 banans
894 843 55 27 läge.

264 876 42 22 Till
322 877 137 22 bestridande
475 878 22 22 af
511 878 146 22 kostnaderna
667 878 32 22 för
708 879 70 21 denna
784 878 166 27 jernvägsbygg-

194 910 42 21 nad
259 910 64 22 hafva
346 912 121 22 Ständerna
485 915 72 19 ansett
572 913 67 27 nägot
654 913 35 21 län
704 913 48 21 icke
767 913 53 21 böra
835 914 113 26 upptagas,

193 947 51 18 utan
248 944 68 28 jemte
325 946 285 22 kommunikationsfondens
619 947 151 22 förstärkande
778 947 49 21 med
836 948 113 24 5,300,000

193 979 61 21 mark
270 979 23 21 af
306 980 101 22 Finlands
423 981 68 21 banks
507 981 121 27 disponibla
643 981 134 27 vinstmedel,
787 982 29 26 pä
833 982 45 20 sätt
886 981 63 21 Stän-

194 1013 77 21 dernas
296 1014 147 28 underdäniga
467 1016 172 22 svarsskrifvelse
660 1016 111 27 angäende
793 1016 101 26 samtliga
913 1015 36 22 vid

192 1047 132 28 landtdagen
340 1049 23 21 är
379 1051 54 20 1882
451 1050 79 22 äskade
546 1051 76 27 anslag
637 1057 26 15 m.
680 1057 26 15 m.
723 1052 98 20 närmare
831 1050 67 27 gifver
905 1050 43 21 vid-

192 1081 92 28 handen,
301 1083 32 21 till
349 1084 68 26 sagda
433 1084 98 22 ändamål
546 1085 109 22 äfvensom
671 1085 32 21 till
720 1084 67 28 öfriga
801 1085 8 21 i
824 1084 100 22 afseende
936 1084 12 22 &

189 1115 177 29 jernvägsnätets
390 1119 150 27 utsträckning
558 1118 23 22 af
594 1119 121 21 Ständerna
730 1119 113 21 beslutade
860 1118 88 28 utgifter

193 1150 94 28 anslagit
302 1152 288 23 kommunikationsfondens
607 1154 122 27 behållning
744 1154 56 21 intill
810 1153 108 28 utgången
927 1153 23 22 af

191 1185 25 20 år
240 1187 62 25 1885,
326 1186 55 22 efter
403 1187 37 22 det
460 1188 97 27 anslaget
578 1187 34 23 för
634 1189 149 21 Wasabanans
798 1187 149 23 fullbordande

192 1218 65 23 derur
271 1219 7 22 i
294 1219 91 23 främsta
399 1225 92 18 rummet
506 1223 78 26 utgått.

260 1253 137 24 Beträffande
413 1256 38 21 det
465 1257 197 27 byggnadssystem,
679 1263 46 16 som
741 1257 68 22 borde
819 1257 85 22 komma
914 1257 33 21 till

190 1289 138 27 användning
342 1290 35 21 vid
394 1290 71 22 denna
477 1291 96 28 jernväg,
590 1298 52 15 anse
658 1291 122 23 Ständerna
795 1293 34 20 att
842 1291 8 22 i
859 1291 88 22 hufvud-

190 1322 40 21 sak
253 1322 28 22 de
303 1323 108 28 principer
430 1325 53 22 böra
497 1325 69 28 följas,
582 1326 73 22 hvilka
671 1326 108 27 uppstälts
795 1325 23 22 af
832 1326 41 21 den
888 1326 59 21 kom-

189 1356 97 28 mission,
310 1364 47 15 som
371 1359 33 21 till
420 1361 75 20 senast
509 1359 129 24 församlade
653 1361 94 22 Ständer
762 1360 59 27 afgaf
834 1360 113 22 utlåtande
