1034 1667
227 123 12 19 2
534 122 34 22 N:o
584 121 32 23 18.

199 191 35 21 tön
257 190 99 22 förordat
379 193 30 19 ett
431 192 76 26 utbyte
526 192 23 20 af
567 192 41 20 den
623 190 125 22 nuvarande
762 189 190 25 inkomstskatten,

198 226 34 20 för
248 225 24 21 sä
288 226 45 20 vidt
349 226 40 20 den
405 225 90 22 träffade
511 226 95 21 inkomst
621 226 23 20 af
658 225 60 21 säväl
733 224 72 21 lands-
821 230 45 14 som
882 224 71 20 stads-

198 260 110 26 fastighet,
325 262 44 18 mot
385 266 26 14 en
427 260 227 27 förmögenhetsskatt,
672 259 87 21 dermed
775 258 66 21 likväl
857 258 47 20 icke
921 258 32 20 af-

199 296 55 20 setts
274 301 25 14 en
318 294 67 27 högre
405 295 138 27 beskattning
562 295 22 21 af
602 294 121 21 inkomsten
743 293 47 21 frän
807 292 102 26 fastighet
925 294 28 18 än

198 329 23 21 af
243 328 67 22 sådan
333 329 46 20 från
403 329 55 27 öfrig
477 329 154 27 förmögenhet.
667 327 100 22 Komitén
786 328 39 20 har
844 326 108 26 nämligen

199 364 49 20 sökt
264 364 64 20 ställa
343 363 260 27 fastighetsbevillningen
619 363 6 21 i
641 364 32 20 ett
684 363 78 20 sädant
772 361 134 22 förhällande
917 360 34 21 till

198 398 240 26 inkomstbevillningen
454 400 39 24 att,
510 398 54 21 efter
583 398 120 25 beräkning
719 397 22 20 af
755 397 42 20 fem
813 397 89 26 procent
919 395 33 20 sä-

199 439 46 14 som
261 433 164 20 medelinkomst
441 433 23 20 af
475 432 224 27 jordbruksfastighet
718 431 40 21 och
774 437 36 14 sex
826 431 89 26 procent
931 429 24 20 af

199 467 56 27 öfrig
277 467 44 21 fast
343 467 110 27 egendom,
473 467 209 27 fastighetsegarene
703 466 84 21 komme
807 467 32 19 att
854 465 7 20 i
876 463 76 22 bevill-

198 502 52 26 ning
265 502 88 26 erlägga
369 508 24 15 en
410 503 89 25 procent
515 503 21 19 af
552 501 39 21 den
608 501 68 26 ärliga
692 507 99 20 revenyn,
808 499 51 22 eller
871 504 82 15 samma

198 536 183 26 bevillningssats,
398 542 45 15 som
459 535 95 22 komitén
569 536 113 25 föreslagit
693 536 33 19 att
736 535 57 25 gälla
805 534 32 21 för
848 533 36 21 det
894 533 59 26 lägst

199 571 128 21 beskattade
350 571 180 26 inkomstbelopp.
564 571 116 21 Skilnaden
704 569 89 22 emellan
813 568 140 25 bevillnings-

199 607 99 20 satserna
313 605 70 22 skulle
398 606 98 26 betingas
513 605 61 22 deraf
588 607 37 24 att,
642 605 77 21 medan
736 604 36 21 det
787 609 75 16 senare
882 603 71 25 slaget

198 640 23 21 af
234 639 151 28 förmögenhet
399 642 82 19 ansetts
497 641 7 20 i
520 640 115 21 allmänhet
650 641 151 25 representera
817 644 25 15 en
857 637 96 21 inkomst

199 675 23 20 af
240 681 36 14 sex
297 676 94 25 procent,
412 681 92 20 revenyn
523 675 47 20 från
586 675 40 20 den
642 674 59 21 förra
716 673 7 20 i
740 673 100 20 medeltal
857 671 95 26 antagits

197 709 48 21 icke
261 709 118 26 öfverstiga
394 709 47 21 fem.

270 744 72 21 Jemte
366 744 36 21 det
424 743 107 22 komitöns
554 742 158 22 ofvanberörda
734 741 81 26 förslag
838 741 48 20 med
907 740 46 21 det-

199 784 82 15 samma
301 778 117 27 åtföljande
439 778 135 21 betänkande
594 778 37 21 och
648 777 159 21 reservationer
823 782 28 14 nu
867 775 86 20 medde-

198 813 33 20 las
256 812 126 27 Ständerna,
406 819 63 20 synes
492 812 191 27 uppmärksamhet
706 811 54 20 böra
778 810 67 21 fästas
861 809 36 21 vid
913 809 40 20 föl-

196 847 65 26 jande
278 847 190 26 omständigheter,
484 847 73 21 hvilka
570 847 78 26 jemväl
666 846 137 21 observerats
818 845 6 20 i
840 844 69 20 nedan
921 843 32 20 in-

199 883 72 24 tagna,
292 881 67 26 enligt
378 881 107 22 komitens
505 880 222 27 författningsförslag
746 879 7 21 i
770 879 65 26 öfrigt
850 877 103 22 affattade

198 915 82 27 förslag
296 916 33 20 till
345 916 126 26 förordning
486 916 109 26 angäende
611 915 119 25 bevillning
746 913 33 21 för
795 913 42 20 fast
849 912 104 27 egendom

199 950 39 21 och
254 949 101 24 inkomst,
371 950 117 27 nemligen:

271 986 33 19 att
323 985 37 20 det
379 985 7 20 i
405 985 11 27 &
438 986 9 19 1
468 991 63 14 mom.
548 985 12 20 3
576 984 84 21 införda
676 982 121 27 stadgande
813 983 32 19 att
860 980 93 27 kapital-

198 1019 103 26 beloppet
316 1018 23 21 af
353 1018 41 21 den
409 1019 97 26 verkliga
522 1019 55 26 gäld,
594 1024 45 15 som
655 1018 7 20 i
678 1017 105 26 egendom
795 1018 24 19 är
829 1015 124 25 intecknad,

198 1053 56 26 finge
277 1053 102 26 afdragas
402 1053 47 21 frän
473 1052 251 28 uppskattningsvärdet,
749 1051 47 21 icke
820 1049 83 22 medför
927 1055 26 15 en

195 1087 59 27 jemn
269 1087 41 21 och
326 1088 76 21 rättvis
418 1088 144 26 beskattning,
580 1089 50 19 enär
646 1087 26 20 de
688 1085 131 27 lägenheter,
836 1084 73 21 hvilka
920 1083 34 21 till

198 1122 63 21 deras
276 1121 55 22 fulla
346 1123 66 20 värde
427 1124 38 19 äro
480 1121 133 26 intecknade,
630 1121 71 21 skulle
722 1119 65 22 blifva
803 1118 150 26 obeskattade,

198 1158 56 19 samt
269 1156 38 21 det
326 1157 109 26 medgifna
456 1157 98 26 afdraget
568 1155 156 22 företrädesvis
740 1154 85 21 komme
841 1153 25 21 de
883 1155 71 19 större

194 1191 146 26 jordegarene
356 1191 33 21 till
405 1191 67 26 godo;

269 1227 33 19 att
322 1225 41 21 den
383 1226 7 20 i
410 1226 11 26 &
439 1226 27 20 14
481 1231 63 15 mom.
560 1225 19 27 c)
595 1223 130 23 omnämnda
739 1223 101 21 befrielse
855 1222 48 21 frän
920 1223 34 19 ut-

196 1259 96 27 görande
315 1259 24 21 af
360 1260 117 26 bevillning
496 1259 46 21 icke
562 1261 29 24 är,
611 1259 27 27 pä
658 1259 45 21 sätt
722 1256 108 22 härintills
846 1258 36 24 egt
898 1262 55 18 rum,

196 1293 111 21 utsträckt
320 1294 87 26 jemväl'
418 1294 32 21 till
472 1294 64 26 ryska
555 1293 127 26 infödingar,
704 1292 73 21 hvilka
793 1292 36 19 äro
846 1290 108 21 anställde

195 1328 37 21 vid
248 1328 26 20 de
289 1328 8 20 i
313 1328 74 21 landet
401 1328 99 26 förlagda
514 1328 65 27 ryska
594 1328 63 21 civila
672 1326 160 28 myndigheter;

267 1364 34 19 att
316 1362 162 22 vederbörande
494 1362 117 22 domstolar
626 1362 78 26 skulle,
718 1360 87 28 jemlikt
820 1360 11 27 $
847 1360 34 25 22,
894 1359 59 25 äläg-

196 1402 38 20 gas
257 1398 33 19 att
313 1396 34 21 till
370 1397 130 27 upplysning
520 1397 38 21 och
573 1396 88 27 ledning
676 1396 37 21 vid
729 1394 186 27 uppskattningen
932 1392 23 21 af

194 1430 45 22 fast
254 1430 105 27 egendom
379 1431 98 21 meddela
497 1431 106 21 särskilda
618 1430 118 27 uppgifter,
752 1428 87 22 hvilken
855 1427 97 27 skyldig-
971 1456 3 3 -
