1028 1661
298 116 28 23 U.
340 116 28 23 B.
385 128 24 4 —
425 116 72 28 Prop.
512 117 42 23 N:o
569 116 38 23 18.
779 117 12 19 9

63 180 102 27 lyckades
190 181 64 19 vinna
276 180 48 20 dess
351 180 129 20 förtroende.
502 192 23 3 —
543 174 117 33 Åtskilliga
681 180 137 26 detaljförän-

63 215 86 26 dringar
164 214 40 21 och
220 214 75 27 tillägg
311 214 30 20 uti
356 214 29 27 $$
400 215 82 19 30—31
498 214 59 25 (nåd.
573 221 59 20 prop.
648 216 22 23 $$
682 214 90 26 54—55)
781 217 36 18 äro

64 249 23 20 af
101 249 58 20 detta
173 249 121 20 Utskottets
310 248 80 27 förslag
403 248 80 27 jemväl
498 248 120 27 påkallade.

318 310 23 23 C.
372 310 87 29 Högsta
473 311 96 22 instans.

133 352 16 25 $
171 352 28 19 35
220 351 59 25 (nåd.
295 357 61 20 prop.
380 353 10 22 $
406 351 44 24 59).
481 351 74 20 Såsom
571 351 77 27 högsta
662 351 81 20 instans
758 352 7 19 i
781 351 34 21 be-

66 385 194 28 villningsärenden
268 385 91 20 föreslås
370 385 24 20 af
404 385 170 20 Skattekomitén
585 385 119 28 Kejserliga
715 385 103 21 Senatens

66 419 243 27 Justitiedepartement,
319 419 112 21 hvaremot
439 419 78 27 nådiga
525 420 167 26 propositionen,
701 426 45 13 som
755 419 62 21 fram-

66 454 67 20 håller
149 455 31 19 att
194 453 92 21 nämnda
302 453 125 27 myndighet
445 453 48 21 icke
508 453 67 21 borde
590 453 83 21 utöfver
688 454 46 19 sina
750 453 69 27 öfriga

67 487 187 28 magtpåliggande
269 487 87 21 arbeten
373 488 103 27 betungas
492 487 48 21 med
555 487 111 27 lösningen
682 488 23 20 af
713 488 105 26 ifrågava-

67 522 66 21 rande
149 523 169 20 administrativa
334 522 81 26 tvister,
431 529 44 14 som
491 523 8 19 i
514 521 106 21 anseende
629 522 31 20 till
671 522 31 20 sin
712 522 107 21 sannolikt

68 556 121 27 betydande
204 556 77 26 mängd
298 556 74 20 kräfde
388 556 144 27 förstärkning
548 556 23 20 af
584 556 186 26 Departementets
786 562 31 14 ar-

67 590 136 25 betskrafter,
219 590 89 20 förenad
324 590 48 20 med
387 590 96 21 känbara
498 590 95 27 utgifter,
612 590 3 20 i
631 590 76 27 antydt
717 590 100 20 afseende

68 624 112 27 föreslagit
199 624 83 21 landets
302 624 115 20 Hofrätter.
448 624 90 21 Oafsedt
553 624 41 21 den
610 624 162 27 omständighet,
787 626 32 18 att

67 665 26 14 en
112 658 120 27 fördelning
252 658 23 20 af
288 658 108 21 ärendena
414 659 28 26 på
461 661 32 18 tre
508 661 66 18 rätter
589 658 123 21 försvårade
727 658 40 21 den
783 665 34 14 en-

66 693 37 20 het
117 693 7 20 i
140 693 160 27 tillämpningen
317 693 24 21 af
354 693 227 27 bevillningsstadgan,
595 700 44 13 som
651 692 39 21 bör
700 692 116 21 eftersträf-

67 733 45 20 vas,
128 733 62 14 anser
205 727 110 20 Utskottet
330 727 107 20 dessutom
453 727 105 20 hvardera
573 727 23 20 af
610 727 26 20 de
651 726 122 27 föreslagna
787 727 30 19 in-

68 763 111 18 stanserna
202 761 108 26 olämplig,
335 761 74 20 såvida
424 761 29 20 uti
470 761 47 20 dem
533 761 119 26 naturligen
668 761 75 20 endast
758 763 59 18 ären-

69 795 65 21 denas
151 798 48 18 rent
214 795 104 27 rättsliga,
336 795 90 20 formela
441 795 47 21 sida
503 795 70 21 kunde
588 795 85 20 komma
684 795 66 20 under
758 795 59 20 skär-

68 829 115 27 skädande,
199 829 75 21 medan
290 829 78 26 sjelfva
384 830 125 26 taxeringen
525 829 48 21 icke
588 829 71 20 kunde
674 831 62 25 tagas
751 829 66 20 under

69 863 140 27 ompröfning.

134 897 36 21 Uti
181 897 93 27 Sverige
290 900 22 17 är
328 897 33 21 för
377 897 113 21 framtiden
506 897 115 27 föreslaget
636 899 32 19 att
676 897 76 27 högsta
760 898 56 26 pröf-

69 932 104 26 ningsrätt
188 932 7 20 i
211 932 183 26 taxeringsfrägor
416 932 54 20 skall
495 932 118 20 tillkomma
630 938 25 14 en
672 928 145 24 Öfverskatte-

68 966 85 26 nämnd,
175 966 115 21 bestående
309 966 23 20 af
354 966 128 20 ordförande
501 966 41 20 och
562 968 32 18 tre
613 966 125 27 ledamöter,
758 966 62 21 deraf

69 1000 36 20 två
126 1000 81 27 årligen
227 1000 62 20 valde
308 1000 24 20 af
348 1000 125 27 riksdagen;
493 1007 50 21 men
556 1000 116 20 tillsvidare
687 1000 131 28 handläggas

69 1034 221 27 beskattningsfrågor
305 1034 24 20 af
343 1034 43 20 alla
400 1034 47 27 slag
462 1034 109 21 derstädes
585 1036 78 25 ytterst
678 1035 23 19 af
709 1034 108 21 Kammar-

67 1071 77 18 rätten.
174 1068 43 20 Hos
232 1068 111 21 Utskottet
358 1068 38 20 har
411 1069 6 19 i
434 1068 115 28 anledning
564 1068 63 21 häraf
639 1069 7 19 i
658 1069 159 27 öfvervägande

69 1103 94 25 kommit,
179 1103 102 20 huruvida
296 1103 48 20 icke
360 1103 41 20 den
416 1103 121 20 institution
553 1103 6 20 i
575 1104 47 19 vårt
637 1103 56 25 land,
704 1103 114 20 Allmänna

70 1137 187 26 Revisionsrätten,
281 1137 86 20 hvilken
391 1140 100 23 närmast,
515 1137 65 20 ehuru
599 1137 49 20 med
666 1137 106 27 betydligt
786 1137 31 20 in-

69 1170 125 21 skränktare
217 1171 137 26 befogenhet,
374 1173 119 18 motsvarar
511 1171 41 20 den
571 1171 91 20 svenska
676 1171 142 20 Kammarrät-

69 1207 42 24 ten,
134 1204 70 21 kunde
226 1205 113 26 öfvertaga
357 1205 165 27 ifrågavarande
541 1205 159 27 pröfningsrätt.
730 1205 33 21 Då
780 1205 37 20 Ut-

69 1239 80 20 skottet
171 1239 118 20 emellertid
312 1239 39 20 har
370 1240 32 26 sig
417 1239 82 21 bekant
513 1241 32 19 att
560 1246 25 14 en
601 1239 180 27 omorganisation
797 1239 24 20 af

69 1273 170 21 Revisionrätten
260 1276 24 18 är
298 1273 49 21 utaf
360 1273 109 28 Styrelsen
485 1274 96 27 påtänkt,
597 1273 64 21 ehuru
676 1274 41 20 den
732 1273 87 26 komité,

68 1313 44 14 som
129 1307 83 20 erhållit
227 1308 7 19 i
250 1307 96 28 uppdrag
363 1310 32 18 att
409 1308 72 20 härtill
498 1311 95 24 uppgöra
608 1308 85 27 förslag,
704 1311 55 17 ännu
769 1306 50 21 icke

68 1341 74 20 hunnit
157 1348 37 13 ens
210 1341 75 21 förena
299 1342 33 26 sig
348 1348 32 14 om
398 1343 70 25 någon
484 1342 78 20 allmän
578 1342 50 26 plan
643 1342 33 20 för
690 1341 127 21 ombildnin-

69 1382 48 19 gen,
132 1375 39 20 har
186 1375 109 20 Utskottet
311 1376 67 19 under
393 1376 82 20 sådana
490 1376 147 20 förhållanden
653 1378 70 18 ansett
738 1376 32 26 sig
785 1375 34 20 för

69 1409 78 25 denna,
153 1409 57 26 gång
224 1409 49 20 icke
288 1409 72 20 kunna
375 1411 65 18 annat
455 1412 27 18 än
499 1410 69 20 såsom
583 1409 76 27 högsta
671 1409 81 20 instans
763 1409 55 20 före-

68 1443 32 20 slå
123 1442 103 21 Senatens
248 1443 278 26 Ekonomiedepartement,
544 1450 45 14 som
608 1443 65 20 redan
688 1443 107 20 tillförene
811 1443 7 19 i

137 1482 199 22 Bevillningsutskottets
350 1482 106 17 betänkande
469 1482 36 18 N:o
517 1483 16 17 5.
