1023 1664
219 121 28 20 28
426 119 22 24 U.
465 120 22 23 B.
503 131 31 6 —
550 120 61 29 Prop.
628 120 37 23 N:o
681 120 38 23 26.

475 356 197 27 Reservationer.

260 424 37 22 Då
307 424 42 29 jag
363 424 52 22 icke
430 424 90 22 kunnat
534 424 82 22 förena
631 424 49 29 mig
702 431 37 15 om
762 424 40 22 det
823 424 9 21 i
854 424 95 22 Utskot-

189 460 46 20 tets
251 458 148 22 betänkande
414 458 145 22 framställda
574 458 89 30 förslag
673 458 121 29 angående
803 458 146 29 länstingens

190 493 213 29 sammansättning
417 493 44 21 och
476 495 71 19 sättet
562 493 37 21 för
613 492 123 22 utseendet
751 492 26 22 af
789 492 160 22 länsfullmäk-

188 527 57 29 tige,
261 535 68 14 anser
341 527 42 29 jag
398 527 49 29 mig
462 527 142 22 härmedelst
618 527 57 22 böra
690 527 123 22 framhålla
826 527 49 21 min
885 526 63 30 skilj-

189 562 82 28 aktiga
286 562 61 28 åsigt
361 562 145 22 beträffande
521 562 157 22 nästnämnda
693 561 205 29 omständigheter.

259 596 12 21 I
286 596 111 22 händelse
415 596 200 29 länsfullmäktige
638 596 77 22 blefve
737 596 98 22 utsedda
850 596 9 21 i
874 596 75 22 öfver-

189 630 174 22 ensstämmelse
378 630 53 22 med
445 631 127 22 utskottets
587 631 95 29 förslag,
697 630 78 22 kunde
791 631 44 21 lätt
852 630 97 22 inträffa

188 666 36 20 att
239 664 74 22 ehuru
327 664 80 30 hvarje
422 665 99 22 medlem
536 666 9 21 i
560 665 29 22 de
604 666 143 27 kommuner,
771 672 49 15 som
839 665 56 22 höra
911 665 37 21 till

188 701 35 19 ett
237 699 135 22 valområde
387 700 30 28 på
432 700 86 28 landet,
534 700 104 28 häradet,
662 700 58 29 egde
735 702 64 20 rösta
814 700 13 21 å
841 700 54 21 hela
909 699 40 22 det

188 734 67 21 antal
270 733 149 30 fullmäktige
435 734 42 22 och
493 735 155 29 suppleanter,
664 742 49 14 som
724 734 144 22 valområdet
877 734 72 22 borde

187 770 59 26 utse,
263 768 83 22 endast
361 768 45 22 den
421 769 117 28 kommun,
560 776 49 15 som
624 769 60 22 hade
700 769 28 21 de
743 769 67 21 flesta
825 768 124 22 röstberät-

187 802 80 29 tigade
283 803 141 22 innevånare
440 804 55 21 eller
511 803 41 22 der
565 804 110 21 intresset
695 803 37 22 för
749 804 64 21 valet
823 803 78 22 visade
912 802 37 29 sig

187 836 105 29 lifligast,
307 837 92 21 komme
415 840 34 19 att
464 838 128 22 bestämma
606 838 75 22 valets
689 838 90 28 utgång
795 838 42 21 och
851 837 97 22 sålunda

188 870 101 22 faktiskt
303 874 51 19 utse
370 871 148 30 fullmäktige
533 872 37 22 för
585 872 53 22 hela
660 872 150 28 valområdet,
834 874 57 20 utan
913 874 35 19 att

186 912 55 14 man
258 906 59 28 egde
331 906 80 28 någon
425 907 93 28 garanti
533 906 37 22 för
585 909 35 19 att
635 907 28 21 de
679 907 30 29 på
725 906 83 22 sådant
823 909 46 19 sätt
879 906 68 22 valde

186 943 220 25 representanterne
421 940 60 22 hade
496 941 129 29 tillräcklig
646 941 132 22 kännedom
793 948 37 15 om
853 940 95 22 förhäll-

186 974 93 22 andena
293 975 63 21 inom
372 975 28 22 de
416 975 75 29 öfriga
505 976 175 28 kommunerna,
697 976 43 22 och
755 976 63 28 förty
833 976 51 21 icke
899 975 48 21 hel-

186 1008 35 22 ler
236 1009 79 21 kunde
331 1017 66 14 anses
412 1018 57 13 vara
483 1010 113 29 lämpliga
618 1012 170 27 represetanter
809 1010 37 22 för
869 1010 77 21 dessas

186 1043 145 29 önskningar
346 1044 43 21 och
411 1044 119 22 intressen.
561 1045 44 21 Att
627 1045 88 22 tilliten
738 1045 43 21 och
803 1044 144 22 förtroendet

184 1076 38 22 för
237 1077 46 22 den
298 1085 47 21 nya
359 1078 165 22 institutionen
539 1080 8 20 i
562 1079 59 29 följd
639 1079 69 22 deraf
725 1080 8 20 i
755 1079 122 28 betänklig
892 1086 55 14 mon

185 1111 94 22 komme
295 1114 34 20 att
344 1112 84 22 rubbas
445 1120 68 22 synes
529 1113 126 29 sjelffallet.
685 1114 55 21 Med
759 1113 108 22 afseende
889 1113 58 21 härå

184 1146 45 21 och
245 1146 30 22 då
295 1146 331 30 länstingsrepresentationen
648 1148 72 22 borde
743 1148 90 29 grunda
858 1148 36 29 sig
915 1148 32 29 på

184 1180 44 21 och
243 1183 86 26 utgöra
344 1189 29 13 en
388 1181 79 22 vidare
482 1183 137 28 utveckling
630 1183 26 21 af
669 1183 45 21 den
724 1183 150 21 kommunala
884 1182 63 29 sjelf-

184 1215 117 28 styrelsen
317 1223 68 21 synes
401 1216 40 21 det
453 1216 87 29 jemväl
556 1217 144 29 följdriktigt
722 1219 35 20 att
778 1217 82 28 hvarje
881 1217 65 21 kom-

184 1256 63 21 mun,
265 1250 26 21 så
306 1250 51 21 vidt
371 1250 94 29 möjligt
479 1254 31 25 är,
534 1251 58 28 egde
615 1254 51 19 utse
691 1252 40 21 sitt
755 1251 75 22 skilda
853 1251 92 22 ombud.

183 1283 48 22 Det
246 1284 41 21 har
301 1284 138 29 visserligen
455 1285 79 22 blifvit
548 1286 109 21 anmärkt
672 1288 36 19 att
731 1286 88 21 antalet
841 1285 106 22 länsfull-

182 1317 107 30 mäktige
304 1319 9 20 i
328 1319 73 21 sådan
416 1319 117 28 händelse,
550 1320 110 22 särskildt
675 1320 64 21 inom
754 1313 52 28 Åbo
822 1319 43 22 och
880 1319 66 29 Björ-

182 1352 102 29 neborgs
300 1355 60 19 samt
375 1353 72 22 Wasa
462 1353 38 22 län
516 1354 79 21 blefve
611 1354 80 22 alltför
705 1356 60 19 stort
780 1354 42 21 och
841 1354 36 21 till
892 1361 54 14 men

181 1385 38 22 för
234 1387 141 22 ärendernas
390 1388 144 29 behandling
549 1389 40 21 vid
608 1389 89 28 tingen,
721 1396 53 14 men
797 1389 30 21 då
849 1391 97 26 antagas

180 1421 76 21 måste
283 1424 34 19 att
339 1422 142 29 länstingen,
510 1423 141 21 åtminstone
678 1423 9 21 i
713 1423 156 22 nästnämnda
895 1422 50 22 vid-

180 1455 105 22 sträckta
301 1456 43 21 och
359 1456 102 22 folkrika
476 1457 46 28 län,
545 1457 54 22 med
619 1457 108 22 afseende
745 1458 14 21 å
781 1458 29 21 de
826 1457 63 22 olika
911 1457 34 22 in-

248 1495 144 19 Sammansatta
405 1499 49 21 Lag-
467 1497 32 18 och
513 1498 191 17 Ekonomiutskottets
718 1498 116 17 betänkande
847 1503 31 13 n:o
892 1499 17 16 8.
