1020 1667
214 111 26 19 74
519 112 34 20 N:o
570 111 35 22 25.

185 178 65 21 innan
267 179 34 20 det
322 179 32 21 får
375 180 72 20 utöfva
467 181 32 20 sin
519 180 126 27 befattning,
663 181 84 21 anmäla
766 181 32 26 sig
814 180 39 21 hos
870 180 67 26 Magi-

186 214 62 24 strat,
273 214 146 26 ordningsrätt
442 215 52 21 eller
517 215 124 21 häradsrätt
661 215 39 21 och
720 214 83 27 aflägga
823 215 55 26 edlig
895 214 42 21 för-

186 248 101 26 pligtelse
306 250 32 19 att
361 248 146 28 befattningen
528 250 79 26 redligt
623 250 38 20 och
678 251 107 25 noggrant
807 249 130 24 handhafva;

186 282 39 21 och
242 282 39 21 bör
297 283 40 20 han
355 284 98 20 tillställa
473 284 119 21 kontrollör
611 284 200 27 protokollsutdrag
828 284 58 21 öfver
903 284 34 20 ed-

185 316 90 27 gången.
306 317 40 21 Till
368 318 234 26 kontrolleringsvittne
627 319 55 21 skall
702 320 60 19 utses
779 326 24 13 en
820 318 116 26 trovärdig,

185 351 6 20 i
216 351 64 21 skrif-
300 352 38 20 och
360 352 132 21 räknekonst
507 353 80 27 kunnig
603 360 85 20 person,
705 359 45 15 som
767 353 80 21 förstår
863 352 74 27 profva

186 386 38 20 och
248 388 58 18 mäta
329 386 87 21 bränvin
440 390 56 18 samt
519 390 23 18 är
562 388 79 26 ojäfvig
661 388 37 20 och
720 387 47 27 sjelf
787 388 47 20 icke
853 387 85 21 utöfvar

187 420 247 27 bränvinstillverkning.

260 456 18 19 2.
310 455 73 22 Skulle
400 457 66 20 vittne
482 457 102 26 förnyade
600 457 81 26 gånger
692 456 131 21 förfallolöst
833 456 104 21 uteblifva

186 489 47 20 från
259 490 129 27 förrättning
412 491 33 20 vid
470 491 98 20 bränneri
593 491 52 21 eller
664 492 46 19 visa
731 492 32 25 sig
780 491 67 20 sakna
863 491 25 20 de
904 491 33 20 för

187 524 133 27 uppdragets
344 525 134 26 fullgörande
501 525 141 27 erforderliga
662 525 97 26 insigter,
780 525 51 21 eller
851 526 5 19 i
873 527 65 19 annat

187 558 101 21 afseende
312 559 95 21 befinnas
425 560 34 21 för
478 560 147 26 befattningen
646 560 117 27 olämpligt,
785 560 82 21 anmäle
887 560 51 20 kon-

186 593 77 21 trollör
287 594 71 21 derom
383 594 38 21 hos
444 595 41 20 den
506 595 129 26 myndighet,
657 601 45 15 som
723 596 68 19 utsett
806 595 78 20 vittnet
900 595 38 20 och

187 627 86 22 hvilken
290 629 26 20 då
333 629 39 20 bör
387 631 45 24 nytt
454 630 66 20 vittne
539 630 62 26 välja,
619 630 82 26 egande
717 629 120 22 kontrollör
853 631 32 18 att
900 635 38 14 un-

187 662 38 21 der
241 663 59 20 tiden
317 663 87 27 lämplig
419 670 79 20 person
514 664 32 21 till
562 665 68 20 vittne
646 664 64 21 kalla.

532 727 10 27 8
559 728 32 20 33.

260 766 84 21 Vittnet
360 767 81 26 åligger
457 769 31 19 att
504 767 129 27 riktigheten
651 767 22 21 af
688 767 123 26 mätningen
828 767 38 20 och
880 767 58 26 prof-

188 801 78 24 ningen
290 801 106 27 iakttaga;
421 804 31 19 att
474 803 5 19 i
505 809 24 14 en
552 802 23 20 af
593 802 76 21 honom
691 801 46 21 förd
755 801 183 26 anteckningsbok

189 835 105 21 särskildt
316 836 126 26 uppskrifva
465 837 37 20 och
526 837 47 20 med
596 837 160 20 kontrollörens
780 836 158 26 tillverknings-

185 869 86 27 journal
288 870 89 27 jemföra
392 871 114 20 resultatet
522 871 22 20 af
558 871 25 20 de
600 871 82 20 skedda
693 870 195 27 uppmätningarna
899 870 38 21 och

187 904 155 27 profningarna
357 905 22 20 af
393 905 123 21 tillverkadt
532 905 99 26 bränvin;
649 907 32 19 att
692 905 47 20 med
757 905 132 26 egenhändig
900 911 38 14 un-

188 939 103 21 derskrift
309 939 101 27 bestyrka
425 940 25 20 de
466 940 6 20 i
490 941 142 26 nyssnämnda
645 940 87 26 journal
753 939 84 20 införda
853 939 85 20 anteck-

187 973 106 26 ningarna
316 973 73 21 härom
413 976 55 19 samt
490 977 32 18 att
545 975 84 20 biträda
649 974 147 21 kontrollören
817 973 35 21 vid
871 973 68 26 tillsy-

187 1013 40 15 nen
245 1007 59 22 öfver
320 1008 124 21 hränvinets
460 1009 121 20 insättande
601 1009 28 26 på
647 1009 103 26 nederlag
767 1008 39 21 och
822 1007 117 27 uttagande

193 1041 101 22 derifrån.

531 1071 11 28 $
559 1073 33 19 34.

260 1111 43 20 För
314 1111 73 26 hvarje
398 1112 154 26 tilländalupen
564 1112 45 21 half
619 1111 197 26 bränningstermin
828 1110 34 21 må
872 1111 68 20 vittne

187 1145 47 20 från
252 1145 69 21 länets
338 1146 79 21 ränteri
434 1146 22 21 af
471 1145 89 22 influtna
571 1145 324 26 bränvinstillverkningsmedel
907 1146 33 19 ut-

187 1179 114 21 bekomma
321 1180 143 21 traktamente
483 1181 33 20 för
536 1181 26 20 de
582 1179 218 27 förrättningsdagar,
817 1179 40 20 han
874 1179 67 26 enligt

187 1213 24 21 af
225 1213 148 22 kontrollören
390 1215 70 26 styrkt
476 1215 124 26 reqvisition
615 1215 35 20 vid
662 1215 125 20 bränneriet
798 1213 56 21 varit
864 1213 76 26 tjenst-

187 1248 102 26 görande.

532 1279 11 25 $
560 1278 33 20 35.

260 1317 81 27 Tillsyn
358 1318 59 20 öfver
432 1318 134 21 bränneriets
581 1318 103 25 nederlag
695 1317 93 25 utöfvas,
800 1317 87 26 sålänge
898 1316 43 21 till-

188 1352 133 26 verkningen
338 1352 12 20 å
366 1352 122 21 bränneriet
508 1352 82 26 fortfar,
610 1352 23 20 af
647 1352 41 20 den
705 1352 27 26 på
748 1351 73 21 stället
837 1351 104 26 tjenstgö-

188 1386 66 21 raade
279 1386 145 22 kontrollören
448 1387 37 20 och
510 1386 93 21 derefter
625 1386 23 21 af
666 1386 41 20 den
727 1386 48 20 utaf
790 1385 151 26 Länestyrelse

188 1420 68 27 enligt
279 1421 3 27 8
300 1422 25 20 26
346 1427 63 15 mom.
429 1422 11 20 5
460 1421 7 21 i
486 1421 98 26 gällande
600 1420 128 26 förordning
745 1426 33 15 om
795 1420 96 20 vilkoren
908 1419 33 21 för
