1025 1661
393 116 38 23 N:o
447 115 34 24 29.
767 119 22 20 11

60 189 38 20 gar
121 182 55 23 efter
197 183 146 26 kungörelsen
358 183 7 20 i
380 183 68 27 kyrka
464 182 53 22 eller
532 183 119 27 bevisligen
666 183 98 22 erhällen
779 183 43 21 till-

60 218 85 27 sägelse
161 219 125 20 densamma
302 219 74 20 ersatt.

128 253 77 22 Ehvad
228 252 150 28 skjutsningen
394 254 24 19 är
433 252 58 21 stäld
513 252 29 27 pä
558 252 144 27 entreprenad
718 252 52 22 eller
785 258 37 15 an-

60 288 100 22 norledes
174 287 105 27 besörjes,
295 287 40 21 bör
351 286 67 26 alltid,
434 286 57 22 bäde
507 286 7 21 i
531 286 51 22 stad
598 286 40 22 och
646 286 117 27 pälandet,
773 286 48 26 den,

60 322 87 22 hvilken
169 322 55 21 först
245 322 33 21 till
300 321 126 27 gästgifveri
449 321 119 21 ankommit
584 321 40 21 och
640 321 36 21 vill
692 327 63 16 resan
769 322 53 20 utan

61 356 102 28 dröjsmål
186 356 109 26 fortsätta,
319 355 94 22 derifrän
427 355 57 22 först
499 355 83 22 erhålla
597 355 57 26 häst,
671 355 55 21 dock
743 357 32 19 att
789 354 34 22 för

60 390 157 23 fortskaffande
240 390 22 22 af
282 392 57 26 post,
360 390 27 22 dä
410 390 67 22 sädan
493 390 107 26 inväntas,
618 390 147 27 skjutshästar
780 389 43 21 alla

62 427 56 21 tider
134 426 22 22 af
170 426 82 27 dygnet
267 426 62 21 skola
344 425 69 22 finnas
429 427 32 20 att
477 427 79 25 genast
571 425 69 26 tillgä.

130 461 70 26 Tager
215 461 91 21 resande
323 459 146 28 egenmäktigt
485 460 50 21 häst
550 459 53 22 eller
619 459 77 27 äkdon,
705 459 52 22 böte
765 458 57 22 ända

62 495 33 21 till
110 495 122 21 tvähundra
246 495 67 21 mark.

417 558 47 26 88.

131 598 46 22 Har
199 597 248 28 gästgifverihällningen
470 598 14 21 å
506 598 75 21 landet
596 598 48 21 icke
659 598 70 22 blifvit
745 598 23 21 ät
787 603 36 15 en-

63 634 113 26 treprenör
198 633 111 27 upplåten,
332 639 40 21 ega
388 633 141 21 Guvernören
545 632 33 22 till
594 632 132 28 gästgifvare
743 633 80 25 antaga

64 668 48 26 den,
136 674 46 15 som
206 668 71 21 dertill
292 667 102 27 erbjuder
407 667 34 27 sig
455 667 34 21 för
503 667 81 21 minsta
600 667 120 27 ersättning
736 666 40 22 och
792 666 31 22 el-

60 703 46 27 jest
128 702 96 22 befinnes
240 702 33 21 till
287 702 149 26 befattningen
451 702 97 27 lämplig,
565 702 95 26 hvarvid,
677 708 35 15 om
726 702 45 20 lika
786 707 38 15 an-

64 737 45 22 bud
124 738 70 26 göras,
215 737 47 26 den,
279 736 13 22 &
306 737 64 21 hvars
386 737 61 21 mark
463 736 151 28 gästgifveriet
628 736 94 27 förlagdt
739 738 30 24 är,
785 735 40 21 har

64 772 109 21 företräde
195 771 88 22 framför
306 777 79 21 annan;
402 771 40 21 och
458 771 41 21 bör
515 771 41 21 den
572 771 145 27 godtgörelse,
734 769 90 28 gästgif-

64 813 66 15 varen
144 806 43 22 kan
203 807 33 26 sig
251 806 94 27 betinga,
363 806 22 21 af
398 806 132 27 skjutslaget
546 807 102 20 ersättas.

419 868 11 27 8
447 871 19 18 9.

134 909 132 28 Gästgifveri
288 909 32 22 får
334 909 93 21 inrättas
443 909 29 27 pä
488 909 28 21 all
529 908 51 28 jord
596 908 13 22 å
624 907 80 27 landet,
722 907 103 27 antingen

66 944 41 22 den
123 944 72 22 tillhör
210 944 82 22 kronan
308 944 53 22 eller
376 944 85 22 enskild
476 950 62 20 man;
554 944 41 21 och
617 944 39 20 bör
672 942 13 21 ä
701 941 125 28 gästgifveri

64 978 34 22 för
120 978 27 22 de
170 980 104 20 resandes
296 978 68 23 behof
377 979 111 22 äfvensom
503 978 35 22 för
553 978 146 27 gästgifvaren
715 976 41 22 och
771 976 54 21 hans

65 1013 87 22 husfolk
175 1015 58 20 samt
256 1014 26 22 de
304 1014 128 27 skjutsande
447 1013 71 21 finnas
533 1013 81 26 nödiga
628 1012 141 26 boningsrum
785 1010 40 22 och

65 1048 73 26 uthus,
154 1048 29 27 pä
198 1050 46 20 sätt
260 1048 139 22 Guvernören
415 1048 75 22 derom
505 1048 7 21 i
528 1047 74 27 hvarje
618 1046 103 22 särskildt
735 1045 37 22 fall
783 1044 43 22 för-

66 1082 84 22 ordnar.
181 1083 49 21 Kan
252 1089 79 20 egaren
354 1083 52 21 eller
424 1082 153 22 innehafvaren
594 1081 23 21 af
628 1081 76 27 jorden
719 1080 48 22 icke
783 1079 43 22 för-

65 1117 46 21 mäs
134 1119 32 19 att
188 1117 108 27 behöfliga
319 1124 48 15 rum
382 1117 41 22 och
438 1117 128 27 byggnader
581 1116 33 21 till
631 1114 124 29 gästgifveri
770 1120 55 21 upp-

65 1151 45 21 läta
132 1151 41 22 och
196 1152 132 26 underhälla,
352 1158 50 15 vare
422 1151 66 22 likväl
503 1151 77 27 pligtig
596 1152 32 20 att
643 1150 7 21 i
666 1149 95 27 enlighet
777 1148 50 21 med

66 1186 100 27 gällande
181 1187 208 27 expropriationslag
404 1186 72 22 dertill
492 1185 128 27 erforderlig
635 1185 60 21 mark
711 1183 62 26 afstä,
785 1183 41 21 och

67 1220 81 27 äligger
172 1221 37 22 det
229 1221 27 22 dä
272 1221 42 22 alla
329 1222 27 21 de
371 1221 57 21 inom
444 1221 137 27 skjutslaget,
598 1226 47 15 som
660 1219 7 21 i
682 1217 144 29 skjutsnings-

65 1255 103 22 besväret
184 1255 92 28 deltaga,
293 1257 33 20 att
344 1256 4 21 i
364 1255 113 22 enahanda
493 1254 143 26 förhållande,
646 1259 45 16 som
700 1253 60 21 detta
769 1251 56 26 sker,

66 1289 71 22 lemna
159 1290 76 27 bidrag
257 1291 32 20 till
308 1291 100 21 markens
424 1290 85 21 inlösen
525 1291 57 20 samt
598 1287 159 28 gästgifveriets
773 1287 53 26 byg-

66 1324 70 27 gande
152 1325 40 21 och
208 1325 118 21 underhäll.

412 1386 11 28 8
441 1388 33 20 10.

135 1428 42 21 Vill
193 1434 64 21 egare
274 1429 52 21 eller
341 1427 139 22 innehafvare
497 1427 23 22 af
531 1427 55 28 jord,
604 1427 38 21 der
657 1423 126 30 gästgifveri
793 1423 34 21 in-

65 1463 77 26 rättas,
160 1463 18 26 ej
195 1463 133 21 annorlunda
345 1464 27 19 än
387 1463 58 20 emot
461 1461 122 27 ersättning
599 1461 47 21 sina
661 1460 40 21 hus
718 1459 32 21 till
767 1459 60 26 gäst-
