<?xml version="1.0" encoding="UTF-8"?>
<alto xmlns="http://www.loc.gov/standards/alto/ns-v3#" xmlns:xlink="http://www.w3.org/1999/xlink" xmlns:xsi="http://www.w3.org/2001/XMLSchema-instance" xsi:schemaLocation="http://www.loc.gov/standards/alto/ns-v3# http://www.loc.gov/alto/v3/alto-3-0.xsd">
	<Description>
		<MeasurementUnit>pixel</MeasurementUnit>
		<sourceImageInformation>
			<fileName>/tmp/tess_1wdd4vxq_input.PNG</fileName>
		</sourceImageInformation>
		<OCRProcessing ID="OCR_0">
			<ocrProcessingStep>
				<processingSoftware>
					<softwareName>tesseract 5.3.4</softwareName>
				</processingSoftware>
			</ocrProcessingStep>
		</OCRProcessing>
	</Description>
	<Layout>
		<Page WIDTH="1025" HEIGHT="1661" PHYSICAL_IMG_NR="0" ID="page_0">
			<PrintSpace HPOS="0" VPOS="0" WIDTH="1025" HEIGHT="1661">
				<ComposedBlock ID="cblock_0" HPOS="228" VPOS="122" WIDTH="393" HEIGHT="23">
					<TextBlock ID="block_0" HPOS="228" VPOS="122" WIDTH="393" HEIGHT="23">
						<TextLine ID="line_0" HPOS="228" VPOS="122" WIDTH="393" HEIGHT="23">
							<String ID="string_0" HPOS="228" VPOS="125" WIDTH="25" HEIGHT="19" WC="0.95" CONTENT="18"/><SP WIDTH="280" VPOS="125" HPOS="253"/>
							<String ID="string_1" HPOS="533" VPOS="123" WIDTH="38" HEIGHT="22" WC="0.95" CONTENT="N:o"/><SP WIDTH="16" VPOS="123" HPOS="571"/>
							<String ID="string_2" HPOS="587" VPOS="122" WIDTH="34" HEIGHT="23" WC="0.96" CONTENT="29."/>
						</TextLine>
					</TextBlock>
				</ComposedBlock>
				<ComposedBlock ID="cblock_1" HPOS="196" VPOS="189" WIDTH="760" HEIGHT="199">
					<TextBlock ID="block_1" HPOS="543" VPOS="189" WIDTH="60" HEIGHT="27">
						<TextLine ID="line_1" HPOS="543" VPOS="189" WIDTH="60" HEIGHT="27">
							<String ID="string_3" HPOS="543" VPOS="189" WIDTH="11" HEIGHT="27" WC="0.87" CONTENT="$"/><SP WIDTH="16" VPOS="189" HPOS="554"/>
							<String ID="string_4" HPOS="570" VPOS="191" WIDTH="33" HEIGHT="19" WC="0.96" CONTENT="23."/>
						</TextLine>
					</TextBlock>
					<TextBlock ID="block_2" HPOS="196" VPOS="223" WIDTH="760" HEIGHT="165">
						<TextLine ID="line_2" HPOS="264" VPOS="223" WIDTH="689" HEIGHT="28">
							<String ID="string_5" HPOS="264" VPOS="223" WIDTH="61" HEIGHT="21" WC="0.93" CONTENT="Efter"/><SP WIDTH="23" VPOS="223" HPOS="325"/>
							<String ID="string_6" HPOS="348" VPOS="224" WIDTH="109" HEIGHT="21" WC="0.90" CONTENT="verkstäld"/><SP WIDTH="16" VPOS="224" HPOS="457"/>
							<String ID="string_7" HPOS="473" VPOS="224" WIDTH="122" HEIGHT="27" WC="0.91" CONTENT="skjutsning"/><SP WIDTH="18" VPOS="224" HPOS="595"/>
							<String ID="string_8" HPOS="613" VPOS="224" WIDTH="49" HEIGHT="21" WC="0.92" CONTENT="med"/><SP WIDTH="15" VPOS="224" HPOS="662"/>
							<String ID="string_9" HPOS="677" VPOS="223" WIDTH="104" HEIGHT="22" WC="0.91" CONTENT="resandes"/><SP WIDTH="18" VPOS="223" HPOS="781"/>
							<String ID="string_10" HPOS="799" VPOS="223" WIDTH="76" HEIGHT="24" WC="0.91" CONTENT="åkdon,"/><SP WIDTH="17" VPOS="223" HPOS="875"/>
							<String ID="string_11" HPOS="892" VPOS="223" WIDTH="61" HEIGHT="25" WC="0.95" CONTENT="skall,"/>
						</TextLine>
						<TextLine ID="line_3" HPOS="198" VPOS="257" WIDTH="755" HEIGHT="28">
							<String ID="string_12" HPOS="198" VPOS="264" WIDTH="34" HEIGHT="14" WC="0.96" CONTENT="om"/><SP WIDTH="24" VPOS="264" HPOS="232"/>
							<String ID="string_13" HPOS="256" VPOS="257" WIDTH="25" HEIGHT="21" WC="0.96" CONTENT="så"/><SP WIDTH="23" VPOS="257" HPOS="281"/>
							<String ID="string_14" HPOS="304" VPOS="257" WIDTH="90" HEIGHT="27" WC="0.93" CONTENT="fordras,"/><SP WIDTH="21" VPOS="257" HPOS="394"/>
							<String ID="string_15" HPOS="415" VPOS="258" WIDTH="146" HEIGHT="27" WC="0.92" CONTENT="skjutskarlen"/><SP WIDTH="16" VPOS="258" HPOS="561"/>
							<String ID="string_16" HPOS="577" VPOS="258" WIDTH="94" HEIGHT="21" WC="0.96" CONTENT="återföra"/><SP WIDTH="15" VPOS="258" HPOS="671"/>
							<String ID="string_17" HPOS="686" VPOS="258" WIDTH="33" HEIGHT="21" WC="0.96" CONTENT="till"/><SP WIDTH="15" VPOS="258" HPOS="719"/>
							<String ID="string_18" HPOS="734" VPOS="258" WIDTH="41" HEIGHT="21" WC="0.96" CONTENT="och"/><SP WIDTH="15" VPOS="258" HPOS="775"/>
							<String ID="string_19" HPOS="790" VPOS="258" WIDTH="48" HEIGHT="21" WC="0.96" CONTENT="med"/><SP WIDTH="17" VPOS="258" HPOS="838"/>
							<String ID="string_20" HPOS="855" VPOS="257" WIDTH="46" HEIGHT="28" WC="0.93" CONTENT="fyra"/><SP WIDTH="14" VPOS="257" HPOS="901"/>
							<String ID="string_21" HPOS="915" VPOS="258" WIDTH="38" HEIGHT="20" WC="0.92" CONTENT="hä-"/>
						</TextLine>
						<TextLine ID="line_4" HPOS="197" VPOS="291" WIDTH="759" HEIGHT="28">
							<String ID="string_22" HPOS="197" VPOS="293" WIDTH="52" HEIGHT="20" WC="0.96" CONTENT="star."/><SP WIDTH="32" VPOS="293" HPOS="249"/>
							<String ID="string_23" HPOS="281" VPOS="292" WIDTH="46" HEIGHT="21" WC="0.96" CONTENT="Har"/><SP WIDTH="23" VPOS="292" HPOS="327"/>
							<String ID="string_24" HPOS="350" VPOS="293" WIDTH="41" HEIGHT="21" WC="0.96" CONTENT="den"/><SP WIDTH="22" VPOS="293" HPOS="391"/>
							<String ID="string_25" HPOS="413" VPOS="293" WIDTH="93" HEIGHT="21" WC="0.96" CONTENT="resande"/><SP WIDTH="23" VPOS="293" HPOS="506"/>
							<String ID="string_26" HPOS="529" VPOS="293" WIDTH="108" HEIGHT="26" WC="0.96" CONTENT="begagnat"/><SP WIDTH="15" VPOS="293" HPOS="637"/>
							<String ID="string_27" HPOS="652" VPOS="292" WIDTH="54" HEIGHT="21" WC="0.95" CONTENT="flera"/><SP WIDTH="15" VPOS="292" HPOS="706"/>
							<String ID="string_28" HPOS="721" VPOS="295" WIDTH="26" HEIGHT="18" WC="0.96" CONTENT="än"/><SP WIDTH="17" VPOS="295" HPOS="747"/>
							<String ID="string_29" HPOS="764" VPOS="293" WIDTH="32" HEIGHT="20" WC="0.96" CONTENT="ett"/><SP WIDTH="14" VPOS="293" HPOS="796"/>
							<String ID="string_30" HPOS="810" VPOS="291" WIDTH="22" HEIGHT="22" WC="0.93" CONTENT="af"/><SP WIDTH="14" VPOS="291" HPOS="832"/>
							<String ID="string_31" HPOS="846" VPOS="293" WIDTH="110" HEIGHT="24" WC="0.88" CONTENT="entrepre-"/>
						</TextLine>
						<TextLine ID="line_5" HPOS="196" VPOS="325" WIDTH="760" HEIGHT="29">
							<String ID="string_32" HPOS="196" VPOS="327" WIDTH="78" HEIGHT="21" WC="0.92" CONTENT="nörens"/><SP WIDTH="16" VPOS="327" HPOS="274"/>
							<String ID="string_33" HPOS="290" VPOS="327" WIDTH="52" HEIGHT="21" WC="0.96" CONTENT="eller"/><SP WIDTH="16" VPOS="327" HPOS="342"/>
							<String ID="string_34" HPOS="358" VPOS="327" WIDTH="26" HEIGHT="21" WC="0.93" CONTENT="de"/><SP WIDTH="17" VPOS="327" HPOS="384"/>
							<String ID="string_35" HPOS="401" VPOS="327" WIDTH="138" HEIGHT="26" WC="0.91" CONTENT="skjutsandes"/><SP WIDTH="17" VPOS="327" HPOS="539"/>
							<String ID="string_36" HPOS="556" VPOS="327" WIDTH="76" HEIGHT="26" WC="0.92" CONTENT="åkdon,"/><SP WIDTH="18" VPOS="327" HPOS="632"/>
							<String ID="string_37" HPOS="650" VPOS="329" WIDTH="23" HEIGHT="19" WC="0.96" CONTENT="är"/><SP WIDTH="17" VPOS="329" HPOS="673"/>
							<String ID="string_38" HPOS="690" VPOS="333" WIDTH="26" HEIGHT="15" WC="0.93" CONTENT="en"/><SP WIDTH="15" VPOS="333" HPOS="716"/>
							<String ID="string_39" HPOS="731" VPOS="327" WIDTH="118" HEIGHT="27" WC="0.92" CONTENT="skjutskarl"/><SP WIDTH="16" VPOS="327" HPOS="849"/>
							<String ID="string_40" HPOS="865" VPOS="326" WIDTH="18" HEIGHT="27" WC="0.93" CONTENT="ej"/><SP WIDTH="16" VPOS="326" HPOS="883"/>
							<String ID="string_41" HPOS="899" VPOS="325" WIDTH="57" HEIGHT="28" WC="0.92" CONTENT="plig-"/>
						</TextLine>
						<TextLine ID="line_6" HPOS="198" VPOS="361" WIDTH="455" HEIGHT="27">
							<String ID="string_42" HPOS="198" VPOS="361" WIDTH="31" HEIGHT="27" WC="0.96" CONTENT="tig"/><SP WIDTH="16" VPOS="361" HPOS="229"/>
							<String ID="string_43" HPOS="245" VPOS="363" WIDTH="32" HEIGHT="20" WC="0.96" CONTENT="att"/><SP WIDTH="15" VPOS="363" HPOS="277"/>
							<String ID="string_44" HPOS="292" VPOS="361" WIDTH="53" HEIGHT="22" WC="0.94" CONTENT="flera"/><SP WIDTH="16" VPOS="361" HPOS="345"/>
							<String ID="string_45" HPOS="361" VPOS="363" WIDTH="27" HEIGHT="19" WC="0.96" CONTENT="än"/><SP WIDTH="16" VPOS="363" HPOS="388"/>
							<String ID="string_46" HPOS="404" VPOS="362" WIDTH="36" HEIGHT="21" WC="0.97" CONTENT="två"/><SP WIDTH="16" VPOS="362" HPOS="440"/>
							<String ID="string_47" HPOS="456" VPOS="362" WIDTH="81" HEIGHT="21" WC="0.96" CONTENT="sådana"/><SP WIDTH="16" VPOS="362" HPOS="537"/>
							<String ID="string_48" HPOS="553" VPOS="361" WIDTH="100" HEIGHT="22" WC="0.96" CONTENT="återföra."/>
						</TextLine>
					</TextBlock>
				</ComposedBlock>
				<ComposedBlock ID="cblock_2" HPOS="198" VPOS="425" WIDTH="757" HEIGHT="205">
					<TextBlock ID="block_3" HPOS="543" VPOS="425" WIDTH="60" HEIGHT="26">
						<TextLine ID="line_7" HPOS="543" VPOS="425" WIDTH="60" HEIGHT="26">
							<String ID="string_49" HPOS="543" VPOS="425" WIDTH="11" HEIGHT="26" WC="0.89" CONTENT="&amp;"/><SP WIDTH="15" VPOS="425" HPOS="554"/>
							<String ID="string_50" HPOS="569" VPOS="427" WIDTH="34" HEIGHT="19" WC="0.96" CONTENT="24."/>
						</TextLine>
					</TextBlock>
					<TextBlock ID="block_4" HPOS="198" VPOS="464" WIDTH="757" HEIGHT="97">
						<TextLine ID="line_8" HPOS="265" VPOS="464" WIDTH="689" HEIGHT="28">
							<String ID="string_51" HPOS="265" VPOS="465" WIDTH="103" HEIGHT="22" WC="0.91" CONTENT="Föröfvas"/><SP WIDTH="24" VPOS="465" HPOS="368"/>
							<String ID="string_52" HPOS="392" VPOS="465" WIDTH="22" HEIGHT="22" WC="0.95" CONTENT="af"/><SP WIDTH="13" VPOS="465" HPOS="414"/>
							<String ID="string_53" HPOS="427" VPOS="465" WIDTH="92" HEIGHT="22" WC="0.95" CONTENT="resande"/><SP WIDTH="16" VPOS="465" HPOS="519"/>
							<String ID="string_54" HPOS="535" VPOS="465" WIDTH="131" HEIGHT="22" WC="0.96" CONTENT="misshandel"/><SP WIDTH="17" VPOS="465" HPOS="666"/>
							<String ID="string_55" HPOS="683" VPOS="467" WIDTH="58" HEIGHT="20" WC="0.93" CONTENT="emot"/><SP WIDTH="15" VPOS="467" HPOS="741"/>
							<String ID="string_56" HPOS="756" VPOS="464" WIDTH="131" HEIGHT="28" WC="0.91" CONTENT="gästgifvare"/><SP WIDTH="16" VPOS="464" HPOS="887"/>
							<String ID="string_57" HPOS="903" VPOS="464" WIDTH="51" HEIGHT="21" WC="0.96" CONTENT="eller"/>
						</TextLine>
						<TextLine ID="line_9" HPOS="199" VPOS="498" WIDTH="756" HEIGHT="28">
							<String ID="string_58" HPOS="199" VPOS="499" WIDTH="126" HEIGHT="27" WC="0.93" CONTENT="skjutskarl,"/><SP WIDTH="20" VPOS="499" HPOS="325"/>
							<String ID="string_59" HPOS="345" VPOS="500" WIDTH="52" HEIGHT="21" WC="0.96" CONTENT="eller"/><SP WIDTH="15" VPOS="500" HPOS="397"/>
							<String ID="string_60" HPOS="412" VPOS="499" WIDTH="23" HEIGHT="22" WC="0.93" CONTENT="af"/><SP WIDTH="13" VPOS="499" HPOS="435"/>
							<String ID="string_61" HPOS="448" VPOS="501" WIDTH="63" HEIGHT="20" WC="0.92" CONTENT="desse"/><SP WIDTH="17" VPOS="501" HPOS="511"/>
							<String ID="string_62" HPOS="528" VPOS="502" WIDTH="57" HEIGHT="19" WC="0.96" CONTENT="emot"/><SP WIDTH="15" VPOS="502" HPOS="585"/>
							<String ID="string_63" HPOS="600" VPOS="500" WIDTH="98" HEIGHT="25" WC="0.96" CONTENT="resande,"/><SP WIDTH="17" VPOS="500" HPOS="698"/>
							<String ID="string_64" HPOS="715" VPOS="499" WIDTH="52" HEIGHT="22" WC="0.96" CONTENT="eller"/><SP WIDTH="16" VPOS="499" HPOS="767"/>
							<String ID="string_65" HPOS="783" VPOS="499" WIDTH="50" HEIGHT="22" WC="0.93" CONTENT="sker"/><SP WIDTH="16" VPOS="499" HPOS="833"/>
							<String ID="string_66" HPOS="849" VPOS="498" WIDTH="106" HEIGHT="22" WC="0.91" CONTENT="smädelse"/>
						</TextLine>
						<TextLine ID="line_10" HPOS="198" VPOS="533" WIDTH="756" HEIGHT="28">
							<String ID="string_67" HPOS="198" VPOS="534" WIDTH="53" HEIGHT="21" WC="0.93" CONTENT="eller"/><SP WIDTH="24" VPOS="534" HPOS="251"/>
							<String ID="string_68" HPOS="275" VPOS="533" WIDTH="163" HEIGHT="28" WC="0.93" CONTENT="förolämpning,"/><SP WIDTH="22" VPOS="533" HPOS="438"/>
							<String ID="string_69" HPOS="460" VPOS="535" WIDTH="76" HEIGHT="21" WC="0.92" CONTENT="stånde"/><SP WIDTH="17" VPOS="535" HPOS="536"/>
							<String ID="string_70" HPOS="553" VPOS="535" WIDTH="40" HEIGHT="20" WC="0.93" CONTENT="den"/><SP WIDTH="16" VPOS="535" HPOS="593"/>
							<String ID="string_71" HPOS="609" VPOS="534" WIDTH="115" HEIGHT="27" WC="0.91" CONTENT="brottslige"/><SP WIDTH="16" VPOS="534" HPOS="724"/>
							<String ID="string_72" HPOS="740" VPOS="541" WIDTH="77" HEIGHT="14" WC="0.96" CONTENT="ansvar"/><SP WIDTH="15" VPOS="541" HPOS="817"/>
							<String ID="string_73" HPOS="832" VPOS="534" WIDTH="66" HEIGHT="26" WC="0.96" CONTENT="enligt"/><SP WIDTH="14" VPOS="534" HPOS="898"/>
							<String ID="string_74" HPOS="912" VPOS="533" WIDTH="42" HEIGHT="26" WC="0.96" CONTENT="lag."/>
						</TextLine>
					</TextBlock>
					<TextBlock ID="block_5" HPOS="198" VPOS="568" WIDTH="756" HEIGHT="62">
						<TextLine ID="line_11" HPOS="267" VPOS="568" WIDTH="687" HEIGHT="28">
							<String ID="string_75" HPOS="267" VPOS="569" WIDTH="52" HEIGHT="25" WC="0.96" CONTENT="Den,"/><SP WIDTH="18" VPOS="569" HPOS="319"/>
							<String ID="string_76" HPOS="337" VPOS="575" WIDTH="46" HEIGHT="15" WC="0.96" CONTENT="som"/><SP WIDTH="16" VPOS="575" HPOS="383"/>
							<String ID="string_77" HPOS="399" VPOS="569" WIDTH="89" HEIGHT="21" WC="0.93" CONTENT="innehar"/><SP WIDTH="15" VPOS="569" HPOS="488"/>
							<String ID="string_78" HPOS="503" VPOS="569" WIDTH="149" HEIGHT="27" WC="0.91" CONTENT="skjutsningen"/><SP WIDTH="17" VPOS="569" HPOS="652"/>
							<String ID="string_79" HPOS="669" VPOS="569" WIDTH="29" HEIGHT="26" WC="0.96" CONTENT="på"/><SP WIDTH="16" VPOS="569" HPOS="698"/>
							<String ID="string_80" HPOS="714" VPOS="568" WIDTH="147" HEIGHT="27" WC="0.96" CONTENT="entreprenad,"/><SP WIDTH="21" VPOS="568" HPOS="861"/>
							<String ID="string_81" HPOS="882" VPOS="574" WIDTH="49" HEIGHT="15" WC="0.96" CONTENT="vare"/><SP WIDTH="17" VPOS="574" HPOS="931"/>
							<String ID="string_82" HPOS="948" VPOS="568" WIDTH="6" HEIGHT="20" WC="0.96" CONTENT="i"/>
						</TextLine>
						<TextLine ID="line_12" HPOS="198" VPOS="602" WIDTH="640" HEIGHT="28">
							<String ID="string_83" HPOS="198" VPOS="603" WIDTH="39" HEIGHT="21" WC="0.96" CONTENT="här"/><SP WIDTH="16" VPOS="603" HPOS="237"/>
							<String ID="string_84" HPOS="253" VPOS="603" WIDTH="129" HEIGHT="21" WC="0.96" CONTENT="omnämnda"/><SP WIDTH="14" VPOS="603" HPOS="382"/>
							<String ID="string_85" HPOS="396" VPOS="603" WIDTH="38" HEIGHT="21" WC="0.96" CONTENT="fall"/><SP WIDTH="16" VPOS="603" HPOS="434"/>
							<String ID="string_86" HPOS="450" VPOS="605" WIDTH="32" HEIGHT="20" WC="0.96" CONTENT="att"/><SP WIDTH="16" VPOS="605" HPOS="482"/>
							<String ID="string_87" HPOS="498" VPOS="610" WIDTH="63" HEIGHT="14" WC="0.96" CONTENT="anses"/><SP WIDTH="16" VPOS="610" HPOS="561"/>
							<String ID="string_88" HPOS="577" VPOS="604" WIDTH="44" HEIGHT="20" WC="0.96" CONTENT="lika"/><SP WIDTH="15" VPOS="604" HPOS="621"/>
							<String ID="string_89" HPOS="636" VPOS="603" WIDTH="49" HEIGHT="21" WC="0.92" CONTENT="med"/><SP WIDTH="17" VPOS="603" HPOS="685"/>
							<String ID="string_90" HPOS="702" VPOS="602" WIDTH="136" HEIGHT="28" WC="0.89" CONTENT="gästgifvare."/>
						</TextLine>
					</TextBlock>
				</ComposedBlock>
				<ComposedBlock ID="cblock_3" HPOS="196" VPOS="666" WIDTH="757" HEIGHT="171">
					<TextBlock ID="block_6" HPOS="541" VPOS="666" WIDTH="60" HEIGHT="26">
						<TextLine ID="line_13" HPOS="541" VPOS="666" WIDTH="60" HEIGHT="26">
							<String ID="string_91" HPOS="541" VPOS="666" WIDTH="11" HEIGHT="26" WC="0.60" CONTENT="&amp;"/><SP WIDTH="17" VPOS="666" HPOS="552"/>
							<String ID="string_92" HPOS="569" VPOS="668" WIDTH="32" HEIGHT="20" WC="0.96" CONTENT="25."/>
						</TextLine>
					</TextBlock>
					<TextBlock ID="block_7" HPOS="196" VPOS="706" WIDTH="757" HEIGHT="131">
						<TextLine ID="line_14" HPOS="266" VPOS="706" WIDTH="687" HEIGHT="27">
							<String ID="string_93" HPOS="266" VPOS="706" WIDTH="39" HEIGHT="21" WC="0.91" CONTENT="Om"/><SP WIDTH="24" VPOS="706" HPOS="305"/>
							<String ID="string_94" HPOS="329" VPOS="706" WIDTH="138" HEIGHT="27" WC="0.91" CONTENT="gästgifvare,"/><SP WIDTH="21" VPOS="706" HPOS="467"/>
							<String ID="string_95" HPOS="488" VPOS="708" WIDTH="145" HEIGHT="25" WC="0.92" CONTENT="entreprenör,"/><SP WIDTH="17" VPOS="708" HPOS="633"/>
							<String ID="string_96" HPOS="650" VPOS="708" WIDTH="64" HEIGHT="20" WC="0.93" CONTENT="deras"/><SP WIDTH="15" VPOS="708" HPOS="714"/>
							<String ID="string_97" HPOS="729" VPOS="707" WIDTH="91" HEIGHT="26" WC="0.92" CONTENT="tjenste-"/><SP WIDTH="16" VPOS="707" HPOS="820"/>
							<String ID="string_98" HPOS="836" VPOS="706" WIDTH="51" HEIGHT="21" WC="0.92" CONTENT="eller"/><SP WIDTH="15" VPOS="706" HPOS="887"/>
							<String ID="string_99" HPOS="902" VPOS="706" WIDTH="51" HEIGHT="20" WC="0.91" CONTENT="hus-"/>
						</TextLine>
						<TextLine ID="line_15" HPOS="197" VPOS="740" WIDTH="756" HEIGHT="28">
							<String ID="string_100" HPOS="197" VPOS="740" WIDTH="45" HEIGHT="21" WC="0.92" CONTENT="folk"/><SP WIDTH="25" VPOS="740" HPOS="242"/>
							<String ID="string_101" HPOS="267" VPOS="741" WIDTH="12" HEIGHT="20" WC="0.88" CONTENT="&amp;"/><SP WIDTH="24" VPOS="741" HPOS="279"/>
							<String ID="string_102" HPOS="303" VPOS="741" WIDTH="124" HEIGHT="27" WC="0.87" CONTENT="gästgifveri"/><SP WIDTH="24" VPOS="741" HPOS="427"/>
							<String ID="string_103" HPOS="451" VPOS="741" WIDTH="51" HEIGHT="22" WC="0.95" CONTENT="eller"/><SP WIDTH="17" VPOS="741" HPOS="502"/>
							<String ID="string_104" HPOS="519" VPOS="741" WIDTH="67" HEIGHT="22" WC="0.93" CONTENT="under"/><SP WIDTH="16" VPOS="741" HPOS="586"/>
							<String ID="string_105" HPOS="602" VPOS="741" WIDTH="122" HEIGHT="27" WC="0.92" CONTENT="skjutsning"/><SP WIDTH="16" VPOS="741" HPOS="724"/>
							<String ID="string_106" HPOS="740" VPOS="741" WIDTH="93" HEIGHT="26" WC="0.91" CONTENT="bedraga"/><SP WIDTH="16" VPOS="741" HPOS="833"/>
							<String ID="string_107" HPOS="849" VPOS="740" WIDTH="52" HEIGHT="21" WC="0.92" CONTENT="eiler"/><SP WIDTH="14" VPOS="740" HPOS="901"/>
							<String ID="string_108" HPOS="915" VPOS="740" WIDTH="38" HEIGHT="21" WC="0.92" CONTENT="be-"/>
						</TextLine>
						<TextLine ID="line_16" HPOS="196" VPOS="775" WIDTH="756" HEIGHT="27">
							<String ID="string_109" HPOS="196" VPOS="775" WIDTH="65" HEIGHT="27" WC="0.91" CONTENT="stjäla"/><SP WIDTH="16" VPOS="775" HPOS="261"/>
							<String ID="string_110" HPOS="277" VPOS="776" WIDTH="97" HEIGHT="25" WC="0.92" CONTENT="resande,"/><SP WIDTH="18" VPOS="776" HPOS="374"/>
							<String ID="string_111" HPOS="392" VPOS="776" WIDTH="51" HEIGHT="21" WC="0.96" CONTENT="eller"/><SP WIDTH="16" VPOS="776" HPOS="443"/>
							<String ID="string_112" HPOS="459" VPOS="782" WIDTH="34" HEIGHT="15" WC="0.93" CONTENT="om"/><SP WIDTH="15" VPOS="782" HPOS="493"/>
							<String ID="string_113" HPOS="508" VPOS="775" WIDTH="91" HEIGHT="22" WC="0.92" CONTENT="resande"/><SP WIDTH="16" VPOS="775" HPOS="599"/>
							<String ID="string_114" HPOS="615" VPOS="777" WIDTH="58" HEIGHT="20" WC="0.96" CONTENT="emot"/><SP WIDTH="17" VPOS="777" HPOS="673"/>
							<String ID="string_115" HPOS="690" VPOS="775" WIDTH="47" HEIGHT="22" WC="0.92" CONTENT="dem"/><SP WIDTH="15" VPOS="775" HPOS="737"/>
							<String ID="string_116" HPOS="752" VPOS="775" WIDTH="66" HEIGHT="27" WC="0.89" CONTENT="begär"/><SP WIDTH="9" VPOS="775" HPOS="818"/>
							<String ID="string_117" HPOS="827" VPOS="775" WIDTH="51" HEIGHT="21" WC="0.89" CONTENT="slikt"/><SP WIDTH="10" VPOS="775" HPOS="878"/>
							<String ID="string_118" HPOS="888" VPOS="775" WIDTH="64" HEIGHT="25" WC="0.96" CONTENT="brott,"/>
						</TextLine>
						<TextLine ID="line_17" HPOS="196" VPOS="810" WIDTH="695" HEIGHT="27">
							<String ID="string_119" HPOS="196" VPOS="810" WIDTH="62" HEIGHT="21" WC="0.91" CONTENT="bötes"/><SP WIDTH="17" VPOS="810" HPOS="258"/>
							<String ID="string_120" HPOS="275" VPOS="810" WIDTH="89" HEIGHT="21" WC="0.89" CONTENT="dubbelt"/><SP WIDTH="16" VPOS="810" HPOS="364"/>
							<String ID="string_121" HPOS="380" VPOS="812" WIDTH="58" HEIGHT="19" WC="0.93" CONTENT="emot"/><SP WIDTH="15" VPOS="812" HPOS="438"/>
							<String ID="string_122" HPOS="453" VPOS="810" WIDTH="56" HEIGHT="21" WC="0.93" CONTENT="hvad"/><SP WIDTH="16" VPOS="810" HPOS="509"/>
							<String ID="string_123" HPOS="525" VPOS="811" WIDTH="35" HEIGHT="26" WC="0.96" CONTENT="lag"/><SP WIDTH="15" VPOS="811" HPOS="560"/>
							<String ID="string_124" HPOS="575" VPOS="810" WIDTH="32" HEIGHT="21" WC="0.96" CONTENT="för"/><SP WIDTH="14" VPOS="810" HPOS="607"/>
							<String ID="string_125" HPOS="621" VPOS="811" WIDTH="83" HEIGHT="20" WC="0.93" CONTENT="brottet"/><SP WIDTH="16" VPOS="811" HPOS="704"/>
							<String ID="string_126" HPOS="720" VPOS="810" WIDTH="62" HEIGHT="26" WC="0.93" CONTENT="eljest"/><SP WIDTH="16" VPOS="810" HPOS="782"/>
							<String ID="string_127" HPOS="798" VPOS="810" WIDTH="93" HEIGHT="26" WC="0.96" CONTENT="stadgar."/>
						</TextLine>
					</TextBlock>
				</ComposedBlock>
				<ComposedBlock ID="cblock_4" HPOS="191" VPOS="873" WIDTH="762" HEIGHT="412">
					<TextBlock ID="block_8" HPOS="541" VPOS="873" WIDTH="60" HEIGHT="27">
						<TextLine ID="line_18" HPOS="541" VPOS="873" WIDTH="60" HEIGHT="27">
							<String ID="string_128" HPOS="541" VPOS="873" WIDTH="11" HEIGHT="27" WC="0.88" CONTENT="8"/><SP WIDTH="16" VPOS="873" HPOS="552"/>
							<String ID="string_129" HPOS="568" VPOS="875" WIDTH="33" HEIGHT="19" WC="0.92" CONTENT="26."/>
						</TextLine>
					</TextBlock>
					<TextBlock ID="block_9" HPOS="193" VPOS="913" WIDTH="760" HEIGHT="129">
						<TextLine ID="line_19" HPOS="264" VPOS="913" WIDTH="689" HEIGHT="27">
							<String ID="string_130" HPOS="264" VPOS="913" WIDTH="83" HEIGHT="21" WC="0.90" CONTENT="Varder"/><SP WIDTH="23" VPOS="913" HPOS="347"/>
							<String ID="string_131" HPOS="370" VPOS="914" WIDTH="91" HEIGHT="21" WC="0.92" CONTENT="resande"/><SP WIDTH="24" VPOS="914" HPOS="461"/>
							<String ID="string_132" HPOS="485" VPOS="916" WIDTH="52" HEIGHT="19" WC="0.96" CONTENT="utan"/><SP WIDTH="23" VPOS="916" HPOS="537"/>
							<String ID="string_133" HPOS="560" VPOS="914" WIDTH="46" HEIGHT="21" WC="0.95" CONTENT="skäl"/><SP WIDTH="17" VPOS="914" HPOS="606"/>
							<String ID="string_134" HPOS="623" VPOS="914" WIDTH="22" HEIGHT="21" WC="0.93" CONTENT="af"/><SP WIDTH="14" VPOS="914" HPOS="645"/>
							<String ID="string_135" HPOS="659" VPOS="913" WIDTH="137" HEIGHT="27" WC="0.93" CONTENT="gästgifvare,"/><SP WIDTH="17" VPOS="913" HPOS="796"/>
							<String ID="string_136" HPOS="813" VPOS="914" WIDTH="140" HEIGHT="25" WC="0.91" CONTENT="entreprenör"/>
						</TextLine>
						<TextLine ID="line_20" HPOS="197" VPOS="947" WIDTH="756" HEIGHT="28">
							<String ID="string_137" HPOS="197" VPOS="948" WIDTH="52" HEIGHT="21" WC="0.91" CONTENT="eller"/><SP WIDTH="24" VPOS="948" HPOS="249"/>
							<String ID="string_138" HPOS="273" VPOS="948" WIDTH="119" HEIGHT="27" WC="0.78" CONTENT="skjutskarl"/><SP WIDTH="23" VPOS="948" HPOS="392"/>
							<String ID="string_139" HPOS="415" VPOS="948" WIDTH="90" HEIGHT="22" WC="0.96" CONTENT="hindrad"/><SP WIDTH="17" VPOS="948" HPOS="505"/>
							<String ID="string_140" HPOS="522" VPOS="950" WIDTH="33" HEIGHT="20" WC="0.96" CONTENT="att"/><SP WIDTH="14" VPOS="950" HPOS="555"/>
							<String ID="string_141" HPOS="569" VPOS="948" WIDTH="102" HEIGHT="22" WC="0.93" CONTENT="fortsätta"/><SP WIDTH="16" VPOS="948" HPOS="671"/>
							<String ID="string_142" HPOS="687" VPOS="954" WIDTH="69" HEIGHT="20" WC="0.93" CONTENT="resan,"/><SP WIDTH="17" VPOS="954" HPOS="756"/>
							<String ID="string_143" HPOS="773" VPOS="948" WIDTH="50" HEIGHT="21" WC="0.92" CONTENT="böte"/><SP WIDTH="17" VPOS="948" HPOS="823"/>
							<String ID="string_144" HPOS="840" VPOS="948" WIDTH="41" HEIGHT="20" WC="0.93" CONTENT="den"/><SP WIDTH="15" VPOS="948" HPOS="881"/>
							<String ID="string_145" HPOS="896" VPOS="947" WIDTH="57" HEIGHT="27" WC="0.93" CONTENT="skyl-"/>
						</TextLine>
						<TextLine ID="line_21" HPOS="195" VPOS="982" WIDTH="756" HEIGHT="28">
							<String ID="string_146" HPOS="195" VPOS="982" WIDTH="49" HEIGHT="26" WC="0.91" CONTENT="dige"/><SP WIDTH="25" VPOS="982" HPOS="244"/>
							<String ID="string_147" HPOS="269" VPOS="982" WIDTH="55" HEIGHT="21" WC="0.89" CONTENT="ända"/><SP WIDTH="23" VPOS="982" HPOS="324"/>
							<String ID="string_148" HPOS="347" VPOS="982" WIDTH="32" HEIGHT="21" WC="0.82" CONTENT="till"/><SP WIDTH="19" VPOS="982" HPOS="379"/>
							<String ID="string_149" HPOS="398" VPOS="982" WIDTH="76" HEIGHT="28" WC="0.91" CONTENT="fyratio"/><SP WIDTH="17" VPOS="982" HPOS="474"/>
							<String ID="string_150" HPOS="491" VPOS="982" WIDTH="60" HEIGHT="22" WC="0.96" CONTENT="mark"/><SP WIDTH="16" VPOS="982" HPOS="551"/>
							<String ID="string_151" HPOS="567" VPOS="983" WIDTH="40" HEIGHT="21" WC="0.93" CONTENT="och"/><SP WIDTH="16" VPOS="983" HPOS="607"/>
							<String ID="string_152" HPOS="623" VPOS="984" WIDTH="83" HEIGHT="20" WC="0.92" CONTENT="ersätte"/><SP WIDTH="15" VPOS="984" HPOS="706"/>
							<String ID="string_153" HPOS="721" VPOS="982" WIDTH="91" HEIGHT="22" WC="0.92" CONTENT="resande"/><SP WIDTH="16" VPOS="982" HPOS="812"/>
							<String ID="string_154" HPOS="828" VPOS="982" WIDTH="123" HEIGHT="26" WC="0.90" CONTENT="derigenom"/>
						</TextLine>
						<TextLine ID="line_22" HPOS="193" VPOS="1016" WIDTH="194" HEIGHT="26">
							<String ID="string_155" HPOS="193" VPOS="1016" WIDTH="96" HEIGHT="26" WC="0.91" CONTENT="ädragen"/><SP WIDTH="15" VPOS="1016" HPOS="289"/>
							<String ID="string_156" HPOS="304" VPOS="1016" WIDTH="83" HEIGHT="21" WC="0.91" CONTENT="förlust."/>
						</TextLine>
					</TextBlock>
					<TextBlock ID="block_10" HPOS="191" VPOS="1050" WIDTH="762" HEIGHT="235">
						<TextLine ID="line_23" HPOS="263" VPOS="1050" WIDTH="690" HEIGHT="28">
							<String ID="string_157" HPOS="263" VPOS="1050" WIDTH="108" HEIGHT="26" WC="0.91" CONTENT="Resande,"/><SP WIDTH="25" VPOS="1050" HPOS="371"/>
							<String ID="string_158" HPOS="396" VPOS="1057" WIDTH="45" HEIGHT="15" WC="0.96" CONTENT="som"/><SP WIDTH="23" VPOS="1057" HPOS="441"/>
							<String ID="string_159" HPOS="464" VPOS="1052" WIDTH="28" HEIGHT="26" WC="0.96" CONTENT="pä"/><SP WIDTH="23" VPOS="1052" HPOS="492"/>
							<String ID="string_160" HPOS="515" VPOS="1051" WIDTH="22" HEIGHT="21" WC="0.96" CONTENT="af"/><SP WIDTH="21" VPOS="1051" HPOS="537"/>
							<String ID="string_161" HPOS="558" VPOS="1052" WIDTH="78" HEIGHT="21" WC="0.96" CONTENT="honom"/><SP WIDTH="23" VPOS="1052" HPOS="636"/>
							<String ID="string_162" HPOS="659" VPOS="1051" WIDTH="101" HEIGHT="22" WC="0.94" CONTENT="bestämd"/><SP WIDTH="22" VPOS="1051" HPOS="760"/>
							<String ID="string_163" HPOS="782" VPOS="1051" WIDTH="31" HEIGHT="21" WC="0.93" CONTENT="tid"/><SP WIDTH="19" VPOS="1051" HPOS="813"/>
							<String ID="string_164" HPOS="832" VPOS="1050" WIDTH="121" HEIGHT="27" WC="0.92" CONTENT="skjutshäst"/>
						</TextLine>
						<TextLine ID="line_24" HPOS="194" VPOS="1084" WIDTH="758" HEIGHT="29">
							<String ID="string_165" HPOS="194" VPOS="1085" WIDTH="93" HEIGHT="26" WC="0.91" CONTENT="erhällit,"/><SP WIDTH="17" VPOS="1085" HPOS="287"/>
							<String ID="string_166" HPOS="304" VPOS="1092" WIDTH="49" HEIGHT="15" WC="0.91" CONTENT="men"/><SP WIDTH="23" VPOS="1092" HPOS="353"/>
							<String ID="string_167" HPOS="376" VPOS="1092" WIDTH="64" HEIGHT="15" WC="0.91" CONTENT="resan"/><SP WIDTH="22" VPOS="1092" HPOS="440"/>
							<String ID="string_168" HPOS="462" VPOS="1086" WIDTH="112" HEIGHT="27" WC="0.93" CONTENT="fördröjer,"/><SP WIDTH="25" VPOS="1086" HPOS="574"/>
							<String ID="string_169" HPOS="599" VPOS="1086" WIDTH="54" HEIGHT="22" WC="0.96" CONTENT="skall"/><SP WIDTH="23" VPOS="1086" HPOS="653"/>
							<String ID="string_170" HPOS="676" VPOS="1086" WIDTH="34" HEIGHT="21" WC="0.96" CONTENT="till"/><SP WIDTH="22" VPOS="1086" HPOS="710"/>
							<String ID="string_171" HPOS="732" VPOS="1086" WIDTH="41" HEIGHT="21" WC="0.93" CONTENT="den"/><SP WIDTH="23" VPOS="1086" HPOS="773"/>
							<String ID="string_172" HPOS="796" VPOS="1085" WIDTH="126" HEIGHT="27" WC="0.92" CONTENT="skjutsande"/><SP WIDTH="23" VPOS="1085" HPOS="922"/>
							<String ID="string_173" HPOS="945" VPOS="1084" WIDTH="7" HEIGHT="21" WC="0.96" CONTENT="i"/>
						</TextLine>
						<TextLine ID="line_25" HPOS="193" VPOS="1119" WIDTH="753" HEIGHT="28">
							<String ID="string_174" HPOS="193" VPOS="1120" WIDTH="121" HEIGHT="27" WC="0.96" CONTENT="ersättning"/><SP WIDTH="22" VPOS="1120" HPOS="314"/>
							<String ID="string_175" HPOS="336" VPOS="1119" WIDTH="34" HEIGHT="22" WC="0.93" CONTENT="för"/><SP WIDTH="23" VPOS="1119" HPOS="370"/>
							<String ID="string_176" HPOS="393" VPOS="1120" WIDTH="124" HEIGHT="27" WC="0.90" CONTENT="dröjsmälet"/><SP WIDTH="23" VPOS="1120" HPOS="517"/>
							<String ID="string_177" HPOS="540" VPOS="1120" WIDTH="82" HEIGHT="27" WC="0.91" CONTENT="utgifva"/><SP WIDTH="21" VPOS="1120" HPOS="622"/>
							<String ID="string_178" HPOS="643" VPOS="1121" WIDTH="34" HEIGHT="21" WC="0.93" CONTENT="för"/><SP WIDTH="23" VPOS="1121" HPOS="677"/>
							<String ID="string_179" HPOS="700" VPOS="1120" WIDTH="52" HEIGHT="21" WC="0.92" CONTENT="hvar"/><SP WIDTH="21" VPOS="1120" HPOS="752"/>
							<String ID="string_180" HPOS="773" VPOS="1120" WIDTH="35" HEIGHT="21" WC="0.96" CONTENT="hel"/><SP WIDTH="24" VPOS="1120" HPOS="808"/>
							<String ID="string_181" HPOS="832" VPOS="1120" WIDTH="71" HEIGHT="21" WC="0.96" CONTENT="timme"/><SP WIDTH="17" VPOS="1120" HPOS="903"/>
							<String ID="string_182" HPOS="920" VPOS="1125" WIDTH="26" HEIGHT="15" WC="0.96" CONTENT="en"/>
						</TextLine>
						<TextLine ID="line_26" HPOS="192" VPOS="1154" WIDTH="757" HEIGHT="28">
							<String ID="string_183" HPOS="192" VPOS="1154" WIDTH="60" HEIGHT="21" WC="0.96" CONTENT="mark"/><SP WIDTH="17" VPOS="1154" HPOS="252"/>
							<String ID="string_184" HPOS="269" VPOS="1154" WIDTH="33" HEIGHT="21" WC="0.93" CONTENT="för"/><SP WIDTH="18" VPOS="1154" HPOS="302"/>
							<String ID="string_185" HPOS="320" VPOS="1154" WIDTH="74" HEIGHT="27" WC="0.92" CONTENT="hvarje"/><SP WIDTH="15" VPOS="1154" HPOS="394"/>
							<String ID="string_186" HPOS="409" VPOS="1154" WIDTH="50" HEIGHT="21" WC="0.92" CONTENT="häst"/><SP WIDTH="15" VPOS="1154" HPOS="459"/>
							<String ID="string_187" HPOS="474" VPOS="1155" WIDTH="39" HEIGHT="21" WC="0.93" CONTENT="och"/><SP WIDTH="17" VPOS="1155" HPOS="513"/>
							<String ID="string_188" HPOS="530" VPOS="1161" WIDTH="50" HEIGHT="15" WC="0.92" CONTENT="vare"/><SP WIDTH="19" VPOS="1161" HPOS="580"/>
							<String ID="string_189" HPOS="599" VPOS="1155" WIDTH="119" HEIGHT="27" WC="0.92" CONTENT="skjutskarl"/><SP WIDTH="16" VPOS="1155" HPOS="718"/>
							<String ID="string_190" HPOS="734" VPOS="1154" WIDTH="54" HEIGHT="21" WC="0.93" CONTENT="efter"/><SP WIDTH="15" VPOS="1154" HPOS="788"/>
							<String ID="string_191" HPOS="803" VPOS="1154" WIDTH="36" HEIGHT="21" WC="0.91" CONTENT="tvä"/><SP WIDTH="15" VPOS="1154" HPOS="839"/>
							<String ID="string_192" HPOS="854" VPOS="1154" WIDTH="95" HEIGHT="20" WC="0.93" CONTENT="timmars"/>
						</TextLine>
						<TextLine ID="line_27" HPOS="191" VPOS="1187" WIDTH="759" HEIGHT="29">
							<String ID="string_193" HPOS="191" VPOS="1191" WIDTH="80" HEIGHT="19" WC="0.92" CONTENT="väntan"/><SP WIDTH="16" VPOS="1191" HPOS="271"/>
							<String ID="string_194" HPOS="287" VPOS="1189" WIDTH="124" HEIGHT="26" WC="0.92" CONTENT="berättigad"/><SP WIDTH="16" VPOS="1189" HPOS="411"/>
							<String ID="string_195" HPOS="427" VPOS="1191" WIDTH="32" HEIGHT="19" WC="0.96" CONTENT="att"/><SP WIDTH="15" VPOS="1191" HPOS="459"/>
							<String ID="string_196" HPOS="474" VPOS="1189" WIDTH="49" HEIGHT="22" WC="0.93" CONTENT="med"/><SP WIDTH="16" VPOS="1189" HPOS="523"/>
							<String ID="string_197" HPOS="539" VPOS="1190" WIDTH="90" HEIGHT="26" WC="0.91" CONTENT="dragare"/><SP WIDTH="16" VPOS="1190" HPOS="629"/>
							<String ID="string_198" HPOS="645" VPOS="1189" WIDTH="41" HEIGHT="22" WC="0.93" CONTENT="och"/><SP WIDTH="15" VPOS="1189" HPOS="686"/>
							<String ID="string_199" HPOS="701" VPOS="1189" WIDTH="76" HEIGHT="21" WC="0.91" CONTENT="fordon"/><SP WIDTH="16" VPOS="1189" HPOS="777"/>
							<String ID="string_200" HPOS="793" VPOS="1188" WIDTH="55" HEIGHT="27" WC="0.91" CONTENT="afgä."/><SP WIDTH="25" VPOS="1188" HPOS="848"/>
							<String ID="string_201" HPOS="873" VPOS="1187" WIDTH="77" HEIGHT="22" WC="0.91" CONTENT="Inträf-"/>
						</TextLine>
						<TextLine ID="line_28" HPOS="191" VPOS="1223" WIDTH="756" HEIGHT="28">
							<String ID="string_202" HPOS="191" VPOS="1223" WIDTH="32" HEIGHT="21" WC="0.92" CONTENT="far"/><SP WIDTH="23" VPOS="1223" HPOS="223"/>
							<String ID="string_203" HPOS="246" VPOS="1223" WIDTH="127" HEIGHT="27" WC="0.93" CONTENT="dröjsmålet"/><SP WIDTH="23" VPOS="1223" HPOS="373"/>
							<String ID="string_204" HPOS="396" VPOS="1224" WIDTH="13" HEIGHT="21" WC="0.92" CONTENT="å"/><SP WIDTH="15" VPOS="1224" HPOS="409"/>
							<String ID="string_205" HPOS="424" VPOS="1223" WIDTH="131" HEIGHT="28" WC="0.90" CONTENT="gästgifveri,"/><SP WIDTH="17" VPOS="1223" HPOS="555"/>
							<String ID="string_206" HPOS="572" VPOS="1224" WIDTH="35" HEIGHT="21" WC="0.93" CONTENT="mä"/><SP WIDTH="16" VPOS="1224" HPOS="607"/>
							<String ID="string_207" HPOS="623" VPOS="1224" WIDTH="91" HEIGHT="21" WC="0.93" CONTENT="sålunda"/><SP WIDTH="15" VPOS="1224" HPOS="714"/>
							<String ID="string_208" HPOS="729" VPOS="1223" WIDTH="128" HEIGHT="27" WC="0.92" CONTENT="uppehällne"/><SP WIDTH="16" VPOS="1223" HPOS="857"/>
							<String ID="string_209" HPOS="873" VPOS="1223" WIDTH="74" HEIGHT="21" WC="0.96" CONTENT="hästar"/>
						</TextLine>
						<TextLine ID="line_29" HPOS="191" VPOS="1257" WIDTH="538" HEIGHT="28">
							<String ID="string_210" HPOS="191" VPOS="1257" WIDTH="55" HEIGHT="22" WC="0.95" CONTENT="efter"/><SP WIDTH="16" VPOS="1257" HPOS="246"/>
							<String ID="string_211" HPOS="262" VPOS="1264" WIDTH="27" HEIGHT="15" WC="0.96" CONTENT="en"/><SP WIDTH="15" VPOS="1264" HPOS="289"/>
							<String ID="string_212" HPOS="304" VPOS="1258" WIDTH="73" HEIGHT="22" WC="0.96" CONTENT="timme"/><SP WIDTH="16" VPOS="1258" HPOS="377"/>
							<String ID="string_213" HPOS="393" VPOS="1259" WIDTH="23" HEIGHT="20" WC="0.96" CONTENT="ät"/><SP WIDTH="16" VPOS="1259" HPOS="416"/>
							<String ID="string_214" HPOS="432" VPOS="1265" WIDTH="68" HEIGHT="15" WC="0.93" CONTENT="annan"/><SP WIDTH="16" VPOS="1265" HPOS="500"/>
							<String ID="string_215" HPOS="516" VPOS="1259" WIDTH="92" HEIGHT="22" WC="0.92" CONTENT="resande"/><SP WIDTH="13" VPOS="1259" HPOS="608"/>
							<String ID="string_216" HPOS="621" VPOS="1259" WIDTH="108" HEIGHT="26" WC="0.93" CONTENT="upplätas."/>
						</TextLine>
					</TextBlock>
				</ComposedBlock>
				<ComposedBlock ID="cblock_5" HPOS="187" VPOS="1321" WIDTH="761" HEIGHT="171">
					<TextBlock ID="block_11" HPOS="536" VPOS="1321" WIDTH="60" HEIGHT="27">
						<TextLine ID="line_30" HPOS="536" VPOS="1321" WIDTH="60" HEIGHT="27">
							<String ID="string_217" HPOS="536" VPOS="1321" WIDTH="11" HEIGHT="27" WC="0.81" CONTENT="8"/><SP WIDTH="16" VPOS="1321" HPOS="547"/>
							<String ID="string_218" HPOS="563" VPOS="1323" WIDTH="33" HEIGHT="20" WC="0.94" CONTENT="27."/>
						</TextLine>
					</TextBlock>
					<TextBlock ID="block_12" HPOS="187" VPOS="1360" WIDTH="761" HEIGHT="132">
						<TextLine ID="line_31" HPOS="260" VPOS="1360" WIDTH="686" HEIGHT="29">
							<String ID="string_219" HPOS="260" VPOS="1361" WIDTH="138" HEIGHT="27" WC="0.91" CONTENT="Gästgifvare"/><SP WIDTH="17" VPOS="1361" HPOS="398"/>
							<String ID="string_220" HPOS="415" VPOS="1368" WIDTH="50" HEIGHT="20" WC="0.93" CONTENT="eger"/><SP WIDTH="15" VPOS="1368" HPOS="465"/>
							<String ID="string_221" HPOS="480" VPOS="1362" WIDTH="64" HEIGHT="26" WC="0.92" CONTENT="tillse,"/><SP WIDTH="16" VPOS="1362" HPOS="544"/>
							<String ID="string_222" HPOS="560" VPOS="1364" WIDTH="33" HEIGHT="19" WC="0.93" CONTENT="att"/><SP WIDTH="14" VPOS="1364" HPOS="593"/>
							<String ID="string_223" HPOS="607" VPOS="1362" WIDTH="71" HEIGHT="27" WC="0.92" CONTENT="nägon"/><SP WIDTH="16" VPOS="1362" HPOS="678"/>
							<String ID="string_224" HPOS="694" VPOS="1362" WIDTH="7" HEIGHT="20" WC="0.93" CONTENT="i"/><SP WIDTH="15" VPOS="1362" HPOS="701"/>
							<String ID="string_225" HPOS="716" VPOS="1361" WIDTH="90" HEIGHT="21" WC="0.93" CONTENT="drucket"/><SP WIDTH="15" VPOS="1361" HPOS="806"/>
							<String ID="string_226" HPOS="821" VPOS="1360" WIDTH="97" HEIGHT="22" WC="0.91" CONTENT="tillständ"/><SP WIDTH="9" VPOS="1360" HPOS="918"/>
							<String ID="string_227" HPOS="927" VPOS="1360" WIDTH="19" HEIGHT="26" WC="0.87" CONTENT="ej"/>
						</TextLine>
						<TextLine ID="line_32" HPOS="189" VPOS="1395" WIDTH="759" HEIGHT="28">
							<String ID="string_228" HPOS="189" VPOS="1395" WIDTH="80" HEIGHT="22" WC="0.92" CONTENT="sändes"/><SP WIDTH="24" VPOS="1395" HPOS="269"/>
							<String ID="string_229" HPOS="293" VPOS="1398" WIDTH="33" HEIGHT="19" WC="0.93" CONTENT="att"/><SP WIDTH="16" VPOS="1398" HPOS="326"/>
							<String ID="string_230" HPOS="342" VPOS="1396" WIDTH="96" HEIGHT="27" WC="0.92" CONTENT="skjutsa;"/><SP WIDTH="17" VPOS="1396" HPOS="438"/>
							<String ID="string_231" HPOS="455" VPOS="1397" WIDTH="49" HEIGHT="20" WC="0.93" CONTENT="sker"/><SP WIDTH="16" VPOS="1397" HPOS="504"/>
							<String ID="string_232" HPOS="520" VPOS="1397" WIDTH="138" HEIGHT="26" WC="0.93" CONTENT="annorlunda,"/><SP WIDTH="17" VPOS="1397" HPOS="658"/>
							<String ID="string_233" HPOS="675" VPOS="1396" WIDTH="68" HEIGHT="27" WC="0.92" CONTENT="plikte"/><SP WIDTH="16" VPOS="1396" HPOS="743"/>
							<String ID="string_234" HPOS="759" VPOS="1395" WIDTH="144" HEIGHT="28" WC="0.93" CONTENT="gästgifvaren"/><SP WIDTH="15" VPOS="1395" HPOS="903"/>
							<String ID="string_235" HPOS="918" VPOS="1395" WIDTH="30" HEIGHT="26" WC="0.93" CONTENT="fy-"/>
						</TextLine>
						<TextLine ID="line_33" HPOS="188" VPOS="1430" WIDTH="759" HEIGHT="28">
							<String ID="string_236" HPOS="188" VPOS="1431" WIDTH="54" HEIGHT="20" WC="0.95" CONTENT="ratio"/><SP WIDTH="25" VPOS="1431" HPOS="242"/>
							<String ID="string_237" HPOS="267" VPOS="1431" WIDTH="61" HEIGHT="20" WC="0.96" CONTENT="mark"/><SP WIDTH="24" VPOS="1431" HPOS="328"/>
							<String ID="string_238" HPOS="352" VPOS="1431" WIDTH="40" HEIGHT="21" WC="0.93" CONTENT="och"/><SP WIDTH="23" VPOS="1431" HPOS="392"/>
							<String ID="string_239" HPOS="415" VPOS="1433" WIDTH="81" HEIGHT="19" WC="0.93" CONTENT="ersätte"/><SP WIDTH="23" VPOS="1433" HPOS="496"/>
							<String ID="string_240" HPOS="519" VPOS="1431" WIDTH="28" HEIGHT="21" WC="0.96" CONTENT="all"/><SP WIDTH="16" VPOS="1431" HPOS="547"/>
							<String ID="string_241" HPOS="563" VPOS="1431" WIDTH="74" HEIGHT="27" WC="0.96" CONTENT="skada,"/><SP WIDTH="17" VPOS="1431" HPOS="637"/>
							<String ID="string_242" HPOS="654" VPOS="1437" WIDTH="47" HEIGHT="16" WC="0.93" CONTENT="som"/><SP WIDTH="16" VPOS="1437" HPOS="701"/>
							<String ID="string_243" HPOS="717" VPOS="1431" WIDTH="90" HEIGHT="21" WC="0.92" CONTENT="resande"/><SP WIDTH="17" VPOS="1431" HPOS="807"/>
							<String ID="string_244" HPOS="824" VPOS="1430" WIDTH="123" HEIGHT="26" WC="0.92" CONTENT="derigenom"/>
						</TextLine>
						<TextLine ID="line_34" HPOS="187" VPOS="1464" WIDTH="278" HEIGHT="28">
							<String ID="string_245" HPOS="187" VPOS="1464" WIDTH="42" HEIGHT="21" WC="0.92" CONTENT="kan"/><SP WIDTH="15" VPOS="1464" HPOS="229"/>
							<String ID="string_246" HPOS="244" VPOS="1465" WIDTH="69" HEIGHT="21" WC="0.91" CONTENT="varda"/><SP WIDTH="16" VPOS="1465" HPOS="313"/>
							<String ID="string_247" HPOS="329" VPOS="1465" WIDTH="136" HEIGHT="27" WC="0.92" CONTENT="tillskyndad."/>
						</TextLine>
					</TextBlock>
				</ComposedBlock>
			</PrintSpace>
		</Page>
	</Layout>
</alto>
