1023 1664
218 124 14 21 4
420 123 23 24 U.
459 123 20 22 B.
496 135 31 6 —
542 123 62 28 Prop.
621 123 37 23 N:o
673 122 38 24 28.

191 181 36 21 mk
251 182 27 20 70
300 188 27 20 p.,
345 182 7 20 i
366 176 47 27 Äbo
429 182 39 21 och
483 181 144 28 Björneborgs
642 182 35 21 län
694 182 25 21 12
735 181 42 27 mk,
792 181 8 21 i
814 181 32 21 S:t
861 179 88 23 Michels

191 216 36 21 län
248 216 13 21 3
281 216 35 20 mk
335 216 26 22 33
376 223 27 20 p.,
419 216 7 21 i
441 216 83 28 Kuopio
540 216 35 22 län
593 217 25 21 12
634 216 36 22 mk
685 217 27 20 42
727 223 28 21 p.,
770 216 7 21 i
792 215 64 22 Wasa
870 214 36 22 län
921 215 25 20 21

191 250 36 21 mk
243 251 27 21 57
286 256 19 21 p.
322 252 55 20 samt
392 250 6 21 i
413 250 118 28 Uleäborgs
545 250 36 22 län
597 251 27 21 23
639 251 36 21 mk
691 251 26 21 29
733 257 20 21 p.

262 285 115 27 Angäende
403 285 79 22 antalet
504 285 52 27 bref,
579 286 99 26 paketter
694 291 25 15 m.
736 292 27 14 m.
779 291 45 15 som
840 282 108 24 befordras

192 319 49 22 med
263 319 159 27 häradsposten,
445 320 76 21 saknas
545 320 41 21 alla
609 319 112 28 uppgifter.
759 319 77 22 Genom
859 317 87 28 Kejserl.

191 353 148 27 Kungörelsen
361 354 40 21 den
424 354 12 21 6
459 354 58 22 Mars
540 355 62 26 1848,
625 354 110 27 angäende
750 352 198 28 häradspostinrätt-

192 388 89 27 ningens
303 388 128 27 utvidgande
445 388 39 22 och
499 388 96 28 förening
611 389 48 21 med
675 388 41 22 den
731 388 105 22 allmänna
851 387 98 27 postgän-

192 428 47 22 gen,
263 422 128 22 utsträcktes
414 423 33 21 väl
469 423 129 27 rättigheten
618 425 33 20 att
665 422 96 28 begagna
776 422 126 27 häradspost
916 420 32 22 till

192 456 49 22 hela
257 457 40 22 den
312 458 13 21 å
339 457 73 22 landet
427 457 84 22 bosatta
526 458 211 27 korresponderande
753 457 141 22 allmänheten
904 457 45 20 mot

192 491 113 22 bestämda
327 491 89 28 afgifter,
439 492 70 22 hvilka
531 492 68 22 skulle
621 492 84 22 tillfalla
728 491 44 23 dels
794 491 95 22 länsmän
910 490 39 21 och

193 526 150 28 kronofogdar,
359 526 25 22 de
401 526 36 22 der
452 527 48 21 med
515 526 206 22 frambefordrandet
737 526 22 22 af
771 525 49 23 bref
832 525 52 27 egde
900 526 50 25 taga

193 560 125 28 befattning,
339 560 44 22 dels
399 561 195 27 häradspostförare
610 562 39 21 och
664 561 126 28 gästgifvare
805 560 32 22 för
852 559 48 22 med
913 559 37 22 hä-

193 596 100 26 radspost
313 594 74 23 afsänd
401 595 107 23 lösväskas
523 596 143 22 framförande
681 596 40 21 och
736 594 131 23 förvarande.
888 594 62 21 Eme-

194 630 41 21 dan
252 630 54 21 dock
322 630 41 21 den
377 630 50 22 kurs
443 630 51 22 eller
509 630 26 22 de
550 632 71 26 vägar,
636 630 156 27 häradsposten
805 629 39 22 bör
854 629 96 27 begagna

193 664 34 21 för
241 666 33 20 att
289 664 93 28 uppfylla
397 664 32 22 sin
444 665 147 27 ursprungliga
605 664 154 25 bestämmelse,
770 664 46 22 icke
826 664 20 22 få
856 662 94 27 undergå

193 699 72 26 någon
274 698 123 28 förändring
407 698 32 22 till
449 698 140 23 befordrande
600 699 22 22 af
631 700 41 21 den
684 698 94 22 enskilda
788 697 161 27 brefvexlingen,

194 734 25 20 är
241 733 36 21 det
297 734 32 20 att
343 733 102 27 förmoda,
461 735 31 20 att
508 733 39 22 den
562 733 83 28 privata
660 732 196 28 korrespondensen
870 730 80 23 förblif-

194 767 30 21 vit
239 774 27 14 en
281 767 66 22 bisak.
378 768 94 27 Längsta
487 768 106 22 afståndet
608 768 78 22 mellan
701 769 107 20 närmaste
822 765 128 29 postanstalt

195 802 40 21 och
251 802 27 21 de
293 802 137 27 tjenstemäns
445 802 96 27 hemvist,
553 808 45 16 som
609 802 106 28 begagnat
725 802 32 27 sig
767 801 22 23 af
797 801 152 27 häradsposten

194 836 39 22 har
255 836 81 27 utgjort
357 836 8 21 i
387 836 93 28 Nylands
496 836 34 22 län
546 838 34 25 37,
603 836 7 22 i
633 836 131 22 Tavastehus
778 836 34 21 län
833 836 33 26 63,
882 835 6 21 i
903 828 47 28 Åbo

195 870 38 22 och
248 870 143 28 Björneborgs
406 871 35 22 län
457 872 33 26 52,
506 872 7 20 i
527 871 100 27 Wiborgs
642 871 36 21 län
693 871 49 26 200,
758 870 7 22 i
775 870 32 22 S:t
817 869 88 22 Michels
915 869 35 21 län

195 906 27 20 62
231 905 34 27 1/0,
289 905 6 21 i
318 906 84 27 Kuopio
426 906 35 21 län
484 907 47 26 102,
547 906 7 21 i
569 906 64 21 Wasa
648 906 35 21 län
701 906 40 20 110
757 904 39 22 och
810 904 8 22 i
832 903 119 27 Uleåborgs

193 939 36 22 län
249 940 43 21 200
307 942 62 20 verst.
401 940 42 22 Det
456 942 106 20 närmaste
578 940 107 22 afständet
700 939 33 22 till
747 938 128 28 postanstalt
889 940 63 24 utgör

194 974 7 21 i
216 973 53 22 flera
283 974 23 21 af
318 974 62 22 länen
397 974 74 22 endast
485 975 66 27 några
566 974 83 22 hundra
660 974 65 22 alnar.
747 972 131 28 Exempelvis
888 971 64 22 hafva

194 1007 120 28 postförare
338 1009 62 26 måst]
415 1009 101 21 anställas
537 1009 8 21 i
567 1008 95 28 Nylands
684 1008 36 21 län
737 1007 33 21 för
784 1006 145 27 kronofogden
945 1005 7 21 i

194 1042 121 26 Raseborgs
331 1045 70 19 vestra
416 1043 66 21 bärad
498 1043 39 21 och
552 1042 207 22 kronolänsmannen
774 1042 7 20 i
796 1041 52 27 Pojo
859 1040 90 26 distrikt,

193 1076 74 22 hvilka
282 1077 104 22 hvardera
401 1079 37 19 äro
452 1077 85 21 bosatta
551 1077 8 21 i
573 1077 85 21 Ekenäs
673 1076 54 26 stad,
743 1076 31 21 för
790 1077 31 20 att
836 1075 62 21 fram-
912 1074 40 22 och

194 1111 147 22 återbefordra
363 1111 217 22 kronolänsmännens
602 1111 111 21 lösväskor
736 1110 89 22 emellan
840 1108 112 28 kronofog-

195 1145 52 22 dens
269 1146 78 22 bostad
371 1146 38 22 och
429 1146 206 27 jernvägsstationen
658 1145 57 21 invid
734 1145 84 21 Ekenäs
834 1144 48 22 stad
898 1145 54 19 samt

194 1180 219 22 kronolänsmannens
436 1181 7 20 i
465 1181 51 26 Pojo
541 1180 85 22 distrikt
641 1179 139 28 kungörelser
794 1179 33 21 till
842 1178 42 21 ooh
898 1177 54 22 ifrån

194 1221 82 14 samma
301 1215 86 24 station,
410 1215 130 27 emedanfde
555 1215 102 26 bantäget
671 1213 116 28 åtföljande
802 1212 151 28 postiljonerne

194 1248 47 22 icke
264 1248 21 22 få
308 1248 92 28 aflägsna
423 1249 31 27 sig
469 1251 55 20 samt
539 1248 146 27 kronofogden
701 1248 39 21 och
755 1247 138 22 lähsmannen
909 1246 44 22 ofta

194 1282 24 22 af
230 1283 139 27 tjensteresor
383 1285 38 20 äro
436 1283 135 22 förhindrade
586 1285 32 19 att
633 1283 36 21 vid
683 1282 113 27 bantägets
810 1281 98 22 ankomst
922 1281 31 21 in-

194 1317 59 22 finna
274 1317 33 28 sig
328 1317 43 27 vid:
385 1317 106 22 stationen
507 1317 33 22 för
555 1317 160 28 emottagandet
730 1316 23 22 af
766 1316 26 22 de
806 1315 32 22 till
855 1315 47 22 dem
918 1315 35 22 ad-

194 1352 112 21 resserade
321 1351 131 22 embetsbref
465 1352 39 21 och
519 1351 114 22 lösväskor.

265 1387 47 20 Den
327 1393 29 14 nu
366 1385 144 28 föreliggande
521 1386 76 27 nädiga
608 1385 160 28 propositionen
778 1386 24 20 är
813 1386 31 20 att
854 1383 100 22 betrakta

195 1426 45 15 som
257 1422 31 20 ett
304 1420 183 27 tillmötesgäende
502 1420 23 21 af
538 1420 40 21 den
593 1420 62 27 äsigt,
666 1419 119 22 Ständerna
796 1417 110 23 uttalade
891 1413 11 40 i
917 1417 37 22 sitt

195 1455 92 28 svarspä
302 1455 26 21 H.
345 1455 25 21 K.
387 1455 50 22 M:ts
452 1455 32 21 till
500 1455 54 21 1877
570 1455 35 21 års
620 1454 103 27 landtdag
733 1453 78 22 aflätna
820 1451 133 30 proposition
968 1468 2 4 .

264 1494 193 19 Ekonomiutskottets
469 1495 116 17 betänkande
597 1494 36 18 N:o
646 1494 17 18 7.
