1020 1664
384 104 33 21 N:o
433 104 35 22 25.
744 105 26 20 63

50 172 65 27 aflagt
130 173 112 26 tjensteed,
259 173 65 20 sådan
341 173 25 20 ed
382 173 55 20 inför
453 172 151 27 Länestyrelse
615 172 89 26 aflägga.
732 173 67 20 Läne-

50 208 91 26 styrelse
157 207 82 26 åligger
259 207 162 21 tillhandahålla
441 207 78 21 honom
536 208 18 25 ej
571 207 81 20 mindre
669 207 130 21 förtecknin-

50 248 37 20 gar
111 242 58 20 öfver
193 242 43 20 alla
258 242 56 20 inom
334 242 58 20 länet
411 241 85 21 tillåtna
516 242 227 20 bränvinsbrännerier
760 242 39 20 och

50 276 197 21 destillationsverk
267 276 108 21 äfvensom
396 277 91 20 rörande
507 276 26 20 de
552 282 101 20 personer
674 276 38 21 och
728 276 70 26 bolag,

50 310 73 22 hvilka
145 310 86 21 undfått
253 310 103 26 rättighet
380 312 32 18 att
433 310 51 21 idka
505 310 126 26 försäljning
651 310 22 21 af
687 310 111 21 bränvin
787 306 14 35 i

50 346 74 25 minut,
141 347 26 19 än
183 345 39 21 ock
239 345 82 26 uppgift
341 345 27 26 på
388 345 26 20 de
430 345 34 20 vid
481 345 153 21 brännerierna
650 345 37 20 och
704 345 95 20 destilla-

50 380 136 20 tionsverken
209 379 97 21 anstälde
326 379 144 21 kontrollörer
491 380 38 20 och
550 380 62 20 deras
628 380 99 20 adresser
743 380 56 20 samt

50 414 27 26 på
93 414 54 26 dem,
164 420 45 14 som
225 414 123 20 förordnats
364 416 32 18 att
407 414 256 26 bränvinsförsäljningen
678 414 120 20 öfvervaka.

51 448 44 20 Och
111 448 82 26 åligger
213 448 36 20 det
268 448 180 20 öfverkontrollör
472 450 32 18 att
523 448 92 20 derefter
635 448 32 20 till
683 448 115 20 Finansex-

50 482 124 27 peditionen
191 483 6 19 i
215 482 97 26 Senaten,
328 482 33 20 till
378 482 150 26 Länestyrelse
544 484 55 19 samt
614 483 32 20 till
664 482 135 21 innehafvare

51 516 22 21 af
87 517 125 20 brännerier
231 517 39 20 och
291 517 199 26 destilleringsverk
510 518 56 19 inom
582 517 110 21 distriktet
708 517 37 20 och
762 516 37 21 der

51 551 97 21 anstälde
171 552 143 20 kontrollörer
338 551 100 21 befordra
462 552 160 20 underrättelse
645 558 32 14 om
698 552 40 20 den
759 552 39 24 ort,

52 586 31 20 dit
100 586 47 20 bref
162 586 32 20 till
210 586 77 20 honom
304 586 61 20 skola
381 586 131 21 adresseras.

393 649 11 27 8
423 650 31 19 13.

126 690 16 19 1.
176 689 43 20 Det
242 689 128 20 tillkommer
394 689 181 21 öfverkontrollör
598 691 31 19 att
652 688 147 26 omsorgsfullt

51 723 64 25 tillse,
132 725 31 18 att
182 724 254 20 bränvinsbrännerierna
460 724 38 20 och
520 724 224 26 destilleringsverken
761 725 36 18 äro

52 758 207 26 författningsenligt
281 758 107 20 inrättade
411 760 55 18 samt
490 760 32 19 att
543 759 25 20 de
588 758 34 21 vid
639 759 46 19 dem
701 758 98 20 anstälde

52 792 144 21 kontrollörer
220 792 92 26 fullgöra
334 793 47 20 sina
400 792 157 26 skyldigheter;
578 793 6 20 i
603 793 80 20 hvilket
698 792 101 21 afseende

53 827 179 20 öfverkontrollör
249 827 53 20 skall
319 833 25 14 en
360 827 55 26 gäng
435 828 5 19 i
460 827 107 21 mänaden
583 828 80 20 besöka
678 827 72 26 hvarje
766 826 33 21 till

53 861 110 21 distriktet
178 861 102 26 hörande,
296 862 6 19 i
318 861 56 26 gäng
389 862 93 20 varande
500 862 200 20 bränvinsbränneri
713 862 38 20 och
763 862 36 19 de-

52 896 170 26 stilleringsverk
239 897 55 19 samt
306 896 78 26 jemväl
401 896 75 25 oftare,
493 898 39 18 när
548 896 106 20 särskilda
669 895 130 27 omständig-

52 930 60 21 heter
129 930 76 20 sädant
221 930 91 26 päkalla.
344 930 44 21 Och
404 930 38 21 bör
459 930 181 22 öfverkontrollör
659 931 33 20 vid
710 930 67 21 besök
793 930 6 20 i

51 965 154 20 brännerierna
228 965 61 20 alltid
312 965 111 20 öfvervara
446 966 118 25 mätnings-
587 966 39 20 och
645 965 155 27 profningsför-

52 999 148 25 rättningarna
216 1001 56 19 samt
288 1000 122 20 undersöka
425 1000 130 26 riktigheten
572 1000 22 20 af
609 1000 122 26 begagnade
747 999 52 21 mäl-

52 1034 47 20 kärl
122 1034 38 20 och
183 1034 158 25 instrumenter,
366 1034 33 20 för
418 1034 83 20 hvilket
520 1034 97 21 ändamål
638 1034 163 21 normalinstru-

51 1070 83 18 menter
153 1074 77 20 genom
251 1068 121 26 Styrelsens
391 1068 85 26 försorg
494 1068 205 21 öfverkontrollören
715 1068 85 21 tillhan-

52 1102 103 20 dahällas.
186 1102 41 21 Vid
251 1103 63 20 dessa
336 1103 68 20 besök
423 1103 55 21 skall
500 1104 40 20 han
558 1103 78 27 jemväl
652 1103 92 26 granska
760 1102 40 21 den

51 1136 35 21 vid
103 1136 123 21 bränneriet
242 1137 61 21 förda
314 1138 235 26 tillverkningsjourna!
561 1138 38 20 och
611 1138 72 20 dervid
694 1138 107 26 noggrant

52 1171 83 21 öfverse
150 1171 26 21 de
192 1171 23 21 af
224 1171 171 22 kontrollörerne
406 1172 125 21 verkstälda
542 1173 139 25 uträkningar
692 1173 35 20 vid
738 1173 62 20 brän-

51 1205 70 21 vinets
137 1207 131 25 omsättning
284 1207 32 20 till
332 1207 159 26 normalstyrka
508 1207 44 26 och,
569 1213 34 14 om
618 1207 28 21 fel
662 1207 72 21 dervid
745 1207 57 20 före-

51 1239 90 24 komma,
164 1240 109 21 desamma
295 1241 7 20 i
322 1241 158 21 kontrollörens
500 1243 91 19 närvaro
611 1243 61 22 rätta,
692 1241 109 21 äfvensom

51 1275 105 25 genomgä
171 1274 254 27 nederlagsjournalerna
444 1276 41 20 och
502 1276 36 21 det
554 1275 108 27 befintliga
678 1276 123 25 nederlaget

52 1308 22 21 af
88 1309 96 20 bränvin.
214 1309 43 20 För
273 1309 65 26 öfrigt
353 1309 82 27 äligger
450 1310 182 21 öfverkontrollör
648 1311 37 20 hos
696 1310 105 25 Länesty-

52 1343 56 21 relse
124 1343 84 21 anmäla
224 1344 17 26 ej
259 1344 82 21 mindre
352 1350 34 15 om
398 1344 207 27 undertillverkning
617 1345 33 20 vid
661 1345 65 26 nägot
737 1344 64 20 brän-

52 1378 45 19 neri
113 1380 35 23 egt
163 1384 54 19 rum,
241 1380 26 18 än
287 1378 39 21 ock
345 1378 37 21 der
398 1379 227 21 bränvinstillverkare
641 1379 112 21 uraktlätit
769 1380 32 18 att

51 1411 56 21 inom
124 1411 35 21 två
174 1412 24 20 är
215 1414 74 24 uttaga
304 1412 12 21 å
332 1413 101 26 nederlag
448 1413 70 20 insatt
533 1414 94 20 bränvin.
