1025 1667
240 128 14 20 8
548 128 35 22 N:o
599 128 31 22 21.

212 197 12 20 3
240 196 23 21 få
278 196 220 28 bevillningsafgiften
518 198 106 21 återstäld
643 198 34 21 för
697 204 25 15 en
742 197 35 21 del
792 197 23 21 af
829 197 40 21 den
885 198 78 26 mängd

212 231 58 25 malt,
292 238 45 14 som
357 232 34 21 för
410 232 166 27 tillverkningen
595 232 113 24 användts,
723 232 131 21 tillkommer
869 232 37 20 det
921 232 44 21 Gu-

210 268 80 19 vernör
310 268 32 19 att
362 267 66 21 sådan
448 267 124 21 restitution
590 267 84 27 bevilja,
691 267 72 21 derest
778 266 125 21 tillverkare
918 266 47 21 icke

211 300 93 22 allenast
318 302 95 23 utreder,
435 304 32 19 att
485 302 121 27 maltdryck
622 302 71 21 blifvit
709 301 128 27 exporterad
853 301 53 21 eller
921 301 43 21 för-

212 335 76 21 skämd
310 336 28 27 pä
361 338 44 19 sätt
427 336 91 21 nämnde
537 336 11 28 $
569 336 134 26 förutsätter,
724 338 51 19 utan
789 336 77 27 jemväl
883 336 82 20 lemnar

210 370 126 27 tillförlitlig
353 371 114 27 utredning
481 378 34 14 om
531 371 37 21 det
582 371 78 27 belopp
676 371 59 26 malt,
747 377 46 15 som
804 370 71 21 dertill
887 370 76 26 åtgått.

283 404 124 22 Guvernörs
431 406 71 21 beslut
522 406 7 20 i
553 406 78 21 sådant
649 405 218 22 restitutionsärende
887 404 54 21 skall
958 405 6 20 i

210 439 73 27 vanlig
298 440 92 26 ordning
406 440 144 21 underställas
566 440 105 21 Senatens
687 440 276 26 Ekonomiedepartement.

555 498 11 27 8
582 499 35 20 21.

284 532 98 22 Särskild
402 533 91 27 räkning
511 533 59 21 öfver
590 533 26 21 de
636 533 85 27 belopp,
742 538 45 15 som
803 538 76 20 genom
895 532 69 20 denna

210 567 118 27 bevillning
344 566 81 22 influtit
440 568 52 21 eller
507 568 72 20 derför
594 568 107 26 utgifvits,
718 567 54 21 skall
789 567 12 21 å
812 566 151 27 Länestyrelse

211 601 65 21 föras.

556 631 11 27 8
583 632 33 20 22.

282 665 32 21 De
332 666 6 20 i
358 665 24 28 88
404 667 24 20 13
448 666 38 21 och
509 666 24 20 14
552 665 114 21 faststälda
684 664 64 22 straff
761 664 72 21 kunna
849 664 75 21 endast
940 663 23 21 af

211 700 50 26 laga
277 700 93 21 domstol
388 700 93 21 ädömas.

283 730 75 32 Öfriga
380 735 127 21 hithörande
530 735 99 26 ärenden,
653 741 34 15 om
707 734 73 21 hvilka
795 733 46 21 icke
857 733 6 21 i
879 732 83 27 föregä-

210 768 54 22 ende
286 769 26 27 88
334 771 25 19 är
381 769 133 21 annorlunda
534 769 107 27 stadgadt,
661 768 88 27 afgöras
765 768 22 21 af
801 767 161 21 vederbörande

210 802 119 27 Guvernör,
353 804 64 20 hvars
439 804 71 26 utslag
533 804 75 20 länder
626 804 33 20 till
679 802 145 22 efterrättelse
840 802 55 20 intill
912 802 49 20 dess

210 838 92 26 ändring
317 838 46 21 deri
379 839 86 21 vunnits
479 844 76 20 genom
571 838 82 25 besvär,
670 844 46 15 som
732 838 71 20 kunna
814 837 6 20 i
832 836 70 26 vanlig
913 836 48 20 ord-

210 872 51 27 ning
277 872 87 22 anföras
380 873 39 21 hos
436 873 102 21 Senatens
554 873 275 26 Ekonomiedepartement.

281 906 31 22 På
334 908 93 20 nämnda
449 908 153 26 Departement
620 908 125 20 ankommer
764 906 102 26 derjemte
882 906 32 20 att
929 907 33 18 ut-

210 941 62 21 färda
295 942 26 20 de
344 944 99 19 närmare
461 942 140 26 föreskrifter,
621 948 45 15 som
682 942 7 20 i
706 940 101 22 afseende
822 940 13 20 å
849 940 112 20 bevillnin-

210 982 52 20 gens
286 976 99 27 uppbörd
408 977 38 21 och
470 977 119 25 debitering
608 977 52 21 eller
680 976 7 21 i
704 976 65 26 öfrigt
784 976 47 20 visa
846 975 33 25 sig
894 974 67 20 erfor-

210 1010 88 27 derliga.

555 1040 11 27 $
583 1040 31 21 23.

282 1074 77 21 Denna
380 1074 125 27 förordning
528 1074 72 21 träder
623 1074 6 20 i
649 1074 50 26 laga
714 1072 59 22 kraft
787 1072 40 21 den
846 1073 9 19 1
871 1071 90 21 Januari

211 1109 54 21 1883
282 1109 38 21 och
336 1109 68 26 gäller
419 1109 33 21 till
468 1109 38 21 och
521 1108 48 22 med
584 1108 24 21 år
625 1109 39 20 188

483 1161 73 26 Enligt
574 1160 60 21 Hans
654 1159 121 27 Kejserliga
795 1158 112 27 Majestäts
924 1158 37 20 nå-

415 1201 50 26 diga
489 1200 123 27 befallning,
635 1200 73 27 gifven
727 1199 6 21 i
753 1198 118 22 Gatschina
886 1198 40 21 den
944 1190 18 37 E

415 1234 97 22 Oktober
529 1236 59 20 1881.

474 1309 35 17 T.
522 1308 179 19 BRUUN.

641 1372 34 22 Ch.
693 1371 40 21 Em.
749 1370 22 22 af
787 1370 115 22 Frosterus.

238 1409 142 32 ii
448 1409 65 32 mä
539 1409 27 32 i
611 1427 27 9 N
667 1409 51 32 a
763 1409 57 32 nn

321 1447 123 23 Helsingfors,
457 1448 11 17 &
480 1447 104 23 Kejserliga
596 1447 91 18 Senatens
699 1446 88 23 tryckeri,
801 1445 48 17 1881.
