1031 1667
248 119 25 20 10
552 119 34 21 N:o
602 119 36 21 25.

218 187 105 21 anställas
339 188 12 20 å
367 190 48 19 sön-
435 188 52 21 eller
506 188 97 26 helgdag,
627 188 75 21 medan
719 188 103 20 sabbaten
839 188 81 26 påstår,
938 188 35 20 vid

218 221 51 25 bot,"
285 228 45 14 som
353 223 6 19 i
379 224 12 19 3
413 222 48 27 kap.
478 222 28 21 M.
522 222 23 21 B.
563 223 98 25 stadgas;
678 222 54 21 dock
748 224 24 18 är
786 222 164 26 jästberedning
966 223 6 19 i

220 256 60 20 detta
295 256 78 21 förbud
389 257 47 20 icke
451 257 132 26 inbegripen.

290 292 18 19 2.
341 291 72 21 Under
429 292 58 20 tiden
508 292 46 20 från
573 292 39 20 den
631 293 26 19 15
673 292 41 24 maj
731 292 33 20 till
782 292 39 20 den
842 293 23 19 15
882 292 90 20 oktober

218 325 35 21 må
276 325 64 21 likväl
366 326 241 26 bränvinstillverkning
630 327 5 19 i
661 326 153 26 sammanhang
833 327 47 20 med
901 332 70 20 press-

215 360 165 26 jästberedning
397 361 21 20 af
438 360 103 21 Senatens
562 361 268 26 Ekonomiedepartement
846 360 125 26 medgifvas,

217 397 58 18 emot
298 395 75 25 vilkor,
400 402 44 14 som
468 396 45 20 dels
531 396 7 20 i
555 396 68 20 denna
639 396 127 26 förordning
782 396 38 20 och
837 396 5 20 i
860 396 112 25 ordnings-

218 429 90 26 stadgan
333 431 43 22 äro,
400 430 6 20 i
423 430 100 21 afseende
542 431 12 20 å
571 431 247 26 bränvinstillverkning,
834 430 137 26 föreskrifna,

218 463 45 21 dels
281 464 38 21 ock
335 464 23 21 af
372 465 97 20 bemälde
486 465 155 26 Departement
651 465 86 26 pröfvas
749 465 125 26 ytterligare
886 465 84 26 nödiga.

289 500 19 19 3.
341 499 40 21 Sur
397 499 152 26 tillmäskning,
567 499 79 21 beredd
666 500 48 20 med
731 499 52 21 malt
799 499 37 21 och
850 500 51 26 jäst,
920 499 51 21 eller

218 534 127 20 annorledes
362 534 137 27 tjenliggjord
520 534 33 21 för
569 535 138 25 tillverkning
724 534 22 21 af
761 535 96 24 bränvin,
874 535 34 19 må
924 534 46 21 icke

216 567 69 21 finnas
302 568 39 21 hes
357 569 47 25 den,
421 575 44 14 som
482 569 195 26 tillverkningsrätt
689 575 57 20 eger,
763 569 67 20 under
846 575 68 14 annan
932 569 38 25 tid,

217 605 26 18 än
268 603 27 20 dä
320 603 239 26 bränvinstillverkning
578 604 73 26 pägär,
672 603 38 21 och
731 603 32 20 fär
782 603 23 20 af
819 609 68 14 annan
905 603 65 20 allde-

216 637 32 20 les
264 637 47 20 icke
328 637 130 21 innehafvas.

567 690 11 27 8
595 691 19 19 5.

288 729 147 26 Tillverkning
451 730 24 21 af
489 731 88 20 bränvin
594 731 50 20 sker
659 730 69 21 under
744 730 72 26 tillsyn
834 730 23 20 af
866 730 104 20 särskildt

216 767 92 23 antagen
333 765 202 26 kontrollpersonal,
558 765 27 26 pä
609 767 44 18 sätt
673 765 5 20 i
696 767 39 18 art.
752 764 30 21 IV
799 765 38 20 här
853 764 116 21 nedanföre

216 800 99 19 närmare
339 799 138 25 bestämmes;
502 799 37 21 och
563 799 33 21 fär
619 799 74 21 dervid
714 799 109 26 begagnas
839 799 91 26 redskap
948 799 23 20 af

215 833 86 21 hvilken
318 833 146 21 beskaffenhet
479 840 45 14 som
541 834 61 25 helst,
619 834 47 21 med
684 834 26 20 de
726 833 181 24 inskränkningar
918 833 50 20 alle-

214 870 57 23 nast,
288 874 45 15 som
350 868 32 21 för
399 868 132 21 kontrollens
550 869 164 20 handhafvande
734 871 37 18 äro
788 869 52 20 eller
856 868 66 20 varda
938 868 30 20 fö-

215 902 114 21 reskrifna.

567 943 11 26 8
595 945 18 18 6.

289 984 15 19 1
344 982 77 21 Senast
443 983 74 20 trettio
541 983 66 26 dagar
631 983 45 21 före
700 983 48 25 den,
772 983 28 20 dä
823 983 145 20 bränvinstill-

215 1017 105 26 verkning
335 1019 24 19 är
375 1018 75 20 afsedd
470 1020 30 18 att
521 1018 104 26 begynna,
646 1018 55 21 skall
719 1017 73 21 derom
810 1017 38 21 hos
865 1017 103 27 Länesty-

213 1052 58 20 relse
287 1052 122 26 skriftligen
427 1053 101 25 anmälas,
545 1053 47 20 med
609 1052 84 27 uppgift
711 1053 12 19 &
740 1053 72 20 stället
828 1052 34 20 för
873 1051 95 21 tillverk-

213 1086 91 26 ningens
329 1087 144 24 bedrifvande,
500 1087 73 26 dagen,
598 1087 27 20 dä
648 1087 125 20 densamma
797 1086 53 21 skall
874 1086 93 26 vidtaga,

214 1123 57 18 samt
294 1121 39 20 den
358 1121 129 26 myckenhet
510 1122 95 25 bränvin,
628 1121 167 26 tillverkningen
820 1121 96 20 kommer
936 1122 32 19 att

212 1155 97 25 omfatta,
330 1155 86 22 hvilken
439 1156 133 21 sistnämnda
591 1156 54 21 dock
661 1156 17 26 ej
697 1156 34 20 mä
747 1156 126 25 understiga
889 1155 55 20 hvad
961 1155 6 20 i

212 1189 11 27 $
247 1191 12 18 8
284 1192 99 19 närmare
408 1190 134 21 bestämmes.
572 1190 134 21 Tillverkare
728 1189 72 27 bifoge
820 1190 32 20 sin
869 1189 98 20 anmälan

212 1223 173 22 tillståndsbevis
409 1225 38 20 och
471 1225 61 20 ställe
555 1225 38 20 full
614 1225 103 20 säkerhet
735 1224 33 21 för
784 1224 148 26 fullgörandet
947 1223 22 21 af

212 1258 27 21 de
261 1258 49 21 utaf
332 1259 166 27 tillverkningen
518 1259 133 27 härflytande
671 1259 154 27 förpligtelser.
857 1258 29 21 Af
904 1259 63 25 bolag

210 1292 63 27 gjord
297 1294 99 20 anmälan
419 1299 33 15 om
475 1294 138 26 tillverkning
637 1294 54 20 skall
717 1293 87 27 åtföljas
828 1293 22 21 af
874 1292 91 27 uppgift,

211 1327 72 27 styrkt
306 1327 23 21 af
351 1328 88 26 behörig
459 1328 213 27 embetsmyndighet,
694 1328 28 26 på
742 1328 128 25 delegarene
886 1328 6 20 i
910 1327 57 21 bola-

210 1364 43 24 get.
285 1362 80 20 Finner
376 1362 150 27 Länestyrelse
537 1363 75 20 hinder
624 1363 33 20 för
668 1362 170 26 handteringens
850 1361 117 21 utöfvande

209 1396 48 20 icke
282 1398 63 24 möta,
367 1404 50 14 vare
437 1398 101 20 kontrakt
558 1398 72 20 derom
648 1398 48 20 med
712 1397 127 21 tillverkare
855 1396 111 21 afslutadt.

282 1432 19 20 2.
332 1431 66 21 Innan
416 1432 267 26 bränvinstillverkningen
700 1432 34 20 får
750 1432 94 25 vidtaga,
856 1431 40 20 bör
907 1430 61 22 detta
