1025 1661
305 106 25 22 U.
345 106 24 23 B.
385 118 28 4 —
428 106 67 29 Prop.
510 106 38 22 N:o
564 105 35 23 24.
775 109 26 21 23

67 172 97 28 jernväg.
194 172 106 22 Häremot
317 172 41 22 har
373 172 90 28 anförts,
479 174 33 20 att
528 172 27 22 dä
571 172 109 22 afståndet
695 172 47 22 från
758 173 73 23 Vuoli-

67 207 48 28 joki
137 207 123 28 hamnplats
283 207 33 21 till
338 207 111 27 Uleäborg
472 208 25 20 är
519 208 29 20 44
566 208 60 20 verst
645 207 76 28 längre
741 209 27 20 än
785 207 47 22 frän

71 241 81 27 Waala,
169 242 47 28 just
232 242 71 22 denna
318 241 163 27 omständighet
496 241 50 22 med
562 241 103 22 säkerhet
680 242 43 22 kan
737 241 94 23 förutses

71 276 77 22 hindra
164 276 91 22 trafiken
270 276 47 21 från
332 276 117 21 Uleäträsk
465 277 34 20 att
513 276 7 21 i
535 276 119 21 nämnvärd
669 276 59 27 grad;
735 276 98 27 begagna

72 311 34 27 sig
128 311 22 21 af
168 310 170 29 jernvägslinien
358 310 32 21 till
410 310 34 21 sin
459 310 109 27 naturliga
588 309 172 29 afsättningsort,
779 312 53 20 utan

72 345 69 22 skulle
158 345 125 22 densamma
297 344 132 23 fortfarande
445 345 87 28 betjena
548 345 34 27 sig
596 344 23 22 af
633 345 90 27 Uleäelf,
740 345 39 22 och
791 345 41 22 den

72 379 124 28 utveckling
215 379 23 22 af
252 379 27 22 de
294 379 147 28 nordvestliga
455 379 165 22 landsdelarnes
636 379 140 22 ekonomiska
789 379 43 22 för-

73 413 115 23 hällanden
203 413 111 27 uteblifva,
327 419 47 16 som
385 420 27 15 en
421 414 89 22 kortare
518 413 235 28 jernvägsförbindelse
763 413 70 23 skulle

73 447 119 24 framkalla.
222 447 140 23 Beträffande
385 448 189 27 skogsprodukter
592 450 25 20 är
635 449 62 21 detta
717 448 114 28 sjelffallet,

73 489 50 16 men
142 483 62 22 äfven
222 483 34 22 för
272 483 207 28 jerohandteringen
500 483 46 22 från
567 483 27 22 de
613 483 96 27 ovanligt
722 482 111 23 malmrika

74 518 87 27 sjöarna
180 524 50 16 norr
250 518 40 21 och
310 519 60 20 öster
389 523 35 16 om
442 517 119 23 Uleäträsk
581 523 51 16 vore
648 517 67 22 linien
729 517 104 22 Waala—

75 553 108 27 Uleåborg
198 558 155 22 gynsammare.

144 586 41 22 Om
201 587 37 21 det
252 586 29 28 pä
296 587 66 22 dessa
377 586 94 28 grunder
486 587 7 21 i
509 586 85 27 frägans
607 587 134 22 närvarande
751 586 49 28 läge
811 587 24 20 är

74 621 60 22 svärt
150 623 32 20 att
197 622 110 21 bestämdt
322 621 71 22 uttala
408 621 33 27 sig
456 620 33 23 för
505 621 41 22 den
558 627 40 15 ena
610 621 52 22 eller
672 621 69 22 ändra
751 620 82 22 sträck-

76 656 84 27 ningen,
176 662 64 22 synes
256 656 38 22 det
309 656 13 21 å
337 656 68 21 andra
420 656 61 21 sidan
497 656 109 22 utskottet
622 657 32 20 att
669 657 33 21 ett
712 656 78 21 sådant
799 657 34 19 ut-

76 690 86 22 talande
178 691 6 21 i
200 690 155 28 sammanhang
374 690 48 22 med
444 690 42 22 den
506 690 80 28 nädiga
603 690 162 28 propositionen
786 690 49 22 icke

76 725 68 22 heller
159 726 24 20 är
198 725 138 26 nödvändigt,
353 726 52 20 utan
420 724 43 22 kan
478 724 58 22 valet
551 724 81 22 lemnas
646 724 109 22 beroende
765 724 33 21 till
809 729 25 16 en

76 759 33 21 tid
123 758 84 23 framät.
226 759 82 22 Härvid
324 758 67 29 syftar
406 759 110 26 utskottet
530 761 96 20 närmast
641 759 29 27 pä
684 759 42 22 den
736 758 97 28 petition,

76 799 48 16 som
146 793 32 22 till
200 794 186 27 Borgareständet
408 793 114 22 inlemnats
542 793 24 22 af
583 794 205 27 representanterna
803 791 32 23 för

76 828 120 27 Uleåborgs
220 828 50 22 stad
293 834 34 16 om
350 830 84 20 statens
455 828 154 22 mellankomst
624 828 7 21 i
646 834 27 15 en
693 828 53 22 eller
766 832 69 16 annan

77 862 54 22 form
150 862 33 22 för
201 862 193 22 ästadkommande
417 862 24 22 af
461 868 28 16 en
505 862 91 28 jernväg
615 861 220 28 Uleäborg—Waala,

77 896 87 22 hvilken
178 897 92 27 petition
284 896 22 22 af
319 897 189 27 Borgareständet
521 897 133 21 remitterats
669 896 33 22 till
717 896 119 22 utskottets

78 932 165 27 handläggning,
266 933 57 20 samt
346 932 85 22 således
454 938 39 21 ger
514 932 110 21 utskottet
643 931 116 27 anledning
779 932 32 20 att
831 930 6 21 i

79 966 103 22 särskildt
196 966 137 22 betänkande
349 966 135 22 återkomma
499 966 33 22 till
547 966 83 27 frågan.

146 1000 138 23 Beträffande
307 1002 34 20 4:0
365 1001 41 21 den
429 1000 115 28 sydvestra
566 1000 134 27 stambanan,
717 1006 64 22 synes
801 999 38 22 det

79 1036 109 22 utskottet
206 1036 109 27 knappast
329 1036 74 21 kunna
417 1035 54 22 råda
486 1035 71 27 någon
572 1035 80 23 tvekan
668 1035 80 26 derom,
764 1036 33 20 att
812 1040 27 16 en

76 1070 92 28 jernväg
182 1070 50 22 ledd
247 1069 48 22 från
310 1069 114 29 Loimijoki
440 1070 53 22 eller
509 1076 69 15 annan
593 1071 54 22 nära
663 1069 92 27 belägen
770 1068 69 28 punkt

80 1104 13 21 å
107 1104 106 22 bandelen
227 1098 161 33 Äbo—Toijala
402 1104 63 27 längs
481 1104 113 27 Loimijoki
608 1104 41 22 och
664 1104 71 21 Kumo
751 1102 89 22 elfdalar

80 1139 33 21 till
127 1139 134 27 Björneborg
276 1138 40 22 och
332 1138 94 22 derifrån
441 1139 33 21 till
491 1139 152 26 Kristinestad,
660 1143 47 16 som
719 1137 68 28 jemte
803 1137 37 21 det

80 1173 42 22 den
142 1173 68 21 delvis
227 1173 63 27 löper
304 1179 78 21 genom
397 1179 28 16 en
440 1172 23 22 af
477 1173 27 22 de
519 1174 71 20 tätast
604 1171 116 24 befolkade
735 1171 84 22 trakter
833 1171 7 21 i

79 1207 75 22 landet
163 1207 85 22 förenar
258 1207 95 22 nämnda
362 1207 123 28 betydande
495 1207 167 22 handelscentra
672 1206 49 22 med
728 1206 113 27 jernvägs-

80 1243 68 26 nätet,
170 1242 86 21 komme
276 1243 34 20 att
329 1241 66 22 blifva
411 1248 27 15 en
454 1241 23 22 af
492 1242 26 22 de
534 1243 57 20 mest
604 1241 124 28 betydande
743 1239 76 30 länkar
835 1240 6 21 i

82 1277 62 22 detta
158 1278 38 20 nät
212 1275 40 23 och
268 1275 93 23 sålunda
376 1277 7 20 i
398 1276 43 27 hög
457 1277 54 26 grad
527 1279 24 18 är
566 1275 107 29 påkallad.
696 1274 145 23 Fortsättnin-

80 1318 42 21 gen
141 1311 46 22 från
207 1310 148 23 Kristinestad
369 1311 33 21 till
417 1311 73 27 någon
506 1311 70 28 punkt
589 1311 29 27 på
633 1310 66 22 Wasa
714 1310 72 21 banan
801 1309 42 22 blir

82 1352 26 16 en
126 1345 94 27 naturlig
240 1345 195 27 sammanslutning
454 1346 47 21 mot
519 1345 89 22 norden.
638 1345 84 21 Endast
741 1344 41 21 den
798 1348 44 16 om-

81 1380 153 27 ständigheten
249 1381 34 20 att
298 1380 114 27 sydvestra
427 1379 64 22 delen
507 1378 23 23 af
541 1378 76 23 landet
629 1379 66 21 redan
706 1384 29 15 nu
746 1377 47 22 icke
804 1376 40 22 har

81 1413 72 23 alltför
167 1414 61 27 långt
242 1413 33 22 till
288 1414 91 27 jernväg
395 1413 41 22 och
452 1415 35 20 att
501 1414 67 21 andra
577 1413 134 22 vidsträckta
721 1411 123 23 landsdelar

150 1453 194 23 Jevnvägsutskottets
357 1453 118 18 betänkande
488 1453 36 19 N:o
539 1454 13 16 1.
