1025 1664
230 128 27 19 44
435 126 25 23 U.
476 126 24 23 B.
517 139 24 3 —
559 127 66 28 Prop.
641 127 38 22 N:o
696 125 36 24 24.

269 192 168 23 Sammanfattar
456 199 51 16 man
527 193 67 22 dessa
606 193 138 28 jemförande
760 193 149 28 betraktelser,
926 200 37 16 an-

199 233 36 16 ser
249 227 109 22 utskottet
374 227 37 22 det
425 233 54 16 vara
493 227 144 28 ådagalagdt:

269 269 34 20 1:0
318 269 34 20 att
366 267 198 28 bansträckningen
578 267 238 28 Kuopio—Davidstad
831 267 40 22 har
885 269 78 21 karak-

199 304 61 19 teren
278 301 23 22 af
315 308 26 16 en
356 302 115 22 stambana
485 302 8 21 i
507 302 69 27 högre
586 302 54 27 grad
651 304 28 19 än
691 302 154 27 sträckningen
855 302 108 28 Uleåborg

198 337 89 26 Nurmo,
303 336 91 23 emedan
410 337 41 21 den
467 336 58 23 förra
540 337 100 27 betjenar
651 343 26 16 en
688 336 160 23 vidsträcktare
857 337 105 27 landsdel,

199 371 40 22 och
256 371 70 22 denna
341 372 51 21 dess
407 371 102 22 karakter
524 371 127 28 ytterligare
665 371 121 22 förstärkes
802 371 28 22 då
845 371 50 22 dess
910 371 52 22 fort-

199 405 96 28 sättning
318 406 33 21 till
373 406 109 27 Uleåborg
504 406 98 21 kommer
625 406 33 21 till
677 406 72 27 stånd,
765 412 49 16 men
830 406 41 22 den
886 412 77 16 senare

200 440 99 22 deremot
318 441 8 21 i
346 441 60 22 detta
421 440 38 23 fall
474 441 7 21 i
496 441 153 22 motsvarande
664 441 54 27 grad
733 441 92 22 förlorar
840 441 69 22 denna
923 441 38 22 ka-

197 475 86 27 rakter;

270 517 34 20 2:0
321 517 32 20 att
368 515 67 22 ehuru
451 515 303 28 befolkningsförhållandena
764 516 57 21 inom
833 516 26 22 de
870 518 93 25 antagna

199 557 96 15 zonerna
309 551 36 22 vid
361 551 41 21 den
418 557 77 16 senare
509 551 72 21 banan
597 552 38 20 äro
645 551 7 21 i
662 551 72 26 någon
746 551 50 22 mån
807 557 154 22 gynsammare,

199 586 72 21 denna
287 585 161 27 omständighet
463 591 46 16 mer
523 587 29 20 än
567 585 35 22 väl
618 587 113 26 uppväges
747 585 67 27 deraf,
823 587 33 20 att
869 586 40 21 den
919 585 42 22 för-

198 626 35 15 ras
255 619 153 22 trafikområde
427 620 70 21 måste
517 626 64 15 anses
599 619 65 23 blifva
679 620 100 26 bredare,
795 620 28 22 då
838 620 124 22 densamma

198 653 91 23 tillföres
305 654 63 22 trafik
384 655 61 27 längs
462 655 77 27 många
553 655 116 27 navigabla
684 655 139 27 vattendrag;

268 697 34 20 2:0
323 696 33 20 att
374 695 14 21 å
407 695 41 22 den
467 695 58 22 förra
544 695 72 22 banan
639 695 43 22 den
706 694 255 28 genomgåendetrafiken

198 729 70 22 måste
287 729 67 22 blifva
371 729 96 28 lifligare,
489 729 27 22 dä
535 729 85 28 Kuopio
641 730 74 21 såsom
730 729 184 28 uppsamlingsort
928 729 34 22 för

199 764 68 22 sådan
288 764 64 22 trafik
372 765 62 21 torde
449 770 53 16 vara
517 771 26 15 en
559 764 99 22 starkare
675 764 113 27 ändpunkt
803 766 27 19 än
846 764 115 28 Uleåborg,

197 799 41 22 och
255 799 111 22 dessuotm
382 799 189 27 trafikriktningen
585 799 48 22 från
650 799 43 22 den
708 799 58 22 förra
781 801 62 20 orten
854 805 106 16 samman-

199 833 62 22 faller
276 833 50 22 med
338 833 141 28 jernvägens;

266 876 35 19 4:0
322 875 33 20 att
370 874 41 21 den
426 873 129 28 lokaltrafik,
571 880 46 16 som
633 874 81 22 alstras
730 873 93 23 emellan
836 874 124 22 mellansta-

197 908 98 21 tionerna
315 908 102 22 inbördes
440 909 41 21 blir
500 908 90 27 lifligare
609 909 30 27 på
655 909 42 22 den
713 915 84 20 senare,
813 908 125 28 isynnerhet
953 909 7 21 i

197 942 50 22 dess
263 943 66 22 södra
344 943 42 26 del,
402 949 48 16 men
466 945 33 20 att
514 943 41 22 den
567 943 126 22 lokaltrafik
704 949 47 16 som
760 944 37 21 rör
807 943 33 27 sig
850 942 47 22 från
907 943 53 22 mel-

196 977 172 22 lanstationerna
383 978 41 21 och
439 980 93 20 tvertom
548 980 57 20 samt
619 979 34 21 till
668 978 96 28 punkter
776 979 60 20 utom
846 977 113 27 bandelen,

196 1011 42 22 blir
253 1011 91 28 lifligare
358 1012 28 27 på
403 1012 41 22 den
460 1013 63 26 förra,
539 1013 128 28 isynnerhet
682 1013 56 22 hvad
750 1011 103 23 beträffar
869 1012 90 27 godsrö-

195 1046 82 27 relsen;

265 1083 34 20 5.0
316 1083 34 20 att
364 1081 85 22 således
466 1081 69 23 totala
544 1081 93 23 trafiken
647 1081 45 22 blir
702 1081 99 22 starkare
810 1081 29 27 på
851 1081 41 22 den
902 1081 57 22 förra

196 1117 27 20 än
239 1115 29 28 på
283 1115 42 22 den
342 1122 86 21 senare;

265 1158 34 20 6:0
316 1158 33 20 att
364 1163 59 15 mera
439 1157 122 28 betydande
577 1157 130 22 industriela
723 1156 150 27 inrättningar,
888 1157 72 22 hvilka

195 1189 82 22 tillföra
289 1190 119 27 jernvägen
424 1190 70 27 trafik,
509 1191 69 22 finnas
594 1191 36 22 vid
645 1191 43 22 den
703 1190 64 27 förra,
784 1191 41 22 och
839 1192 34 21 att
887 1191 72 22 äfven-

194 1225 61 22 ledes
278 1225 98 22 vilkoren
398 1225 33 22 för
451 1226 145 27 uppkomsten
616 1225 23 22 af
652 1232 43 21 nya
710 1225 83 22 sådana
808 1227 37 20 äro
861 1231 98 22 gynsam-

194 1265 60 16 mare
270 1259 58 22 invid
344 1259 135 26 densamma;
496 1262 57 20 samt

267 1301 34 20 7:0
317 1301 33 20 att
366 1300 68 22 ehuru
450 1301 42 22 den
507 1307 77 16 senare
600 1301 72 22 skulle
688 1306 89 16 snarare
785 1299 100 23 förbinda
894 1299 65 22 Uleå-

193 1335 55 26 borg
268 1334 50 22 med
338 1335 66 21 södra
423 1335 64 22 delen
501 1335 24 22 af
537 1335 76 22 landet
627 1335 42 22 och
686 1335 34 22 S:t
733 1334 140 27 Petersburg,
890 1334 70 22 denna

194 1369 164 27 omständighet
373 1369 57 22 dock
444 1370 49 21 icke
509 1376 74 16 ensam
597 1369 34 23 för
646 1370 35 27 sig
696 1369 43 22 kan
754 1369 104 22 tillmätas
870 1369 41 22 den
921 1368 38 22 be-

193 1403 92 28 tydelse,
302 1405 33 20 att
351 1403 43 22 alla
409 1404 55 27 skäl,
479 1410 46 15 som
541 1405 46 21 tala
597 1404 33 22 för
641 1405 42 22 den
693 1404 66 27 förra,
770 1410 39 15 ens
819 1403 140 22 närmelsevis

193 1437 70 22 skulle
279 1437 60 22 deraf
353 1437 82 23 häfvas.

262 1477 192 23 Jernvägsutskottets
467 1478 117 18 betänkande
596 1479 37 17 N:o
645 1479 17 17 1.
