1031 1664
220 132 26 19 82
422 130 24 22 U.
462 130 23 22 B.
502 143 25 3 —
545 131 65 28 Prop.
627 131 39 22 N:o
682 129 35 24 24.

189 196 32 21 till
244 195 76 28 stånd,
336 198 37 20 äro
393 197 84 27 byggda
494 198 28 26 på
538 197 145 27 beräkningar
699 196 42 23 och
755 196 104 28 kalkyler,
875 196 74 22 hvilka

189 231 71 27 stödja
282 231 34 27 sig
338 231 57 27 uppå
413 232 190 27 primäruppgifter
623 232 41 22 och
679 231 170 27 observationer,
865 236 46 16 som
927 230 25 22 af

185 266 268 27 jernvägskommissionen
464 266 69 22 blifvit
543 266 120 22 insamlade
674 266 41 22 och
725 265 131 23 verkstälda.
877 265 72 22 Dessa

188 300 162 22 observationer
368 300 40 22 och
423 300 110 28 uppgifter
548 301 107 22 förklaras
671 300 56 23 dock
744 300 23 22 af
780 300 166 22 kommissionen

188 335 53 27 sjelf,
258 335 12 21 å
286 337 77 20 tvenne
379 336 77 22 ställen
471 336 7 21 i
493 336 50 22 dess
559 336 140 22 betänkande
713 347 30 3 —
757 341 48 22 pag.
823 337 26 19 18
865 334 40 22 och
919 336 28 20 24

186 381 29 3 —
229 376 52 15 vara
297 370 61 26 ,icke
373 370 90 22 exakta"
481 370 39 22 och
539 387 8 10 ,
552 371 83 26 mindre
650 370 158 26 tillförlitliga",
823 369 40 22 och
873 369 74 21 kunna

187 404 19 21 vi
222 404 32 22 för
269 404 39 22 vår
323 404 33 22 del
371 404 48 22 icke
435 405 67 22 heller
517 407 66 20 annat
599 408 27 18 än
641 405 116 22 instämma
772 404 32 22 uti
815 404 61 22 detta
885 404 61 21 kom-

186 436 137 24 missionens
333 439 118 22 uttalande.
480 440 43 21 Det
539 446 64 21 synes
619 446 36 15 oss
672 438 85 23 derföre
773 439 86 27 mycket
872 438 73 22 välbe-

186 473 68 26 tänkt,
271 474 33 21 att
319 474 71 21 såsom
401 474 167 22 kommissionen
579 474 48 22 icke
643 474 72 22 lemna
728 474 22 21 åt
763 473 64 22 dessa
837 472 70 23 siffror
918 478 27 16 en

186 508 25 21 så
228 507 117 28 afgörande
360 508 119 28 betydelse,
495 510 34 20 att
543 515 50 15 man
608 509 29 27 på
653 509 68 26 några
736 508 64 27 högst
816 508 45 21 små
877 506 68 23 siffer-

186 542 109 22 skilnader
317 549 64 16 anser
403 543 34 27 sig
456 543 73 22 kunna
547 543 71 28 bygga
638 545 32 20 ett
686 542 135 22 bedömande
836 541 23 22 af
873 541 72 23 skilda

185 575 120 24 bandelars'
315 577 100 22 inbördes
430 577 130 27 företräden,
577 579 52 20 utan
645 577 71 22 måste
732 583 49 15 man
796 577 6 21 i
819 577 69 22 denna
898 577 46 26 vig-

186 611 44 27 tiga
245 610 61 28 fråga
320 613 58 20 rätta
393 612 33 27 sig
441 612 55 22 efter
511 612 68 22 andra
589 612 108 21 allmänna
708 611 133 28 synpunkter
851 611 40 22 och
902 611 42 22 den

186 645 107 22 allmänna
312 646 121 22 kännedom
449 653 34 15 om
498 647 86 22 landets
601 646 66 23 behof
681 647 6 21 i
705 646 50 21 dess
771 645 74 22 helhet
861 645 39 22 och
916 645 28 22 de

185 680 107 22 särskilda
310 680 162 23 landsdelarnes
492 681 99 27 fördelar,
608 687 47 16 som
670 687 49 15 man
736 680 42 22 kan
793 680 102 22 förskaffa
910 680 34 27 sig

184 714 62 22 äfven
261 717 52 19 utan
329 717 34 19 att
378 715 90 22 slaviskt
482 715 57 22 hålla
555 716 34 27 sig
604 716 32 21 till
652 715 196 28 primäruppgifter,
859 714 84 22 hvilkas

183 749 160 27 tillförlitlighet
363 749 48 22 med
427 751 81 20 största
523 750 48 21 skäl
587 750 42 21 kan
645 752 72 19 sättas
733 750 7 21 i
755 749 62 28 fråga
831 749 40 22 och
887 749 55 21 hvil-

182 784 39 21 kas
245 784 116 21 osäkerhet
381 784 108 27 knappast
509 784 22 22 af
549 785 70 27 någon
635 783 101 23 betviflas
752 784 53 22 eller
820 784 32 21 till
868 784 73 21 obser-

181 819 97 21 vationer
298 819 99 22 anstälda
416 820 68 21 under
499 826 26 15 en
541 821 80 26 ytterst
635 819 51 22 kort
701 819 41 22 och
758 819 100 27 olämplig
874 819 30 20 tid
921 817 23 22 af

182 853 46 22 året
247 853 35 22 vid
302 859 27 16 en
346 853 79 22 bandel
441 854 92 22 derifrån
549 854 109 27 knappast
672 854 73 27 någon
758 852 124 29 jemförelse
897 853 44 20 kan

181 887 92 22 erhållas
289 887 34 23 för
338 889 27 21 de
379 888 108 22 blifvande
500 889 144 27 jernvägarne
659 889 7 21 i
682 888 82 22 landet.

248 923 36 21 Må
306 929 49 15 man
376 923 100 27 slutligen
494 924 65 21 innan
574 930 49 15 man
639 924 100 21 besluter
753 922 34 27 sig
801 922 33 22 för
848 922 91 21 kustba-

179 963 53 15 nans
247 957 113 27 byggande
375 957 88 23 framför
477 958 165 22 centralbanans
659 958 76 21 vidare
749 956 140 27 fortsättning
899 956 41 22 och

180 992 199 26 sammanbindning
399 992 48 22 med
465 992 106 28 Uleåborg
586 994 53 26 göra
655 993 34 27 sig
705 992 52 22 redo
773 991 32 22 för
820 990 121 22 kustbanor

178 1026 6 20 i
205 1026 117 21 allmänhet
344 1026 40 22 och
407 1027 103 21 särskildt
531 1027 149 21 kostnaderna
700 1026 35 22 för
754 1026 75 22 broars
845 1025 94 22 ledande

180 1060 59 22 öfver
259 1060 26 22 de
306 1056 176 27 Österbottniska
501 1061 94 23 elfvarne
610 1062 7 21 i
633 1062 64 21 deras
717 1061 66 21 nedre
801 1060 57 27 lopp,
869 1056 70 25 hvar-

175 1094 68 28 jemte
260 1101 57 21 noga
332 1095 40 22 bör
390 1096 132 22 undersökas
543 1096 86 22 hvilken
649 1096 41 21 den
711 1096 58 20 rätta
785 1094 153 27 sträckningen

176 1128 35 22 för
234 1128 70 23 denna
326 1130 57 21 bana
405 1130 109 28 verkligen
535 1132 24 20 är
580 1131 40 21 och
636 1130 57 22 huru
710 1129 92 22 trafiken
817 1129 50 21 bäst
882 1128 56 22 skall

176 1163 61 21 ledas
254 1164 31 21 till
302 1164 129 26 densamma,
448 1165 185 27 omständigheter
648 1165 91 21 hvarom
754 1164 49 26 inga
818 1163 120 22 undersök-

175 1198 75 27 ningar
265 1198 44 22 tills
325 1199 72 21 vidare
412 1199 69 21 blifvit
495 1200 76 27 gjorda
587 1200 39 21 och
644 1206 35 15 om
695 1198 87 22 hvilken
797 1204 48 15 man
863 1197 73 23 derför

176 1234 56 19 ännu
248 1233 7 21 i
270 1233 79 27 högsta
369 1234 53 26 grad
443 1236 24 19 är
487 1240 72 16 oense.
590 1234 61 22 Huru
671 1234 60 22 olika
747 1233 109 27 åsigterna
869 1233 46 27 just
931 1232 7 21 i

175 1266 61 22 detta
254 1266 101 22 afseende
371 1270 37 19 äro
424 1267 94 28 framgår
533 1268 78 28 tydligt
626 1268 68 26 deraf,
711 1270 33 19 att
759 1267 76 22 medan
851 1267 86 21 utskot-

176 1302 43 20 tets
242 1301 113 27 pluralitet
377 1302 97 27 föreslår,
494 1304 33 21 att
546 1303 122 22 kustbanan
690 1302 56 22 skall
762 1302 60 22 ledas
839 1304 10 19 1
866 1301 13 21 a
897 1301 39 26 1'/a

173 1335 37 22 mil
225 1335 47 22 från
287 1336 86 26 kusten,
387 1337 276 28 jernvägskommissionen,
681 1336 137 23 understödd
833 1335 23 22 af
869 1335 68 27 några

172 1370 218 22 utskottsledamöter
413 1372 40 21 och
475 1372 65 21 bland
563 1372 66 21 andra
652 1371 113 22 Tekniska
785 1370 124 26 föreningen
929 1369 7 21 i

171 1403 97 28 Finland,
290 1411 65 16 anser
374 1405 70 23 denna
461 1406 97 27 jernväg,
574 1406 33 22 för
622 1408 33 19 att
670 1405 24 22 få
710 1405 40 22 den
767 1407 82 20 största
864 1403 70 27 trafik,

171 1438 53 22 böra
248 1439 77 27 dragas
349 1441 43 20 tätt
415 1441 73 21 utmed
510 1441 79 21 kusten
609 1447 79 20 genom
710 1439 108 27 städerna,
838 1440 33 20 att
885 1438 49 22 icke

240 1479 190 22 Jernvägsutskottets
443 1480 116 18 betänkande
571 1481 37 17 N:o
621 1481 16 17 1.
