1028 1661
284 119 28 23 U.
321 119 36 23 'B:
371 121 22 15 —
408 118 72 28 Prop.
496 118 46 23 N:o
555 118 36 23 18.
761 120 26 20 21

406 182 17 24 $
438 181 39 22 26.

133 222 196 27 Bevillningsafgift
348 221 105 21 beräknas
469 221 55 21 efter
536 222 74 27 jemna
624 221 112 21 hundratal
751 223 26 24 af
789 222 28 20 in-

66 257 69 23 komst,
159 256 96 26 sålunda,
277 258 32 19 att
323 256 56 21 hvad
395 262 45 14 som
455 256 134 27 understiger
604 256 73 20 femtio
694 255 60 21 mark
768 256 49 20 icke

65 292 61 25 tages
148 291 6 19 i
177 290 126 27 beräkning,
324 297 47 14 men
387 290 73 20 femtio
476 290 52 20 eller
544 290 121 20 derutöfver
680 291 89 25 antagas
785 289 31 20 till

65 324 45 20 helt
124 324 119 21 hundratal.

406 382 16 24 8
437 380 39 22 27.

135 423 132 26 Upplysning
287 429 35 14 om
338 422 40 21 den
394 421 24 21 af
430 421 106 21 nämnden
551 421 90 27 päförda
655 421 162 28 bevillningsaf-

65 457 40 26 gift
127 456 40 21 bör
189 456 220 27 bevillningsskyldig,
432 462 45 14 som
496 455 73 21 derom
587 455 101 27 anhäller,
702 456 28 26 pä
746 455 72 21 stället

65 490 115 21 meddelas.
204 490 249 27 Bevillningslängderna
464 490 40 20 och
515 489 116 21 nämndens
639 489 109 27 protokoll
756 490 61 20 skola

65 524 100 27 derefter,
181 525 150 20 underskrifna
345 525 24 20 af
382 524 142 21 ordföranden
536 524 40 21 och
586 524 128 21 ätminstone
722 531 26 14 en
759 524 57 21 leda-

66 560 50 25 mot,
137 561 72 18 senast
225 559 73 20 trettio
313 558 66 28 dagar
395 559 63 20 innan
474 558 70 20 länets
558 558 188 27 pröfningsnämnd
762 565 54 13 sam-

67 592 127 27 manträder,
217 593 24 20 af
261 593 142 21 ordföranden
423 592 109 27 aflemnas,
546 593 7 19 i
569 592 47 20 stad
630 592 32 20 till
678 592 138 28 Magistraten

67 627 52 20 eller
141 626 185 28 Ordningsrätten,
347 627 39 21 och
401 627 28 27 pä
443 626 74 21 landet
531 626 33 21 till
579 626 141 21 ordföranden
735 626 7 21 i
757 626 59 21 kom-

66 661 184 27 munalnämnden,
273 662 37 20 vid
329 662 43 20 vite
390 662 33 20 för
439 661 232 26 bevillmingsnämndens
688 660 128 22 ordförande

65 696 24 20 af
102 697 33 19 tre
150 696 59 20 mark
225 696 33 20 för
272 696 74 26 hvarje
361 695 48 28 dag,
424 695 102 21 hvarmed
542 695 156 21 ofvannämnda
708 695 31 21 tid
747 696 69 20 öfver-

65 730 88 20 skrides.
189 729 28 21 S&
241 732 59 18 snart
323 730 153 27 handlingarne
498 730 118 26 inkommit,
639 730 43 20 låte
697 730 121 27 Magistrat,

65 764 152 27 Ordningsrätt
239 764 52 21 eller
311 764 128 21 ordförande
454 764 7 20 i
477 764 206 25 kommunalnämnd,
699 765 25 20 sä
738 764 78 27 skynd-

65 800 56 19 samt
143 798 38 21 ske
199 798 49 27 kan,
263 799 98 27 kungöra
375 800 32 19 att
422 798 26 20 de
463 798 227 28 bevillningsskyldige
705 799 28 27 pä
747 799 71 20 tillika

66 832 111 28 uppgifvet
192 832 62 21 ställe
269 833 72 20 kunna
354 833 95 20 inhemta
463 832 120 21 kännedom
598 839 34 14 om
647 833 62 20 deras
723 833 94 21 innehäll

65 867 53 21 intill
140 867 37 21 den
194 867 44 26 dag,
257 867 27 21 dä
299 867 141 26 handlingarne
454 867 59 21 skola
526 868 26 25 af
563 868 61 26 sagda
638 868 132 26 myndigheter
786 868 32 20 till

64 902 153 25 Länestyrelsen
241 902 101 24 insändas,
365 902 79 20 hvilken
466 902 71 21 termin
555 902 72 26 jemväl
642 903 35 20 bör
692 903 8 20 i
714 902 104 26 kungörel-

64 942 34 14 sen
113 936 164 26 tillkännagifvas
291 936 36 21 och
341 937 85 20 utsäitas
440 936 25 21 sä
480 937 60 25 tidigt
553 938 30 19 att
593 937 155 25 ifrägavarande
755 936 61 21 hand-

63 970 66 26 lingar
151 970 60 20 hinna
233 970 130 25 framkomma
384 971 45 25 före
452 970 37 22 den
511 971 38 26 dag
567 971 62 21 länets
639 971 179 26 pröfningsnämnd

63 1004 163 21 sammanträder.

405 1068 17 24 $
436 1066 40 22 28.

132 1111 77 21 Finner
231 1112 94 21 kronans
348 1113 77 20 ombud
445 1113 235 27 bevillningsnämnden
694 1114 7 19 i
717 1115 31 19 ett
764 1114 52 21 eller

64 1147 65 19 annat
147 1145 101 22 afseende
268 1147 49 20 icke
331 1147 65 20 hafva
410 1147 102 28 iakttagit
527 1147 69 21 denna
611 1148 133 27 förordnings
760 1149 55 20 före-

63 1180 94 27 skrifter,
179 1181 53 20 eller
255 1183 31 18 att
305 1181 41 20 den
366 1181 71 27 päfört
452 1181 118 28 bevillning
584 1183 7 19 i
607 1182 51 21 strid
673 1185 58 18 emot
745 1183 72 20 kända

64 1214 154 25 förhållanden,
234 1215 39 21 bör
288 1215 76 21 sådant
379 1215 24 21 af
414 1215 80 21 honom
509 1216 47 21 före
571 1216 165 27 förrättningens
752 1217 63 20 afslu-

64 1249 64 20 tande
143 1249 120 27 anmärkas,
279 1250 47 21 med
343 1250 116 21 anförande
476 1251 24 20 af
512 1251 27 20 de
554 1250 52 27 skäl,
621 1257 45 14 som
678 1251 31 20 till
718 1252 98 20 anmärk-

63 1283 78 27 ningen
157 1283 113 21 föranledt.
300 1284 66 27 Dylik
381 1284 149 28 anmärkning,
545 1285 107 21 äfvensom
669 1285 37 21 det
714 1285 102 27 yttrande

63 1316 105 22 nämnden
191 1318 7 20 i
220 1318 115 28 anledning
357 1319 62 21 deraf
432 1318 100 28 afgifver,
548 1319 53 21 skall
616 1320 7 20 i
638 1320 132 27 protokollet
784 1320 31 20 in-

63 1354 68 24 tagas.

131 1386 225 27 Bevillningsskyldig,
379 1393 45 14 som
444 1387 103 28 antingen
562 1387 36 21 vill
614 1388 50 20 söka
680 1387 89 28 ändring
785 1388 31 20 uti

63 1420 41 20 den
121 1419 24 21 af
157 1420 207 27 bevillningsnämnd
379 1421 78 20 honom
473 1421 91 27 påförda
578 1421 62 28 afgift
654 1421 52 21 eller
722 1422 40 20 ock
778 1425 37 17 ön-

63 1454 50 20 skar
128 1454 131 27 vederlägga
273 1455 26 20 de
315 1455 24 20 af
351 1455 172 21 kronoombudet
538 1458 43 19 mot
596 1456 40 20 den
651 1456 79 21 honom
745 1457 71 20 åsatta

131 1493 200 24 Bevillningsutskottets
344 1495 106 18 betänkande
462 1495 36 18 N:o
510 1496 17 17 5.
