1025 1664
219 112 27 19 34
527 112 35 21 N:o
579 111 36 22 25.

547 181 10 27 $
574 182 19 19 2.

269 221 16 19 1.
315 220 138 21 Partihandel
470 221 46 20 med
535 221 87 20 bränvin
639 221 33 20 får
687 221 73 20 idkas:

266 255 23 26 a)
306 254 23 21 af
347 255 227 21 bränvinstillverkare
594 255 35 21 vid
650 255 128 27 försäljning
798 255 22 21 af
837 261 52 21 egen
905 255 43 21 till-

196 289 114 26 verkning;
327 289 39 20 och

268 323 21 25 b)
305 323 7 20 i
329 324 54 25 stad,
400 324 70 21 såsom
488 324 92 21 särskild
597 324 82 27 näring,
697 324 23 20 af
734 323 55 21 finsk
801 324 146 26 medborgare,

195 358 86 21 hvilken
297 364 51 20 eger
363 359 41 25 god
420 358 55 27 frejd
492 359 37 20 och
546 359 58 26 gjort
615 359 32 26 sig
659 359 56 20 känd
727 358 33 21 för
771 359 88 20 redbart
869 359 79 21 förhål-

195 393 63 20 lande
274 394 55 19 samt
345 393 32 20 till
396 393 115 25 näringens
531 393 140 21 bedrifvande
688 393 88 20 undfått
791 393 100 25 behörigt
906 393 42 21 till-

195 427 70 22 stånd,
288 427 27 26 på
337 429 45 19 sätt
406 427 6 20 i
436 427 145 27 nästföljande
601 434 62 15 mom.
682 429 70 24 säges.
783 428 30 20 På
828 428 73 21 landet
916 427 33 21 får

195 461 97 21 deremot
315 462 135 26 partihandel
471 462 46 21 med
538 463 89 20 bränvin
649 463 47 20 icke
716 462 84 21 utöfvas
817 463 70 20 såsom
904 465 44 18 sär-

196 496 57 21 skild
270 497 82 26 näring.

268 532 19 19 2.
317 531 113 26 Rättighet
445 531 33 20 till
493 531 135 26 partihandel
645 531 48 21 med
710 531 90 21 bränvin
817 531 69 20 såsom
903 533 45 18 sär-

196 565 57 21 skild
269 566 76 26 näring
361 566 63 21 sökes
440 566 33 20 för
489 566 63 25 högst
568 567 35 20 två
620 566 23 21 år
659 567 6 20 i
683 566 79 21 sender
777 566 39 21 hos
828 566 120 25 Magistrat,

196 606 46 14 som
266 599 99 21 deröfver
384 600 106 21 inhemtar
508 600 210 27 stadsfullmägtiges
738 600 58 25 eller,
817 600 37 21 der
870 600 79 21 sådane

196 634 18 26 ej
238 633 76 27 finnas,
338 634 78 21 allmän
440 634 184 22 rådhusstämmas
644 634 109 28 yttrande.
784 630 31 25 Är
834 634 116 26 Magistrat

195 669 49 21 med
268 668 196 27 stadsfullmäktige
486 670 51 20 eller
560 669 176 21 rådhusstämma
759 675 50 15 ense
832 675 33 15 om
890 669 59 20 bifall

197 703 52 21 eller
265 703 68 26 afslag
350 703 12 21 å
377 704 152 26 ansökningen,
547 704 64 20 blifve
627 704 76 20 dervid
719 704 114 20 beroende.
858 704 48 20 Men
918 704 31 20 bi-

196 737 63 21 falles
275 738 51 20 eller
342 737 66 21 afslås
425 738 147 26 ansökningen
588 738 23 20 af
625 744 26 14 en
667 738 67 20 bland
750 738 70 25 dessa,
838 738 111 20 öfverlem-

197 778 38 14 nas
252 772 89 21 ärendet
358 772 31 20 till
406 772 162 27 Länestyrelses
585 772 125 26 afgörande.

549 835 12 27 $
577 836 18 20 3.

272 876 15 20 1.
318 875 149 21 Minuthandel
482 876 47 20 med
546 876 52 20 eller
614 875 148 25 utskänkning
779 874 23 22 af
817 875 88 21 bränvin
917 874 35 21 må

197 910 18 26 ej
232 910 67 20 heller
315 910 62 20 idkas
393 910 23 20 af
430 916 68 14 annan
515 912 26 18 än
557 909 55 21 finsk
628 910 150 25 medborgare,
790 915 46 15 som
848 916 50 19 eger
909 909 42 26 god

197 944 62 26 frejd,
283 944 57 26 gjort
363 944 33 26 sig
420 944 56 21 känd
496 944 32 20 för
548 944 146 26 ordentlighet
714 944 38 20 och
772 944 87 26 pröfvas
879 943 71 21 dertill

197 978 76 26 tjenlig
288 984 52 15 vara
356 980 56 19 samt
427 978 33 21 till
475 978 98 26 utöfning
593 978 22 21 af
631 978 67 21 sådan
715 978 135 26 näringsrätt
865 978 86 20 undfått

197 1012 136 27 vederbörlig
350 1013 108 26 tillåtelse,
474 1014 27 25 på
517 1015 44 19 sätt
577 1013 118 21 nedanföre
712 1012 96 26 stadgas.

271 1048 17 20 2.
319 1046 70 22 Sådan
405 1048 126 26 försäljning
547 1048 22 20 af
584 1048 96 25 bränvin,
700 1053 46 15 som
764 1047 6 20 i
786 1053 62 15 mom.
867 1048 8 19 1
889 1046 63 26 sagdt

197 1083 30 24 är,
244 1082 100 26 upplåtes
365 1082 7 20 i
392 1082 48 21 stad
461 1082 32 21 för
511 1082 65 26 högst
594 1082 36 20 två
649 1082 23 20 år
690 1082 6 20 i
714 1082 86 24 sender;
819 1081 37 21 och
873 1081 78 20 räknas

197 1116 165 27 försäljningsår
386 1117 74 21 dervid
483 1117 46 21 från
551 1117 39 21 och
610 1117 47 20 med
676 1118 9 19 1
701 1116 48 26 juni
765 1116 33 20 till
814 1122 81 14 samma
911 1115 41 26 dag

198 1151 144 27 nästföljande
358 1151 30 21 år.

548 1180 11 26 $
576 1181 19 19 4.

270 1220 38 23 De,
327 1226 46 14 som
393 1220 67 26 enligt
479 1220 11 26 $
512 1222 7 18 1
541 1226 64 14 mom.
625 1220 12 20 3
652 1219 7 21 i
675 1218 156 26 förordningen
847 1218 22 20 af
883 1218 69 20 denna

198 1254 48 26 dag,
263 1254 111 26 angående
392 1254 98 20 vilkoren
509 1254 33 20 för
562 1254 141 25 tillverkning
719 1252 23 21 af
756 1252 96 26 bränvin,
868 1252 47 21 icke
929 1252 23 20 få

197 1290 49 19 med
263 1288 58 27 dylik
340 1288 130 27 handtering
490 1288 32 26 sig
541 1288 88 25 befatta,
649 1288 37 20 må
702 1287 18 26 ej
737 1286 95 21 tilldelas
848 1286 104 26 rättighet

197 1323 34 21 till
242 1323 68 27 parti-
321 1323 53 20 eller
384 1322 147 21 minuthandel
543 1322 49 21 med
603 1322 52 21 eller
667 1321 150 26 utskänkning
826 1320 23 21 af
856 1320 95 21 bränvin.

550 1379 11 27 S
577 1380 18 19 5.

273 1421 18 20 1.
321 1420 61 21 Inom
398 1419 86 27 januari
502 1419 76 21 månad
597 1421 49 19 näst
665 1419 48 20 före
730 1418 36 21 det
781 1417 170 27 försäljningsär,
