1034 1661
224 115 14 20 6
380 113 81 24 Ständ.
476 114 38 23 Sv.
530 126 27 4 —
572 115 73 28 Prop.
658 114 41 23 N:o
714 115 34 22 31.

194 177 34 20 för
250 178 33 20 att
304 177 48 21 icke
372 176 72 22 lemna
457 176 90 28 frågans
562 177 88 27 slutliga
664 177 118 28 afgörande
798 177 106 23 beroende
919 180 29 27 på

195 211 65 27 nådig
283 211 133 28 proposition
439 211 33 21 till
487 211 179 22 nästkommande
681 211 112 28 landtdag,
809 213 57 21 velat
880 214 67 21 redan

194 251 30 15 nu
246 245 112 28 samtycka
379 245 33 21 till
436 247 33 20 att
490 245 165 28 ifrågavarande
676 246 36 21 lån
727 247 29 26 på
772 247 91 21 berörda
878 248 68 21 vilkor

194 278 113 23 afskrifves
329 280 67 27 jemte
422 280 36 20 det
480 279 123 22 Ständerna
625 280 22 21 åt
665 280 194 28 bankfullmäktige
879 282 66 21 öfver-

192 313 72 21 lemna
279 315 33 19 att
327 313 82 28 pröfva,
424 313 106 22 huruvida
545 313 126 28 föreningen
686 314 97 28 fullgjort
793 316 27 20 de
831 316 115 26 uppstälda

192 347 103 22 vilkoren.

259 382 10 21 I
285 382 155 27 sammanhang
455 382 90 22 härmed
559 389 52 15 anse
627 382 121 22 Ständerna
764 383 32 27 sig
806 383 52 21 böra
869 383 76 22 beröra

192 423 27 15 en
235 423 80 19 annan,
329 416 8 20 i
353 416 131 22 Ständernas
499 416 74 26 tanke,
589 416 136 28 synnerligen
736 416 66 28 vigtig
813 417 47 21 sida
870 417 24 21 af
902 417 41 21 frå-

191 457 48 21 gan.
271 450 90 22 Jemlikt
383 451 27 20 68
433 452 10 26 &
466 450 24 22 af
508 452 37 20 det
567 451 34 21 för
618 451 127 27 föreningen
760 451 101 27 gällande
876 452 67 27 regle-

191 486 82 20 mentet
293 484 38 22 bör
354 484 136 28 föreningens
513 485 132 27 förvaltning
667 486 7 20 i
696 485 96 27 enlighet
812 486 49 21 med
876 486 66 27 regle-

190 521 93 19 mentets
297 518 135 22 föreskrifter
447 519 126 22 öfvervakas
593 520 24 21 af
630 521 30 19 ett
676 519 24 21 af
712 519 121 28 Kejserliga
848 520 93 22 Senaten

189 555 74 20 utsedt
279 553 79 22 ombud
373 554 49 21 med
436 554 120 21 vidsträckt
571 554 135 27 befogenhet.
736 554 31 21 Pä
782 555 71 20 denna
863 554 77 21 befatt-

189 587 52 28 ning
263 588 68 27 ligger
352 587 48 22 icke
417 588 63 27 ringa
494 588 51 27 vigt.
575 588 147 27 Föreningens
738 588 102 27 ställning
855 589 23 20 är
893 589 47 21 icke

188 622 93 21 allenast
303 621 25 22 af
347 629 28 14 en
396 622 183 28 genomgripande
601 620 109 30 betydelse
726 622 33 21 för
774 623 41 20 den
830 623 110 22 allmänna

188 657 99 21 krediten
308 657 8 20 i
337 657 81 26 landet,
437 657 41 21 den
494 657 99 27 päkallar
608 657 62 22 äfven
686 657 102 21 särskildt
803 657 136 28 regeringens

187 691 192 27 uppmärksamhet
401 691 7 21 i
430 692 109 21 anseende
553 691 32 21 till
601 688 42 25 den
658 691 93 28 garanti,
767 693 78 24 staten,
860 698 78 21 genom

186 725 83 27 Regent
285 726 40 21 och
341 725 98 26 Ständer,
454 725 70 22 iklädt
539 726 32 27 sig
586 725 33 22 för
634 725 137 28 föreningens
786 725 36 22 län
838 727 58 20 ända
905 725 33 22 till

185 760 130 25 30,000,000
329 760 68 26 mark,
412 760 78 22 hvaraf
501 760 127 27 föreningen
643 760 77 21 hittills
735 759 108 28 begagnat
858 760 32 27 sig
904 760 34 21 för

185 794 38 21 sitt
244 794 118 21 utländska
383 794 36 21 län
441 794 34 21 till
496 797 32 19 ett
548 795 79 27 belopp
648 794 25 21 af
693 794 99 27 omkring
809 795 128 25 12,000,000

185 828 67 21 mark.
283 828 125 22 Emellertid
430 829 71 26 hafva,
526 829 71 21 säsom
618 829 64 21 ofvan
697 829 135 26 framhällits,
847 829 89 21 betänk-

184 862 44 27 liga
250 862 115 22 afvikelser
386 862 48 22 frän
453 864 26 20 de
494 863 114 27 vigtigaste
624 863 135 27 stadganden
774 863 7 20 i
797 862 139 28 reglementet

183 896 146 26 förekommit,
351 899 54 19 utan
428 900 33 18 att
482 898 137 26 regeringens
644 897 79 21 ombud
745 897 117 27 veterligen
879 898 57 27 gjort

184 932 68 26 nägra
274 932 145 26 päminnelser
434 933 95 21 deremot
545 932 52 26 eller
611 932 98 28 päkallat
725 932 72 27 nägon
812 932 76 27 ätgärd
903 931 32 21 till

183 965 194 22 ästadkommande
400 966 24 21 af
443 966 95 22 rättelse.
569 966 121 22 Ständerna
712 972 52 15 anse
779 965 54 26 icke,
853 968 32 19 att
900 965 34 21 be-

183 1000 123 27 fattningen
321 1000 25 21 af
359 1000 85 27 publikt
460 1000 78 22 ombud
553 1001 36 21 vid
605 1000 99 22 enskilda
718 1000 217 27 kreditinrättningar

183 1034 38 21 bör
244 1028 92 28 sältnda
350 1034 120 28 uppfattas,
485 1037 54 20 utan
554 1035 53 28 hysa
622 1036 92 21 tvärtom
730 1035 41 21 den
788 1034 145 27 öfvertygelse,

182 1070 33 19 att
237 1071 31 19 ett
283 1069 99 21 vaksamt
397 1069 80 22 ombud
491 1069 7 21 i
513 1077 30 14 nu
557 1069 142 22 förevarande
714 1069 39 21 fall
768 1069 68 20 skulle
851 1069 83 22 kunnat

181 1102 119 28 förebygga
321 1103 58 21 hvad
394 1110 45 14 som
454 1104 7 20 i
477 1104 54 20 strid
546 1105 48 20 med
609 1104 143 26 reglementet
766 1103 112 27 företagits
894 1103 39 21 och

181 1136 110 22 verksamt
306 1137 90 27 bidraga
411 1140 32 19 att
458 1138 58 27 gifva
536 1139 22 20 ät
573 1138 166 21 förhällandena
754 1144 26 14 en
796 1137 70 21 bättre
882 1137 50 27 rigt-

182 1178 58 20 ning.

249 1205 108 22 Särskildt
372 1213 52 15 anse
439 1206 122 22 Ständerna
575 1207 36 20 det
627 1206 64 22 hafva
706 1205 71 27 älegat
793 1206 36 20 det
844 1204 89 28 publika

181 1239 102 22 ombudet
299 1242 32 19 att
346 1240 112 22 förhindra
473 1240 134 28 utgifvandet
623 1240 24 22 af
654 1240 126 28 ytterligare
790 1239 143 27 obligationer

179 1273 7 21 i
202 1274 55 21 strid
277 1275 49 20 med
341 1275 27 20 25
385 1276 10 25 $
410 1275 8 21 i
433 1274 147 28 reglementet.
609 1274 30 22 Af
652 1280 82 16 samma
750 1273 117 27 anledning
881 1274 50 26 kan,

179 1308 68 26 enligt
262 1308 133 22 Ständernas
410 1309 61 27 äsigt,
490 1310 151 26 upptagandet
655 1308 25 22 af
693 1309 36 21 det
744 1308 36 21 vid
795 1310 85 19 senaste
895 1308 35 22 bo-

178 1342 141 27 lagsstämma
334 1342 100 22 beslutna
448 1344 77 26 4!/,9/,
540 1344 59 20 lånet
615 1344 18 27 ej
649 1342 69 22 heller
727 1342 70 21 under
807 1344 124 20 nuvarande

178 1376 152 22 förhållanden
345 1377 88 22 tillåtas.
463 1378 60 21 Allra
536 1378 65 21 minst
615 1378 57 21 lärer
688 1378 36 19 det
739 1376 75 21 kunna
828 1376 103 22 komma
918 1372 17 37 i

178 1409 69 28 fråga,
269 1413 34 19 att
318 1413 82 20 statens
414 1412 86 27 garanti
514 1412 34 21 för
563 1413 67 26 sagda
644 1411 37 22 lån
696 1410 69 22 skulle
781 1410 95 28 beviljas.
900 1411 31 28 Ty

179 1445 72 21 denna
265 1446 86 26 garanti
366 1446 40 21 -har
421 1446 69 22 blifvit
506 1446 123 28 föreningen
643 1441 152 39 tillförsäkrad
805 1446 76 23 endast
892 1453 37 15 un-
