1025 1661
270 143 28 23 U.
312 143 28 22 B.
357 155 22 4 —
394 143 72 27 Prop.
482 143 42 22 N:o
540 142 36 23 21.
742 144 24 19 19

184 206 112 20 terrättelse
310 206 55 20 intill
379 205 45 21 dess
439 205 84 26 ändring
538 206 44 20 deri
596 206 80 20 vunnits
690 212 66 19 genom
767 206 30 20 be-

183 241 54 23 svär,
252 246 42 13 som
309 239 66 20 kunna
389 240 9 19 i
411 239 68 25 vanlig
493 240 83 25 ordning
590 240 84 24 anföras
689 240 35 20 hos
738 240 60 20 Sena-

183 275 42 18 tens
239 273 246 24 Ekonomiedepartemeni.

251 306 31 20 På
304 306 85 20 nämnda
411 307 141 24 Departement
574 306 112 21 ankommer
708 307 91 25 derjemte

184 342 30 19 att
232 339 84 26 utfärda
331 340 24 20 de
369 341 92 19 närmare
476 340 136 25 föreskrifter,
627 346 42 14 som
684 341 9 19 i
707 341 92 24 afseende

184 375 13 20 ä
220 374 137 26 bevillningens
373 374 91 26 uppbörd
479 375 34 20 och
528 374 110 26 debitering
652 375 49 20 eller
715 375 8 20 i
737 375 63 25 öfrigt

184 409 45 20 visa
243 409 31 25 sig
288 409 139 25 erforderliga.

389 471 17 24 $
421 471 57 20 23.

256 510 74 25 Utdrag
345 511 26 24 af
382 510 23 20 de
420 510 105 25 vigtigaste
536 511 124 25 paragrafer
673 511 9 19 i
689 511 63 20 denna
759 511 41 24 för-

185 545 84 25 ordning
281 545 57 19 skola
353 544 89 26 ständigt
456 544 71 24 finnas,
543 545 9 19 i
566 545 78 25 tryckta
658 545 102 25 exemplar
770 545 31 25 pä

185 578 65 24 finska
265 578 34 21 och
314 578 85 20 svenska
412 578 92 26 spräken,
515 579 31 25 pä
560 578 94 26 lämpliga
668 579 72 20 ställen
749 579 52 19 inom

187 613 110 25 bryggeriet
312 612 101 26 anslagna.

391 676 18 24 $
423 676 35 19 24.

257 716 71 19 Denna
349 715 117 25 förordning
488 715 68 20 träder
578 716 9 19 %
603 716 46 25 laga
668 716 57 24 kraft
739 716 37 19 den
790 716 11 19 1

189 750 89 21 Januari
292 750 55 20 1883
363 749 34 20 och
411 749 64 25 gäller
490 749 33 20 till
538 749 34 20 och
586 749 44 20 med
644 749 24 21 är
682 750 62 19 1885.

132 885 10 21 I
165 885 99 23 ärendets
282 885 87 27 slutliga
388 885 129 27 behandling
532 885 64 21 hafva
611 884 90 28 deltagit
716 884 87 21 Utskot-

64 921 42 20 tets
121 919 129 21 ordförande
266 920 102 26 Ignatius,
383 919 146 21 ledamöterne
544 919 89 21 friherre
648 919 25 21 O.
682 919 25 20 A.
716 918 87 26 Wrede,

64 954 24 20 T.
110 954 20 20 J.
153 953 101 27 Aminoff,
278 954 114 26 Helander,
407 954 118 26 Wegelius,
540 954 131 26 Borgström,
686 954 117 26 Ehrström,

64 988 115 20 Riihimäki
202 988 41 20 och
264 988 91 20 Foudila
377 990 54 18 samt
453 988 164 27 suppleanterne
635 988 25 20 E.
675 988 129 26 Furuhjelm,

65 1022 128 21 Fredrikson
210 1022 40 21 och
267 1022 114 27 Lindberg.

133 1078 141 28 Helsingfors,
291 1078 41 21 den
347 1078 27 20 28
390 1078 60 26 April
467 1079 61 21 1882.

138 1504 199 22 Bevillningsutskottets
350 1504 105 17 betänkande
468 1503 35 18 N:o
515 1503 17 18 3.
