1034 1659
284 105 81 23 Ständ.
381 104 37 24 Sv.
434 117 27 4 —
476 105 72 27 Prop.
563 104 41 22 N:o
618 104 35 23 31.

365 385 136 24 Finlands
533 384 136 25 Ständers
701 383 140 26 underdå-

297 426 66 30 niga
386 432 62 17 svar
470 425 6 23 i
496 424 117 31 anledning
632 424 25 24 af
674 424 56 24 Hans
749 424 92 31 Kejser-

297 464 46 30 liga
367 464 117 31 Majestäts
506 463 82 32 nådiga
614 464 135 32 proposition
773 463 68 31 angå-

297 504 55 24 ende
378 504 136 29 afskrifning
542 504 26 24 af
584 504 257 30 Hypoleksföreningens

297 543 34 25 lån
350 544 7 24 i
377 544 100 24 Finlands
497 544 68 24 Bank.

121 624 244 26 Stormäktigste,
381 622 225 27 Allernådigste
624 622 122 28 Kejsare
764 622 50 22 och

380 668 179 22 Storfurste!

162 721 71 21 Sedan
255 720 104 22 Finlands
378 722 72 19 senast
465 719 130 21 församlade
611 719 92 21 Ständer
718 719 33 21 uti
765 720 78 20 under-

93 756 76 26 dänigt
192 762 48 15 svar
258 756 13 20 &
294 756 48 20 dem
356 754 98 27 förelagd
469 754 65 27 nädig
550 754 134 27 proposition
699 754 92 20 rörande
805 753 38 27 hy-

93 789 215 28 poteksföreningens
332 789 7 21 i
360 789 75 21 landet
456 788 148 28 underdäniga
620 788 120 27 ansökning
755 795 34 14 om
804 795 39 13 un-

93 825 88 21 derstöd
203 824 88 26 anmält,
314 826 32 20 att
369 823 122 22 Ständerna
514 825 72 20 ansett
608 823 32 28 sig
655 822 47 23 icke
717 822 80 27 kunna,
813 823 29 27 pä

93 860 43 20 sätt
158 859 126 28 föreningen
307 858 97 26 anhällit,
428 858 73 22 skrida
518 858 34 21 till
566 858 96 22 definitiv
677 858 128 26 afskrifning
821 857 25 21 af

93 894 36 20 det
144 894 48 20 från
208 894 103 21 Finlands
325 893 59 21 bank
399 892 33 22 till
446 892 127 28 föreningen
584 892 84 28 utgifna
677 892 37 22 län
730 893 13 21 &
751 892 92 26 600,000

92 928 72 21 finska
186 928 67 26 mark,
275 928 67 21 innan
361 927 126 27 föreningen
503 927 91 27 vidtagit
610 928 100 26 ätgärder
726 927 18 27 ej
761 927 83 21 mindre

93 962 33 21 till
142 962 139 27 aflägsnande
297 962 24 21 af
334 963 25 20 de
374 962 78 20 brister
467 962 7 20 i
489 961 138 27 föreningens
642 961 146 27 organisation
803 960 41 22 och

93 995 139 28 förvaltning,
254 996 73 21 hvilka
349 996 54 21 varit
425 996 159 21 medverkande
600 996 88 21 orsaker
702 996 34 20 till
750 995 93 21 förenin-

93 1037 53 20 gens
161 1030 136 28 brydsamma
313 1030 108 27 ställning,
437 1032 28 19 än
481 1030 41 21 ock
536 1030 33 21 till
584 1031 48 21 dess
648 1030 148 21 medlemmars
811 1030 34 20 sä-

93 1064 147 21 kerställande
262 1064 33 22 för
317 1066 41 20 den
381 1064 56 26 fara,
465 1072 46 14 som
536 1064 79 22 hotade
638 1066 48 20 dem
707 1071 78 21 genom
808 1064 35 21 de-

94 1106 34 14 ras
151 1098 121 28 skyldighet
295 1101 32 19 att
349 1099 7 21 i
379 1100 68 20 större
470 1100 127 26 proportion
620 1100 27 20 än
666 1100 68 20 andra
749 1098 53 22 bära
817 1099 26 20 de

93 1133 60 21 lidna
176 1132 137 27 förlusterna,
333 1133 67 27 jemte
423 1134 36 20 det
479 1133 123 21 Ständerna
616 1133 66 22 likväl
696 1133 89 27 beviljat
801 1132 42 22 för-

94 1167 93 27 eningen
210 1168 93 21 anständ
328 1168 49 20 med
398 1167 190 27 inbetalningarne
614 1168 13 21 &
652 1169 68 26 sagda
740 1168 37 20 län
804 1166 40 22 och

94 1201 127 21 räntefrihet
244 1202 51 21 derä
320 1202 57 20 intill
401 1202 110 27 utgängen
536 1201 24 22 af
579 1202 146 21 innevarande
748 1202 32 25 är,
804 1201 41 21 har

93 1235 92 21 Eders
208 1236 167 27 Kejserliga
397 1236 154 27 Majestät,
574 1236 7 20 i
604 1236 94 27 enlighet
717 1237 50 20 med
781 1236 62 21 Stän-

94 1270 78 21 dernas
188 1270 70 21 tillika
273 1270 76 27 gjorda
363 1270 150 27 underdäniga
528 1270 109 26 anhällan,
654 1270 53 21 efter
723 1271 36 21 det
775 1270 70 21 direk-

93 1304 75 21 tionen
191 1304 33 21 för
246 1304 233 28 hypoteksföreningen
497 1304 34 21 till
546 1304 90 22 Eders
656 1305 142 27 Majestät
813 1304 31 21 in-

94 1338 90 20 kommit
205 1340 50 20 med
277 1338 67 22 äskad
359 1339 116 27 utredning
490 1339 7 21 i
513 1340 96 25 ärendet,
624 1339 34 21 till
672 1346 30 14 nu
716 1338 130 22 församlade

94 1372 104 21 Ständers
219 1373 73 21 vidare
307 1373 137 27 ompröfning
459 1373 141 21 öfverlemnat
615 1373 138 27 föreningens
768 1372 78 22 omför-

94 1406 73 21 mälda
190 1407 127 27 ansökning.
347 1407 78 22 Tillika
440 1407 39 21 har
495 1408 90 20 Eders
607 1408 168 27 Kejserliga
797 1407 52 23 Ma.

92 1442 96 27 jestät
204 1441 57 22 velat
275 1442 77 26 bringa
367 1442 33 20 till
415 1441 133 23 Ständernas
562 1442 128 26 kännedom,
706 1444 33 20 att
754 1442 94 22 Eders
