1028 1664
383 116 81 24 Ständ.
480 116 38 23 Sv.
534 129 27 4 —
576 117 73 28 Prop.
664 117 41 22 N:o
720 117 33 22 18.

395 179 46 22 alla
458 180 36 21 till
508 182 78 23 staten,
601 179 86 29 kyrkan
702 180 53 21 eller
769 180 126 22 kommunen
912 183 39 19 ut-

393 214 84 28 gående
492 213 114 28 utskylder
621 214 30 27 af
662 214 56 21 hvad
732 221 67 14 namn
809 214 39 21 och
859 214 90 28 beskaf-

389 247 78 28 Jenhet
483 248 26 21 de
524 255 54 14 vara
593 249 42 20 må.
660 248 102 21 Deremot
773 248 44 28 får
831 249 68 26 något
910 249 38 26 af-

395 282 58 28 drag
474 281 47 22 icke
542 282 37 21 ske
592 282 42 28 för
649 283 42 20 den
707 282 242 29 bevillningsskyldiges

395 315 37 22 och
448 316 56 21 hans
515 316 90 29 familjs
616 316 213 28 lefnadskostnader,
846 317 8 20 i
869 316 76 22 hvilka

395 350 82 25 bostad,
500 357 52 21 egen
575 351 52 21 eller
641 350 64 28 hyrd,
720 353 57 19 samt
792 351 99 27 aflöning
907 351 38 20 och

394 384 119 22 underhåll
535 384 30 28 af
578 385 114 28 personlig
711 384 108 29 betjeniny
834 384 38 22 och
887 384 59 21 hvad

394 419 87 21 dermed
490 419 128 28 jemförligt
632 421 33 24 är,
681 419 39 21 bör
734 419 148 21 inberäknas.'
895 418 52 21 Icke

394 452 69 22 heller
472 453 44 27 får
530 453 67 28 något
612 453 85 28 afdrag
711 455 65 26 göras
789 453 36 23 för
835 453 57 21 hvad
903 453 41 21 den

395 487 227 28 bevillningsskyldige
635 488 10 21 i
659 487 38 22 och
708 487 42 28 för
765 488 34 21 sin
809 488 93 21 rörelses
912 490 32 18 ut-

394 521 104 28 vidgning
520 521 90 28 nedlagt
625 522 9 21 i
649 521 116 26 maskiner,
781 521 163 29 nybyggnader,

394 555 133 28 nyodlingar
541 556 49 21 med
605 563 58 14 mera
678 555 89 22 sådant.
792 555 62 22 Dock
864 556 36 21 må
911 556 33 20 di-

394 589 222 29 videndutdelningar
625 590 59 27 från
695 589 70 28 bolag,
777 589 72 22 hvilka
854 590 90 28 jemlikt

393 624 15 27 $
422 625 15 20 3
452 625 39 20 äro
506 624 213 28 inkomstbevillning
729 623 168 27 underkastade,
908 625 36 21 vid

395 657 147 29 beräkningen
558 657 30 27 af
598 657 179 29 bolagsmännens
793 658 100 21 enskilda
909 659 33 20 in-

393 691 69 22 komst
476 692 147 28 undantagas.

450 726 211 28 Anmärkning.
691 726 14 21 I
720 726 104 28 afdraget
846 726 37 26 för
906 733 35 14 ar-

394 760 106 21 betslöner
517 760 44 27 får
582 760 66 27 äfven
670 759 126 30 inbegripas
818 761 74 20 värdet
916 761 34 26 af

393 795 36 21 det
444 794 78 27 arbete,
537 801 45 14 som
598 794 30 27 af
638 795 120 27 allmogens
769 794 121 27 fullvuxna
902 795 39 21 och

392 828 186 27 mantalsskrifna
601 828 54 21 barn
665 827 42 29 för
717 828 159 27 föräldrarnes
891 829 51 21 räk-

393 863 53 28 ning
457 863 121 27 förrättas.

641 919 15 28 $
671 919 19 22 5.

448 965 64 21 Från
536 965 121 28 utgörande
680 964 31 28 af
729 963 229 29 inkomstbevillning

392 1001 39 20 äro
441 999 137 28 frikallade:

449 1033 25 28 a)
491 1033 94 28 Kyrkor,
596 1033 162 28 vetenskapliga
769 1033 110 26 samfund,
890 1033 51 21 hus-

391 1067 122 28 hållnings-
528 1067 39 21 och
578 1067 235 28 landtbrukssällskap,
825 1067 117 21 allmänna

391 1101 73 22 skolor
478 1101 39 22 och
536 1101 223 28 undervisningsverk,
782 1101 158 28 stipendiifon-

389 1136 45 25 der,
440 1135 219 28 pensionsanstalter,
670 1135 63 27 sjuk-
743 1135 38 21 och
787 1135 153 28 fattigvärds-

389 1170 161 27 inrättningar,
566 1169 109 27 äfvensom
691 1169 73 21 andra
771 1169 99 27 fromma
885 1169 55 27 stif-

390 1205 70 25 telser,
476 1203 209 28 lifränteanstalter,
702 1203 117 26 inhemska,
832 1204 32 27 pä
873 1205 65 19 ömse-

388 1239 59 27 sidig
468 1237 140 28 ansvarighet
621 1237 123 28 grundade,
756 1237 183 28 försäkringsbo-

389 1273 43 28 lag,
447 1271 135 29 sparbanker
597 1274 56 19 samt
668 1271 126 22 kommuner
809 1271 37 21 och
858 1271 80 28 menig-

387 1306 66 22 heter.

444 1340 23 28 0)
482 1340 84 22 Finska
588 1340 147 28 medborgare,
758 1339 78 26 hvilka,
853 1339 42 27 för
911 1339 26 21 ti-

386 1375 42 22 den
451 1375 82 21 bosatte
554 1377 58 19 utom
634 1373 106 25 Finland,
763 1373 82 21 utrikes
861 1373 76 27 drifva

386 1409 82 28 näring
482 1409 53 21 eller
549 1408 58 29 yrke,
618 1408 59 28 från
692 1407 153 22 inkomstskatt
850 1407 43 28 för
904 1407 37 21 be-

386 1443 127 28 hällningen
530 1443 73 27 deraf.
