1028 1667
238 111 26 20 42
428 110 28 24 U.
470 111 29 23 B.
514 124 23 5 —
552 112 72 29 Prop.
639 113 41 23 N:o
692 112 41 25 18.

210 322 23 20 m
260 326 37 34 a

383 386 48 51 "wy
444 390 275 39 Reservationer.

571 452 21 22 I.

274 490 43 20 Det
339 491 23 20 af
379 492 115 21 utskottets
514 493 75 27 flertal,
605 493 6 20 i
626 492 152 28 hufvudsaklig
794 493 162 20 öfverensstäm-

207 523 66 21 melse
292 525 48 20 med
355 525 41 21 den
411 526 79 28 nådiga
505 528 159 26 propositionen
679 528 7 20 i
702 529 79 25 ämnet,
797 527 115 21 omfattade
928 528 28 20 al-

207 558 105 21 ternativa
332 559 79 27 förslag
430 560 32 21 till
477 561 117 28 bevillning
609 562 32 20 för
657 562 42 20 fast
715 562 104 26 egendom
835 562 70 20 kunna
920 569 36 13 un-

206 592 144 22 dertecknade
364 594 49 21 icke
428 594 89 22 biträda.

274 627 33 20 Då
323 628 110 21 1877—78
449 630 34 19 års
502 629 97 27 Ständer,
615 630 6 20 i
637 630 99 20 ändamål
751 631 32 19 att
798 630 73 20 anvisa
882 630 74 26 bidrag

205 660 32 20 till
260 660 27 22 de
310 661 102 22 förökade
432 664 116 26 utgifterna
566 664 33 20 för
619 664 183 21 militärväsendet
822 664 39 20 och
877 664 33 20 för
925 666 31 18 att

205 694 79 21 bereda
306 697 119 27 ersättning
447 698 23 20 åt
486 697 133 22 Statsverket
634 698 33 21 för
683 698 36 20 det
735 698 125 27 ifrågasatta
876 697 78 27 upphö-

204 729 76 20 randet
299 729 24 21 af
336 730 26 20 de
377 731 33 20 för
424 732 132 21 närvarande
572 733 105 27 utgående
693 732 90 20 vakans-
799 732 40 20 och
856 738 99 20 passevo-

205 762 169 29 lansafgifterna,
397 766 85 20 anhöllo
503 768 31 18 att
550 767 34 20 vid
600 766 143 28 nästföljande
758 766 102 27 landtdag
875 766 80 26 förslag

205 797 65 21 måtte
293 798 129 28 framläggas
438 800 32 20 till
485 807 29 20 ny
530 800 136 28 beskattning
681 800 25 21 af
716 800 183 27 jordegendomen
916 800 39 20 och

204 838 69 14 annan
296 832 154 28 förmögenhet,
472 834 115 27 uppgjordt
609 835 67 27 enligt
698 834 41 20 den
755 834 111 27 grundsats
882 836 32 18 att
929 834 26 20 de

204 866 58 20 olika
283 866 74 28 slagen
380 867 22 20 af
422 867 148 28 förmögenhet
592 869 67 20 skulle
682 869 6 20 i
712 868 45 20 lika
777 868 132 20 förhållande
925 868 29 20 uti

204 899 69 21 denna
295 900 58 21 skatt
374 901 93 28 deltaga,
487 902 24 20 så
525 902 87 21 innebar
626 903 60 20 detta
702 902 110 20 uttalande
826 902 48 20 icke
890 902 65 26 något

205 934 115 20 afvikande
342 934 47 21 från
411 936 40 20 den
471 936 89 27 princip,
583 936 27 27 på
625 936 87 21 hvilken
731 936 41 20 den
788 936 121 20 nuvarande
924 936 30 20 in-

203 968 215 28 komstbevillningen
441 970 75 26 hvilar,
539 970 39 22 och
599 970 86 21 hvilken
708 970 75 20 främst
802 970 56 20 afser
873 976 32 20 en,
922 970 32 20 så-

203 1002 45 20 vidt
270 1003 90 27 möjligt,
372 1004 58 26 jemn
447 1004 119 27 fördelning
582 1004 24 20 af
618 1004 166 27 beskattningen
799 1004 6 20 i
821 1004 133 21 förhållande

203 1036 31 20 till
257 1036 25 21 de
306 1037 178 28 skattdragandes
505 1038 122 21 inkomster.
658 1039 48 19 Men
723 1041 55 17 ännu
794 1038 80 20 mindre
890 1045 64 20 synes

202 1071 60 20 detta
283 1072 110 20 uttalande
415 1072 71 21 kunna
507 1072 71 22 lemna
595 1080 44 12 rum
655 1072 33 21 för
704 1079 27 13 en
747 1072 66 20 sådan
828 1072 104 27 tolkning,
948 1072 6 20 i

203 1105 47 20 stöd
269 1105 79 21 hvaraf
363 1108 31 18 ett
414 1107 100 21 särskildt
533 1107 46 27 slag
598 1107 23 20 af
634 1106 151 28 förmögenhet
801 1118 23 3 —
842 1107 40 20 den
898 1106 56 21 fasta

201 1140 133 26 egendomen
352 1152 23 4 —
392 1141 152 21 företrädesvis
560 1141 67 21 skulle
642 1144 64 24 göras
718 1141 31 20 till
765 1141 89 21 föremål
870 1141 32 20 för
913 1142 40 19 den

201 1174 113 20 tillernade
336 1181 43 20 nya
402 1175 170 27 beskattningen,
594 1175 27 21 då
639 1176 24 26 ju
687 1175 42 21 den
748 1175 84 26 mening
847 1176 57 26 gjort
920 1176 33 26 sig

201 1208 100 26 gällande
324 1211 31 18 att
374 1209 37 20 det
426 1209 46 21 från
484 1209 181 27 jordegendomen
681 1209 107 21 härintills
803 1209 104 27 utgående
924 1209 29 20 bi-

203 1241 76 27 draget
301 1242 31 20 till
357 1243 154 20 militiekassan
526 1243 66 20 borde
607 1243 103 27 upphöra,
726 1242 65 21 sedan
807 1249 75 21 genom
899 1243 54 19 infö-

200 1276 76 20 randet
298 1276 23 20 af
342 1276 77 21 allmän
440 1277 119 27 värnepligt
574 1277 175 27 uppoffringarna
763 1276 33 21 för
811 1276 83 21 landets
909 1276 42 21 för-

201 1316 49 14 svar
264 1310 71 21 blifvit
350 1313 32 18 ett
397 1312 42 20 alla
453 1311 182 21 samhällsklasser
650 1311 131 21 tillhörande
796 1311 118 27 åliggande.

268 1344 126 21 Emellertid
412 1346 68 20 skulle
495 1352 26 14 en
536 1346 116 27 bevillning
667 1346 34 20 för
717 1345 60 20 såväl
793 1345 41 20 fast
849 1344 104 27 egendom

200 1384 44 14 som
260 1378 94 21 inkomst
370 1380 62 20 träffa
447 1380 135 27 fastigheten,
597 1380 83 20 således
689 1380 64 20 äfven
761 1379 190 27 jordegendomen,

201 1412 6 20 i
230 1412 67 27 högre
319 1414 53 26 grad
395 1416 26 18 än
444 1414 55 27 öfrig
514 1414 153 27 förmögenhet,
681 1414 41 20 och
739 1413 88 21 sålunda
842 1412 111 21 motverka

203 1446 40 20 den
259 1446 89 21 afsedda
363 1448 150 27 utjemningen.

269 1485 198 24 Bevillningsutskottets
480 1487 104 19 betänkande
596 1487 34 17 N:o
641 1487 18 17 5.
