1025 1664
231 109 26 21 32
538 110 34 21 N:o
588 110 36 21 25.

548 179 11 27 &
576 181 32 19 72.

277 220 17 19 1.
325 219 81 20 Besvär
423 219 58 21 öfver
497 219 127 27 Magistrats
641 219 72 21 beslut
729 220 5 19 i
752 219 85 25 ärende,
855 225 44 14 som
911 225 44 14 om-

200 252 103 22 förmäles
320 254 5 20 i
342 253 11 28 &
370 255 19 24 3,
400 254 34 20 mä
445 254 40 21 hos
495 254 151 27 Länestyrelse
658 254 6 21 i
676 254 71 25 vanlig
759 253 91 26 ordning
861 252 94 21 anföras.

273 289 19 19 2.
330 283 31 26 Är
383 288 228 21 bränvinstillverkare
635 288 103 26 missnöjd
762 287 48 21 med
835 287 118 26 föreskrift,

201 327 45 15 som
264 321 120 22 kontrollör
399 323 52 20 eller
467 323 181 20 öfverkontrollör
659 323 68 25 enligt
743 322 5 27 $
760 323 27 20 28
798 328 62 15 mom.
873 323 11 19 2
896 321 58 21 med-

201 356 61 21 delar
285 357 38 20 och
348 357 84 20 hvilken
455 359 77 24 genast
551 357 55 21 skall
627 358 88 25 bringas
734 357 32 20 till
784 356 169 26 verkställighet,

201 390 53 21 eller
277 391 47 20 med
345 391 191 22 öfverkontrollörs
558 392 77 25 beslut,
657 391 111 27 angäende
785 391 65 20 sädan
868 391 87 26 stridig-

200 425 44 26 het,
261 425 87 22 hvarom
368 426 5 21 i
394 426 11 27 &
424 427 26 21 32
467 426 107 26 förmäles,
591 426 33 21 får
640 427 91 25 ändring
748 426 38 20 hos
803 426 151 26 Länestyrelse

200 459 65 21 sökas
289 461 56 20 inom
369 461 73 21 trettio
467 461 71 26 dagar,
561 461 93 21 räknadt
676 461 6 21 i
698 461 59 20 förra
773 460 61 21 fallet
849 460 46 21 från
913 460 40 20 den

200 493 42 27 dag
258 493 138 22 föreskriften
417 495 118 21 meddelats
555 495 39 21 och
614 496 5 20 i
641 496 36 20 det
693 495 91 20 sednare
799 494 46 21 frän
863 494 91 27 löpande

200 527 210 28 bränningstermins
427 530 50 20 slut.

274 563 17 20 3.
322 563 37 21 Uti
376 564 48 21 dei
440 571 61 14 mom.
520 566 8 19 1
547 565 39 20 och
602 565 12 20 2
631 564 92 21 nämnda
739 564 93 20 ärenden
843 563 109 21 äfvensom

200 596 6 21 i
223 596 33 26 de,
273 597 72 21 hvilka
364 598 66 26 enligt
449 598 24 27 $$
493 599 11 20 6
524 598 38 21 och
583 599 27 20 20
630 598 12 21 å
658 598 162 26 Länestyrelses
837 597 116 26 afgörande

199 630 121 27 ankomma,
344 632 34 20 mä
401 632 90 26 ändring
514 632 64 21 sökas
602 633 56 20 inom
679 632 70 21 sextio
769 632 66 26 dagar
851 632 54 20 efter
921 638 31 14 er-

198 665 72 21 hällen
288 666 32 20 del
338 666 22 20 af
375 666 93 21 beslutet
483 667 6 20 i
505 666 105 22 Senatens
627 667 274 26 Ekonomiedepartement.

545 724 11 27 8
574 726 32 19 73.

274 764 17 20 1.
321 764 63 20 Hvad
406 764 7 21 i
437 764 68 21 denna
524 764 126 27 förordning
669 767 24 18 är
713 770 33 15 om
763 764 115 26 Magistrat
893 764 58 20 stad-

198 797 59 27 gadt,
281 798 56 26 gälle
361 798 38 21 ock
422 799 33 20 för
474 798 154 27 Ordningsrätt
648 800 5 19 i
674 799 55 25 stad,
747 799 38 20 der
800 798 116 26 Magistrat
932 798 18 26 ej

198 830 75 22 finnes.

272 868 18 19 2.
321 867 10 21 I
355 867 79 26 köping
457 867 112 21 ankomme
583 862 12 36 ä
621 868 37 20 der
678 868 80 20 tillsatt
774 867 91 27 styrelse
880 866 71 22 äfven-

198 906 46 15 som
266 901 12 20 å
297 901 119 27 köpingens
436 902 181 26 röstberättigade
633 902 140 21 medlemmar
788 902 54 20 hvad
860 902 5 20 i
882 902 69 20 denna

197 934 128 26 förordning
345 938 23 18 är
388 942 33 14 om
442 936 120 26 Magistrat,
583 936 198 26 stadsfullmägtige
801 936 52 20 eller
873 936 78 20 allmän

198 968 175 23 rädhusstämma
388 970 107 27 päbjudet.

544 1005 11 27 8
572 1006 32 20 74.

272 1045 18 19 1.
321 1044 50 26 Mäl,
388 1050 45 15 som
449 1045 54 26 angä
519 1044 129 27 förbrytelse
664 1047 59 18 emot
733 1044 70 21 denna
813 1044 137 27 förordnings

198 1077 101 27 innehäll,
317 1078 61 21 skola
397 1081 105 25 upptagas
523 1080 39 20 och
581 1079 97 21 afdömas
694 1079 28 27 pä
737 1079 74 21 landet
827 1078 22 22 af
863 1079 88 21 härads-

198 1113 45 20 rätt
266 1113 39 20 och
328 1113 7 21 i
359 1114 47 20 stad
425 1114 23 20 af
466 1113 163 27 rädstufvurätt,
646 1114 60 25 eller,
723 1119 33 15 om
773 1113 112 21 derstädes
902 1114 48 20 ord-

197 1146 111 27 ningsrätt
323 1148 48 20 dom
388 1148 6 20 i
410 1148 59 26 värjo
485 1148 79 23 hafver,
580 1148 22 20 af
616 1148 69 20 denne
702 1149 48 19 rätt.

270 1182 20 20 2.
320 1182 39 26 De,
383 1188 45 15 som
452 1183 6 20 i
480 1183 63 21 dessa
562 1182 41 21 mäl
620 1188 63 16 anses
701 1182 99 21 förfallne
817 1182 31 21 till
866 1188 83 20 ansvar,

196 1214 63 22 skola
275 1216 18 25 ej
310 1216 92 21 allenast
417 1216 54 21 efter
490 1217 80 26 skäligt
590 1216 146 28 bepröfvande
752 1218 83 19 ersätta
850 1216 101 26 äklagare

196 1249 40 21 och
252 1250 82 20 vittnen
351 1250 62 21 deras
429 1251 6 20 i
452 1251 64 21 saken
533 1251 89 26 &bragte
638 1251 126 23 kostnader,
781 1253 51 19 utan
849 1251 45 25 ock,
911 1252 39 19 när

196 1283 102 21 domaren
322 1285 37 20 det
381 1285 70 25 äskar,
475 1285 67 26 enligt
564 1286 99 25 gällande
688 1287 57 24 taxa,
766 1285 71 20 utlösa
856 1285 42 20 alla
916 1285 33 20 till

195 1317 67 22 mälet
278 1318 95 21 hörande
388 1319 108 26 protokoll
512 1319 39 21 och
567 1320 78 26 utslag.

540 1377 12 27 8
569 1377 33 20 75.

268 1415 104 22 Senatens
388 1417 268 26 Ekonomiedepartement
674 1419 25 18 är
715 1416 129 21 förbehället
863 1418 38 24 att,
917 1417 34 20 till
