1028 1664
216 112 26 19 64
420 109 24 23 U.
461 109 22 23 B.
501 122 27 3 —
544 110 65 28 Prop.
625 110 39 22 N:o
680 108 34 23 24.

187 176 71 21 såsom
274 175 64 28 Vetil,
354 176 103 28 Kaustby,
474 176 114 28 Reisjärvi,
607 175 100 26 Paavola,
719 175 96 22 Wihanti
825 176 119 21 motsvaras

187 210 7 22 i
209 210 105 22 Savolaks
330 210 22 22 af
364 210 123 27 Heinävesi,
504 211 140 26 Rantasalmi,
661 210 101 27 Sulkava,
777 210 139 22 Haukivuori.

255 245 51 22 Man
321 245 39 22 har
375 245 73 22 vidare
463 245 58 22 inom
537 245 111 22 utskottet
663 245 51 22 sökt
728 244 112 22 framhålla
855 246 33 19 att
897 251 48 21 per-

187 279 132 23 sontrafiken
334 280 13 21 å
362 280 51 21 våra
431 280 83 21 mindre
535 279 131 23 trafikerade
684 280 68 21 banor
767 279 48 22 icke
830 279 61 22 lönar
906 279 38 28 sig,

187 316 57 20 samt
259 316 33 20 att
307 313 84 23 derföre
406 315 70 27 någon
493 314 108 28 synnerlig
616 314 46 27 vigt
676 314 19 27 ej
707 313 57 28 finge
774 314 74 27 läggas
858 314 29 27 på
896 319 49 22 pas-

187 348 205 28 sageraretrafikens
415 349 88 22 storlek.
536 348 65 23 Utom
624 350 40 25 att,
684 355 77 21 genom
781 354 26 16 en
823 354 70 16 annan
909 354 36 16 an-

189 383 90 28 ordning
290 383 22 22 af
321 383 234 28 passageraretrafiken
567 383 12 22 å
590 383 52 22 våra
651 383 129 22 kommande
790 383 74 26 banor,
876 383 70 21 denna

187 420 53 20 utan
255 418 74 22 tvifvel
341 419 43 21 kan
398 420 63 26 göras
476 425 61 15 mera
551 418 99 27 lönande,
668 417 41 22 och
720 418 167 27 anmärkningen
898 417 47 22 der-

187 452 47 23 före
248 453 50 30 med
314 453 101 22 afseende
430 453 13 22 å
459 453 48 22 dem
521 452 103 27 förfaller,
640 453 40 21 har
695 459 48 15 man
756 453 34 21 väl
801 452 54 22 dock
867 452 18 27 ej
896 451 50 22 med

188 487 37 22 det
240 487 90 23 anförda
352 488 130 27 påståendet
500 488 59 22 velat
579 490 52 25 säga
651 489 33 20 att
701 487 37 22 det
754 489 23 20 är
792 487 7 22 i
817 487 127 28 jernvägens

187 522 93 23 intresse
296 525 34 20 att
344 522 233 29 passageraretrafiken
594 522 70 23 blefve
680 523 24 21 så
720 522 61 27 ringa
796 528 46 16 som
856 521 89 28 möjligt.

189 557 39 22 Om
243 557 234 28 passageraretrafiken
493 557 165 28 nödvändigtvis
675 557 70 22 måste
760 557 28 27 gå
802 557 49 22 med
861 556 83 27 förlust,

189 592 25 22 så
229 593 23 20 är
269 591 37 23 det
318 592 24 27 ju
360 592 53 27 godt
428 599 35 15 om
482 598 78 21 genom
576 598 27 15 en
618 593 72 20 större
705 591 64 22 trafik
785 591 69 22 denna
869 591 77 22 förlust

187 626 42 22 blir
244 627 80 21 minsta
338 627 92 27 möjliga,
448 627 41 22 och
499 628 33 20 ett
543 627 142 27 uppsökande
696 625 23 23 af
727 625 125 23 folktomma
863 626 82 22 trakter

187 661 43 21 kan
246 661 85 22 derföre
346 661 34 22 väl
396 661 47 22 icke
459 667 66 22 gerna
541 667 64 16 anses
620 660 116 23 önskvärd.

256 695 11 22 I
282 695 74 28 hvarje
371 695 103 22 händelse
490 696 64 22 beror
569 695 56 22 dock
640 697 83 20 största
739 695 62 22 delen
817 695 22 22 af
847 695 97 28 godstra-

188 729 68 22 fikens
272 730 95 22 inkomst
383 730 51 22 eller
449 731 42 21 den
506 730 23 22 af
542 730 68 28 fjerde
624 729 127 28 kategorins
766 730 54 27 gods
831 729 83 22 direkte
925 729 22 22 af

188 764 158 28 folkmängden,
367 765 62 22 hvars
450 765 141 28 obestridliga
610 765 113 28 betydelse
739 763 33 23 för
783 763 161 29 jernvägstrafi-

188 799 54 22 kens
258 799 83 22 storlek
358 799 83 22 derföre
457 799 18 28 ej
491 799 43 22 kan
550 799 186 22 bortresonneras.

257 834 49 21 Men
322 833 59 23 såväl
397 835 108 22 utskottet
515 841 47 16 som
575 833 269 29 jernvägskommissionen
860 833 39 22 har
912 836 32 19 ut-

189 869 60 26 talat,
270 870 33 20 att
322 869 18 28 ej
362 869 91 22 allenast
473 869 42 22 den
533 869 101 22 absoluta
648 869 153 27 folkmängden
817 870 51 20 utan
884 868 62 23 äfven

188 902 157 23 folktillväxten
360 903 70 22 måste
445 903 118 27 behörigen
578 903 99 22 beaktas.
708 903 10 22 I
734 903 61 22 detta
810 902 101 23 afseende
923 905 23 20 är

189 943 25 16 en
227 937 125 28 jemförelse
368 937 90 22 emellan
481 937 27 22 de
528 937 57 22 båda
604 937 153 22 landsorterna
775 937 82 28 ganska
872 937 74 28 upply-

188 971 74 22 sande.
293 972 56 21 Från
375 974 52 20 1855
450 972 33 22 till
507 974 56 20 1878
586 973 100 27 utgjorde
708 972 156 22 folktillväxten
887 972 6 21 i
914 971 32 23 S:t

188 1006 90 22 Michels
300 1007 36 21 län
356 1008 30 25 9,9
406 1007 34 26 %,
461 1007 3 22 i
479 1007 84 28 Kuopio
584 1007 36 22 län
642 1009 43 25 16,6
706 1007 32 27 %,
754 1007 7 21 i
776 1006 119 28 Uleåborgs
910 1007 36 21 län

189 1042 43 25 11,6
248 1041 31 26 %%
296 1041 40 22 och
351 1041 7 22 i
374 1042 66 21 Wasa
454 1042 35 21 län
506 1043 43 25 24,:
566 1042 34 26 %.
623 1042 48 21 Den
686 1041 51 28 låga
752 1041 72 22 siffran
839 1041 33 22 för
882 1041 64 22 Uleä-

187 1075 65 28 borgs
268 1075 36 22 län
324 1076 40 21 har
383 1076 66 22 delvis
471 1077 32 21 sin
520 1076 64 22 orsak
600 1076 7 22 i
623 1077 37 21 det
675 1075 165 23 fruktansvärda
855 1077 91 21 nödäret

189 1111 62 20 1868.
267 1110 74 27 Enligt
352 1110 225 28 jernvägsutskottets
588 1111 138 22 betänkande
737 1111 35 22 vid
780 1112 88 21 senaste
875 1110 71 23 landt-

188 1145 42 26 dag
246 1145 38 21 sid.
303 1147 25 20 13
349 1145 100 28 utgjorde
469 1145 158 22 folktillväxten
646 1145 48 22 frän
711 1147 139 21 1840—1875
866 1145 33 23 för
915 1146 32 22 S:t

187 1179 91 22 Michels
293 1179 37 22 län
347 1181 43 25 19,8
406 1180 34 27 %,
455 1180 87 28 Kuopio
557 1180 36 22 län
609 1182 44 25 42,5
669 1181 35 26 %/,
720 1180 118 27 Uleåborgs
854 1180 35 22 län
902 1183 44 24 46,8

187 1214 27 26 %/%
230 1214 42 21 och
293 1214 80 22 Waasa
393 1216 44 26 52,5
457 1215 32 26 %.
520 1215 72 22 Dessa
610 1215 71 22 siffror
695 1215 47 22 visa
756 1215 29 28 pä
800 1215 86 22 talande
902 1217 44 20 sätt

187 1249 33 20 att
240 1243 148 32 Österbotten,
412 1249 96 22 särdeles
529 1249 28 23 de
576 1250 53 27 inre,
645 1256 29 15 nu
687 1249 157 28 jemförelsevis
861 1250 84 27 glesare

187 1281 115 23 befolkade
324 1283 87 22 delarne
434 1283 66 28 deraf,
523 1286 38 20 äro
585 1284 79 23 stadda
683 1285 8 20 i
711 1285 32 21 ett
763 1284 78 22 snabbt
859 1283 87 23 framät-

187 1316 122 23 skridande.
318 1317 20 26 *)

228 1391 18 27 *)
251 1395 81 18 Hvilken
340 1395 94 23 betydelse
441 1396 117 19 dessasiffror
565 1402 34 18 ega
607 1397 79 23 framgår
693 1403 22 12 ur
720 1399 28 16 ett
752 1397 95 18 uttalande
853 1397 93 22 angående

186 1422 135 19 folktillväxten
337 1424 5 17 i
358 1424 88 19 Finlands
461 1426 89 17 särskilda
560 1425 31 18 län
601 1426 6 17 i
618 1426 106 17 Statistiska
734 1426 67 23 byråns
811 1426 135 23 publikationer

257 1460 190 23 Jernväysutskottets
461 1462 116 18 betänkande
589 1463 36 17 N:o
638 1464 16 16 1.
