1020 1661
258 123 23 24 U.
297 123 23 24 B.
335 133 30 7 —
381 123 63 28 Prop.
461 122 39 24 N:o
516 122 38 23 25.
756 122 26 21 29

192 182 30 27 pä
245 181 45 20 med
311 181 54 28 sprit
388 180 95 27 tillagade
506 179 93 29 drycker,
621 179 62 29 äfven
703 186 33 13 om
752 180 60 20 deras

193 215 122 21 alkoholhalt
336 215 43 21 icke
401 216 86 28 uppgår
509 214 29 21 till
560 215 31 20 det
606 215 9 19 i
629 213 30 22 50
675 216 16 24 $
706 213 105 21 bestämda

190 249 123 29 procenttal.

468 282 16 28 $
502 283 35 21 15.

264 323 55 22 Lika
332 323 49 22 med
395 322 12 29 $
423 324 26 20 17
464 323 8 21 i
487 322 167 28 propositionen.

470 386 16 27 8
500 386 37 21 16.

265 425 148 22 Minuthandel
435 426 45 21 med
502 426 121 27 spritvaror
645 427 33 19 må
695 427 31 28 på
742 425 70 21 landet

195 461 44 21 icke
261 460 118 29 medgifvas
394 461 57 20 inom
467 467 23 14 en
506 464 54 17 verst
572 460 55 28 från
643 460 62 28 kyrka
721 460 35 21 och
772 461 40 22 fem

195 499 53 17 verst
266 495 57 28 från
345 495 54 21 stad.
434 494 11 20 TI
458 494 114 21 allmänhet
587 494 38 21 bör
639 495 77 20 sådant
728 495 84 28 försälj-

196 529 121 29 ningsställe
339 537 54 13 vara
408 529 76 27 beläget
500 529 34 20 vid
548 533 68 23 öppen
630 533 55 24 gata,
702 533 44 23 torg
763 529 49 21 eller

196 564 78 23 allmän
288 567 45 24 väg,
350 564 46 20 med
413 565 77 26 utgång
505 562 78 28 dertill,
601 571 44 13 men
657 563 42 29 får
714 564 20 27 ej
745 564 67 24 finnas

196 601 8 18 i
220 598 99 21 närheten
334 598 26 29 af
372 598 92 28 offentlig
478 598 65 26 skola,
560 598 79 23 kasern,
655 601 65 18 större
734 598 78 27 fabrik,

195 633 59 24 bruk,
276 632 85 28 sågverk
384 632 49 21 eller
454 632 62 28 plats,
531 632 36 20 der
581 636 68 18 större
664 633 150 29 arbetsföretag

197 668 114 25 bedrifves;
333 668 109 26 magistrat
462 668 9 19 i
487 667 49 21 stad
550 667 37 20 och
603 667 210 21 kommunalstämma

197 703 14 19 &
225 702 70 20 landet
310 702 53 20 dock
378 702 88 28 obetaget
483 705 30 17 att
528 701 67 21 tillåta
607 702 25 20 de
643 701 109 28 afvikelser
758 702 55 28 från

197 737 59 20 dessa
271 736 136 28 stadganden,
422 744 44 13 som
482 736 52 28 efter
549 736 162 22 vederbörandes
721 736 93 22 hörande

198 771 71 21 kunna
283 774 51 18 utan
349 770 105 28 olägenhet
470 770 123 29 medgifvas.

472 833 16 28 $
503 833 32 20 17.

272 873 41 21 Vid
335 873 86 29 tillfälle,
436 874 27 20 då
488 874 92 24 auktion,
595 874 109 25 marknad,
722 875 92 27 torgdag,

198 908 114 28 besigtning
335 908 28 29 af
383 907 155 30 värnepligtige,
554 908 201 28 uppbördsstämma,
773 909 42 27 ting

198 942 48 22 eller
269 950 70 13 annan
356 942 135 30 folksamling
508 943 157 28 föranledande
681 944 134 28 förrättning

199 977 63 21 hålles
283 979 29 26 på
335 977 74 26 landet,
429 977 35 21 bör
480 978 105 21 derstädes
599 977 93 30 befintlig
708 978 108 21 bränvins-

193 1011 135 28 försäljning,
344 1011 83 28 belägen
442 1012 58 21 inom
516 1020 24 13 en
557 1016 52 17 verst
624 1012 51 27 från
690 1013 63 27 sagde
768 1012 49 21 stäl-

199 1045 40 28 len,
255 1046 65 21 hållas
337 1045 109 29 tillstängd.

269 1081 19 21 2.
319 1081 15 20 I
346 1082 47 19 stad
408 1088 34 20 ege
456 1081 120 28 magistrat,
591 1089 33 13 om
636 1081 110 28 anledning
756 1081 60 21 skulle

193 1114 140 29 förekomma,
349 1119 32 17 att
397 1115 145 21 minuthandel
555 1116 46 20 med
616 1116 47 21 eller
677 1116 141 27 utskänkning

200 1150 26 26 af
246 1150 143 28 spritdrycker
411 1150 36 20 bör
465 1150 115 28 förbjudas
597 1150 35 20 vid
653 1152 61 26 något
730 1150 28 28 af
770 1150 24 21 de
810 1150 8 20 i

199 1183 124 28 föregående
345 1192 62 14 mom.
430 1185 129 20 omnämnda
582 1184 102 28 tillfällen,
703 1184 36 22 att
748 1185 70 20 derom

200 1218 97 21 meddela
307 1218 116 29 föreskrift.

474 1282 16 27 $
505 1282 35 22 18.

270 1320 85 22 Momm.
373 1322 10 20 1
401 1321 39 23 och
455 1322 13 21 2
485 1328 45 16 som
545 1322 7 22 i
581 1316 23 39 20
623 1322 23 22 af
653 1322 166 28 propositionen.

270 1356 18 20 3.
320 1354 111 30 Flyttning
451 1356 29 28 af
493 1357 215 28 minutförsäljnings-
725 1357 49 21 eller
790 1360 30 17 ut-

200 1389 185 28 skänkningsställe
405 1392 35 19 mä
455 1391 44 21 icke
514 1391 33 21 ske
563 1395 50 17 utan
628 1391 85 22 erhället
728 1391 92 20 tillständ

201 1423 9 20 i
232 1424 47 20 stad
301 1424 28 28 af
348 1425 109 26 magistrat
479 1429 55 17 samt
548 1428 30 25 pä
593 1425 73 22 landet
681 1426 25 27 af
718 1426 39 20 den
774 1425 46 21 eller

200 1458 25 20 de
239 1457 149 28 myndigheter,
403 1466 43 14 som
463 1459 104 22 meddelat
582 1459 129 29 rättigheten.

132 1496 192 19 Ekonomiutskottets
337 1497 116 19 betänkande
465 1499 37 18 N:o
515 1499 30 18 25.
