1028 1661
282 121 29 23 U.
326 123 27 22 B.
371 135 24 4 —
411 122 73 28 Prop.
499 122 42 22 N:o
558 120 35 24 18.
767 121 11 21 3

67 186 40 19 den
132 186 69 21 första
223 187 23 20 af
262 187 26 20 de
307 187 109 20 Komiténs
432 186 136 21 betänkande
584 185 114 28 vidfogade
714 191 94 14 reserva-

67 219 70 20 tioner
159 223 98 18 närmare
281 220 126 27 utvecklats,
427 222 32 18 att
474 220 36 20 det
525 219 123 27 föreslagna
663 219 99 27 afdraget
777 219 33 20 för

68 254 115 20 intecknad
198 254 50 27 gäld
264 255 48 20 icke
327 261 44 19 ens,
387 255 69 20 såsom
473 254 88 20 dermed
577 254 80 24 afsetts,
674 253 68 20 skulle
752 253 57 20 med-

68 287 47 20 föra
130 294 26 14 en
170 289 58 25 jemn
244 288 39 20 och
299 289 76 19 rättvis
391 288 138 27 beskattning
545 288 23 20 af
581 288 40 20 den
637 288 124 26 personliga
768 287 42 20 för-

69 322 149 26 mögenheten,
233 325 51 17 utan
299 322 152 20 företrädesvis
465 322 88 20 komma
567 322 26 20 de
609 324 68 18 större
689 322 122 26 fastighets-

69 362 93 20 egarene
186 356 32 20 till
243 357 64 26 godo,
329 356 77 21 medan
428 363 65 21 egare
509 356 24 20 af
545 356 81 20 mindre
642 356 108 26 fastighet,
766 362 45 14 som

69 391 48 20 icke
133 393 37 24 egt
185 391 126 27 tillräckligt
326 391 65 20 värde
407 391 32 20 för
455 393 31 18 att
501 391 72 20 kunna
588 391 6 20 i
611 391 78 20 allmän
704 391 64 19 kassa
775 390 37 20 be-

69 425 67 26 lånas,
159 425 56 27 finge
237 425 72 20 betala
332 425 36 20 full
390 425 63 25 skatt,
473 427 50 19 utan
539 425 101 20 afseende
656 426 27 26 på
698 425 41 20 den
755 424 57 27 gäld,

69 458 103 21 hvarmed
195 459 41 20 han
259 459 92 20 likafullt
373 460 7 19 i
397 460 77 26 många
489 460 38 20 fall
543 466 50 14 vore
609 459 115 27 betungad.
754 458 58 21 Med-

70 493 112 26 gifvandet
196 493 24 20 af
233 496 32 17 ett
279 493 70 27 dylikt
363 494 76 27 afdrag
455 494 69 20 skulle
540 494 83 20 således
638 494 7 19 i
656 493 98 26 betydlig
763 499 49 14 mon

71 527 104 20 reducera
194 527 121 21 inkomsten
331 528 24 20 af
368 529 40 19 den
424 529 127 20 invecklade
567 528 39 21 och
622 527 141 27 arbetsdryga
777 527 36 20 be-

72 561 144 26 skattningen,
232 564 50 18 utan
298 564 31 18 att
344 562 56 20 dock
415 569 37 13 ens
467 562 99 27 uppfylla
580 562 36 20 det
632 562 47 20 med
695 562 120 20 detsamma

73 595 98 26 åsyftade
194 596 105 20 ändamål.
316 608 23 3 —
357 596 34 20 Uti
415 599 32 17 ett
462 599 65 18 annat
543 596 99 21 afseende
658 596 45 20 åter
718 596 39 20 har
771 596 42 19 Ko-

73 629 64 21 mitén
162 630 44 20 helt
228 630 40 20 och
291 630 66 20 hållet
371 631 88 20 handlat
474 632 7 18 i
497 631 52 21 strid
565 631 48 20 med
628 632 31 18 sin
676 630 139 20 förenämnda

73 663 136 27 uppfattning
232 664 24 20 af
276 664 40 20 den
339 665 122 27 föreslagna
479 665 209 27 fastighetsskattens
704 667 68 23 natur,
789 664 27 20 då

73 697 99 22 Komitén
195 698 58 20 velat
270 702 53 23 göra
338 706 25 13 en
379 700 66 19 sådan
461 700 68 26 enligt
544 699 47 21 dess
608 700 84 26 mening
707 698 108 27 personlig

74 732 219 27 förmögenhetsskatt
315 734 150 26 oföränderlig.
500 734 61 20 Efter
583 740 26 14 en
625 733 104 27 felslagen
745 733 71 24 skörd,

74 773 45 14 som
136 767 65 20 likväl
217 767 49 20 icke
283 768 69 20 kunde
369 768 111 20 föranleda
490 768 140 20 nedsättande
639 768 23 20 af
665 767 150 27 jordlägenhe-

75 803 46 18 tens
136 801 183 27 taxeringsvärde,
334 808 52 13 vore
401 808 80 20 egaren
490 802 89 20 sålunda
587 804 92 24 tvungen
691 804 31 17 att
733 801 33 20 för
776 801 41 20 den

75 836 155 26 förmögenhet,
253 836 77 20 hvaraf
350 836 41 20 han
414 836 61 27 ringa
495 836 52 20 eller
561 836 63 27 ingen
639 836 94 20 inkomst
748 835 69 27 njutit,

75 870 89 27 erlägga
179 876 81 14 samma
276 869 58 21 skatt
349 876 45 14 som
410 876 103 21 grannen,
528 870 86 20 hvilken
629 871 27 26 på
666 870 36 20 sitt
713 870 44 20 lika
767 876 51 20 upp-

76 904 100 20 skattade
191 904 98 20 hemman
304 904 94 20 inhöstat
413 911 26 13 en
454 904 34 21 rik
505 905 66 26 äring,
587 907 31 18 ett
625 904 140 26 förbållande,
773 910 46 14 som

76 941 50 17 utan
152 938 74 20 tvifvel
251 938 68 20 måste
341 938 81 21 kännas
445 939 41 20 och
509 939 104 20 erkännas
639 939 69 20 såsom
729 944 26 14 en
771 938 49 20 svår

76 972 110 26 orättvisa,
206 972 39 20 allt
263 972 65 20 under
347 972 136 21 vidhållande
499 973 48 20 utaf
559 972 109 22 Komiténs
683 972 138 27 uppfattning

77 1006 24 21 af
114 1006 199 27 fastighetsskatten
328 1007 70 20 såsom
414 1014 27 13 en
456 1007 148 21 modifikation
621 1007 22 20 af
651 1006 169 21 inkomstbevill-

78 1041 85 26 ningen.
194 1040 69 20 Ofvan
286 1041 117 26 uppvisade
421 1042 7 19 i
443 1041 112 22 Komiténs
571 1042 79 26 förslag
666 1041 155 21 förekomman-

78 1075 26 20 de
127 1074 214 27 sammanblandning
359 1075 24 20 af
396 1075 36 20 två
447 1076 34 26 sig
497 1076 91 20 emellan
604 1076 88 26 stridiga
707 1075 114 27 principer,

77 1110 7 19 i
107 1109 98 27 förening
227 1109 49 20 med
291 1109 41 20 den
345 1109 80 26 jemväl
441 1109 97 27 antydda
553 1109 163 27 omständighet,
733 1111 31 18 att
780 1108 41 21 för-

78 1144 70 26 slaget
163 1143 48 20 icke
227 1143 108 27 uppfyller
349 1143 37 20 det
401 1143 24 20 af
438 1145 86 19 senaste
540 1143 89 21 Ständer
645 1143 113 27 uppstälda
775 1149 47 20 pro-

79 1185 67 20 gram,
162 1180 53 24 göra
230 1177 118 20 detsamma
363 1177 67 27 enligt
445 1177 245 27 Utskottsmajoritetens
706 1177 56 27 åsigt
773 1183 49 14 oan-

80 1212 84 27 tagligt.
180 1223 26 4 —
222 1211 40 20 Om
286 1214 26 17 än
327 1213 85 18 senaste
428 1211 161 21 Ständermötes
605 1211 128 25 uttalanden,
751 1210 73 21 hvilka

80 1246 65 21 bland
160 1247 65 19 annat
240 1245 113 20 framhöllo
369 1245 36 20 det
420 1246 91 20 rättvisa
527 1246 30 20 uti
569 1246 88 26 jordens
673 1244 129 28 deltagande
817 1244 7 19 i

80 1280 102 21 framtida
200 1279 138 27 beskattning
354 1279 33 21 för
401 1280 151 25 härväsendet,
567 1280 46 20 icke
628 1280 71 20 kunna
715 1285 61 15 anses
789 1278 36 20 för

81 1322 27 13 nu
132 1314 129 21 församlade
285 1314 91 20 Ständer
399 1314 115 27 bindande,
530 1314 91 27 förtjena
636 1314 109 20 desamma
759 1312 66 20 likväl

81 1349 38 21 allt
135 1348 109 26 afseende,
260 1348 23 20 så
299 1348 62 26 länge
377 1348 131 21 förändrade
519 1348 147 21 förhållanden
677 1348 48 20 icke
736 1346 91 28 upphäft

81 1384 26 19 de
128 1383 52 24 skäl,
196 1382 81 26 hvarpå
293 1382 109 20 desamma
417 1382 58 21 stödt
491 1383 44 26 sig:
551 1382 40 21 och
605 1382 121 21 Utskottets
741 1380 85 27 majori-

82 1419 31 18 tet
135 1417 39 20 har
196 1416 79 26 derför,
302 1415 35 20 vid
363 1415 88 28 frågans
473 1417 138 26 preliminära
632 1415 131 26 behandling
786 1414 40 20 och

82 1451 67 20 under
172 1451 153 25 förutsättning
344 1449 23 20 af
381 1456 26 14 en
423 1450 56 21 ökad
496 1451 71 20 direkt
581 1450 128 26 bevillnings
724 1448 103 27 behöflig-

146 1489 203 22 Bevillningsutskottets
363 1489 106 18 betänkande
482 1489 35 18 N:o
531 1490 18 17 5.
