1025 1661
413 114 36 21 N:o
464 114 36 22 25.
779 115 26 20 39

79 181 57 22 relse
153 182 52 21 eller
221 183 116 26 Magistrat'
357 183 154 26 ofördröjligen
532 183 127 21 underrätta
674 183 161 21 vederbörande

81 217 161 26 uppbördsman
258 223 33 14 om
307 217 124 21 meddeladt
447 217 98 21 tillständ
562 217 33 21 till
610 217 129 27 försäljning
754 217 23 20 af
786 217 49 21 sist-

80 251 94 20 nämnda
190 251 52 27 slag.
272 251 42 21 För
333 252 102 21 bränvins
455 252 146 26 utskänkning
620 252 12 20 &
651 251 183 27 passagerarefar-

82 286 37 25 tyg
143 285 61 21 skola
228 285 114 26 afgifterne
366 286 87 20 tillfalla
471 286 40 20 den
531 286 49 20 stad
596 286 52 20 eller
663 286 172 25 landskommun,

82 319 88 21 hvarest
185 320 93 20 rederiet
294 320 38 20 har
349 320 38 21 sitt
402 320 136 21 hufvudsäte.

433 395 10 27 8
463 396 31 19 14.

157 434 100 26 Bränvin,
281 441 45 14 som
350 434 99 27 försäljes
469 435 35 20 vid
527 435 66 26 parti-
612 435 52 20 eller
684 435 153 26 minuthandel,

85 469 36 20 mä
136 469 47 20 icke
199 469 105 20 utlemnas
318 469 53 21 eller
383 470 90 20 emellan
491 469 51 21 flere
557 469 81 27 köpare
654 469 94 21 fördelas
764 470 5 20 i
786 469 52 21 min-

85 503 38 21 dre
140 503 84 27 belopp,
242 505 25 19 än
282 510 45 14 som
344 503 33 22 fär
393 504 111 27 föryttras.

434 573 11 27 8
465 574 31 20 15.

161 613 17 19 1.
210 612 24 27 Ej
258 612 34 21 mä
312 612 76 27 någon,
409 619 44 14 som
474 613 46 21 icke
541 613 89 21 innehar
645 614 44 19 rätt
705 614 32 19 att
752 612 89 27 försälja

87 647 97 25 bränvin,
196 647 133 26 tillhandagä
343 647 144 21 allmänheten
504 648 47 20 med
562 647 139 21 anskaffande
712 647 65 25 deraf,
789 647 52 21 eller

88 681 48 25 den,
152 687 46 15 som
214 683 24 19 är
254 681 122 27 berättigad
392 682 32 20 till
441 682 67 20 sädan
524 681 133 27 försäljning,
678 681 163 21 tillhandahälla

88 716 144 20 allmänheten
258 716 87 20 bränvin
369 716 6 20 i
399 716 83 21 mindre
506 716 83 26 belopp,
614 718 26 19 än
663 716 41 20 han
725 716 50 26 sjelf
791 721 51 21 eger

88 749 99 27 föryttra.

162 785 19 19 2.
212 785 24 26 Ej
261 785 67 21 heller
351 786 24 19 är
395 784 139 22 innehafvare
553 784 23 21 af
589 786 44 19 rätt
648 784 32 21 till
696 784 146 21 bränvinsför-

90 819 93 27 säljning
199 820 117 25 medgifvet
331 821 33 19 att
379 826 76 20 genom
472 820 80 20 ombud
568 819 12 21 å
595 821 66 19 annat
676 820 63 20 ställe
758 821 25 19 än
800 819 42 25 det,

90 854 39 20 der
152 854 41 20 han
217 854 32 20 sin
273 854 184 26 försäljningsrätt
477 854 91 25 utöfvar,
589 854 32 20 till
645 854 80 26 köpare
749 854 95 20 utlemna

90 888 91 21 bränvin
197 889 34 20 till
247 889 82 20 mindre
348 888 76 27 belopp
441 890 26 19 än
485 888 116 21 etthundra
616 888 73 21 femtio
705 888 88 20 kannor.

437 957 11 27 8
468 958 31 20 16.

166 999 16 19 1.
213 997 101 26 Bränvin,
334 1004 45 14 som
399 998 6 20 i
426 998 200 26 destilleringsverk
646 999 55 19 samt
717 996 36 21 vid
769 996 76 21 minut-

92 1032 79 21 handel
188 1032 39 21 och
244 1032 146 26 utskänkning
405 1032 33 20 till
455 1032 49 21 salu
519 1032 74 26 hålles,
606 1032 54 20 skall
672 1032 6 20 i
690 1031 74 27 styrka
774 1030 72 27 uppgå

92 1067 34 20 till
142 1066 66 21 minst
224 1066 116 27 fyratiotvä
357 1066 45 28 (42)
419 1069 101 24 procents
532 1066 133 21 alkoholhalt
676 1066 35 21 vid
722 1066 28 28 +
762 1066 25 20 15
799 1071 47 20 gra-

91 1101 40 20 der
146 1101 13 20 &
175 1101 64 20 Celsii
256 1103 138 18 termometer
414 1101 39 20 och
473 1107 52 14 vara
544 1102 101 25 antingen
664 1101 24 20 sä
706 1100 79 21 renadt
800 1099 47 21 frän

91 1134 111 27 finkelolja
218 1137 33 19 att
266 1135 37 21 det
319 1135 68 20 häller
403 1135 106 20 särskildt
523 1135 137 20 föreskrifvet
674 1135 55 26 prof,
746 1134 52 21 eller
808 1133 39 21 ock

93 1169 23 21 af
132 1169 24 21 sä
171 1169 66 21 renad
253 1175 51 15 vara
320 1169 83 21 beredt.

165 1205 19 20 2.
215 1204 43 21 Det
279 1204 33 21 fär
337 1205 19 25 ej
380 1204 67 20 heller
471 1203 103 22 försättas
594 1203 48 22 med
661 1203 115 26 finkelolja,
797 1202 53 21 eller

94 1241 66 19 annat
175 1239 33 20 för
224 1239 74 20 helsan
314 1238 97 27 skadligt
426 1240 71 19 ämne.

443 1307 12 27 8
473 1308 33 20 17.

169 1355 17 19 1.
217 1353 149 21 Minuthandel
383 1352 47 21 med
447 1353 55 21 eller
517 1352 147 26 utskänkning
678 1352 23 20 af
715 1351 90 21 bränvin
817 1350 35 21 mä

95 1388 18 27 ej
130 1388 62 20 idkas
213 1388 12 20 &
244 1390 66 18 annat
330 1389 26 18 än
377 1387 73 20 derför
470 1386 110 21 bestämdt
599 1386 69 26 ställe,
684 1391 45 15 som
747 1385 38 20 bör
800 1390 52 15 vara

94 1422 98 21 utmärkt
215 1421 49 22 med
288 1421 64 26 skylt,
376 1421 66 20 hvarä
462 1421 106 26 säljarens
586 1426 64 15 namn
670 1419 67 21 finnes
753 1418 98 27 anbragt,
