1025 1664
232 123 80 24 Ständ.
328 123 37 24 Sv.
383 135 26 4 —
424 123 71 28 Prop.
512 123 41 22 N:o
567 122 37 22 20.
777 123 13 20 3

130 187 139 22 Beträffande
290 186 158 28 lämpligheten
467 186 25 22 af
505 186 27 21 de
546 186 8 20 i
569 186 42 21 den
626 185 81 27 nådiga
721 184 98 28 proposi-

62 222 78 22 tionen
154 222 124 27 föreslagna
292 220 232 28 bevillningssatserna
536 220 66 22 hafva
612 219 125 28 visserligen
749 218 71 23 farhå-

61 264 39 21 gor
109 259 79 26 yttrats
200 258 33 20 att
246 256 64 22 dessa
319 262 43 21 nog
375 255 58 27 höga
445 257 77 23 satser,
530 254 46 22 ifall
588 255 27 21 de
624 262 29 13 nu
661 254 101 28 gällande
770 253 50 22 tull-

66 291 117 28 afgifterna
197 290 124 23 derutöfver
335 290 126 25 bibehölles,
471 289 74 22 kunde
559 289 88 22 komma
661 291 33 19 att
709 289 7 21 i
731 288 91 29 betydli-

63 333 52 21 gare
137 326 55 28 grad
214 324 118 29 nedtrycka
354 324 171 28 förbrukningen
541 324 40 22 och
596 324 125 27 derigenom
736 323 85 22 minska

63 361 43 21 den
125 360 127 28 påräknade
266 359 130 25 inkomsten,
412 358 40 22 och
468 358 103 22 särskildt
586 358 40 22 har
641 358 104 28 derjemte
761 358 58 21 befa-

63 397 51 20 rats
129 397 33 20 att
176 401 80 21 genom
270 400 28 15 en
312 393 161 27 väsendtligare
488 392 108 28 rubbning
612 392 24 22 af
649 393 42 21 den
706 392 115 22 hittillsva-

66 430 68 21 rande
149 428 155 29 proportionen
318 427 81 22 mellan
415 427 159 21 skattsatserna
588 427 30 27 på
632 426 103 22 utländsk
750 426 71 28 stjelk,

64 470 47 16 som
133 464 33 20 uti
187 462 241 22 tobaksfabrikationen
449 461 72 22 finner
542 461 85 28 mycket
646 460 120 23 vidsträckt
783 468 38 14 an-

64 498 118 27 vändning,
198 497 41 22 och
254 496 50 29 rysk
319 496 127 26 bladtobak,
460 496 88 22 hvilken
559 496 126 27 proportion
695 496 74 21 tillåtit
779 496 43 21 den

64 532 66 26 förra,
146 533 66 27 något
227 531 104 27 billigare,
347 537 49 15 men
411 530 51 22 vida
476 530 72 22 bättre
563 537 67 15 varan
645 532 33 20 att
692 530 63 22 bestå
769 530 53 22 kon-

66 567 121 21 kurrensen
204 566 50 21 med
272 566 41 21 den
331 571 83 19 senare,
433 565 74 21 denna
521 564 136 22 konkurrens
672 564 73 22 kunde
759 564 8 21 i
780 564 43 28 hög

66 602 55 27 grad
142 601 109 21 försvåras
273 599 51 22 eller
347 599 159 28 omöjliggöras,
527 598 33 22 till
582 599 77 21 förlust
674 599 56 21 både
745 598 33 22 för
793 598 29 22 fa-

67 635 112 22 brikatens
197 634 89 28 qvalitet
302 634 40 22 och
357 634 34 21 för
405 633 139 22 statsverket.
573 634 33 21 Då
622 633 122 22 Ständerna
759 633 63 22 emel-

66 670 65 21 lertid
146 671 86 26 tryggat
247 669 32 27 sig
293 668 36 22 vid
345 669 41 20 den
401 668 154 28 förhoppning,
571 670 33 19 att
619 668 134 28 Regeringen
767 667 57 22 skall

68 710 78 22 genom
161 704 69 21 sådan
246 702 138 28 nedsättning
399 702 25 21 af
437 702 148 26 tullsatserna,
599 709 46 15 som
654 705 109 19 motsvara
773 702 50 22 skil-

69 739 72 21 naden
162 738 81 21 mellan
266 738 26 20 de
313 737 8 21 i
337 736 80 28 nådiga
433 736 163 28 propositionen
611 737 41 21 och
666 738 27 20 de
706 736 25 22 af
743 736 81 22 skatte-

68 772 98 22 komitén
180 772 124 26 föreslagna
318 771 236 27 bevillningssatserna,
568 772 68 26 draga
650 771 83 28 försorg
743 772 81 25 derom,

70 809 32 19 att
125 806 159 28 totalbeloppet
306 806 24 21 af
349 805 166 21 tobaksskatten
534 806 48 21 icke
597 805 96 22 kommer
709 808 32 19 att
757 805 68 23 öfver-

69 841 57 27 stiga
141 842 37 20 det
192 840 196 25 skattemaximum,
405 846 46 15 som
466 840 51 21 utaf
528 840 96 22 komitén
638 840 34 21 för
687 841 72 21 denna
774 840 51 22 arti-

71 876 37 21 kel
123 875 115 26 förordats,
255 874 51 22 eller
322 874 81 22 dubbla
418 874 104 28 beloppet
536 874 25 22 af
572 882 29 13 nu
611 874 101 28 gällande
722 874 104 28 tullafgif-

71 912 39 24 ter,
126 909 66 23 hafva
206 910 123 20 Ständerna
343 911 72 19 ansett
430 908 32 28 sig
477 908 83 26 kunna,
575 911 53 19 utan
639 909 155 28 äfventyrande
805 908 24 22 af

70 944 142 22 statsverkets
234 944 69 21 fördel
320 950 79 20 genom
415 950 27 14 en
457 943 141 22 öfverhöfvan
613 944 52 27 dryg
680 944 147 27 beskattning,

70 981 82 25 antaga
167 980 99 20 satserna
281 978 68 27 enligt
365 978 80 26 nådiga
460 978 175 27 propositionens
650 978 86 27 förslag.

141 1018 133 28 Kalkyleras,
290 1018 49 21 med
355 1018 124 26 antagande
495 1017 25 22 af
533 1018 63 21 dessa
611 1020 76 24 satser,
697 1019 42 21 den
750 1024 77 15 sanno-

71 1053 46 21 lika
131 1053 123 21 inkomsten
269 1052 25 22 af
305 1052 166 28 ifrågavarande
487 1052 127 28 bevillning,
630 1053 28 27 på
672 1054 71 26 grund
758 1052 24 22 af
795 1052 33 21 in-

71 1087 92 22 förselus
178 1086 148 28 medelbelopp
336 1086 35 22 för
381 1087 53 21 åren
444 1087 150 25 1874—1880,
606 1087 91 21 erhålles
707 1094 28 14 en
745 1094 84 14 summa

74 1121 25 21 af
118 1121 116 26 1,433,600
253 1121 61 21 mark
334 1121 53 21 eller
401 1120 55 22 efter
471 1121 78 27 afdrag
564 1121 25 21 af
600 1121 230 28 uppbörds-provision

73 1158 32 19 ett
128 1155 153 22 nettoresultat
296 1155 24 22 af
332 1155 116 27 1,419,200
463 1156 68 21 mark.
562 1156 33 21 Då
610 1156 119 21 emellertid
745 1156 26 21 de
786 1155 43 22 för-

72 1191 68 27 höjda
155 1191 72 26 prisen
243 1190 110 21 sannolikt
368 1190 87 21 komma
470 1192 33 19 att
519 1190 66 21 verka
600 1191 70 26 nägon
686 1190 123 27 minskning
823 1190 7 21 i

73 1224 171 28 förbrukningen
260 1225 39 21 och
315 1231 27 14 en
357 1225 100 26 nedgäng
473 1225 7 20 i
495 1225 108 27 importen
619 1225 104 27 derjemte
733 1224 97 23 otvifvel-

73 1259 71 27 aktigt
166 1258 44 22 kan
230 1259 99 27 betingas
352 1259 25 21 af
397 1260 41 20 den
457 1259 131 27 föregående
603 1259 121 27 betydande
740 1259 90 27 stegrin-

74 1300 42 21 gen
131 1293 67 25 deraf,
215 1294 61 20 torde
290 1293 123 21 inkomsten
429 1293 53 21 böra
498 1293 34 21 för
548 1294 25 20 de
583 1293 68 22 första
662 1294 51 21 ären
723 1293 108 22 beräknas

73 1327 83 21 inemot
171 1329 27 19 25
214 1327 28 27 %
256 1327 60 27 lägre
330 1329 29 19 än
375 1328 147 21 nästnämnda
538 1327 64 26 siffra,
618 1328 7 20 i
640 1327 81 22 hvilket
736 1327 38 22 fall
789 1329 42 20 den

74 1361 115 22 sannolika
210 1361 185 22 nettoinkomsten
418 1361 24 22 af
463 1363 74 20 denna
552 1361 117 28 bevillning
685 1361 43 22 kan
743 1362 7 21 i
766 1362 65 20 rundt

74 1396 30 21 tal
119 1395 131 28 uppskattas
265 1396 33 21 till
313 1397 119 25 1,700,000
447 1397 63 20 mark
524 1396 34 21 för
573 1397 31 25 är,
620 1396 92 21 räknadt
725 1396 56 21 ifrån
792 1396 40 21 och

74 1431 50 20 med
139 1431 47 20 äret
200 1431 50 20 näst
266 1429 54 22 efter
335 1431 36 20 det
387 1431 28 20 dä
432 1430 146 28 bevillningen
593 1430 86 21 införes.
