1025 1664
216 119 14 20 2
382 117 82 23 Ständ.
479 117 36 23 Sv.
531 129 28 4 —
574 117 73 28 Prop.
663 117 41 22 N:o
719 116 34 23 18.

187 181 79 27 jandet
282 179 24 22 af
320 187 27 14 en
362 187 29 21 ny
406 180 181 27 fastighetsskatt,
610 179 113 23 hvaremot
745 179 122 22 Ständerna
888 179 57 22 velat

189 214 136 22 fortfarande
348 215 66 26 ätaga
434 215 32 27 sig
480 215 131 27 utgörandet
626 214 25 21 af
663 213 118 28 bevillning
796 213 33 22 för
844 213 101 22 inkomst.

190 249 35 20 Dä
239 249 86 22 likvisst
339 249 37 21 vid
392 249 72 21 denna
478 249 73 28 frägas
566 249 143 26 företagande
724 247 34 22 till
768 247 131 28 behandling
910 255 36 14 en-

191 283 49 21 dast
256 282 23 21 fä
294 283 68 27 dagar
377 283 111 22 äterstodo
504 283 25 22 af
541 284 42 20 den
599 283 34 21 för
647 283 134 21 Ständernas
796 289 150 15 sammanvaro

190 316 113 28 medgifna
325 317 33 21 tid
380 317 40 21 och
441 324 27 15 en
482 318 81 27 mängd
578 318 69 21 andra
659 316 82 29 jemväl
755 316 192 27 maktpäliggande

191 352 98 21 ärenden
304 352 60 20 ännu
380 351 95 22 berodde
491 353 28 26 pä
535 351 82 28 slutligt
632 351 126 28 afgörande,
778 351 80 27 ansägo
873 351 37 21 tvä
925 351 25 22 af

191 386 94 21 ständen
308 385 33 28 sig
360 385 48 22 icke
423 385 75 22 kunna
512 386 51 27 ingä
578 386 8 21 i
601 385 121 28 detaljerad
736 385 133 28 granskning
884 385 24 21 af
921 386 26 21 de

190 419 126 28 föreslagna
338 427 43 20 nya
400 420 199 27 bestämningarna,
615 420 93 21 rörande
723 421 66 20 sättet
804 419 40 22 och
860 419 87 22 ordnin-

192 461 42 20 gen
249 454 35 21 för
298 455 133 27 utgörandet
446 454 25 21 af
483 455 145 21 nästnämnda
638 454 124 27 bevillning.
785 454 50 21 Med
845 453 102 22 afseende

190 489 55 21 härä
260 488 66 23 hafva
346 488 123 23 Ständerna
483 489 94 26 beslutit,
593 491 33 19 att
641 489 34 21 för
690 488 33 21 sin
739 488 34 21 del
788 488 109 21 bibehälla
911 488 36 21 be-

192 523 167 27 stämningarna
374 523 8 21 i
396 530 30 14 nu
440 523 101 28 gällande
557 523 207 27 bevillningsstadga
779 522 25 22 af
811 523 41 21 den
863 523 29 20 26
903 523 45 21 Juli

190 558 57 21 1878
271 557 58 22 intill
343 558 111 27 utgången
472 558 25 21 af
509 559 24 20 är
547 558 64 25 1885,
627 557 56 22 dock
698 557 97 26 sålunda,
812 559 32 20 att
859 558 23 26 $$
898 558 19 25 7,
934 557 13 21 8

191 591 41 22 och
247 593 36 25 33,
299 592 72 21 säsom
386 592 135 22 hänförande
537 593 32 27 sig
583 592 33 21 till
632 594 61 19 extra
708 591 116 28 bevillning
842 591 34 21 för
891 591 56 28 spel-

193 626 50 22 kort
259 627 41 21 och
315 626 154 29 maltdrycker,
484 627 67 22 borde
567 635 26 13 ur
607 626 156 27 förordningen
777 626 111 21 uteslutas.

261 661 124 22 Ständerna
399 661 23 22 fä
437 661 83 22 säledes
534 662 7 21 i
556 661 173 28 underdänighet
744 661 93 25 anmäla,

457 699 33 18 att
513 696 131 26 Ständerna,
667 696 49 21 med
730 694 120 29 afböjande
865 695 30 27 af
907 696 40 20 nä-

399 731 52 28 diga
471 731 163 27 propositionen
649 731 9 20 i
673 732 79 23 ämnet,
774 730 72 27 ätagit
865 730 34 27 sig
915 731 33 19 att

398 767 118 25 yttermera
531 765 68 20 under
615 764 150 28 nästföljande
780 766 32 19 tre
827 764 27 20 är
868 765 79 26 utgöra

400 799 116 28 bevillning
521 798 42 28 för
573 799 92 20 inkomst
676 799 67 26 enligt
752 798 116 21 enahanda
878 804 69 21 grun-

399 833 45 27 der,
467 840 45 14 som
533 840 30 14 nu
586 835 38 19 äro
647 833 111 27 gällande,
773 835 57 18 samt
845 832 8 21 i
867 831 81 22 sädant

400 867 100 28 afseende
511 867 42 27 för
567 867 34 21 sin
617 867 35 21 del
671 867 87 27 antagit
774 873 24 14 en
813 867 26 20 sä
855 866 93 27 lydande

400 901 219 28 bevillningsstadga:

399 970 106 25 Finlands
525 970 110 25 Ständers
657 969 119 34 bevillning
797 969 36 24 för
850 969 99 24 inkomst

439 1012 71 24 under
527 1013 56 24 ären
603 1011 70 28 1883,
696 1011 63 24 1884
780 1011 42 24 och
842 1010 69 24 1885.

623 1070 65 22 Kap.
703 1069 21 18 1.

504 1111 141 24 Föremälen
660 1110 41 29 för
720 1109 129 30 bevillning.

650 1172 15 27 $
681 1172 20 19 1.

459 1211 68 21 Finsk
542 1211 146 28 medborgare,
709 1210 65 21 hvars
788 1216 54 14 rena
856 1209 94 21 inkomst

400 1245 39 26 för
455 1246 47 20 året
524 1246 87 27 uppgår
630 1245 35 20 till
681 1244 65 27 högre
762 1243 74 28 belopp
852 1245 29 19 än
892 1243 58 27 fem-

401 1279 89 22 hundra
505 1279 68 26 mark,
583 1279 99 28 erlägger
692 1277 213 27 inkomstbevillning
915 1283 35 14 en-

402 1314 41 27 ligt
452 1313 104 28 följande
570 1313 108 28 grunder:

460 1349 40 19 1:0.
523 1347 46 21 För
583 1354 26 14 en
625 1347 95 21 inkomst
734 1345 31 28 af
771 1345 84 22 mindre
865 1347 30 18 än
905 1344 46 21 tvä-

403 1384 62 19 tusen
476 1381 137 28 femhundra
628 1381 68 25 mark,
705 1380 42 27 för
762 1379 78 28 hvarje
855 1378 95 24 hundra,

402 1422 46 15 som
464 1415 129 28 öfverstiger
603 1415 137 28 femhundra
756 1413 68 26 mark,
831 1413 57 28 fyra
893 1411 58 29 fem-

402 1451 68 20 tedels
481 1452 102 25 procent;
