1025 1661
200 121 12 20 6
504 121 38 22 N:o
558 120 34 23 29.

170 185 79 22 besvär
269 185 54 22 efter
343 186 49 22 dess
412 192 77 21 genom
505 187 157 27 uppskattning
678 187 53 22 eller
746 186 127 28 förmedling
888 187 43 21 till-

170 219 80 22 komna
265 226 41 21 nya
321 221 87 21 mantal.

528 272 11 28 8
555 275 20 19 2.

241 310 85 28 Skjuts-
346 312 40 22 och
406 312 249 28 gästgifverihållningen
675 312 41 22 bör
734 312 129 22 hädanefter
878 312 56 22 före-

171 345 109 22 trädesvis
305 352 78 21 genom
406 348 143 26 entreprenad
571 347 140 26 verkställas;
738 347 40 21 och
801 347 42 21 kan
866 347 68 21 sådan

171 380 92 28 ordning
277 380 79 23 införas
373 382 100 27 antingen
488 382 12 21 å
510 382 103 27 samtliga
623 381 152 28 gästgifverier
785 382 57 21 inom
853 382 81 27 skjuts-

170 415 60 28 laget
248 416 53 22 eller
316 416 41 22 ock
373 417 13 20 å
401 418 33 20 ett
448 417 53 22 eller
515 417 54 22 flera
585 417 23 22 af
622 417 55 22 dem.
708 417 10 21 1
733 416 53 28 följd
801 416 64 22 häraf
879 417 55 21 skall

171 451 94 21 nämnde
283 451 85 27 besvär,
383 451 73 22 såsom
470 451 12 28 &
497 453 12 20 5
526 453 70 26 säger,
613 452 103 27 utbjudas
734 451 22 22 ät
772 451 97 22 enskilda
884 457 49 21 per-

173 491 64 15 soner
260 485 53 22 eller
335 486 71 27 bolag,
429 492 46 16 som
498 485 23 22 af
540 486 91 27 behörig
651 492 79 21 person
750 485 127 26 företrädes,
899 485 36 22 vid

173 518 96 29 offentlig
285 520 89 21 auktion
390 520 40 22 och
446 523 58 19 emot
519 520 136 27 fullgörande
671 520 23 21 af
708 521 27 21 de
750 520 75 27 vilkor,
842 526 46 15 som
899 520 36 22 vid

173 553 117 23 auktionen
305 554 7 22 i
327 554 97 28 enlighet
438 556 48 20 med
502 555 71 21 denna
587 555 128 27 författning
730 555 139 21 bestämmas.

241 589 45 21 Der
301 590 161 27 skjutsningens
477 589 166 23 handhafvande
659 590 18 27 ej
695 590 42 21 kan
753 589 93 22 medelst
863 591 70 20 entre-

170 624 84 26 prenad
273 624 162 28 ävägabringas,
455 625 96 21 hvarken
567 625 13 21 ä
595 625 101 27 samtliga
712 624 150 28 gästgifverier
877 624 58 22 inom

172 658 131 27 skjutslaget
323 658 142 28 fullständigt,
486 659 51 22 eller
555 659 14 21 ä
584 661 33 19 ett
632 659 54 22 eller
700 658 54 22 flera
768 658 24 22 af
806 659 55 26 dem,
879 659 56 21 skall

173 692 125 22 densamma
312 692 23 22 af
350 694 26 21 de
391 694 232 27 skjutsningsskyldige
640 694 134 27 ombesörjas
790 700 77 21 genom
883 700 51 15 van-

171 727 31 27 lig
221 727 116 28 hällskjuts
358 730 57 20 samt
434 728 74 28 frågan
528 734 34 16 om
583 728 179 27 entreprenaders
781 728 124 22 inrättande
921 728 13 21 å

172 762 65 22 dessa
255 762 150 28 gästgifverier
424 763 52 22 bero
496 763 43 21 tills
561 763 70 27 någon
647 763 35 22 del
698 762 22 22 af
734 763 131 27 skjutslaget
881 763 53 22 eller

172 796 141 23 Guvernören
328 798 68 21 sådan
410 797 61 28 fråga
486 798 47 22 åter
547 798 86 26 väcker,
649 798 83 21 hvilket
747 798 40 21 bör
802 797 38 22 ske
856 797 78 21 ätmin-

171 832 64 21 stone
250 831 58 22 inom
323 831 37 22 två
375 831 24 22 år
414 832 98 22 derefter.

240 861 31 26 Är
293 867 143 26 entreprenad
454 866 77 22 endast
552 867 36 21 vid
606 873 27 15 en
653 866 35 22 del
708 866 151 28 gästgifverier
874 866 59 22 inom

170 900 132 28 skjutslaget
316 901 102 27 inrättad,
435 902 54 21 skall
505 902 60 21 såväl
581 901 237 27 entrepenadsumman,
828 907 47 16 som
891 901 42 21 den

170 934 130 28 skjutsning,
317 935 85 22 hvilken
418 936 133 22 omedelbart
566 937 95 26 utgöres,
679 936 53 21 hvar
746 936 34 21 för
795 936 34 26 sig
838 935 95 22 fördelas

170 969 14 21 å
207 969 43 21 alla
272 970 49 21 dem
343 970 58 21 inom
421 970 136 28 skjutslaget,
577 970 73 22 hvilka
669 970 7 22 i
696 970 238 28 skjutsningsbesväret

170 1003 94 27 deltaga.

527 1045 47 28 83.

240 1085 136 28 Skjutslaget
391 1086 13 21 å
414 1086 74 22 landet
498 1088 89 25 utgöres
598 1086 23 22 af
630 1086 98 26 häradet,
741 1085 90 22 såframt
842 1085 18 27 ej
872 1085 61 21 kom-

169 1125 106 16 munerna
294 1120 68 22 önska
383 1122 33 20 att
436 1121 36 21 det
491 1121 34 21 må
546 1120 91 22 omfatta
653 1122 33 20 ett
701 1121 70 21 större
788 1119 87 22 område
891 1119 41 22 och

170 1153 142 23 Guvernören
327 1154 69 22 finner
412 1155 79 27 skäligt
506 1155 72 22 dertill
594 1155 81 22 bifalla.

239 1187 60 28 Stad,
317 1195 47 15 som
380 1191 24 20 är
423 1189 258 28 skjutsningsskyldighet
697 1188 153 27 underkastad,
866 1189 65 26 utgör

169 1223 34 20 ett
217 1222 108 28 skjutslag
340 1223 33 22 för
388 1224 39 27 sig.

527 1287 11 28 8
553 1289 20 19 4.

237 1326 43 22 Vid
302 1327 42 21 alla
366 1327 130 28 landsvägar
515 1328 7 21 i
542 1328 80 26 landet,
644 1328 38 21 der
702 1326 150 28 gästgifverier
868 1333 64 15 anses

169 1360 116 28 behöfliga,
303 1368 40 20 ege
354 1362 140 22 Guvernören
509 1363 7 21 i
531 1363 60 21 länet
601 1362 102 22 förordna
713 1362 54 21 hvar
777 1362 83 21 sådana
870 1362 63 21 skola

167 1395 100 27 inrättas,
288 1395 56 22 efter
358 1396 38 21 det
411 1397 157 21 Häradsrätten
584 1397 7 21 i
607 1397 37 21 det
659 1396 102 27 tingslag,
776 1396 58 21 inom
850 1395 83 22 hvilket

167 1429 151 28 gästgifveriet
333 1430 56 21 skall
405 1431 110 27 anläggas,
531 1431 107 22 verkstält
647 1431 163 26 undersökning
820 1430 42 22 och
872 1429 61 22 med-

168 1463 60 22 delat
243 1465 114 21 utlåtande
372 1465 7 20 i
391 1465 96 22 ärendet.
518 1465 117 22 Afståndet
646 1465 78 22 mellan
735 1464 152 28 gästgifverier
897 1463 36 22 må
