1025 1667
235 125 12 19 6
543 127 36 21 N:o
594 127 31 22 21.

206 200 87 16 vensom
310 196 92 20 rörande
418 196 26 20 de
461 196 102 26 åtgärder
577 196 39 21 och
628 196 174 26 anmärkningar,
814 196 85 21 hvartill
911 196 51 21 kon-

205 229 78 21 trollör
306 230 100 26 möjligen
430 230 71 21 funnit
524 231 33 26 sig
576 231 128 25 föranlåten,
724 232 57 20 samt
799 232 33 19 att
848 230 33 21 för
897 230 66 27 öfrigt

206 263 65 27 tillse,
287 266 33 19 att
335 264 166 22 föreskrifterna
517 265 6 21 i
540 266 69 21 denna
625 266 127 26 förordning
768 264 129 22 efterlefvas.

567 328 11 28 8
597 330 31 19 11.

278 367 43 21 För
344 367 73 26 hvarje
436 368 83 26 gvartal
540 368 55 22 skall
615 368 122 22 kontrollör
757 369 57 20 inom
834 368 37 21 tvä
886 368 77 21 veckor

207 401 54 21 efter
277 402 49 20 dess
342 402 82 27 utgäng
440 403 31 20 till
489 402 142 22 Guvernören
646 403 7 21 i
669 403 59 21 länet
742 403 92 21 insända
844 402 87 22 afskrift
942 402 23 21 af

207 436 40 21 den
264 436 35 21 vid
316 436 124 27 bryggeriet
458 438 63 20 förda
537 438 87 26 journal
641 440 56 18 samt
713 438 71 20 tillika
799 437 109 27 uppgifva,
925 437 38 21 hu-

209 471 76 21 ruvida
297 471 115 27 journalen
432 472 204 21 öfverensstämmer
655 472 49 21 med
724 472 36 21 det
779 472 22 21 af
816 472 147 21 kontrollören

206 504 63 22 förda
283 506 115 26 protokoll,
415 507 109 21 äfvensom
539 507 34 21 för
589 507 66 27 öfrigt
670 507 58 21 fästa
743 506 219 28 uppmärksamheten

206 540 36 20 vid
259 540 26 21 de
301 540 107 27 ätgärder,
424 548 46 15 som
486 542 6 21 i
508 542 101 21 afseende
625 542 12 21 &
654 542 122 21 kontrollen
792 542 73 20 kunna
880 547 51 15 vara
942 541 23 21 af

208 574 102 22 behofvet
325 575 120 27 päkallade.

556 623 11 27 8
585 624 32 20 12.

280 661 132 27 Kontrollör,
430 669 45 15 som
495 669 50 21 eger
563 665 40 19 när
617 663 43 21 han
677 662 25 22 sä
718 662 80 22 önskar
813 662 94 27 granska
923 662 40 21 den

207 696 6 20 i
229 696 12 28 &
257 697 13 20 8
285 696 131 22 föreskrifna
428 698 86 26 journal
531 698 109 20 äfvensom
661 697 82 22 erhålla
759 697 97 21 tillträde
872 697 32 21 till
921 697 42 21 alla

208 730 61 22 delar
285 731 23 21 af
321 731 101 27 bryggeri
438 732 39 21 och
494 732 70 21 dertill
581 732 96 21 hörande
694 732 90 25 lokaler,
801 732 62 25 skall,
880 731 27 21 dä
922 731 41 21 han

209 765 75 21 dervid
301 766 53 20 eller
370 766 62 26 eljest
447 766 118 27 upptäcker
585 766 157 22 öfverträdelse
761 766 23 21 af
798 766 69 21 denna
882 766 83 20 förord-

207 800 63 26 nings
286 800 142 26 föreskrifter,
452 801 77 21 sädant
548 802 32 20 till
599 801 49 26 laga
667 801 45 21 ätal
732 801 85 21 anmäla
837 800 38 21 hos
891 800 74 21 veder-

208 834 96 21 börande
320 834 62 22 fiskal
399 835 51 21 eller
467 836 184 26 kronobetjening,
673 842 47 14 som
736 835 36 21 det
789 835 82 27 äligger
886 837 32 19 att
933 834 31 21 äf-

207 875 40 14 ven
263 868 34 22 för
313 869 67 27 öfrigt
395 870 54 20 vaka
465 870 60 21 öfver
540 870 166 26 förordningens
722 869 129 21 efterlefnad
867 869 38 21 och
921 869 43 21 för-

208 903 95 27 brytelse
319 904 97 21 deremot
432 904 108 27 sjelfmant
555 905 58 20 åtala
629 907 56 19 samt
701 906 33 19 att
749 904 104 21 särskildt
864 904 57 20 tillse
933 905 32 19 att

208 938 140 26 tillverkning
370 939 46 21 icke
440 946 49 19 eger
509 946 45 14 rum
575 940 63 20 innan
653 932 126 28 kontrollör
799 938 164 26 tillförordnats,

208 972 53 21 eller
277 972 54 21 efter
350 973 37 21 det
406 980 33 14 om
460 974 107 20 rörelsens
583 974 143 26 upphörande
742 974 24 20 så
781 973 99 26 anmälts,
897 979 45 15 som
958 972 7 21 i

209 1006 12 27 8
237 1008 12 20 5
266 1006 146 22 föreskrifves.

556 1054 11 28 8
586 1055 31 20 13.

281 1089 160 26 Öfverträdelse
456 1094 23 21 af
494 1094 69 21 denna
578 1094 140 26 förordnings
728 1094 137 21 föreskrifter
876 1093 85 21 straffas

209 1128 48 21 med
274 1128 62 21 böter
351 1128 49 22 frän
415 1128 74 22 femtio
505 1129 33 21 till
553 1129 129 21 femhundra
698 1128 68 21 mark.

556 1192 11 27 8
585 1193 32 20 14.

281 1228 140 26 Öfverträdas
440 1233 165 21 föreskrifterna
625 1234 7 20 i
649 1233 24 27 $$
695 1234 12 20 6
724 1232 38 21 och
779 1233 11 19 7
808 1232 52 21 eller
875 1232 39 20 har
930 1237 36 15 an-

208 1274 41 14 nan
266 1267 156 21 öfverträdelse
438 1268 57 20 skett
510 1268 6 20 i
534 1268 77 26 sviklig
627 1268 67 26 afsigt
712 1268 33 20 att
756 1266 123 26 derigenom
895 1265 72 26 undgå

208 1302 146 26 beskattning,
371 1302 54 20 skall
442 1302 41 21 den
499 1302 97 26 skyldige
613 1302 32 21 till
658 1302 85 20 kronan
756 1303 83 19 ersätta
849 1300 41 21 den
901 1300 65 25 skatt,

208 1336 41 21 han
266 1336 50 21 sökt
333 1336 34 27 sig
383 1337 145 26 undandraga,
545 1337 39 20 och
600 1336 72 21 dertill
690 1336 53 20 böta
758 1336 67 20 minst
841 1334 35 21 tvä
887 1334 80 26 gänger

209 1370 99 21 skattens
325 1370 84 27 belopp.
440 1371 169 27 Bötesbeloppet
625 1371 34 20 mä
674 1370 7 21 i
694 1370 78 20 sådant
784 1370 37 20 fall
833 1368 134 22 öfverskrida

209 1404 38 22 det
269 1405 6 20 i
298 1405 12 27 &
327 1406 26 20 13
372 1405 116 21 faststälda
506 1406 122 25 maximum,
647 1411 49 15 men
716 1404 48 22 icke
784 1404 72 26 uppgå
871 1403 34 21 till
921 1408 46 15 mer

209 1440 28 20 än
252 1439 101 21 tvätusen
370 1439 66 21 mark.
