1025 1667
235 140 13 19 2
539 139 34 21 N:o
589 139 36 21 24.

207 207 84 27 Kuopio
307 208 39 20 och
362 208 116 21 Idensalmi
493 208 34 21 till
542 208 116 27 Uleäborg,
674 208 50 21 med
734 207 120 21 berörande
865 208 23 20 af
897 207 65 21 Uleä-

206 242 61 21 träsk
282 242 36 21 vid
333 242 115 27 Wuolijoki
465 243 39 21 och
519 242 87 26 Waala;

278 278 33 20 2:0
335 283 26 15 en
382 277 155 27 jernvägslinie
561 276 48 22 frän
632 276 90 28 Wiborg
745 276 59 22 öfver
826 276 82 21 Imatra
926 276 33 21 till

206 311 96 21 Joensuu
317 311 50 21 med
382 313 78 19 tvänne
476 312 97 26 bibanor,
590 312 41 20 den
648 318 41 14 ena
709 311 48 21 från
772 311 81 21 Imatra
868 311 33 21 till
917 310 43 22 Ha-

205 345 69 22 rakka
295 345 141 27 lastageplats
455 346 35 20 vid
506 345 85 22 Saimen
611 346 40 21 och
671 346 42 20 den
729 346 67 20 andra
812 346 33 20 till
862 345 97 21 Lahden-

205 380 65 27 pohja
285 380 122 27 hamnplats
423 380 35 21 vid
473 380 99 27 Ladoga;
589 383 57 19 samt

277 416 34 19 3:0
334 421 27 15 en
374 415 155 27 jernvägslinie
545 414 48 22 från
609 416 71 26 någon
696 415 70 26 punkt
781 414 23 22 af
813 414 145 22 Tammerfors

206 449 94 21 —Wasa
322 449 72 21 banan
416 449 7 21 i
442 449 88 22 trakten
547 449 22 21 af
582 449 105 28 Lillkyrö,
704 449 130 22 sträckande
850 449 33 27 sig
898 449 61 26 längs

206 483 79 22 kusten
300 484 50 21 med
364 483 102 28 beröring
481 484 23 21 af
518 484 130 27 Nykarleby,
669 483 168 28 Gamlakarleby
853 484 39 21 och
907 483 53 21 Bra-

205 517 84 28 hestad,
305 518 34 21 till
355 518 115 27 Uleäborg.

279 552 138 21 Beträffande
433 553 63 21 dessa
509 552 264 28 jernvägssträeckningar,
786 552 22 21 af
817 552 73 21 hvilka
900 553 59 20 kom-

205 587 118 21 missionen
339 587 7 20 i
362 587 90 21 främsta
467 589 93 19 rummet
575 587 97 21 förordat
688 587 42 21 den
741 587 48 20 frän
798 587 118 21 Davidstad
927 587 33 20 till

206 621 115 27 Uleåborg,
346 621 64 21 hafva
428 621 93 22 linierna
536 622 79 21 mellan
631 622 91 26 Wiborg
737 621 39 22 och
792 621 97 22 Joensuu
905 623 56 19 samt

206 655 92 22 emellan
313 655 120 22 Davidstad
448 657 38 20 och
504 656 31 21 S:t
550 656 79 21 Michel
644 656 68 21 redan
730 657 24 20 är
766 657 53 20 1876
828 658 55 19 samt
894 655 66 22 linien

205 690 92 21 emellan
321 690 31 22 S:t
371 691 79 21 Michel
470 691 38 21 och
524 691 84 26 Kuopio
629 693 95 18 österom
739 691 95 26 Kyyvesi
849 691 32 26 sjö
896 690 6 21 i
919 690 41 21 den

206 725 23 21 af
245 725 170 22 kommissionen
438 725 123 27 föreslagna
584 725 128 27 sträckning
732 726 25 20 är
774 726 52 20 1881
844 725 69 21 blifvit
928 725 32 20 in-

206 760 139 21 strumentalt
360 760 138 27 undersökta,
514 760 90 21 hvarvid
624 761 83 26 kartor,
723 760 107 27 ritningar
846 760 39 21 och
901 760 58 20 kost-

205 794 137 27 nadsförslag
353 794 63 21 äfven
426 797 129 24 upprättats.
582 795 10 21 I
603 795 157 27 sammanhang
768 795 49 20 med
826 794 134 21 sistnämnda

205 829 162 26 undersökning
391 829 64 21 hafva
482 829 79 27 jemväl
589 829 159 21 förberedande
774 828 186 27 undersökningar

205 863 71 21 blifvit
295 863 125 21 verkstälda
440 863 7 21 i
463 863 101 22 afseende
580 865 13 19 å
607 864 131 27 jernvägens
752 863 91 21 ledande
854 863 58 21 öfver
923 863 37 20 det

204 897 60 21 invid
279 897 84 27 Kuopio
379 897 92 28 belägna
481 898 129 27 vattendrag
621 898 111 21 äfvensom
740 897 34 22 för
779 897 180 27 jernvägsliniens

205 931 110 28 dragande
338 932 126 21 alternativt
482 935 107 19 vesterom
608 932 103 27 Kyyvesi,
728 932 88 21 hvarom
832 934 31 19 ett
879 932 81 26 förslag

204 965 58 22 inom
277 967 168 21 kommissionen
461 967 69 21 blifvit
545 967 130 22 framstäldt.

277 1001 74 27 Enligt
366 1001 158 22 ofvannämnda
539 1002 75 21 kartor
631 1002 38 21 och
686 1001 188 26 kostnadsförslag
889 1000 70 21 skulle

204 1035 94 27 längden
321 1035 39 22 och
383 1036 106 21 kostaden
512 1036 33 21 för
565 1042 27 15 en
605 1035 238 28 jernvägsanläggning
858 1035 6 20 i
881 1035 41 22 den
938 1035 24 21 af

204 1069 168 22 kommissionen
388 1070 122 27 föreslagna
527 1071 126 26 sträckning
668 1072 88 25 utgöra:

204 1105 92 21 emellan
311 1105 90 27 Wiborg
416 1105 39 22 och
471 1105 96 22 Joensuu
583 1122 5 4 .
605 1122 4 4 .
627 1121 4 5 .
648 1106 42 20 253
706 1107 59 19 verst
781 1105 127 26 24,240,000
923 1104 36 21 mk

247 1156 12 10 »
288 1135 12 36 =
310 1139 121 22 Davidstad
450 1139 40 22 och
506 1139 31 22 S:t
552 1139 79 22 Michel
661 1140 29 20 92
728 1156 12 10 ,,
795 1139 112 26 9,750,000
936 1154 13 12 ,,

246 1190 13 11 »
311 1173 32 22 St
358 1173 79 22 Michel
453 1174 39 21 och
506 1174 102 27 Kuopio.
625 1191 4 4 .
648 1175 38 20 151
727 1190 13 10 ,
782 1173 125 27 13,800,000
936 1189 12 11 ,,

203 1207 6 21 i
225 1207 54 28 följd
294 1207 78 22 hvaraf
386 1208 39 21 och
441 1209 27 20 dä
484 1208 92 27 längden
588 1209 23 20 af
618 1209 25 20 de
655 1208 71 27 öfriga
737 1207 48 21 utaf
790 1207 168 21 kommissionen

203 1241 124 28 föreslagna
350 1242 203 28 bansträckningar,
576 1243 73 21 hvilka
668 1242 49 22 icke
733 1242 71 21 blifvit
819 1241 139 28 undersökta,

201 1278 65 26 utgör
281 1276 99 28 omkring
396 1278 41 20 560
452 1279 65 25 verst,
533 1277 62 21 deraf
609 1277 33 27 sig
656 1276 91 27 belöper
762 1277 14 20 å
791 1276 66 21 linien
873 1275 85 27 Kuopio

203 1311 139 27 —Uleäborg
365 1312 41 21 275
425 1314 60 19 verst
502 1312 39 21 och
557 1313 13 19 &
586 1312 41 21 den
643 1307 179 26 Österbottniska
836 1310 124 22 kustbanan

202 1346 42 20 285
266 1347 66 26 verst,
356 1346 163 27 sammanlagda
538 1346 93 27 längden
647 1346 24 21 af
686 1346 26 21 de
728 1345 49 21 utaf
790 1345 169 21 kommissionen

201 1378 116 23 förordade
338 1380 168 27 jernvägslinier
533 1381 84 26 uppgär
639 1380 34 21 till
697 1380 88 26 vidpass
810 1380 61 27 1,056
894 1380 66 26 verst,

202 1414 121 27 hvarjemte
346 1414 148 22 kostnaderna
517 1414 32 22 för
563 1414 231 28 jernvägsbyggnader
810 1415 13 19 ä
838 1414 27 20 de
881 1414 79 20 instru-

201 1448 92 21 mentalt
315 1449 134 21 undersökta
471 1449 92 21 linierna
585 1449 80 21 mellan
690 1448 89 28 Wiborg
798 1448 40 21 och
856 1448 103 27 Joensuu,
