1028 1664
241 111 25 19 18
434 109 29 22 U.
477 110 28 22 B.
523 122 24 4 —
563 109 71 29 Prop.
650 110 42 22 N:o
708 109 36 23 18.

214 180 36 14 ner
273 173 214 27 taxeringsområdet,
507 173 68 27 väljas
591 173 45 21 från
652 174 72 26 hvarje
740 174 128 20 åtminstone
884 174 36 20 två
935 174 29 20 le-

212 208 98 20 damöter
324 208 7 19 i
347 207 112 21 nämnden.

280 242 43 20 Vid
345 249 81 14 samma
450 242 90 26 tillfälle,
561 242 27 21 då
603 242 118 21 ledamöter
736 243 6 19 i
758 242 207 27 bevillningsnämnd

211 276 75 28 väljas,
306 276 40 21 bör
368 276 63 20 äfven
451 277 28 26 på
495 276 112 21 enahanda
621 278 43 19 sätt
679 276 100 21 förrättas
795 276 34 21 val
844 276 24 20 af
881 276 83 27 supple-

211 313 61 18 anter
295 310 32 20 till
350 312 30 18 ett
402 310 59 21 antal
482 310 149 21 motsvarande
651 311 63 19 minst
734 310 81 20 hälften
834 310 25 20 af
871 310 93 20 ledamö-

212 347 79 18 ternas.

280 378 29 21 Så
333 380 59 19 snart
410 378 33 21 val
462 378 120 28 försiggått,
601 378 38 21 bör
658 378 166 21 valförrättaren
843 377 119 27 ofördröjli-

211 419 41 20 gen
276 412 84 20 anmäla
382 419 34 13 om
439 413 107 27 utgången
562 412 62 21 deraf
637 413 39 20 hos
692 412 145 27 Guvernören,
853 419 44 13 som
914 418 51 20 eger

211 446 103 21 förordna
336 453 26 14 en
385 446 24 21 af
429 446 26 21 de
477 447 90 20 utsedde
589 446 146 22 ledamöterne
751 448 32 19 att
798 446 34 21 vid
848 446 116 20 nämndens

210 481 172 21 sammanträden
398 481 47 21 föra
460 482 67 26 ordet,
540 482 67 26 jemte
622 482 114 26 suppleant
751 481 33 21 för
799 482 83 20 honom.

279 515 43 20 Vid
341 515 218 28 bevillningsnämnds
575 516 157 20 sammanträde
748 516 54 20 skall
817 514 145 22 Häradsskrif-

211 556 75 18 varen,
302 550 53 20 eller
370 550 40 20 den
427 550 140 21 Guvernören
581 551 7 19 i
603 550 53 21 hans
671 550 63 20 ställe
749 550 118 26 förordnar,
875 552 91 18 närvara

210 584 33 20 för
266 586 32 18 att
319 584 71 21 lemna
412 584 79 28 nödiga
513 584 153 28 upplysningar
686 587 54 17 samt
755 584 122 20 handhafva
891 586 71 24 proto-

209 618 155 28 kollsföringen
380 619 40 20 och
435 619 151 27 upprättandet
601 619 23 20 af
638 618 227 28 bevillningslängden.

278 653 43 20 För
340 655 32 18 att
386 653 36 20 vid
438 653 155 27 förrättningen
609 653 84 21 bevaka
708 653 93 20 kronans
817 654 48 25 rätt,
881 652 81 20 förord-

210 694 38 13 nar
263 686 139 22 Guvernören
417 687 101 21 särskildt
532 687 154 21 kronoombud.

553 763 17 23 $
583 761 35 22 19.

278 808 30 20 Pä
318 807 159 21 vederbörande
487 807 100 21 kommun
598 807 124 21 ankommer
729 808 31 19 att
767 806 123 27 bestämma,
899 806 62 20 huru-

209 841 51 21 vida
283 841 41 21 och
347 842 31 20 till
400 835 82 27 hvilket
503 841 78 27 belopp
605 842 119 26 ersättning
743 840 129 21 tillkommer
887 840 73 21 bevill-

207 876 153 27 ningsnämnds
383 876 128 20 ordförande
533 876 41 20 och
597 876 124 26 ledamöter,
741 875 87 21 hvilken
843 874 117 27 ersättning

208 911 63 27 utgär
298 910 24 20 af
346 910 138 20 kommunens
507 910 76 20 medel.
613 906 176 24 Kronoombudet
813 916 57 20 eger,
891 908 72 21 derest

208 945 41 20 han
272 944 49 21 icke
344 947 24 18 är
390 944 72 21 bosatt
479 945 6 19 i
501 951 82 14 samma
597 944 47 21 stad
660 944 52 20 eller
727 944 28 27 pä
765 944 72 20 landet
852 943 58 21 invid
925 943 37 20 det

207 978 71 24 ställe,
298 978 37 21 der
351 978 232 28 bevillningsnämnden
598 978 175 26 sammanträder,
789 978 81 27 åtnjuta
885 980 75 18 ersätt-

207 1013 51 27 ning
282 1012 33 21 för
338 1013 138 20 resekostnad
497 1013 40 21 och
553 1012 110 21 underhäll
679 1012 33 20 till
726 1019 81 14 samma
822 1012 77 26 belopp
915 1018 46 14 som

207 1046 27 20 de
258 1046 31 20 till
309 1046 75 28 sjunde
402 1047 84 21 klassen
502 1048 9 19 i
523 1047 92 25 gällande
628 1046 159 26 resereglemente
802 1046 96 25 hänförde
913 1052 47 20 per-

207 1086 71 20 soner,
304 1081 89 20 säframt
414 1081 42 20 han
478 1081 49 21 icke
545 1082 7 19 i
568 1081 52 27 följd
636 1081 24 20 af
672 1081 33 20 sin
721 1081 64 27 tjenst
800 1083 24 17 är
839 1079 121 28 berättigad

206 1114 32 20 till
261 1114 68 28 skjuts
352 1115 41 21 och
415 1115 153 27 dagunderhäll
587 1116 7 19 i
609 1115 67 27 högre
691 1115 65 20 klass.
785 1114 174 21 Häradsskrifva-

206 1156 37 13 ren
266 1149 94 27 ätnjuter
384 1149 103 21 likaledes
512 1150 117 27 ersättning
648 1149 34 21 för
697 1149 68 27 skjuts
780 1148 40 21 och
835 1148 125 28 dagtrakta-

206 1186 71 18 mente
294 1184 67 27 enligt
376 1184 92 21 nämnda
483 1185 136 26 reglemente.

551 1261 18 23 $
582 1258 40 22 20.

274 1304 82 21 Valbar
379 1304 32 21 till
433 1305 94 20 ledamot
541 1305 7 20 i
562 1304 210 27 bevillningsnämnd
787 1306 24 18 är
826 1303 73 26 hvarje
915 1302 44 21 väl-

205 1337 83 27 frejdad
311 1345 85 20 person,
421 1345 45 14 som
489 1342 24 17 är
529 1339 119 26 berättigad
664 1341 33 18 att
711 1338 7 20 i
733 1337 58 21 valet
806 1337 97 26 deltaga;
919 1336 41 21 och

204 1371 39 21 bör
266 1373 35 19 vid
324 1373 59 20 valet
405 1373 106 26 iakttagas
535 1375 38 24 att,
595 1373 29 20 sä
634 1373 46 20 vidt
696 1372 83 27 möjligt
794 1374 30 23 är,
841 1372 19 25 ej
877 1371 81 20 mindre

204 1405 260 28 fastighetsinnehafvare,
479 1409 26 18 än
521 1407 161 27 näringsidkare
698 1406 40 21 och
749 1406 111 26 löntagare
872 1405 86 20 komma

204 1441 32 18 att
250 1440 7 19 i
274 1439 235 28 bevillningsnämnden
525 1441 97 30 inväljas.

272 1479 199 22 Bevillningsutskottets
482 1479 106 18 betänkande
599 1479 35 18 N:o
646 1480 17 16 5.
