1028 1664
408 121 35 22 N:o
458 121 31 22 18.
770 122 26 20 29

67 191 91 20 nämnas
174 191 6 20 i
196 190 24 27 88
239 191 27 20 60
287 190 38 21 och
341 191 24 20 61
388 189 23 21 af
425 190 70 21 denna
510 190 133 27 förordning,
660 190 55 21 skall
732 189 92 22 förteck-

69 225 57 26 ning,
151 224 136 27 upptagande
310 224 71 21 tillika
403 224 67 26 tiden,
491 225 28 20 då
537 225 26 20 de
580 225 32 20 till
629 227 60 18 orten
707 224 118 21 ankommit

69 259 39 20 och
125 259 94 21 derifrån
236 259 46 20 åter
303 258 66 21 afrest
385 261 56 18 samt
461 259 106 21 huruvida
583 259 38 21 och
638 259 23 20 af
675 259 61 20 hvem
753 259 26 20 de
794 257 31 22 fö-

69 295 66 19 retett
155 294 67 25 qvitto
241 293 13 20 å
274 293 72 26 erlagd
366 293 214 27 näringsbevillning,
600 293 35 21 vid
651 293 74 26 hvarje
741 293 36 20 års
793 294 32 19 ut-

69 327 57 26 gång
142 329 113 25 upprättas
271 327 23 21 af
308 327 177 26 Poliskammare,
502 327 116 27 Magistrat
638 328 53 20 eller
708 327 118 26 Ordnings-

70 363 44 20 rätt
132 363 7 20 i
159 362 48 21 stad
227 364 56 19 samt
302 362 172 21 Kronolänsman
491 363 28 26 på
534 363 79 25 landet,
630 362 87 21 hvilken
733 361 93 22 förteck-

70 397 51 26 ning
144 397 109 20 äfvensom
277 397 25 20 de
324 397 6 20 i
351 397 11 26 &
383 397 27 20 65
427 397 129 20 omnämnda
572 396 127 26 blanketter,
717 403 45 14 som
779 396 46 21 icke

70 431 71 21 blifvit
160 431 69 20 såsom
250 431 68 26 gvitto
338 431 131 26 begagnade,
491 431 67 21 sedan
577 431 101 21 insändas
694 431 33 20 till
744 430 82 21 Guver-

69 467 74 24 nören,
160 465 33 21 för
208 467 38 24 att,
263 465 54 21 efter
332 465 152 27 undergången
501 466 132 26 granskning
644 466 40 20 och
695 465 130 27 påteckning

71 500 12 21 å
98 500 173 25 Landskansliet,
290 501 32 20 till
343 500 176 21 Landskontoret
538 499 100 22 aflemnas
655 500 38 21 och
710 499 116 22 räkenska-

68 541 69 20 perna
153 535 89 26 bifogas.

416 563 11 28 S
445 565 33 19 67.

144 598 115 26 Angående
275 598 154 26 debiteringen,
441 598 134 27 uppbörden,
587 598 146 26 levereringen
745 597 38 21 och
794 603 32 15 re-

71 632 140 27 dovisningen
228 632 22 21 af
265 632 213 26 bevillningsmedlen
489 633 58 26 gälla
557 634 7 19 i
576 632 66 27 öfrigt
652 632 112 21 enahanda
775 632 49 21 kon-

70 667 50 20 troll
137 667 40 20 och
193 667 137 26 ansvarighet
345 667 33 21 för
394 667 163 21 vederbörande
571 667 161 27 uppbördsmän
743 667 39 20 och
795 673 31 14 re-

71 701 113 26 dogörare,
205 707 44 15 som
265 701 7 21 i
291 701 100 22 afseende
407 702 13 20 å
435 702 155 21 kronomedlen
606 701 67 21 finnes
689 701 112 27 stadgadt;
819 701 5 20 i

71 735 52 27 följd
139 735 77 21 hvaraf
231 736 106 21 allmänna
349 736 293 27 uppbördsförfattningarne
651 736 79 26 jemväl
742 735 85 21 komma

71 771 33 20 att
126 770 109 27 tillämpas
259 770 12 21 &
291 771 256 26 bevillningsuppbörden
567 771 38 20 och
622 771 87 20 dermed
725 769 101 22 förenade

71 804 135 27 åligganden.

416 833 11 28 8
445 834 33 20 68.

144 867 70 21 Sedan
229 868 126 27 fullständig
371 868 86 27 uppgift
473 868 60 21 öfver
549 868 143 26 bevillningen
702 867 48 21 från
762 869 64 19 samt-

71 901 44 27 liga
135 902 62 21 länen
217 902 32 21 för
269 903 72 26 hvarje
361 903 24 20 år
404 903 32 20 till
454 903 105 21 Senatens
575 903 204 26 Finansexpedition
795 902 31 20 in-

71 935 97 27 kommit,
185 937 38 20 bör
239 937 98 20 bemälda
353 937 130 26 expedition,
501 939 52 19 utan
565 936 100 22 afvaktan
676 936 24 21 af
709 936 117 21 räkenska-

70 977 79 20 pernas
166 971 87 26 slutliga
272 971 138 27 granskning,
429 973 106 25 upprätta
554 974 31 18 ett
601 971 150 26 sammandrag
768 970 58 21 öfver

70 1005 60 21 årets
147 1005 116 27 bevillning
279 1005 33 21 för
327 1006 49 21 hela
391 1006 98 26 Finland,
507 1006 82 21 hvilket
604 1006 46 21 från
667 1005 85 27 trycket
761 1004 66 27 utgif-

71 1046 37 15 ves
117 1040 39 21 och
168 1040 27 27 på
205 1040 99 27 lämpligt
315 1041 44 20 sätt
369 1040 114 21 befordras
495 1040 32 21 till
537 1040 154 21 allmänhetens
700 1039 127 22 kännedom.

377 1109 66 26 Kap.
459 1109 62 22 VIL

316 1154 111 23 Särskilda
441 1154 142 28 stadganden.

418 1201 11 27 8
446 1201 34 21 69.

144 1235 148 27 Värderings-,
309 1235 138 26 bevillnings-
459 1235 41 21 och
512 1235 255 27 pröfningsnämndernas
779 1234 49 21 ord-

72 1269 90 22 förande
181 1270 38 21 och
239 1270 118 21 ledamöter
373 1269 84 28 ätnjuta
474 1270 7 20 i
497 1270 40 21 och
553 1269 34 22 för
602 1269 126 27 utöfningen
744 1269 23 20 af
781 1269 47 20 sina

73 1304 97 21 erhällna
185 1304 99 27 uppdrag
303 1304 111 21 enahanda
430 1303 72 28 skydd
518 1304 39 21 och
573 1304 107 26 säkerhet,
697 1310 45 15 som
759 1303 69 21 landt-

70 1339 105 26 dagsmän
192 1341 36 18 äro
245 1338 166 21 tillförsäkrade.

420 1397 11 26 8
448 1397 35 20 70.

145 1437 29 20 Af
188 1437 137 26 bevillnings-
341 1436 52 21 eller
409 1436 194 27 pröfningsnämnd
619 1435 120 22 behandlad
755 1434 74 22 bevill-
