<?xml version="1.0" encoding="UTF-8"?>
<alto xmlns="http://www.loc.gov/standards/alto/ns-v3#" xmlns:xlink="http://www.w3.org/1999/xlink" xmlns:xsi="http://www.w3.org/2001/XMLSchema-instance" xsi:schemaLocation="http://www.loc.gov/standards/alto/ns-v3# http://www.loc.gov/alto/v3/alto-3-0.xsd">
	<Description>
		<MeasurementUnit>pixel</MeasurementUnit>
		<sourceImageInformation>
			<fileName>/tmp/tess_o30eidte_input.PNG</fileName>
		</sourceImageInformation>
		<OCRProcessing ID="OCR_0">
			<ocrProcessingStep>
				<processingSoftware>
					<softwareName>tesseract 5.3.4</softwareName>
				</processingSoftware>
			</ocrProcessingStep>
		</OCRProcessing>
	</Description>
	<Layout>
		<Page WIDTH="1025" HEIGHT="1661" PHYSICAL_IMG_NR="0" ID="page_0">
			<PrintSpace HPOS="0" VPOS="0" WIDTH="1025" HEIGHT="1661">
				<ComposedBlock ID="cblock_0" HPOS="204" VPOS="115" WIDTH="396" HEIGHT="24">
					<TextBlock ID="block_0" HPOS="204" VPOS="115" WIDTH="396" HEIGHT="24">
						<TextLine ID="line_0" HPOS="204" VPOS="115" WIDTH="396" HEIGHT="24">
							<String ID="string_0" HPOS="204" VPOS="118" WIDTH="13" HEIGHT="19" WC="0.96" CONTENT="4"/><SP WIDTH="295" VPOS="118" HPOS="217"/>
							<String ID="string_1" HPOS="512" VPOS="116" WIDTH="38" HEIGHT="23" WC="0.95" CONTENT="N:o"/><SP WIDTH="16" VPOS="116" HPOS="550"/>
							<String ID="string_2" HPOS="566" VPOS="115" WIDTH="34" HEIGHT="23" WC="0.94" CONTENT="29."/>
						</TextLine>
					</TextBlock>
				</ComposedBlock>
				<ComposedBlock ID="cblock_1" HPOS="174" VPOS="181" WIDTH="765" HEIGHT="1305">
					<TextBlock ID="block_1" HPOS="175" VPOS="181" WIDTH="763" HEIGHT="62">
						<TextLine ID="line_1" HPOS="175" VPOS="181" WIDTH="763" HEIGHT="29">
							<String ID="string_3" HPOS="175" VPOS="182" WIDTH="38" HEIGHT="21" WC="0.96" CONTENT="det"/><SP WIDTH="15" VPOS="182" HPOS="213"/>
							<String ID="string_4" HPOS="228" VPOS="183" WIDTH="57" HEIGHT="20" WC="0.93" CONTENT="samt"/><SP WIDTH="15" VPOS="183" HPOS="285"/>
							<String ID="string_5" HPOS="300" VPOS="181" WIDTH="129" HEIGHT="28" WC="0.92" CONTENT="gårdsegare"/><SP WIDTH="17" VPOS="181" HPOS="429"/>
							<String ID="string_6" HPOS="446" VPOS="182" WIDTH="40" HEIGHT="22" WC="0.96" CONTENT="och"/><SP WIDTH="15" VPOS="182" HPOS="486"/>
							<String ID="string_7" HPOS="501" VPOS="182" WIDTH="109" HEIGHT="22" WC="0.96" CONTENT="särskilda"/><SP WIDTH="15" VPOS="182" HPOS="610"/>
							<String ID="string_8" HPOS="625" VPOS="182" WIDTH="68" HEIGHT="22" WC="0.92" CONTENT="andra"/><SP WIDTH="15" VPOS="182" HPOS="693"/>
							<String ID="string_9" HPOS="708" VPOS="183" WIDTH="165" HEIGHT="22" WC="0.91" CONTENT="stadsinvånare"/><SP WIDTH="10" VPOS="183" HPOS="873"/>
							<String ID="string_10" HPOS="883" VPOS="183" WIDTH="55" HEIGHT="27" WC="0.91" CONTENT="ålig-"/>
						</TextLine>
						<TextLine ID="line_2" HPOS="175" VPOS="217" WIDTH="148" HEIGHT="26">
							<String ID="string_11" HPOS="175" VPOS="217" WIDTH="71" HEIGHT="26" WC="0.93" CONTENT="gande"/><SP WIDTH="16" VPOS="217" HPOS="246"/>
							<String ID="string_12" HPOS="262" VPOS="223" WIDTH="61" HEIGHT="14" WC="0.91" CONTENT="onus."/>
						</TextLine>
					</TextBlock>
					<TextBlock ID="block_2" HPOS="174" VPOS="251" WIDTH="765" HEIGHT="270">
						<TextLine ID="line_3" HPOS="244" VPOS="251" WIDTH="694" HEIGHT="28">
							<String ID="string_13" HPOS="244" VPOS="251" WIDTH="31" HEIGHT="21" WC="0.96" CONTENT="På"/><SP WIDTH="19" VPOS="251" HPOS="275"/>
							<String ID="string_14" HPOS="294" VPOS="251" WIDTH="63" HEIGHT="22" WC="0.96" CONTENT="dessa"/><SP WIDTH="20" VPOS="251" HPOS="357"/>
							<String ID="string_15" HPOS="377" VPOS="251" WIDTH="93" HEIGHT="28" WC="0.96" CONTENT="grunder"/><SP WIDTH="18" VPOS="251" HPOS="470"/>
							<String ID="string_16" HPOS="488" VPOS="251" WIDTH="39" HEIGHT="22" WC="0.93" CONTENT="har"/><SP WIDTH="20" VPOS="251" HPOS="527"/>
							<String ID="string_17" HPOS="547" VPOS="251" WIDTH="97" HEIGHT="22" WC="0.92" CONTENT="komitén"/><SP WIDTH="20" VPOS="251" HPOS="644"/>
							<String ID="string_18" HPOS="664" VPOS="258" WIDTH="77" HEIGHT="21" WC="0.93" CONTENT="genom"/><SP WIDTH="21" VPOS="258" HPOS="741"/>
							<String ID="string_19" HPOS="762" VPOS="252" WIDTH="150" HEIGHT="27" WC="0.92" CONTENT="stadgandena"/><SP WIDTH="18" VPOS="252" HPOS="912"/>
							<String ID="string_20" HPOS="930" VPOS="252" WIDTH="8" HEIGHT="21" WC="0.97" CONTENT="i"/>
						</TextLine>
						<TextLine ID="line_4" HPOS="174" VPOS="285" WIDTH="763" HEIGHT="29">
							<String ID="string_21" HPOS="174" VPOS="285" WIDTH="116" HEIGHT="27" WC="0.93" CONTENT="förslagets"/><SP WIDTH="16" VPOS="285" HPOS="290"/>
							<String ID="string_22" HPOS="306" VPOS="285" WIDTH="12" HEIGHT="28" WC="0.92" CONTENT="$"/><SP WIDTH="16" VPOS="285" HPOS="318"/>
							<String ID="string_23" HPOS="334" VPOS="288" WIDTH="18" HEIGHT="24" WC="0.96" CONTENT="3,"/><SP WIDTH="17" VPOS="288" HPOS="352"/>
							<String ID="string_24" HPOS="369" VPOS="292" WIDTH="77" HEIGHT="15" WC="0.96" CONTENT="senare"/><SP WIDTH="15" VPOS="292" HPOS="446"/>
							<String ID="string_25" HPOS="461" VPOS="288" WIDTH="123" HEIGHT="24" WC="0.95" CONTENT="momentet,"/><SP WIDTH="17" VPOS="288" HPOS="584"/>
							<String ID="string_26" HPOS="601" VPOS="288" WIDTH="57" HEIGHT="19" WC="0.96" CONTENT="samt"/><SP WIDTH="16" VPOS="288" HPOS="658"/>
							<String ID="string_27" HPOS="674" VPOS="285" WIDTH="23" HEIGHT="29" WC="0.95" CONTENT="$$"/><SP WIDTH="16" VPOS="285" HPOS="697"/>
							<String ID="string_28" HPOS="713" VPOS="288" WIDTH="20" HEIGHT="24" WC="0.95" CONTENT="9,"/><SP WIDTH="18" VPOS="288" HPOS="733"/>
							<String ID="string_29" HPOS="751" VPOS="288" WIDTH="24" HEIGHT="20" WC="0.96" CONTENT="11"/><SP WIDTH="14" VPOS="288" HPOS="775"/>
							<String ID="string_30" HPOS="789" VPOS="286" WIDTH="41" HEIGHT="22" WC="0.96" CONTENT="och"/><SP WIDTH="10" VPOS="286" HPOS="830"/>
							<String ID="string_31" HPOS="840" VPOS="288" WIDTH="25" HEIGHT="20" WC="0.93" CONTENT="21"/><SP WIDTH="13" VPOS="288" HPOS="865"/>
							<String ID="string_32" HPOS="878" VPOS="288" WIDTH="59" HEIGHT="20" WC="0.93" CONTENT="utta-"/>
						</TextLine>
						<TextLine ID="line_5" HPOS="174" VPOS="320" WIDTH="765" HEIGHT="28">
							<String ID="string_33" HPOS="174" VPOS="320" WIDTH="32" HEIGHT="22" WC="0.96" CONTENT="lat"/><SP WIDTH="21" VPOS="320" HPOS="206"/>
							<String ID="string_34" HPOS="227" VPOS="320" WIDTH="112" HEIGHT="27" WC="0.96" CONTENT="principen"/><SP WIDTH="19" VPOS="320" HPOS="339"/>
							<String ID="string_35" HPOS="358" VPOS="326" WIDTH="35" HEIGHT="16" WC="0.95" CONTENT="om"/><SP WIDTH="20" VPOS="326" HPOS="393"/>
							<String ID="string_36" HPOS="413" VPOS="320" WIDTH="122" HEIGHT="28" WC="0.96" CONTENT="skyldighet"/><SP WIDTH="19" VPOS="320" HPOS="535"/>
							<String ID="string_37" HPOS="554" VPOS="320" WIDTH="33" HEIGHT="22" WC="0.96" CONTENT="för"/><SP WIDTH="20" VPOS="320" HPOS="587"/>
							<String ID="string_38" HPOS="607" VPOS="320" WIDTH="102" HEIGHT="28" WC="0.93" CONTENT="samtliga"/><SP WIDTH="19" VPOS="320" HPOS="709"/>
							<String ID="string_39" HPOS="728" VPOS="320" WIDTH="167" HEIGHT="22" WC="0.92" CONTENT="medlemmarne"/><SP WIDTH="21" VPOS="320" HPOS="895"/>
							<String ID="string_40" HPOS="916" VPOS="320" WIDTH="23" HEIGHT="22" WC="0.96" CONTENT="af"/>
						</TextLine>
						<TextLine ID="line_6" HPOS="176" VPOS="354" WIDTH="762" HEIGHT="28">
							<String ID="string_41" HPOS="176" VPOS="355" WIDTH="41" HEIGHT="21" WC="0.96" CONTENT="den"/><SP WIDTH="20" VPOS="355" HPOS="217"/>
							<String ID="string_42" HPOS="237" VPOS="354" WIDTH="123" HEIGHT="28" WC="0.96" CONTENT="borgerliga"/><SP WIDTH="18" VPOS="354" HPOS="360"/>
							<String ID="string_43" HPOS="378" VPOS="355" WIDTH="136" HEIGHT="26" WC="0.96" CONTENT="kommunen,"/><SP WIDTH="20" VPOS="355" HPOS="514"/>
							<String ID="string_44" HPOS="534" VPOS="355" WIDTH="60" HEIGHT="21" WC="0.96" CONTENT="såväl"/><SP WIDTH="16" VPOS="355" HPOS="594"/>
							<String ID="string_45" HPOS="610" VPOS="355" WIDTH="7" HEIGHT="21" WC="0.96" CONTENT="i"/><SP WIDTH="15" VPOS="355" HPOS="617"/>
							<String ID="string_46" HPOS="632" VPOS="356" WIDTH="50" HEIGHT="20" WC="0.96" CONTENT="stad"/><SP WIDTH="20" VPOS="356" HPOS="682"/>
							<String ID="string_47" HPOS="702" VPOS="361" WIDTH="46" HEIGHT="16" WC="0.96" CONTENT="som"/><SP WIDTH="15" VPOS="361" HPOS="748"/>
							<String ID="string_48" HPOS="763" VPOS="355" WIDTH="30" HEIGHT="27" WC="0.96" CONTENT="på"/><SP WIDTH="14" VPOS="355" HPOS="793"/>
							<String ID="string_49" HPOS="807" VPOS="356" WIDTH="80" HEIGHT="26" WC="0.96" CONTENT="landet,"/><SP WIDTH="18" VPOS="356" HPOS="887"/>
							<String ID="string_50" HPOS="905" VPOS="357" WIDTH="33" HEIGHT="20" WC="0.95" CONTENT="att"/>
						</TextLine>
						<TextLine ID="line_7" HPOS="176" VPOS="389" WIDTH="760" HEIGHT="29">
							<String ID="string_51" HPOS="176" VPOS="389" WIDTH="54" HEIGHT="23" WC="0.96" CONTENT="efter"/><SP WIDTH="21" VPOS="389" HPOS="230"/>
							<String ID="string_52" HPOS="251" VPOS="389" WIDTH="27" HEIGHT="22" WC="0.96" CONTENT="de"/><SP WIDTH="18" VPOS="389" HPOS="278"/>
							<String ID="string_53" HPOS="296" VPOS="390" WIDTH="100" HEIGHT="27" WC="0.96" CONTENT="grunder,"/><SP WIDTH="17" VPOS="390" HPOS="396"/>
							<String ID="string_54" HPOS="413" VPOS="396" WIDTH="47" HEIGHT="16" WC="0.96" CONTENT="som"/><SP WIDTH="14" VPOS="396" HPOS="460"/>
							<String ID="string_55" HPOS="474" VPOS="390" WIDTH="33" HEIGHT="22" WC="0.96" CONTENT="för"/><SP WIDTH="15" VPOS="390" HPOS="507"/>
							<String ID="string_56" HPOS="522" VPOS="396" WIDTH="70" HEIGHT="16" WC="0.93" CONTENT="annan"/><SP WIDTH="16" VPOS="396" HPOS="592"/>
							<String ID="string_57" HPOS="608" VPOS="390" WIDTH="214" HEIGHT="28" WC="0.92" CONTENT="kommunalutskyld"/><SP WIDTH="15" VPOS="390" HPOS="822"/>
							<String ID="string_58" HPOS="837" VPOS="393" WIDTH="38" HEIGHT="19" WC="0.93" CONTENT="äro"/><SP WIDTH="16" VPOS="393" HPOS="875"/>
							<String ID="string_59" HPOS="891" VPOS="390" WIDTH="45" HEIGHT="27" WC="0.92" CONTENT="gäl-"/>
						</TextLine>
						<TextLine ID="line_8" HPOS="174" VPOS="424" WIDTH="762" HEIGHT="29">
							<String ID="string_60" HPOS="174" VPOS="424" WIDTH="72" HEIGHT="26" WC="0.95" CONTENT="lande,"/><SP WIDTH="20" VPOS="424" HPOS="246"/>
							<String ID="string_61" HPOS="266" VPOS="431" WIDTH="91" HEIGHT="15" WC="0.96" CONTENT="ansvara"/><SP WIDTH="18" VPOS="431" HPOS="357"/>
							<String ID="string_62" HPOS="375" VPOS="424" WIDTH="34" HEIGHT="22" WC="0.96" CONTENT="för"/><SP WIDTH="19" VPOS="424" HPOS="409"/>
							<String ID="string_63" HPOS="428" VPOS="425" WIDTH="43" HEIGHT="21" WC="0.96" CONTENT="den"/><SP WIDTH="18" VPOS="425" HPOS="471"/>
							<String ID="string_64" HPOS="489" VPOS="425" WIDTH="99" HEIGHT="26" WC="0.93" CONTENT="kostnad,"/><SP WIDTH="16" VPOS="425" HPOS="588"/>
							<String ID="string_65" HPOS="604" VPOS="425" WIDTH="104" HEIGHT="22" WC="0.91" CONTENT="hvarmed"/><SP WIDTH="15" VPOS="425" HPOS="708"/>
							<String ID="string_66" HPOS="723" VPOS="425" WIDTH="82" HEIGHT="28" WC="0.91" CONTENT="skjuts-"/><SP WIDTH="16" VPOS="425" HPOS="805"/>
							<String ID="string_67" HPOS="821" VPOS="425" WIDTH="40" HEIGHT="22" WC="0.93" CONTENT="och"/><SP WIDTH="16" VPOS="425" HPOS="861"/>
							<String ID="string_68" HPOS="877" VPOS="427" WIDTH="59" HEIGHT="25" WC="0.92" CONTENT="gäst-"/>
						</TextLine>
						<TextLine ID="line_9" HPOS="175" VPOS="458" WIDTH="762" HEIGHT="29">
							<String ID="string_69" HPOS="175" VPOS="458" WIDTH="198" HEIGHT="28" WC="0.92" CONTENT="gifverihållningen"/><SP WIDTH="17" VPOS="458" HPOS="373"/>
							<String ID="string_70" HPOS="390" VPOS="459" WIDTH="143" HEIGHT="28" WC="0.92" CONTENT="öfverskjuter"/><SP WIDTH="15" VPOS="459" HPOS="533"/>
							<String ID="string_71" HPOS="548" VPOS="459" WIDTH="55" HEIGHT="22" WC="0.96" CONTENT="hvad"/><SP WIDTH="15" VPOS="459" HPOS="603"/>
							<String ID="string_72" HPOS="618" VPOS="461" WIDTH="169" HEIGHT="26" WC="0.96" CONTENT="entreprenören"/><SP WIDTH="16" VPOS="461" HPOS="787"/>
							<String ID="string_73" HPOS="803" VPOS="459" WIDTH="72" HEIGHT="22" WC="0.96" CONTENT="derför"/><SP WIDTH="10" VPOS="459" HPOS="875"/>
							<String ID="string_74" HPOS="885" VPOS="465" WIDTH="52" HEIGHT="21" WC="0.96" CONTENT="eger"/>
						</TextLine>
						<TextLine ID="line_10" HPOS="176" VPOS="493" WIDTH="292" HEIGHT="28">
							<String ID="string_75" HPOS="176" VPOS="493" WIDTH="23" HEIGHT="22" WC="0.95" CONTENT="af"/><SP WIDTH="13" VPOS="493" HPOS="199"/>
							<String ID="string_76" HPOS="212" VPOS="494" WIDTH="28" HEIGHT="21" WC="0.96" CONTENT="de"/><SP WIDTH="15" VPOS="494" HPOS="240"/>
							<String ID="string_77" HPOS="255" VPOS="494" WIDTH="93" HEIGHT="21" WC="0.96" CONTENT="resande"/><SP WIDTH="15" VPOS="494" HPOS="348"/>
							<String ID="string_78" HPOS="363" VPOS="494" WIDTH="105" HEIGHT="27" WC="0.96" CONTENT="uppbära."/>
						</TextLine>
					</TextBlock>
					<TextBlock ID="block_3" HPOS="174" VPOS="528" WIDTH="765" HEIGHT="958">
						<TextLine ID="line_11" HPOS="244" VPOS="528" WIDTH="692" HEIGHT="28">
							<String ID="string_79" HPOS="244" VPOS="528" WIDTH="12" HEIGHT="22" WC="0.96" CONTENT="I"/><SP WIDTH="15" VPOS="528" HPOS="256"/>
							<String ID="string_80" HPOS="271" VPOS="528" WIDTH="71" HEIGHT="22" WC="0.91" CONTENT="denna"/><SP WIDTH="19" VPOS="528" HPOS="342"/>
							<String ID="string_81" HPOS="361" VPOS="529" WIDTH="163" HEIGHT="27" WC="0.91" CONTENT="hufvudprincip"/><SP WIDTH="17" VPOS="529" HPOS="524"/>
							<String ID="string_82" HPOS="541" VPOS="529" WIDTH="75" HEIGHT="27" WC="0.95" CONTENT="skiljer"/><SP WIDTH="15" VPOS="529" HPOS="616"/>
							<String ID="string_83" HPOS="631" VPOS="529" WIDTH="33" HEIGHT="27" WC="0.93" CONTENT="sig"/><SP WIDTH="15" VPOS="529" HPOS="664"/>
							<String ID="string_84" HPOS="679" VPOS="529" WIDTH="108" HEIGHT="22" WC="0.91" CONTENT="komiténs"/><SP WIDTH="16" VPOS="529" HPOS="787"/>
							<String ID="string_85" HPOS="803" VPOS="529" WIDTH="81" HEIGHT="27" WC="0.93" CONTENT="förslag"/><SP WIDTH="14" VPOS="529" HPOS="884"/>
							<String ID="string_86" HPOS="898" VPOS="530" WIDTH="38" HEIGHT="20" WC="0.92" CONTENT="vä-"/>
						</TextLine>
						<TextLine ID="line_12" HPOS="176" VPOS="562" WIDTH="761" HEIGHT="29">
							<String ID="string_87" HPOS="176" VPOS="563" WIDTH="122" HEIGHT="27" WC="0.92" CONTENT="sendtligen"/><SP WIDTH="22" VPOS="563" HPOS="298"/>
							<String ID="string_88" HPOS="320" VPOS="562" WIDTH="46" HEIGHT="23" WC="0.96" CONTENT="från"/><SP WIDTH="25" VPOS="562" HPOS="366"/>
							<String ID="string_89" HPOS="391" VPOS="563" WIDTH="40" HEIGHT="22" WC="0.94" CONTENT="den"/><SP WIDTH="19" VPOS="563" HPOS="431"/>
							<String ID="string_90" HPOS="450" VPOS="564" WIDTH="34" HEIGHT="21" WC="0.92" CONTENT="till"/><SP WIDTH="19" VPOS="564" HPOS="484"/>
							<String ID="string_91" HPOS="503" VPOS="564" WIDTH="115" HEIGHT="22" WC="0.91" CONTENT="sisthållna"/><SP WIDTH="18" VPOS="564" HPOS="618"/>
							<String ID="string_92" HPOS="636" VPOS="564" WIDTH="105" HEIGHT="27" WC="0.92" CONTENT="landtdag"/><SP WIDTH="20" VPOS="564" HPOS="741"/>
							<String ID="string_93" HPOS="761" VPOS="563" WIDTH="80" HEIGHT="22" WC="0.92" CONTENT="aflåtna"/><SP WIDTH="17" VPOS="563" HPOS="841"/>
							<String ID="string_94" HPOS="858" VPOS="563" WIDTH="79" HEIGHT="27" WC="0.96" CONTENT="nådiga"/>
						</TextLine>
						<TextLine ID="line_13" HPOS="175" VPOS="597" WIDTH="760" HEIGHT="28">
							<String ID="string_95" HPOS="175" VPOS="597" WIDTH="164" HEIGHT="28" WC="0.96" CONTENT="propositionen"/><SP WIDTH="16" VPOS="597" HPOS="339"/>
							<String ID="string_96" HPOS="355" VPOS="598" WIDTH="39" HEIGHT="22" WC="0.96" CONTENT="och"/><SP WIDTH="17" VPOS="598" HPOS="394"/>
							<String ID="string_97" HPOS="411" VPOS="600" WIDTH="57" HEIGHT="20" WC="0.96" CONTENT="ännu"/><SP WIDTH="15" VPOS="600" HPOS="468"/>
							<String ID="string_98" HPOS="483" VPOS="604" WIDTH="45" HEIGHT="16" WC="0.96" CONTENT="mer"/><SP WIDTH="14" VPOS="604" HPOS="528"/>
							<String ID="string_99" HPOS="542" VPOS="598" WIDTH="47" HEIGHT="22" WC="0.93" CONTENT="från"/><SP WIDTH="15" VPOS="598" HPOS="589"/>
							<String ID="string_100" HPOS="604" VPOS="598" WIDTH="134" HEIGHT="22" WC="0.92" CONTENT="Ständernas"/><SP WIDTH="11" VPOS="598" HPOS="738"/>
							<String ID="string_101" HPOS="749" VPOS="598" WIDTH="51" HEIGHT="22" WC="0.92" CONTENT="derä"/><SP WIDTH="11" VPOS="598" HPOS="800"/>
							<String ID="string_102" HPOS="811" VPOS="598" WIDTH="58" HEIGHT="27" WC="0.78" CONTENT="gifna"/><SP WIDTH="11" VPOS="598" HPOS="869"/>
							<String ID="string_103" HPOS="880" VPOS="603" WIDTH="55" HEIGHT="17" WC="0.96" CONTENT="svar."/>
						</TextLine>
						<TextLine ID="line_14" HPOS="176" VPOS="632" WIDTH="759" HEIGHT="28">
							<String ID="string_104" HPOS="176" VPOS="632" WIDTH="10" HEIGHT="22" WC="0.96" CONTENT="I"/><SP WIDTH="15" VPOS="632" HPOS="186"/>
							<String ID="string_105" HPOS="201" VPOS="633" WIDTH="67" HEIGHT="21" WC="0.93" CONTENT="redan"/><SP WIDTH="20" VPOS="633" HPOS="268"/>
							<String ID="string_106" HPOS="288" VPOS="632" WIDTH="75" HEIGHT="22" WC="0.92" CONTENT="anförd"/><SP WIDTH="18" VPOS="632" HPOS="363"/>
							<String ID="string_107" HPOS="381" VPOS="633" WIDTH="68" HEIGHT="22" WC="0.96" CONTENT="måtto"/><SP WIDTH="16" VPOS="633" HPOS="449"/>
							<String ID="string_108" HPOS="465" VPOS="633" WIDTH="63" HEIGHT="22" WC="0.93" CONTENT="hafva"/><SP WIDTH="16" VPOS="633" HPOS="528"/>
							<String ID="string_109" HPOS="544" VPOS="634" WIDTH="122" HEIGHT="21" WC="0.91" CONTENT="Ständerna"/><SP WIDTH="15" VPOS="634" HPOS="666"/>
							<String ID="string_110" HPOS="681" VPOS="634" WIDTH="46" HEIGHT="21" WC="0.92" CONTENT="deri"/><SP WIDTH="15" VPOS="634" HPOS="727"/>
							<String ID="string_111" HPOS="742" VPOS="633" WIDTH="143" HEIGHT="27" WC="0.93" CONTENT="uttryckligen"/><SP WIDTH="16" VPOS="633" HPOS="885"/>
							<String ID="string_112" HPOS="901" VPOS="634" WIDTH="34" HEIGHT="20" WC="0.92" CONTENT="ut-"/>
						</TextLine>
						<TextLine ID="line_15" HPOS="176" VPOS="666" WIDTH="759" HEIGHT="30">
							<String ID="string_113" HPOS="176" VPOS="666" WIDTH="62" HEIGHT="27" WC="0.93" CONTENT="talat,"/><SP WIDTH="24" VPOS="666" HPOS="238"/>
							<String ID="string_114" HPOS="262" VPOS="666" WIDTH="38" HEIGHT="23" WC="0.93" CONTENT="det"/><SP WIDTH="22" VPOS="666" HPOS="300"/>
							<String ID="string_115" HPOS="322" VPOS="667" WIDTH="123" HEIGHT="22" WC="0.92" CONTENT="Ständerna"/><SP WIDTH="18" VPOS="667" HPOS="445"/>
							<String ID="string_116" HPOS="463" VPOS="668" WIDTH="47" HEIGHT="22" WC="0.93" CONTENT="icke"/><SP WIDTH="20" VPOS="668" HPOS="510"/>
							<String ID="string_117" HPOS="530" VPOS="668" WIDTH="85" HEIGHT="27" WC="0.93" CONTENT="gillade,"/><SP WIDTH="21" VPOS="668" HPOS="615"/>
							<String ID="string_118" HPOS="636" VPOS="670" WIDTH="33" HEIGHT="20" WC="0.96" CONTENT="att"/><SP WIDTH="18" VPOS="670" HPOS="669"/>
							<String ID="string_119" HPOS="687" VPOS="668" WIDTH="151" HEIGHT="28" WC="0.96" CONTENT="skyldigheten"/><SP WIDTH="15" VPOS="668" HPOS="838"/>
							<String ID="string_120" HPOS="853" VPOS="668" WIDTH="34" HEIGHT="20" WC="0.93" CONTENT="till"/><SP WIDTH="13" VPOS="668" HPOS="887"/>
							<String ID="string_121" HPOS="900" VPOS="669" WIDTH="35" HEIGHT="19" WC="0.93" CONTENT="ut-"/>
						</TextLine>
						<TextLine ID="line_16" HPOS="176" VPOS="702" WIDTH="759" HEIGHT="28">
							<String ID="string_122" HPOS="176" VPOS="702" WIDTH="96" HEIGHT="26" WC="0.91" CONTENT="görande"/><SP WIDTH="16" VPOS="702" HPOS="272"/>
							<String ID="string_123" HPOS="288" VPOS="702" WIDTH="24" HEIGHT="22" WC="0.93" CONTENT="af"/><SP WIDTH="12" VPOS="702" HPOS="312"/>
							<String ID="string_124" HPOS="324" VPOS="702" WIDTH="117" HEIGHT="28" WC="0.92" CONTENT="hällskjuts"/><SP WIDTH="16" VPOS="702" HPOS="441"/>
							<String ID="string_125" HPOS="457" VPOS="703" WIDTH="40" HEIGHT="22" WC="0.93" CONTENT="och"/><SP WIDTH="15" VPOS="703" HPOS="497"/>
							<String ID="string_126" HPOS="512" VPOS="703" WIDTH="114" HEIGHT="22" WC="0.93" CONTENT="underhäll"/><SP WIDTH="16" VPOS="703" HPOS="626"/>
							<String ID="string_127" HPOS="642" VPOS="703" WIDTH="22" HEIGHT="21" WC="0.93" CONTENT="af"/><SP WIDTH="14" VPOS="703" HPOS="664"/>
							<String ID="string_128" HPOS="678" VPOS="702" WIDTH="125" HEIGHT="28" WC="0.91" CONTENT="gästgifveri"/><SP WIDTH="15" VPOS="702" HPOS="803"/>
							<String ID="string_129" HPOS="818" VPOS="703" WIDTH="28" HEIGHT="27" WC="0.96" CONTENT="pä"/><SP WIDTH="14" VPOS="703" HPOS="846"/>
							<String ID="string_130" HPOS="860" VPOS="702" WIDTH="75" HEIGHT="22" WC="0.96" CONTENT="landet"/>
						</TextLine>
						<TextLine ID="line_17" HPOS="175" VPOS="737" WIDTH="760" HEIGHT="29">
							<String ID="string_131" HPOS="175" VPOS="737" WIDTH="135" HEIGHT="21" WC="0.92" CONTENT="utsträcktes"/><SP WIDTH="20" VPOS="737" HPOS="310"/>
							<String ID="string_132" HPOS="330" VPOS="737" WIDTH="33" HEIGHT="21" WC="0.93" CONTENT="till"/><SP WIDTH="16" VPOS="737" HPOS="363"/>
							<String ID="string_133" HPOS="379" VPOS="738" WIDTH="182" HEIGHT="27" WC="0.89" CONTENT="jordlägenheter,"/><SP WIDTH="20" VPOS="738" HPOS="561"/>
							<String ID="string_134" HPOS="581" VPOS="738" WIDTH="73" HEIGHT="21" WC="0.92" CONTENT="hvilka"/><SP WIDTH="15" VPOS="738" HPOS="654"/>
							<String ID="string_135" HPOS="669" VPOS="738" WIDTH="29" HEIGHT="27" WC="0.96" CONTENT="pä"/><SP WIDTH="15" VPOS="738" HPOS="698"/>
							<String ID="string_136" HPOS="713" VPOS="738" WIDTH="69" HEIGHT="28" WC="0.96" CONTENT="grund"/><SP WIDTH="16" VPOS="738" HPOS="782"/>
							<String ID="string_137" HPOS="798" VPOS="738" WIDTH="23" HEIGHT="21" WC="0.97" CONTENT="af"/><SP WIDTH="12" VPOS="738" HPOS="821"/>
							<String ID="string_138" HPOS="833" VPOS="738" WIDTH="36" HEIGHT="26" WC="0.93" CONTENT="lag"/><SP WIDTH="15" VPOS="738" HPOS="869"/>
							<String ID="string_139" HPOS="884" VPOS="742" WIDTH="51" HEIGHT="16" WC="0.92" CONTENT="vore"/>
						</TextLine>
						<TextLine ID="line_18" HPOS="176" VPOS="770" WIDTH="759" HEIGHT="29">
							<String ID="string_140" HPOS="176" VPOS="770" WIDTH="93" HEIGHT="22" WC="0.93" CONTENT="derifrän"/><SP WIDTH="16" VPOS="770" HPOS="269"/>
							<String ID="string_141" HPOS="285" VPOS="771" WIDTH="103" HEIGHT="27" WC="0.90" CONTENT="befriade,"/><SP WIDTH="17" VPOS="771" HPOS="388"/>
							<String ID="string_142" HPOS="405" VPOS="774" WIDTH="56" HEIGHT="20" WC="0.96" CONTENT="samt"/><SP WIDTH="14" VPOS="774" HPOS="461"/>
							<String ID="string_143" HPOS="475" VPOS="772" WIDTH="32" HEIGHT="22" WC="0.92" CONTENT="till"/><SP WIDTH="15" VPOS="772" HPOS="507"/>
							<String ID="string_144" HPOS="522" VPOS="772" WIDTH="128" HEIGHT="22" WC="0.92" CONTENT="industriela"/><SP WIDTH="16" VPOS="772" HPOS="650"/>
							<String ID="string_145" HPOS="666" VPOS="772" WIDTH="145" HEIGHT="27" WC="0.93" CONTENT="inrättningar"/><SP WIDTH="15" VPOS="772" HPOS="811"/>
							<String ID="string_146" HPOS="826" VPOS="771" WIDTH="109" HEIGHT="22" WC="0.92" CONTENT="äfvensom"/>
						</TextLine>
						<TextLine ID="line_19" HPOS="176" VPOS="805" WIDTH="760" HEIGHT="29">
							<String ID="string_147" HPOS="176" VPOS="805" WIDTH="127" HEIGHT="27" WC="0.92" CONTENT="skattlagda"/><SP WIDTH="15" VPOS="805" HPOS="303"/>
							<String ID="string_148" HPOS="318" VPOS="808" WIDTH="49" HEIGHT="25" WC="0.92" CONTENT="torp"/><SP WIDTH="12" VPOS="808" HPOS="367"/>
							<String ID="string_149" HPOS="379" VPOS="806" WIDTH="39" HEIGHT="22" WC="0.93" CONTENT="och"/><SP WIDTH="11" VPOS="806" HPOS="418"/>
							<String ID="string_150" HPOS="429" VPOS="807" WIDTH="102" HEIGHT="26" WC="0.92" CONTENT="utjordar."/><SP WIDTH="31" VPOS="807" HPOS="531"/>
							<String ID="string_151" HPOS="562" VPOS="807" WIDTH="38" HEIGHT="21" WC="0.95" CONTENT="Att"/><SP WIDTH="10" VPOS="807" HPOS="600"/>
							<String ID="string_152" HPOS="610" VPOS="808" WIDTH="29" HEIGHT="26" WC="0.96" CONTENT="pä"/><SP WIDTH="9" VPOS="808" HPOS="639"/>
							<String ID="string_153" HPOS="648" VPOS="807" WIDTH="75" HEIGHT="21" WC="0.93" CONTENT="landet"/><SP WIDTH="11" VPOS="807" HPOS="723"/>
							<String ID="string_154" HPOS="734" VPOS="806" WIDTH="99" HEIGHT="22" WC="0.92" CONTENT="ähvälfva"/><SP WIDTH="10" VPOS="806" HPOS="833"/>
							<String ID="string_155" HPOS="843" VPOS="806" WIDTH="93" HEIGHT="22" WC="0.96" CONTENT="nämnda"/>
						</TextLine>
						<TextLine ID="line_20" HPOS="176" VPOS="839" WIDTH="760" HEIGHT="29">
							<String ID="string_156" HPOS="176" VPOS="839" WIDTH="124" HEIGHT="28" WC="0.96" CONTENT="skyldighet"/><SP WIDTH="22" VPOS="839" HPOS="300"/>
							<String ID="string_157" HPOS="322" VPOS="840" WIDTH="142" HEIGHT="22" WC="0.96" CONTENT="kommunens"/><SP WIDTH="21" VPOS="840" HPOS="464"/>
							<String ID="string_158" HPOS="485" VPOS="842" WIDTH="100" HEIGHT="26" WC="0.96" CONTENT="samtliga"/><SP WIDTH="22" VPOS="842" HPOS="585"/>
							<String ID="string_159" HPOS="607" VPOS="842" WIDTH="146" HEIGHT="26" WC="0.96" CONTENT="medlemmar,"/><SP WIDTH="24" VPOS="842" HPOS="753"/>
							<String ID="string_160" HPOS="777" VPOS="841" WIDTH="70" HEIGHT="21" WC="0.93" CONTENT="skulle"/><SP WIDTH="23" VPOS="841" HPOS="847"/>
							<String ID="string_161" HPOS="870" VPOS="840" WIDTH="66" HEIGHT="22" WC="0.92" CONTENT="likväl"/>
						</TextLine>
						<TextLine ID="line_21" HPOS="175" VPOS="874" WIDTH="761" HEIGHT="29">
							<String ID="string_162" HPOS="175" VPOS="874" WIDTH="105" HEIGHT="22" WC="0.95" CONTENT="innebära"/><SP WIDTH="15" VPOS="874" HPOS="280"/>
							<String ID="string_163" HPOS="295" VPOS="881" WIDTH="27" HEIGHT="15" WC="0.93" CONTENT="en"/><SP WIDTH="15" VPOS="881" HPOS="322"/>
							<String ID="string_164" HPOS="337" VPOS="874" WIDTH="125" HEIGHT="28" WC="0.96" CONTENT="förändring"/><SP WIDTH="14" VPOS="874" HPOS="462"/>
							<String ID="string_165" HPOS="476" VPOS="876" WIDTH="31" HEIGHT="21" WC="0.96" CONTENT="uti"/><SP WIDTH="16" VPOS="876" HPOS="507"/>
							<String ID="string_166" HPOS="523" VPOS="876" WIDTH="75" HEIGHT="22" WC="0.96" CONTENT="härom"/><SP WIDTH="15" VPOS="876" HPOS="598"/>
							<String ID="string_167" HPOS="613" VPOS="876" WIDTH="100" HEIGHT="27" WC="0.93" CONTENT="gällande"/><SP WIDTH="16" VPOS="876" HPOS="713"/>
							<String ID="string_168" HPOS="729" VPOS="875" WIDTH="135" HEIGHT="27" WC="0.96" CONTENT="stadganden"/><SP WIDTH="12" VPOS="875" HPOS="864"/>
							<String ID="string_169" HPOS="876" VPOS="875" WIDTH="7" HEIGHT="21" WC="0.96" CONTENT="i"/><SP WIDTH="11" VPOS="875" HPOS="883"/>
							<String ID="string_170" HPOS="894" VPOS="874" WIDTH="42" HEIGHT="22" WC="0.96" CONTENT="den"/>
						</TextLine>
						<TextLine ID="line_22" HPOS="175" VPOS="908" WIDTH="761" HEIGHT="29">
							<String ID="string_171" HPOS="175" VPOS="908" WIDTH="101" HEIGHT="28" WC="0.93" CONTENT="riktning,"/><SP WIDTH="18" VPOS="908" HPOS="276"/>
							<String ID="string_172" HPOS="294" VPOS="909" WIDTH="122" HEIGHT="22" WC="0.92" CONTENT="Ständerna"/><SP WIDTH="14" VPOS="909" HPOS="416"/>
							<String ID="string_173" HPOS="430" VPOS="910" WIDTH="90" HEIGHT="22" WC="0.96" CONTENT="sålunda"/><SP WIDTH="13" VPOS="910" HPOS="520"/>
							<String ID="string_174" HPOS="533" VPOS="910" WIDTH="48" HEIGHT="22" WC="0.96" CONTENT="icke"/><SP WIDTH="15" VPOS="910" HPOS="581"/>
							<String ID="string_175" HPOS="596" VPOS="910" WIDTH="60" HEIGHT="22" WC="0.96" CONTENT="velat"/><SP WIDTH="9" VPOS="910" HPOS="656"/>
							<String ID="string_176" HPOS="665" VPOS="910" WIDTH="122" HEIGHT="27" WC="0.93" CONTENT="godkänna."/><SP WIDTH="30" VPOS="910" HPOS="787"/>
							<String ID="string_177" HPOS="817" VPOS="910" WIDTH="119" HEIGHT="21" WC="0.92" CONTENT="Oanmärkt"/>
						</TextLine>
						<TextLine ID="line_23" HPOS="176" VPOS="942" WIDTH="759" HEIGHT="30">
							<String ID="string_178" HPOS="176" VPOS="942" WIDTH="40" HEIGHT="22" WC="0.96" CONTENT="bör"/><SP WIDTH="22" VPOS="942" HPOS="216"/>
							<String ID="string_179" HPOS="238" VPOS="943" WIDTH="19" HEIGHT="27" WC="0.93" CONTENT="ej"/><SP WIDTH="24" VPOS="943" HPOS="257"/>
							<String ID="string_180" HPOS="281" VPOS="944" WIDTH="89" HEIGHT="26" WC="0.88" CONTENT="lemnas,"/><SP WIDTH="24" VPOS="944" HPOS="370"/>
							<String ID="string_181" HPOS="394" VPOS="946" WIDTH="33" HEIGHT="19" WC="0.96" CONTENT="att"/><SP WIDTH="22" VPOS="946" HPOS="427"/>
							<String ID="string_182" HPOS="449" VPOS="944" WIDTH="161" HEIGHT="28" WC="0.96" CONTENT="ifrågavarande"/><SP WIDTH="19" VPOS="944" HPOS="610"/>
							<String ID="string_183" HPOS="629" VPOS="945" WIDTH="86" HEIGHT="26" WC="0.93" CONTENT="besvär,"/><SP WIDTH="20" VPOS="945" HPOS="715"/>
							<String ID="string_184" HPOS="735" VPOS="944" WIDTH="74" HEIGHT="22" WC="0.92" CONTENT="derest"/><SP WIDTH="19" VPOS="944" HPOS="809"/>
							<String ID="string_185" HPOS="828" VPOS="943" WIDTH="107" HEIGHT="23" WC="0.93" CONTENT="komiténs"/>
						</TextLine>
						<TextLine ID="line_24" HPOS="175" VPOS="977" WIDTH="762" HEIGHT="29">
							<String ID="string_186" HPOS="175" VPOS="977" WIDTH="83" HEIGHT="27" WC="0.95" CONTENT="förslag"/><SP WIDTH="14" VPOS="977" HPOS="258"/>
							<String ID="string_187" HPOS="272" VPOS="978" WIDTH="7" HEIGHT="20" WC="0.93" CONTENT="i"/><SP WIDTH="17" VPOS="978" HPOS="279"/>
							<String ID="string_188" HPOS="296" VPOS="978" WIDTH="76" HEIGHT="28" WC="0.91" CONTENT="antydt"/><SP WIDTH="15" VPOS="978" HPOS="372"/>
							<String ID="string_189" HPOS="387" VPOS="978" WIDTH="102" HEIGHT="22" WC="0.91" CONTENT="afseende"/><SP WIDTH="16" VPOS="978" HPOS="489"/>
							<String ID="string_190" HPOS="505" VPOS="981" WIDTH="95" HEIGHT="25" WC="0.91" CONTENT="antoges,"/><SP WIDTH="17" VPOS="981" HPOS="600"/>
							<String ID="string_191" HPOS="617" VPOS="979" WIDTH="86" HEIGHT="22" WC="0.96" CONTENT="komme"/><SP WIDTH="16" VPOS="979" HPOS="703"/>
							<String ID="string_192" HPOS="719" VPOS="980" WIDTH="33" HEIGHT="20" WC="0.96" CONTENT="att"/><SP WIDTH="16" VPOS="980" HPOS="752"/>
							<String ID="string_193" HPOS="768" VPOS="978" WIDTH="82" HEIGHT="22" WC="0.93" CONTENT="drabba"/><SP WIDTH="7" VPOS="978" HPOS="850"/>
							<String ID="string_194" HPOS="857" VPOS="978" WIDTH="80" HEIGHT="28" WC="0.91" CONTENT="jemväl"/>
						</TextLine>
						<TextLine ID="line_25" HPOS="177" VPOS="1011" WIDTH="760" HEIGHT="30">
							<String ID="string_195" HPOS="177" VPOS="1011" WIDTH="27" HEIGHT="22" WC="0.96" CONTENT="de"/><SP WIDTH="22" VPOS="1011" HPOS="204"/>
							<String ID="string_196" HPOS="226" VPOS="1011" WIDTH="112" HEIGHT="28" WC="0.92" CONTENT="fattigaste"/><SP WIDTH="23" VPOS="1011" HPOS="338"/>
							<String ID="string_197" HPOS="361" VPOS="1012" WIDTH="158" HEIGHT="23" WC="0.92" CONTENT="folkklasserna"/><SP WIDTH="21" VPOS="1012" HPOS="519"/>
							<String ID="string_198" HPOS="540" VPOS="1014" WIDTH="28" HEIGHT="27" WC="0.96" CONTENT="på"/><SP WIDTH="20" VPOS="1014" HPOS="568"/>
							<String ID="string_199" HPOS="588" VPOS="1014" WIDTH="80" HEIGHT="26" WC="0.96" CONTENT="landet,"/><SP WIDTH="25" VPOS="1014" HPOS="668"/>
							<String ID="string_200" HPOS="693" VPOS="1013" WIDTH="108" HEIGHT="27" WC="0.93" CONTENT="nämligen"/><SP WIDTH="17" VPOS="1013" HPOS="801"/>
							<String ID="string_201" HPOS="818" VPOS="1013" WIDTH="59" HEIGHT="27" WC="0.91" CONTENT="jord-"/><SP WIDTH="19" VPOS="1013" HPOS="877"/>
							<String ID="string_202" HPOS="896" VPOS="1012" WIDTH="41" HEIGHT="22" WC="0.96" CONTENT="och"/>
						</TextLine>
						<TextLine ID="line_26" HPOS="176" VPOS="1047" WIDTH="761" HEIGHT="28">
							<String ID="string_203" HPOS="176" VPOS="1047" WIDTH="134" HEIGHT="26" WC="0.90" CONTENT="stattorpare"/><SP WIDTH="16" VPOS="1047" HPOS="310"/>
							<String ID="string_204" HPOS="326" VPOS="1049" WIDTH="57" HEIGHT="19" WC="0.93" CONTENT="samt"/><SP WIDTH="14" VPOS="1049" HPOS="383"/>
							<String ID="string_205" HPOS="397" VPOS="1048" WIDTH="98" HEIGHT="26" WC="0.91" CONTENT="inhyses-"/><SP WIDTH="15" VPOS="1048" HPOS="495"/>
							<String ID="string_206" HPOS="510" VPOS="1048" WIDTH="41" HEIGHT="21" WC="0.93" CONTENT="och"/><SP WIDTH="15" VPOS="1048" HPOS="551"/>
							<String ID="string_207" HPOS="566" VPOS="1048" WIDTH="181" HEIGHT="27" WC="0.89" CONTENT="backstuguhjon,"/><SP WIDTH="18" VPOS="1048" HPOS="747"/>
							<String ID="string_208" HPOS="765" VPOS="1048" WIDTH="26" HEIGHT="21" WC="0.96" CONTENT="de"/><SP WIDTH="12" VPOS="1048" HPOS="791"/>
							<String ID="string_209" HPOS="803" VPOS="1048" WIDTH="38" HEIGHT="21" WC="0.96" CONTENT="der"/><SP WIDTH="11" VPOS="1048" HPOS="841"/>
							<String ID="string_210" HPOS="852" VPOS="1047" WIDTH="23" HEIGHT="21" WC="0.93" CONTENT="af"/><SP WIDTH="8" VPOS="1047" HPOS="875"/>
							<String ID="string_211" HPOS="883" VPOS="1047" WIDTH="54" HEIGHT="21" WC="0.90" CONTENT="håll-"/>
						</TextLine>
						<TextLine ID="line_27" HPOS="176" VPOS="1080" WIDTH="760" HEIGHT="29">
							<String ID="string_212" HPOS="176" VPOS="1080" WIDTH="99" HEIGHT="27" WC="0.92" CONTENT="skjutsen"/><SP WIDTH="20" VPOS="1080" HPOS="275"/>
							<String ID="string_213" HPOS="295" VPOS="1081" WIDTH="41" HEIGHT="21" WC="0.93" CONTENT="och"/><SP WIDTH="19" VPOS="1081" HPOS="336"/>
							<String ID="string_214" HPOS="355" VPOS="1082" WIDTH="179" HEIGHT="26" WC="0.89" CONTENT="gästgifverierna"/><SP WIDTH="19" VPOS="1082" HPOS="534"/>
							<String ID="string_215" HPOS="553" VPOS="1082" WIDTH="48" HEIGHT="22" WC="0.96" CONTENT="icke"/><SP WIDTH="15" VPOS="1082" HPOS="601"/>
							<String ID="string_216" HPOS="616" VPOS="1082" WIDTH="64" HEIGHT="22" WC="0.96" CONTENT="hafva"/><SP WIDTH="15" VPOS="1082" HPOS="680"/>
							<String ID="string_217" HPOS="695" VPOS="1082" WIDTH="68" HEIGHT="27" WC="0.96" CONTENT="något"/><SP WIDTH="15" VPOS="1082" HPOS="763"/>
							<String ID="string_218" HPOS="778" VPOS="1082" WIDTH="72" HEIGHT="21" WC="0.93" CONTENT="direkt"/><SP WIDTH="15" VPOS="1082" HPOS="850"/>
							<String ID="string_219" HPOS="865" VPOS="1081" WIDTH="71" HEIGHT="22" WC="0.92" CONTENT="behof."/>
						</TextLine>
						<TextLine ID="line_28" HPOS="176" VPOS="1114" WIDTH="761" HEIGHT="30">
							<String ID="string_220" HPOS="176" VPOS="1114" WIDTH="40" HEIGHT="22" WC="0.96" CONTENT="Om"/><SP WIDTH="21" VPOS="1114" HPOS="216"/>
							<String ID="string_221" HPOS="237" VPOS="1115" WIDTH="41" HEIGHT="22" WC="0.89" CONTENT="ock"/><SP WIDTH="19" VPOS="1115" HPOS="278"/>
							<String ID="string_222" HPOS="297" VPOS="1115" WIDTH="134" HEIGHT="22" WC="0.89" CONTENT="fördenskull"/><SP WIDTH="18" VPOS="1115" HPOS="431"/>
							<String ID="string_223" HPOS="449" VPOS="1117" WIDTH="144" HEIGHT="27" WC="0.91" CONTENT="hållskjutsen"/><SP WIDTH="16" VPOS="1117" HPOS="593"/>
							<String ID="string_224" HPOS="609" VPOS="1117" WIDTH="40" HEIGHT="22" WC="0.93" CONTENT="och"/><SP WIDTH="16" VPOS="1117" HPOS="649"/>
							<String ID="string_225" HPOS="665" VPOS="1116" WIDTH="250" HEIGHT="28" WC="0.88" CONTENT="gästgifverihållningen"/><SP WIDTH="15" VPOS="1116" HPOS="915"/>
							<String ID="string_226" HPOS="930" VPOS="1116" WIDTH="7" HEIGHT="21" WC="0.96" CONTENT="i"/>
						</TextLine>
						<TextLine ID="line_29" HPOS="176" VPOS="1149" WIDTH="761" HEIGHT="29">
							<String ID="string_227" HPOS="176" VPOS="1149" WIDTH="103" HEIGHT="22" WC="0.96" CONTENT="städerna"/><SP WIDTH="15" VPOS="1149" HPOS="279"/>
							<String ID="string_228" HPOS="294" VPOS="1150" WIDTH="74" HEIGHT="21" WC="0.96" CONTENT="kunde"/><SP WIDTH="15" VPOS="1150" HPOS="368"/>
							<String ID="string_229" HPOS="383" VPOS="1151" WIDTH="49" HEIGHT="21" WC="0.93" CONTENT="med"/><SP WIDTH="13" VPOS="1151" HPOS="432"/>
							<String ID="string_230" HPOS="445" VPOS="1151" WIDTH="156" HEIGHT="27" WC="0.92" CONTENT="jemförelsevis"/><SP WIDTH="16" VPOS="1151" HPOS="601"/>
							<String ID="string_231" HPOS="617" VPOS="1151" WIDTH="84" HEIGHT="22" WC="0.96" CONTENT="mindre"/><SP WIDTH="16" VPOS="1151" HPOS="701"/>
							<String ID="string_232" HPOS="717" VPOS="1151" WIDTH="110" HEIGHT="27" WC="0.96" CONTENT="svårighet"/><SP WIDTH="15" VPOS="1151" HPOS="827"/>
							<String ID="string_233" HPOS="842" VPOS="1150" WIDTH="23" HEIGHT="22" WC="0.93" CONTENT="af"/><SP WIDTH="12" VPOS="1150" HPOS="865"/>
							<String ID="string_234" HPOS="877" VPOS="1151" WIDTH="60" HEIGHT="21" WC="0.92" CONTENT="kom-"/>
						</TextLine>
						<TextLine ID="line_30" HPOS="174" VPOS="1185" WIDTH="763" HEIGHT="27">
							<String ID="string_235" HPOS="174" VPOS="1189" WIDTH="80" HEIGHT="16" WC="0.96" CONTENT="munen"/><SP WIDTH="15" VPOS="1189" HPOS="254"/>
							<String ID="string_236" HPOS="269" VPOS="1185" WIDTH="7" HEIGHT="20" WC="0.96" CONTENT="i"/><SP WIDTH="17" VPOS="1185" HPOS="276"/>
							<String ID="string_237" HPOS="293" VPOS="1185" WIDTH="50" HEIGHT="21" WC="0.95" CONTENT="dess"/><SP WIDTH="16" VPOS="1185" HPOS="343"/>
							<String ID="string_238" HPOS="359" VPOS="1185" WIDTH="95" HEIGHT="22" WC="0.96" CONTENT="helhet"/><SP WIDTH="-9" VPOS="1185" HPOS="454"/>
							<String ID="string_239" HPOS="445" VPOS="1181" WIDTH="14" HEIGHT="35" WC="0.96" CONTENT="i"/><SP WIDTH="11" VPOS="1181" HPOS="459"/>
							<String ID="string_240" HPOS="470" VPOS="1185" WIDTH="99" HEIGHT="23" WC="0.93" CONTENT="afseende"/><SP WIDTH="17" VPOS="1185" HPOS="569"/>
							<String ID="string_241" HPOS="586" VPOS="1187" WIDTH="12" HEIGHT="20" WC="0.92" CONTENT="&amp;"/><SP WIDTH="15" VPOS="1187" HPOS="598"/>
							<String ID="string_242" HPOS="613" VPOS="1186" WIDTH="149" HEIGHT="21" WC="0.96" CONTENT="kostnaderna"/><SP WIDTH="9" VPOS="1186" HPOS="762"/>
							<String ID="string_243" HPOS="771" VPOS="1185" WIDTH="116" HEIGHT="27" WC="0.95" CONTENT="bestridas,"/><SP WIDTH="11" VPOS="1185" HPOS="887"/>
							<String ID="string_244" HPOS="898" VPOS="1185" WIDTH="39" HEIGHT="21" WC="0.96" CONTENT="har"/>
						</TextLine>
						<TextLine ID="line_31" HPOS="175" VPOS="1218" WIDTH="763" HEIGHT="29">
							<String ID="string_245" HPOS="175" VPOS="1218" WIDTH="38" HEIGHT="21" WC="0.96" CONTENT="det"/><SP WIDTH="23" VPOS="1218" HPOS="213"/>
							<String ID="string_246" HPOS="236" VPOS="1219" WIDTH="62" HEIGHT="26" WC="0.96" CONTENT="dock,"/><SP WIDTH="24" VPOS="1219" HPOS="298"/>
							<String ID="string_247" HPOS="322" VPOS="1219" WIDTH="57" HEIGHT="22" WC="0.95" CONTENT="hvad"/><SP WIDTH="22" VPOS="1219" HPOS="379"/>
							<String ID="string_248" HPOS="401" VPOS="1219" WIDTH="102" HEIGHT="22" WC="0.93" CONTENT="beträffar"/><SP WIDTH="21" VPOS="1219" HPOS="503"/>
							<String ID="string_249" HPOS="524" VPOS="1220" WIDTH="145" HEIGHT="27" WC="0.90" CONTENT="fullgörandet"/><SP WIDTH="23" VPOS="1220" HPOS="669"/>
							<String ID="string_250" HPOS="692" VPOS="1220" WIDTH="23" HEIGHT="21" WC="0.96" CONTENT="af"/><SP WIDTH="18" VPOS="1220" HPOS="715"/>
							<String ID="string_251" HPOS="733" VPOS="1220" WIDTH="70" HEIGHT="21" WC="0.96" CONTENT="denna"/><SP WIDTH="20" VPOS="1220" HPOS="803"/>
							<String ID="string_252" HPOS="823" VPOS="1221" WIDTH="67" HEIGHT="26" WC="0.96" CONTENT="tunga"/><SP WIDTH="18" VPOS="1221" HPOS="890"/>
							<String ID="string_253" HPOS="908" VPOS="1219" WIDTH="30" HEIGHT="28" WC="0.96" CONTENT="på"/>
						</TextLine>
						<TextLine ID="line_32" HPOS="174" VPOS="1252" WIDTH="763" HEIGHT="30">
							<String ID="string_254" HPOS="174" VPOS="1252" WIDTH="82" HEIGHT="27" WC="0.95" CONTENT="landet,"/><SP WIDTH="21" VPOS="1252" HPOS="256"/>
							<String ID="string_255" HPOS="277" VPOS="1253" WIDTH="23" HEIGHT="21" WC="0.93" CONTENT="af"/><SP WIDTH="18" VPOS="1253" HPOS="300"/>
							<String ID="string_256" HPOS="318" VPOS="1254" WIDTH="193" HEIGHT="27" WC="0.92" CONTENT="nyssomförmälda"/><SP WIDTH="15" VPOS="1254" HPOS="511"/>
							<String ID="string_257" HPOS="526" VPOS="1255" WIDTH="47" HEIGHT="21" WC="0.96" CONTENT="skäl"/><SP WIDTH="16" VPOS="1255" HPOS="573"/>
							<String ID="string_258" HPOS="589" VPOS="1257" WIDTH="61" HEIGHT="25" WC="0.96" CONTENT="synts"/><SP WIDTH="15" VPOS="1257" HPOS="650"/>
							<String ID="string_259" HPOS="665" VPOS="1255" WIDTH="49" HEIGHT="21" WC="0.96" CONTENT="icke"/><SP WIDTH="16" VPOS="1255" HPOS="714"/>
							<String ID="string_260" HPOS="730" VPOS="1255" WIDTH="59" HEIGHT="25" WC="0.95" CONTENT="böra,"/><SP WIDTH="17" VPOS="1255" HPOS="789"/>
							<String ID="string_261" HPOS="806" VPOS="1254" WIDTH="131" HEIGHT="21" WC="0.96" CONTENT="åtminstone"/>
						</TextLine>
						<TextLine ID="line_33" HPOS="176" VPOS="1287" WIDTH="761" HEIGHT="32">
							<String ID="string_262" HPOS="176" VPOS="1287" WIDTH="18" HEIGHT="26" WC="0.96" CONTENT="ej"/><SP WIDTH="22" VPOS="1287" HPOS="194"/>
							<String ID="string_263" HPOS="216" VPOS="1287" WIDTH="70" HEIGHT="22" WC="0.96" CONTENT="under"/><SP WIDTH="19" VPOS="1287" HPOS="286"/>
							<String ID="string_264" HPOS="305" VPOS="1289" WIDTH="123" HEIGHT="21" WC="0.96" CONTENT="nuvarande"/><SP WIDTH="17" VPOS="1289" HPOS="428"/>
							<String ID="string_265" HPOS="445" VPOS="1289" WIDTH="190" HEIGHT="27" WC="0.93" CONTENT="omständigheter,"/><SP WIDTH="16" VPOS="1289" HPOS="635"/>
							<String ID="string_266" HPOS="651" VPOS="1289" WIDTH="156" HEIGHT="28" WC="0.91" CONTENT="ifrågakomma"/><SP WIDTH="15" VPOS="1289" HPOS="807"/>
							<String ID="string_267" HPOS="822" VPOS="1290" WIDTH="39" HEIGHT="25" WC="0.96" CONTENT="att,"/><SP WIDTH="16" VPOS="1290" HPOS="861"/>
							<String ID="string_268" HPOS="877" VPOS="1290" WIDTH="7" HEIGHT="21" WC="0.93" CONTENT="i"/><SP WIDTH="16" VPOS="1290" HPOS="884"/>
							<String ID="string_269" HPOS="900" VPOS="1296" WIDTH="37" HEIGHT="23" WC="0.92" CONTENT="en-"/>
						</TextLine>
						<TextLine ID="line_34" HPOS="174" VPOS="1320" WIDTH="764" HEIGHT="31">
							<String ID="string_270" HPOS="174" VPOS="1320" WIDTH="70" HEIGHT="28" WC="0.35" CONTENT="ligbet"/><SP WIDTH="20" VPOS="1320" HPOS="244"/>
							<String ID="string_271" HPOS="264" VPOS="1322" WIDTH="50" HEIGHT="22" WC="0.93" CONTENT="med"/><SP WIDTH="18" VPOS="1322" HPOS="314"/>
							<String ID="string_272" HPOS="332" VPOS="1322" WIDTH="109" HEIGHT="23" WC="0.92" CONTENT="komiténs"/><SP WIDTH="21" VPOS="1322" HPOS="441"/>
							<String ID="string_273" HPOS="462" VPOS="1323" WIDTH="84" HEIGHT="28" WC="0.93" CONTENT="förslag,"/><SP WIDTH="17" VPOS="1323" HPOS="546"/>
							<String ID="string_274" HPOS="563" VPOS="1326" WIDTH="96" HEIGHT="25" WC="0.93" CONTENT="upptaga"/><SP WIDTH="15" VPOS="1326" HPOS="659"/>
							<String ID="string_275" HPOS="674" VPOS="1324" WIDTH="111" HEIGHT="27" WC="0.96" CONTENT="principen"/><SP WIDTH="16" VPOS="1324" HPOS="785"/>
							<String ID="string_276" HPOS="801" VPOS="1323" WIDTH="22" HEIGHT="22" WC="0.97" CONTENT="af"/><SP WIDTH="14" VPOS="1323" HPOS="823"/>
							<String ID="string_277" HPOS="837" VPOS="1324" WIDTH="101" HEIGHT="26" WC="0.96" CONTENT="samtliga"/>
						</TextLine>
						<TextLine ID="line_35" HPOS="175" VPOS="1355" WIDTH="764" HEIGHT="30">
							<String ID="string_278" HPOS="175" VPOS="1355" WIDTH="304" HEIGHT="25" WC="0.91" CONTENT="kommunalmedlemmarnes"/><SP WIDTH="17" VPOS="1355" HPOS="479"/>
							<String ID="string_279" HPOS="496" VPOS="1358" WIDTH="122" HEIGHT="27" WC="0.96" CONTENT="skyldighet"/><SP WIDTH="15" VPOS="1358" HPOS="618"/>
							<String ID="string_280" HPOS="633" VPOS="1360" WIDTH="33" HEIGHT="20" WC="0.93" CONTENT="att"/><SP WIDTH="11" VPOS="1360" HPOS="666"/>
							<String ID="string_281" HPOS="677" VPOS="1358" WIDTH="87" HEIGHT="27" WC="0.93" CONTENT="deltaga"/><SP WIDTH="9" VPOS="1358" HPOS="764"/>
							<String ID="string_282" HPOS="773" VPOS="1358" WIDTH="8" HEIGHT="21" WC="0.96" CONTENT="i"/><SP WIDTH="10" VPOS="1358" HPOS="781"/>
							<String ID="string_283" HPOS="791" VPOS="1358" WIDTH="148" HEIGHT="22" WC="0.96" CONTENT="kostnaderna"/>
						</TextLine>
						<TextLine ID="line_36" HPOS="175" VPOS="1389" WIDTH="762" HEIGHT="30">
							<String ID="string_284" HPOS="175" VPOS="1389" WIDTH="72" HEIGHT="22" WC="0.91" CONTENT="derför"/><SP WIDTH="20" VPOS="1389" HPOS="247"/>
							<String ID="string_285" HPOS="267" VPOS="1391" WIDTH="73" HEIGHT="22" WC="0.92" CONTENT="säsom"/><SP WIDTH="20" VPOS="1391" HPOS="340"/>
							<String ID="string_286" HPOS="360" VPOS="1393" WIDTH="70" HEIGHT="25" WC="0.96" CONTENT="grund"/><SP WIDTH="19" VPOS="1393" HPOS="430"/>
							<String ID="string_287" HPOS="449" VPOS="1392" WIDTH="34" HEIGHT="22" WC="0.93" CONTENT="för"/><SP WIDTH="14" VPOS="1392" HPOS="483"/>
							<String ID="string_288" HPOS="497" VPOS="1393" WIDTH="151" HEIGHT="26" WC="0.91" CONTENT="uppgörandet"/><SP WIDTH="18" VPOS="1393" HPOS="648"/>
							<String ID="string_289" HPOS="666" VPOS="1392" WIDTH="23" HEIGHT="21" WC="0.96" CONTENT="af"/><SP WIDTH="13" VPOS="1392" HPOS="689"/>
							<String ID="string_290" HPOS="702" VPOS="1392" WIDTH="119" HEIGHT="27" WC="0.96" CONTENT="lagförslag"/><SP WIDTH="14" VPOS="1392" HPOS="821"/>
							<String ID="string_291" HPOS="835" VPOS="1392" WIDTH="7" HEIGHT="21" WC="0.93" CONTENT="i"/><SP WIDTH="16" VPOS="1392" HPOS="842"/>
							<String ID="string_292" HPOS="858" VPOS="1393" WIDTH="79" HEIGHT="20" WC="0.92" CONTENT="ämnet."/>
						</TextLine>
						<TextLine ID="line_37" HPOS="174" VPOS="1423" WIDTH="764" HEIGHT="31">
							<String ID="string_293" HPOS="174" VPOS="1423" WIDTH="64" HEIGHT="22" WC="0.96" CONTENT="Hvad"/><SP WIDTH="20" VPOS="1423" HPOS="238"/>
							<String ID="string_294" HPOS="258" VPOS="1424" WIDTH="70" HEIGHT="28" WC="0.96" CONTENT="öfriga"/><SP WIDTH="20" VPOS="1424" HPOS="328"/>
							<String ID="string_295" HPOS="348" VPOS="1425" WIDTH="23" HEIGHT="22" WC="0.93" CONTENT="af"/><SP WIDTH="13" VPOS="1425" HPOS="371"/>
							<String ID="string_296" HPOS="384" VPOS="1425" WIDTH="95" HEIGHT="22" WC="0.32" CONTENT="komiten"/><SP WIDTH="16" VPOS="1425" HPOS="479"/>
							<String ID="string_297" HPOS="495" VPOS="1426" WIDTH="127" HEIGHT="22" WC="0.92" CONTENT="framhällna"/><SP WIDTH="15" VPOS="1426" HPOS="622"/>
							<String ID="string_298" HPOS="637" VPOS="1427" WIDTH="134" HEIGHT="27" WC="0.93" CONTENT="synpunkter"/><SP WIDTH="15" VPOS="1427" HPOS="771"/>
							<String ID="string_299" HPOS="786" VPOS="1427" WIDTH="73" HEIGHT="26" WC="0.95" CONTENT="angår,"/><SP WIDTH="14" VPOS="1427" HPOS="859"/>
							<String ID="string_300" HPOS="873" VPOS="1426" WIDTH="65" HEIGHT="22" WC="0.96" CONTENT="hafva"/>
						</TextLine>
						<TextLine ID="line_38" HPOS="175" VPOS="1457" WIDTH="762" HEIGHT="29">
							<String ID="string_301" HPOS="175" VPOS="1457" WIDTH="111" HEIGHT="24" WC="0.91" CONTENT="desamma"/><SP WIDTH="16" VPOS="1457" HPOS="286"/>
							<String ID="string_302" HPOS="302" VPOS="1459" WIDTH="81" HEIGHT="27" WC="0.91" CONTENT="jemväl"/><SP WIDTH="17" VPOS="1459" HPOS="383"/>
							<String ID="string_303" HPOS="400" VPOS="1460" WIDTH="71" HEIGHT="22" WC="0.89" CONTENT="blifvit"/><SP WIDTH="14" VPOS="1460" HPOS="471"/>
							<String ID="string_304" HPOS="485" VPOS="1461" WIDTH="108" HEIGHT="22" WC="0.92" CONTENT="beaktade"/><SP WIDTH="15" VPOS="1461" HPOS="593"/>
							<String ID="string_305" HPOS="608" VPOS="1461" WIDTH="33" HEIGHT="21" WC="0.93" CONTENT="uti"/><SP WIDTH="15" VPOS="1461" HPOS="641"/>
							<String ID="string_306" HPOS="656" VPOS="1461" WIDTH="43" HEIGHT="22" WC="0.97" CONTENT="den"/><SP WIDTH="16" VPOS="1461" HPOS="699"/>
							<String ID="string_307" HPOS="715" VPOS="1461" WIDTH="32" HEIGHT="22" WC="0.93" CONTENT="till"/><SP WIDTH="16" VPOS="1461" HPOS="747"/>
							<String ID="string_308" HPOS="763" VPOS="1463" WIDTH="88" HEIGHT="20" WC="0.92" CONTENT="senaste"/><SP WIDTH="16" VPOS="1463" HPOS="851"/>
							<String ID="string_309" HPOS="867" VPOS="1461" WIDTH="70" HEIGHT="22" WC="0.93" CONTENT="landt-"/>
						</TextLine>
					</TextBlock>
				</ComposedBlock>
			</PrintSpace>
		</Page>
	</Layout>
</alto>
