1025 1661
402 121 38 22 N:o
459 121 34 22 29.
775 125 25 19 17

69 186 130 27 gästgifvare
222 187 38 20 det
279 187 92 27 påyrkar
390 189 56 19 samt
461 187 27 21 de
503 187 103 22 resandes
623 188 58 21 antal
697 188 52 21 eller
764 189 66 26 baga-

70 223 48 25 gets
140 221 45 27 vigt
207 221 79 21 sådant
309 221 114 27 erfordrar,
446 225 33 18 tre
501 222 53 21 eller
569 221 53 22 flera
636 222 76 21 hästar
729 225 100 26 spännas.

69 255 38 22 Uti
124 256 36 21 det
176 255 176 22 ofvanbestämda
367 256 134 26 persontalet
518 258 24 19 är
557 257 89 26 tjenare,
663 257 85 22 hvilken
757 258 72 21 såsom

69 290 57 21 kusk
142 290 84 27 åtföljer
242 290 40 21 den
298 290 97 26 resande,
412 296 48 15 men
477 291 18 27 ej
513 291 40 21 den
562 290 123 28 skjutsande
698 286 130 37 inbegripen.

138 325 45 21 Tvä
205 325 53 21 barn
281 324 47 21 från
350 324 46 28 fyra
411 325 31 21 till
459 324 40 22 tolf
513 325 35 21 års
565 325 60 21 ålder
641 332 62 15 anses
718 326 44 21 lika
779 326 48 21 med

70 366 26 14 en
112 359 89 22 fullväxt
216 365 84 21 person,
317 365 48 15 men
381 361 33 19 ett
429 360 53 20 barn
498 360 69 20 under
582 359 46 28 fyra
644 360 24 21 år
684 362 61 25 tages
754 360 75 22 härvid

72 394 18 27 ej
106 394 7 21 i
128 394 125 26 beräkning.

139 429 45 21 Der
200 429 106 21 särskilda
326 428 194 22 ortsförhållanden
538 429 69 22 dertill
623 429 117 26 föranleda,
757 430 72 21 kunna

72 464 81 21 sådana
175 463 53 21 ifrån
252 463 133 27 stadgadena
400 464 6 20 i
423 463 70 22 denna
509 463 11 28 $
536 463 113 22 afvikande
665 464 164 22 bestämmelser

70 497 22 22 af
114 498 92 21 Senaten
226 498 28 27 på
269 498 119 27 ansökning
403 499 117 26 meddelas,
536 505 46 14 som
598 499 65 20 dessa
678 498 148 23 förhållanden

70 533 97 26 skäligen
182 533 92 26 påkalla.

413 595 12 28 8
441 598 34 19 21.

140 636 106 26 Resande,
271 642 45 15 som
336 636 109 26 begagnar
461 636 77 28 skjuts,
555 643 51 15 vare
622 637 18 27 ej
657 637 123 26 berättigad
797 638 32 20 att

71 670 127 22 framfärdas
214 671 48 21 med
278 672 69 20 större
362 671 111 27 hastighet
489 673 26 19 än
534 678 26 14 en
576 673 60 19 verst
650 672 28 26 pä
687 672 33 26 sju
729 672 99 26 minuter,

71 705 41 21 den
128 704 37 26 tid,
182 711 47 15 som
244 705 32 21 för
291 706 136 26 hästombyte
443 705 115 27 erfordras,
576 706 44 21 deri
631 706 47 21 icke
687 706 140 26 inberäknad;

71 739 40 21 och
134 739 61 26 skall,
212 740 38 20 der
266 739 36 21 två
316 739 104 22 fullväxta
435 746 111 21 personer,
560 740 68 27 jemte
644 740 125 27 skjutskarl,
787 741 41 21 åka

72 773 54 22 efter
149 780 26 15 en
199 774 39 21 och
263 780 82 15 samma
367 774 55 27 häst,
446 775 138 27 hastigheten
608 775 127 21 inskränkas
754 775 32 21 till
803 782 25 14 en

70 810 61 19 verst
152 809 28 26 pä
202 808 36 22 nio
254 808 97 22 minuter.
383 808 40 22 Vid
438 808 97 22 menföre
551 808 97 22 minskas
658 808 73 22 denna
746 809 83 27 hastig-

70 843 38 20 het
124 843 40 21 och
180 843 53 21 ökas
250 843 41 21 den
306 843 6 20 i
329 843 11 27 $
356 845 11 19 7
385 843 128 21 omnämnda
530 843 89 22 hvilotid
634 843 33 22 för
675 844 108 26 hästarne,
795 843 31 22 ef-

70 879 33 19 ter
118 877 113 26 väglagets
247 877 154 27 beskaffenhet,
419 877 24 21 sä
459 879 33 19 att
507 878 122 27 skjutshäst
646 878 16 27 ej
680 878 84 21 utöfver
771 878 57 22 hvad

71 911 79 27 skäligt
166 913 23 19 är
205 913 127 25 anstränges
348 912 33 22 för
397 913 40 21 den
453 913 104 21 resandes
573 912 171 22 framskaffande.

140 946 77 27 Bryter
233 947 91 21 resande
340 946 104 27 häremot,
460 947 69 27 plikte
546 947 56 21 ända
620 947 32 21 till
668 946 76 28 fyratio
760 948 67 21 mark.

70 980 132 28 Uppehäller
217 980 117 28 skjutskarl
350 981 92 21 resande
458 981 13 21 å
486 983 42 25 väg
542 981 74 27 längre
631 981 31 21 tid
679 984 27 18 än
721 982 6 20 i
743 981 85 27 föregä-

71 1015 55 21 ende
148 1021 63 15 mom.
229 1017 23 19 är
268 1015 70 27 sagdt,
355 1022 50 14 vare
419 1015 79 27 jemväl
515 1016 33 20 till
564 1016 113 21 enahanda
692 1022 77 15 ansvar
785 1016 42 22 för-

70 1048 71 22 fallen.

415 1084 11 27 8
442 1086 33 19 22.

140 1123 74 22 Skulle
238 1124 121 27 skjutshäst
381 1126 83 19 tröttna
485 1125 53 21 eller
552 1125 64 27 eljest
630 1125 48 22 icke
693 1125 74 21 mäkta
782 1125 46 22 föra

71 1158 54 21 fram
148 1159 40 20 den
212 1159 93 21 resande
321 1159 32 21 till
369 1159 99 21 bestämd
483 1161 41 24 ort,
542 1160 52 21 eller
609 1160 168 27 körredskapen,
794 1166 34 15 om

71 1193 41 21 den
134 1193 19 27 ej
178 1195 24 19 är
224 1193 40 21 den
280 1194 104 21 resandes
400 1200 60 21 egen,
476 1195 70 20 under
560 1194 76 21 färden
651 1195 27 26 gå
694 1195 79 21 sönder
788 1194 40 22 och

71 1227 65 22 blifva
152 1228 115 27 obrukbar,
284 1229 82 26 åligger
382 1229 37 21 det
434 1229 253 26 lägenhetsinnehafvare
701 1230 7 21 i
719 1232 109 19 närmaste

70 1262 28 26 by
114 1262 52 21 eller
183 1263 59 26 gård,
259 1263 33 21 vid
309 1263 39 21 bot
363 1263 23 22 af
399 1263 61 27 tjugu
475 1263 69 26 mark,
561 1266 33 19 att
604 1265 105 20 resanden
717 1264 112 21 fortskaffa

71 1296 40 21 och
134 1297 97 26 uppbäre
255 1297 23 22 af
298 1298 105 21 resanden
427 1298 49 21 hela
497 1299 41 20 den
555 1299 125 26 skjutslega,
697 1305 46 15 som
759 1299 69 21 skulle

70 1331 41 21 den
127 1331 127 27 skjutsande
269 1332 94 26 tillfallit,
380 1338 34 15 om
430 1333 42 20 han
489 1333 151 27 skjutsningen
651 1333 102 27 fullgjort.
784 1333 43 21 Nå-

69 1371 42 21 gon
134 1366 111 26 betalning
268 1367 32 20 till
324 1367 68 21 denne
415 1367 33 21 för
467 1367 38 21 det
522 1367 164 27 tillryggalagda
701 1368 127 26 vägstycket

69 1399 103 22 behöfver
186 1400 8 21 i
210 1400 77 22 sådant
302 1400 37 23 fall
356 1402 17 27 ej
392 1401 106 27 erläggas.
