1025 1661
225 118 12 20 8
419 116 29 23 U.
462 116 29 23 B.
506 129 23 3 —
543 116 73 28 Prop.
632 117 42 22 N:o
690 109 37 30 29.

196 180 72 21 afvika
283 180 47 21 från
346 180 188 27 bestämningarna
549 181 6 18 i
571 179 41 21 den
631 179 79 28 nådiga
725 179 169 28 propositionen,
909 179 41 20 och

199 209 62 20 äfven
277 209 60 20 detta
354 208 76 21 endast
448 209 24 20 af
485 208 110 27 praktiska
610 208 54 26 skäl,
680 208 70 20 såsom
766 207 116 21 nedanföre
898 207 53 20 skall

197 243 62 20 visas.
290 242 47 21 Den
350 237 81 32 nådiga:
452 242 161 27 propositionen
636 241 140 22 föreskrifver
791 242 113 27 nemligen,
919 244 32 17 att

197 277 35 19 vid
255 277 74 26 hvarje
345 276 131 27 'gästgifveri
499 275 144 22 skall'hällas
666 276 25 20 sä
712 277 79 25 många
808 276 78 24 hästar,
905 281 45 14 som

197 310 92 20 derifrän
312 311 7 19 i
342 310 101 21 medeltal
465 310 72 27 utgått
557 308 92 29 skjutsar
671 310 34 20 för
727 310 74 26 hvarje
823 310 42 26 dag
885 309 65 21 under

197 345 52 20 året.
279 345 49 20 Men
354 344 27 21 d&
405 345 28 26 pä
456 344 199 27 hvarje:'särskilät
677 344 43 27 dag
742 344 77 22 endast
833 344 66 20 sällan
915 344 36 20 det

193 380 74 26 jemna
289 378 124 21 medeltalet
435 378 23 21 af
479 379 94 26 skjutsar:
594 378 111 28 verkligen:
726 379 68 27 utgår,
811 379 40 20 och
867 378 82 21 således

198 413 85 27 ständig
297 413 60 20 brist
366 413 68 20 skulle
448 413 78 26 uppstå
547 413 29 26 på
590 413 26 20 de
632 413 67 27 dagar
714 413 28 21 dä
756 413 27 20 de
799 413 100 20 resandes
914 419 35 14 an-

198 448 29 20 tal
243 454 48 14 vore
304 450 80 24 större,
398 447 140 21 föreskrifver
556 447 41 21 den
617 447 79 27 nådiga
711 448 167 26 propositionen,
893 447 57 27 skyl-

198 482 100 27 digheten
322 484 34 18 att
374 482 49 20 med
445 482 98 26 hällhäst,
566 489 46 14 som
634 482 32 19 till
690 481 67 28 skjuts
772 482 105 21 användts
895 482 54 26 ånyo

197 517 88 26 skjutsa,
301 517 24 19 sä
340 518 58 18 snart
413 516 55 20 efter
483 516 85 21 afresan
584 516 46 20 från
649 516 150 27 gästgifveriet
815 516 88 20 förflutit
918 518 31 18 tre

197 550 82 26 gånger
300 551 24 19 sä
346 551 78 26 många
446 551 90 24 timmar,
565 556 46 14 som
634 551 82 19 antalet
736 551 24 19 af
781 551 25 19 de
829 551 13 19 å
867 553 84 18 senaste

197 584 116 26 skjutsfärd
328 584 67 20 under
410 584 63 20 fram-
489 584 39 21 och
539 585 109 20 äterresan
659 584 168 28 tillryggalagda
838 585 46 26 mil;
895 585 56 20 dock

197 618 48 20 med
267 618 37 20 det
327 618 74 27 tillägg
424 621 31 18 att
477 619 66 20 under
566 625 81 14 samma
669 619 58 27 dygn
748 620 19 26 ej
785 619 102 21 behöfver
902 620 48 19 med

197 658 82 14 samma
300 652 48 20 häst
366 653 92 27 skjutsas
472 653 51 20 flere
539 656 26 17 än
582 654 36 20 två
633 654 88 26 gånger.
752 653 68 21 Dessa
834 653 115 27 komplice-

196 686 51 21 rade
267 686 160 27 bestämningar
449 694 45 14 som
513 687 38 20 här
566 687 71 21 blifvit
652 687 65 27 lagda
734 687 31 20 till
781 687 68 27 grund
865 687 34 20 för
914 687 35 20 be-

197 720 119 21 räknandet
334 720 24 20 af
374 721 185 27 skjutstillgängen
576 727 62 15 anser
661 721 105 20 utskottet
781 721 97 21 medföra
893 723 58 18 stora

197 755 132 26 svärigheter
344 755 35 20 vid
395 755 168 27 tillämpningen.
593 755 32 21 De
644 755 116 21 förutsätta
779 762 26 14 en
822 756 128 19 ätminstone

196 789 109 27 temmelig
327 795 110 21 noggrann
459 790 129 26 anteckning
610 790 25 20 af
647 790 88 20 timmen
756 790 34 20 för
807 790 84 20 afresan
911 789 40 20 och

198 824 65 26 nägot
278 823 24 20 sä
317 826 39 17 när
370 823 98 27 pälitliga
491 831 29 19 ur,
539 824 39 20 allt
592 824 70 26 saker,
678 830 34 14 om
728 824 74 20 hvilka
817 824 77 20 mellan
909 824 41 20 den

197 857 90 21 resande
303 857 41 21 ooh
358 857 145 27 gästgifvaren
518 858 112 27 lätteligen
645 858 73 20 kunna
733 858 77 26 uppstä
824 858 127 26 obehagliga

197 891 40 20 och
260 891 105 20 'svärlösta
387 892 82 20 tvister.
499 892 110 21 Utskottet
631 892 39 20 har
690 894 54 18 trott
759 892 32 26 sig
812 889 70 23 kunna
900 892 50 19 und-

197 925 49 20 vika
269 925 63 20 dessa
355 925 134 21 föreskrifter
510 932 77 20 genom
610 926 37 20 det
671 926 135 27 stadgandet,
828 928 31 18 att
870 926 81 20 antalet

197 959 72 20 hästar
284 959 40 21 bör
339 960 64 20 minst
418 966 51 14 vara
484 960 76 20 sådant
575 960 36 21 det
626 961 6 19 i
648 960 41 21 den
705 960 79 27 nådiga
792 960 159 26 propositionen

197 993 147 26 föreskrifves,
366 1000 47 14 "men
432 996 30 18 att
480 994 81 20 antalet
579 994 24 20 af
615 994 101 27 skjutsar,
732 1000 45 14 som
792 994 55 20 ifrån
863 992 88 28 gästgif-

198 1028 67 19 veriet
288 1027 38 20 bör
349 1028 57 26 utgå,
428 1028 123 20 derutöfver
573 1028 55 20 skall
651 1028 61 27 "höjas
737 1028 49 20 med
804 1028 28 19 50
847 1027 34 27 %.
911 1026 39 21 Om

197 1061 46 20 från
260 1063 31 18 ett
305 1061 126 27 gästgifveri
447 1062 94 20 befinnes
556 1062 65 21 hafva
636 1063 70 27 utgått
730 1065 13 17 t.
758 1067 34 15 ex.
807 1062 64 26 2,100
886 1062 65 26 skjut-

197 1102 35 13 sar
247 1102 34 13 om
298 1095 52 25 året,
367 1096 54 19 skall
437 1096 27 26 pä
479 1099 37 17 ett
525 1096 76 20 sådant
616 1097 62 19 ställe
693 1096 69 20 hållas
776 1096 64 19 minst
850 1096 11 19 6
873 1096 78 25 hästar,

196 1135 48 14 men
269 1129 146 27 gästgifvaren
438 1133 23 17 är
479 1131 91 26 skyldig'
582 1133 37 18 att
629 1130 93 21 derifrän
738 1132 77 25 utgöra
830 1129 13 20 9
858 1129 92 26 skjutsar

197 1163 6 19 i
219 1163 88 26 dygnet.
337 1163 43 20 Det
394 1164 41 20 kan
451 1165 120 25 anmärkas;
590 1167 31 18 att
637 1165 35 20 vid
688 1167 32 18 ett
734 1164 70 27 dylikt
819 1163 132 28 gäötgifveri,

197 1197 67 26 enligt
281 1198 165 25 propositionen:
470 1199 47 20 kan:
532 1199 67 20 finnas
615 1201 32 18 att
662 1199 62 26 tillgå
738 1199 64 26 högst
818 1198 26 19 12
860 1197 91 27 skjutsar

196 1231 7 19 i
219 1231 86 26 dygnet,
321 1231 76 20 medan
413 1232 55 20 efter
482 1232 115 21 utskottets
615 1233 94 26 grunder
724 1233 81 20 antalet
815 1232 42 20 blir
866 1231 55 20 blott
931 1231 19 20 9.

196 1265 48 20 Men
260 1266 6 19 i
283 1265 77 27 sjelfva
382 1266 75 20 verket
475 1266 68 20 skulle
555 1272 56 15 'man
627 1267 69 20 måsta
712 1266 115 21 förutsätta
842 1272 25 14 en
883 1265 68 28 regel-

197 1299 122 20 bundenhet
340 1300 7 19 i
370 1300 97 26 trafiken,
487 1306 45 14 som
544 1300 73 26 aldrig
632 1301 42 20 kan
690 1301 7 19 i
712 1300 115 28 praktiken
843 1303 40 24 ega
898 1307 53 18 rum,

197 1332 33 21 för
245 1336 32 17 att
292 1333 74 27 hvarje
380 1328 66 38 "häst:
455 1334 35 20 vid
505 1334 150 28 gästgifveriet
669 1334 112 27 verkligen
797 1334 68 20 skulle
881 1334 70 25 hinna,

197 1366 54 21 efter
274 1368 40 19 den
337 1368 7 19 i
367 1369 159 25 propositionen
550 1371 93 24 antagna
665 1369 154 26 beräkningen,
836 1368 115 20 verkställa

196 1402 78 19 tvenne
297 1407 61 14 resor
379 1402 6 19 i
408 1402 87 27 dygnet.
527 1403 43 20 Det
595 1403 99 20 effektivt
718 1402 135 27 tillgängliga
872 1401 81 20 antalet

196 1434 93 26 skjutsar
304 1435 61 20 torde
381 1435 84 21 derföre
477 1436 65 27 enligt
552 1437 115 20 utskottets
677 1436 82 27 förslag
768 1436 80 20 blifva
842 1430 10 37 i
860 1435 35 20 det
906 1437 46 17 när-

265 1474 127 17 Sammansatta
405 1475 44 22 Lag-
462 1475 30 17 och
503 1475 176 18 Ekonomiutskottets
693 1475 107 17 betänkande
812 1474 35 17 N:o
860 1474 15 17 4.
