1023 1664
229 119 27 19 60
535 119 34 21 N:o
586 119 35 22 25.

272 188 19 19 2.
323 187 94 27 Lyktans
435 188 44 20 öfre
496 188 33 21 del
545 188 35 21 må
597 188 60 21 äfven
674 190 88 24 utgöras
779 188 22 20 af
815 195 25 13 en
852 188 32 20 hel
896 189 56 25 glas-

199 220 58 26 kupa
273 221 22 20 af
310 222 65 20 minst
390 222 35 20 två
441 222 62 21 linier
520 222 68 27 tjockt
607 223 53 26 gods
681 223 47 20 med
745 223 74 26 utböjd
836 222 47 26 fals,
899 222 52 20 hvil-

199 254 40 21 ken
263 256 91 20 medelst
377 262 24 14 en
426 257 134 27 omslutande
582 258 123 25 metallring
726 257 98 21 skrufvas
841 257 38 21 och
895 256 56 21 låses

198 288 44 22 fast
264 290 35 20 vid
324 290 84 26 lyktans
431 291 141 21 skålformiva
593 292 159 25 metallbotten;
773 292 94 20 börande
887 291 64 20 minst

198 325 77 19 tvenne
299 325 155 27 metallbyglar,
478 325 107 21 fastlödde
608 326 35 21 vid
663 326 142 26 nyssnämnde
826 326 53 26 ring,
901 325 48 26 böja

199 358 32 26 sig
247 358 60 21 öfver
324 358 71 27 kupan
413 360 38 20 och
467 360 57 25 gifva
540 360 70 21 denna
627 360 75 27 skydd.

552 440 11 27 $
580 442 18 19 6.

273 486 16 19 1.
320 485 10 21 I
353 485 72 27 hvarje
450 486 98 21 bränneri
568 486 55 21 skall
643 486 69 21 finnas
732 493 25 14 en
779 486 37 21 och
833 486 34 21 må
882 486 68 22 finnas

198 519 37 20 två
251 520 142 26 sprithållare,
409 521 7 20 i
433 521 71 20 hvilka
520 522 89 26 spriten,
626 521 113 21 bränvinet
755 521 52 20 eller
823 521 76 21 lanken
915 527 36 21 ge-

199 559 49 15 nom
266 556 35 19 rör
318 554 46 21 från
380 555 117 26 imkylaren
514 556 88 20 inledes.

270 589 19 20 2.
320 589 155 26 Sprithällaren
499 591 38 20 bör
560 590 97 21 förvaras
681 591 6 19 i
708 590 103 20 särskildt
832 596 51 18 rum,
905 596 45 15 som

198 624 25 19 är
246 623 125 26 tillräckligt
394 625 86 26 rymligt
499 625 38 20 och
557 625 53 26 ljust
629 625 33 20 för
682 625 159 20 verkställande
861 625 22 20 af
897 627 54 18 mät-

198 657 51 26 ning
266 658 37 20 och
321 659 98 25 profning
435 659 23 20 af
473 659 112 21 bränvinet
601 661 54 19 samt
671 659 40 20 har
727 661 116 18 vattentätt
859 659 36 20 tak
911 659 40 20 och

199 691 74 21 starka
290 694 79 24 väggar
385 693 38 20 och
440 694 55 25 dörr,
516 695 24 19 så
559 694 98 25 infattad,
675 696 33 18 att
724 694 40 20 den
780 693 18 26 ej
815 693 40 21 kan
873 693 78 21 obehö-

198 725 60 26 rigen
275 725 90 28 aflyftas,
385 730 56 18 samt
460 728 86 21 försedd
566 729 48 20 med
635 735 25 14 en
677 728 60 21 öfver
752 728 48 20 hela
816 728 49 20 dess
882 727 67 21 bredd

197 760 84 26 gående
297 761 60 20 stark
370 761 105 27 jernbom,
487 763 84 20 hvilken
584 763 82 20 tillåses
678 762 48 20 med
738 762 125 20 kontrollås.
885 762 66 21 Rum-

199 796 54 19 mets
270 795 82 20 fönster
368 795 61 22 skola
444 796 68 21 förses
528 797 100 23 antingen
645 797 48 20 med
708 796 117 27 jerngaller
841 796 51 21 eller
903 796 48 21 med

199 828 81 25 luckor.
304 836 45 14 som
372 830 45 20 från
442 831 45 20 inre
511 831 60 20 sidan
596 831 140 21 tillskrufvas.
767 830 56 21 Från
847 831 51 20 eller
917 831 33 20 till

199 863 231 26 sprithållarerummet
445 865 34 20 må
494 865 46 20 icke
556 865 69 20 finnas
641 871 70 15 annan
723 865 129 26 rörledning,
864 865 23 20 af
895 865 55 20 hvad

199 897 46 26 slag
269 898 40 21 den
334 905 50 15 vara
402 900 39 25 må,
463 901 24 19 än
507 899 40 21 den
564 900 51 21 eller
636 900 32 26 de,
689 906 76 20 genom
782 899 71 21 hvilka
869 901 81 25 spriten

200 932 52 20 eller
269 933 112 21 bränvinet
396 934 80 20 inledes
492 934 6 20 i
515 934 158 27 sprithållaren.

271 974 20 20 3.
322 973 155 27 Sprithällaren
500 975 54 20 skall
578 981 52 14 vara
652 974 103 27 uppstäld
779 974 12 21 ä
810 974 46 21 lösa
872 974 79 21 bockar

200 1006 53 21 eller
268 1010 65 18 annat
353 1008 40 20 lätt
409 1008 97 27 flyttbart
522 1010 103 26 underlag
641 1011 57 19 samt
715 1015 50 14 vara
780 1010 38 24 tät,
835 1008 60 21 enkel
912 1008 39 21 och

200 1041 24 21 så
239 1041 124 27 fristående,
384 1045 32 18 att
435 1050 75 19 genom
531 1044 121 26 besigtning
671 1043 14 21 å
705 1043 49 21 dess
775 1043 73 21 botten
869 1043 38 20 och
923 1042 28 21 si-

200 1075 39 21 dor
255 1076 119 27 osvikligen
391 1078 40 20 kan
449 1080 93 24 utrönas,
560 1080 32 18 att
608 1078 79 25 hemlig
704 1076 107 27 afledning
827 1077 18 27 ej
866 1076 85 21 förefin-

199 1116 45 19 nes,
262 1113 55 19 samt
333 1112 32 20 för
381 1112 66 26 öfrigt
463 1112 22 20 af
499 1112 39 21 den
555 1113 80 20 storlek
655 1112 70 20 under
745 1112 206 26 inströmningsöpp-

199 1145 86 26 ningen,
301 1148 32 18 att
349 1146 45 20 deri
411 1147 64 20 minst
490 1147 115 26 inrymmes
621 1147 78 26 högsta
715 1146 86 26 möjliga
812 1146 139 26 tillverkning

199 1180 68 20 under
283 1182 32 18 ett
331 1180 62 26 dygn.

271 1222 19 18 4.
321 1215 17 26 Å
355 1221 162 26 sprithållarens
533 1221 47 21 öfra
595 1222 48 20 sida
659 1220 63 26 skall,
742 1220 33 21 för
791 1220 49 20 dess
856 1220 95 26 synande

198 1254 119 26 invändigt,
337 1261 52 14 vara
408 1256 90 26 anbragt
518 1262 25 14 en
562 1256 93 26 öppning
678 1254 23 21 af
717 1255 64 20 minst
796 1254 36 21 två
847 1254 43 20 fots
907 1254 44 20 dia-

199 1291 78 23 meter;
295 1290 81 24 egande
392 1290 177 26 bränneriegaren
586 1292 33 18 att
633 1289 33 21 för
678 1289 164 27 sprithällarens
854 1288 96 26 tömning

199 1323 39 21 och
254 1324 134 26 rengörande
405 1325 96 26 begagna
516 1325 101 26 antingen
628 1323 147 28 nysstämnda
785 1323 100 27 öppning,
897 1323 54 21 eller

199 1358 38 20 ock
254 1357 34 22 för
304 1359 59 20 detta
384 1359 98 20 ändamål
498 1359 105 26 anbringa
619 1365 25 14 en
660 1364 71 15 annan
747 1358 83 21 mindre
845 1357 58 27 dylik
919 1357 32 21 in-

199 1392 34 21 vid
258 1393 40 20 den
321 1393 65 25 förra,
409 1393 53 20 eller
483 1393 87 27 aftappa
591 1393 113 21 bränvinet
722 1393 91 20 medelst
833 1398 25 15 en
879 1392 73 20 säkert

198 1427 72 20 fästad
286 1428 59 20 kran.
377 1427 106 21 Skolande
504 1428 66 26 begge
589 1428 62 21 dessa
671 1427 121 26 öppningar
811 1427 102 20 tillslutas
930 1426 22 22 af
