1028 1661
243 119 26 18 34

440 121 29 22 U.
485 122 28 22 B.
529 134 23 3 —
566 122 73 29 Prop.
655 123 42 22 N:o
713 123 37 22 29.

348 189 44 14 som
411 186 27 18 ett
455 185 73 26 utdrag
542 186 63 25 deraf
617 187 35 20 bör
666 187 35 20 vid
716 187 68 24 hvarje
797 186 117 25 gästgifveri
928 187 34 19 och

350 218 127 26 socknestuga
491 219 65 24 finnas
571 222 31 18 att
615 221 63 25 tillgå.

553 300 18 24 $
584 300 32 20 16.

417 344 46 20 Har
478 344 32 20 det
523 344 126 26 föreskrifna
659 346 75 20 antalet
743 345 89 25 skjutsar
844 346 68 24 blifvit
920 346 43 20 med

350 377 23 20 de
394 377 35 21 vid
449 379 118 26 gästgifveri
585 380 96 26 anslagna
695 380 74 28 hästar
783 375 116 29 verkstälät,
916 380 48 20 eller

349 412 104 25 erfordras
474 413 50 25 flera
546 414 70 20 hästar
635 416 26 19 än
679 414 36 21 vid
731 415 138 25 gästgifveriet
883 416 35 18 äro
934 416 29 18 att

350 446 62 26 tillgä,
428 445 53 22 skall
495 448 83 29 resande
593 455 50 14 vara
658 449 112 26 berättigad
785 450 34 22 att,
836 450 50 19 emot
900 449 61 24 erläg-

348 481 63 24 gande
425 482 24 24 af
462 480 71 22 dubbel
548 482 48 26 lega,
612 482 78 21 erhålla
705 483 110 25 skjutsning
828 483 48 24 från
885 482 23 20 de
917 483 45 19 när-

348 517 52 18 mast
422 517 138 24 gästgifveriet
584 513 87 30 belägna
689 515 98 22 hemmans
812 517 115 25 lägenheter,
950 517 13 19 å

348 549 69 20 hvilka
437 551 70 19 hästar
526 551 27 19 då
566 551 71 24 finnas.
668 551 41 20 Och
723 551 111 20 ankommer
848 551 33 19 det
895 551 12 19 å
922 551 40 20 Gu-

348 586 96 18 vernören
465 587 30 18 att
516 586 50 24 efter
584 586 111 20 inhemtade
713 586 143 25 upplysningar
870 586 9 18 i
892 586 68 23 ämnet,

348 618 97 24 förordna
459 620 69 19 hvilka
542 620 111 25 lägenheter
667 620 58 20 skola
739 620 63 20 sådan
812 620 110 24 skjutsning
932 621 29 18 ut-

348 654 49 23 göra
410 654 36 19 och
459 654 52 20 huru
525 654 70 26 många
610 654 69 20 hästar
694 654 68 20 dertill
777 654 64 20 kunna
851 653 110 26 uppbådas.

416 687 64 25 Dylik
494 690 57 18 extra
564 688 117 26 skjutsning,
698 688 76 20 hvilken
789 689 20 24 ej
818 688 92 24 behöfver
920 694 42 14 mer

348 722 25 18 än
388 727 22 14 en
424 722 50 25 gång
488 722 10 20 i
511 722 70 26 dygnet
594 722 43 21 med
652 723 69 25 hvarje
736 722 68 20 dertill
815 722 92 25 anslagen
916 722 46 20 häst

347 756 126 24 verkställas,
489 756 98 25 frikallar
600 757 43 20 icke
657 757 90 25 lägenhet
761 756 48 25 från
823 758 30 18 att
866 757 10 19 i
888 756 72 25 skjuts-

346 790 149 24 ningsbesväret
508 791 42 20 lika
564 791 44 20 med
621 792 68 25 öfriga
703 791 111 25 lägenheter
828 791 52 19 inom
889 790 71 25 skjuts-

347 823 52 26 laget
412 824 84 26 deltaga.

553 894 17 24 $
584 894 33 19 17.

415 938 51 24 Den,
488 944 41 14 som
552 939 31 19 till
605 938 107 25 hållskjuts
731 938 62 20 indelt
807 939 29 23 är,
851 938 32 20 må
898 938 62 20 denna

346 972 112 25 skyldighet
478 979 66 19 genom
565 973 123 25 gästgifvare
711 972 48 20 eller
780 979 64 13 annan
865 972 93 26 fullgöra,

345 1012 43 14 men
409 1012 84 14 ansvare
514 1005 50 26 sjelf
583 1007 34 24 för
636 1007 53 19 hvad
704 1006 59 20 denne
778 1006 70 20 dervid
862 1006 98 20 åsidosatt

346 1040 48 20 eller
407 1040 43 26 icke
464 1040 84 26 lagligen
562 1040 98 26 fullgjort.
691 1040 130 20 Missbrukar
836 1041 123 25 gästgifvare

345 1074 73 20 sådant
432 1074 96 26 åtagande
543 1074 33 20 till
589 1075 64 25 öfrige
663 1074 126 26 skjutsandes
801 1074 87 25 förfång,
894 1074 66 26 plikte

346 1108 52 19 ända
413 1108 32 20 till
460 1106 105 22 etthundra
579 1109 64 20 mark.

414 1142 32 20 De
460 1142 114 25 skjutsande
588 1142 57 20 skola
659 1149 53 13 vara
725 1142 93 25 försedde
831 1142 42 20 med
883 1142 76 20 ordent-

345 1176 41 25 liga
401 1176 64 20 åkdon
480 1177 34 19 och
528 1177 54 24 öfrig
595 1175 87 27 redskap
701 1176 50 25 efter
765 1176 100 21 årstidens
881 1176 78 25 beskaf-

344 1210 73 24 fenhet.
447 1211 81 19 Brister
545 1211 63 25 någon
627 1211 47 20 häri
684 1211 65 24 plikte
764 1211 37 19 den
814 1211 78 24 felande
907 1211 52 19 ända

345 1244 31 19 till
391 1245 55 28 tjugu
460 1244 63 20 mark.

412 1277 130 21 Försummar
556 1278 201 26 skjutsningsskyläig
771 1279 31 19 att
815 1279 13 19 ä
838 1278 79 26 behörig
928 1279 30 20 tid

344 1312 75 24 infinna
440 1314 32 24 sig
489 1313 9 19 i
510 1313 113 25 hällskjuts,
635 1313 68 25 plikte
717 1313 52 20 ända
784 1313 32 19 till
831 1313 55 25 tjugu
900 1314 58 19 mark

343 1347 35 19 och
398 1353 32 19 ege
444 1347 121 25 gästyifvare
580 1347 43 25 lega
637 1347 47 20 häst
698 1347 34 20 och
747 1347 64 20 äkdon
821 1347 31 25 pä
866 1347 37 20 den
916 1348 42 24 för-

343 1380 93 26 sumliges
451 1381 112 19 bekostnad.
592 1381 87 24 Utgiften
693 1380 72 25 härför
779 1381 38 24 mä,
832 1387 31 13 om
876 1382 82 24 gästgif-

342 1421 49 14 vare
406 1415 52 20 inom
472 1415 34 19 två
520 1414 94 21 månader
623 1415 93 24 derefter
730 1415 35 19 hos
781 1415 95 20 exekutor
890 1415 67 20 derom

342 1451 36 23 gör
393 1449 98 24 anhållan,
506 1450 48 19 utan
569 1449 72 20 vidare
652 1449 87 25 omgång,
750 1449 36 20 hos
796 1449 36 20 den
843 1449 115 25 betalnings-

276 1488 127 18 Sammansatta
415 1488 44 23 Lag-
472 1488 29 17 och
513 1487 176 18 Ekonomiutskottets
702 1488 105 18 betänkande
819 1488 34 17 N:o
865 1488 17 17 4.
