1025 1667
232 100 13 19 2
534 98 35 22 N:o
586 99 35 21 23.

204 166 107 22 beräknas
327 168 33 20 till
379 168 124 26 17,900,000
519 168 69 26 mark,
605 170 56 19 samt
677 169 33 20 att
721 168 33 20 till
766 169 192 19 nästsammanträ-

205 202 69 20 dande
291 201 102 22 Ständers
410 202 116 27 afgörande
543 202 138 27 öfverlemna,
702 202 106 21 huruvida
825 202 26 20 de
866 202 33 20 till
915 208 43 14 om-

204 236 106 21 förmälda
324 237 244 27 jernvägsanläggnings
585 237 153 21 fullbordande
754 236 123 21 derutöfver
893 236 65 21 erfor-

206 270 83 27 derliga
311 271 69 21 medel
397 272 69 20 skulle
483 274 26 18 än
525 271 75 21 vidare
616 272 47 21 från
680 271 277 21 kommunikationsfonden

205 306 52 26 utgå
273 305 53 21 eller
342 312 75 20 genom
433 306 35 20 lån
484 306 119 25 anskaffas;
620 306 111 21 äfvensom

278 342 31 18 att
332 340 37 20 det
392 340 69 21 skulle
484 342 12 19 å
520 340 111 27 Styrelsen
647 341 116 21 ankomma
779 342 32 18 att
826 340 131 21 beträffande

205 374 128 26 tidpunkten
350 374 32 21 för
398 374 208 28 byggnadsarbetets
625 375 134 27 påbörjande
780 376 55 19 samt
852 375 48 20 dess
916 374 41 21 för-

206 408 91 21 delande
320 410 27 25 på
371 409 25 21 de
420 409 69 21 skilda
513 410 52 21 åren
581 409 86 27 vidtaga
685 410 27 20 de
729 409 168 27 bestämningar,
913 415 44 14 som

206 443 48 21 med
270 443 101 21 afseende
387 444 45 21 dels
449 445 12 20 å
477 444 26 21 de
518 444 7 21 i
541 444 156 21 ofvanstående
715 445 67 20 måtto
799 444 100 21 anvisade
915 450 42 14 me-

206 477 41 27 del,
264 477 45 21 dels
326 479 12 19 å
353 477 119 28 tillgången
487 479 27 26 på
530 478 159 21 arbetskrafter
709 480 56 19 samt
781 478 68 27 öfriga
865 480 92 19 omstän-

206 512 98 27 digheter
315 512 104 22 befunnes
430 519 51 15 vara
492 513 6 21 i
509 513 135 21 ekonomiskt
652 513 126 21 hänseende
787 513 170 26 fördelaktigast.

277 547 9 20 I
302 547 116 26 anledning
440 547 62 21 deraf
520 547 124 22 anbefaldes
668 543 175 31 Öfverstyrelsen
861 547 33 21 för
909 549 48 24 väg-

206 581 39 21 och
261 582 311 21 vattenkommunikationerna
589 584 32 19 att
636 583 46 20 låta
698 583 6 20 i
717 582 101 21 afseende
829 583 13 20 å
852 582 106 27 justering

206 616 136 27 fullständigt
365 617 121 20 undersöka
509 617 156 21 ofvanberörda
679 617 156 26 jernvägslinie
853 617 38 21 och
907 623 51 20 upp-

206 652 52 25 göra
274 650 106 21 definitivt
395 651 192 28 kostnadsförslag,
608 651 89 22 hvarvid
718 651 34 21 till
768 652 68 26 grund
853 651 32 21 för
901 652 57 20 kost-

206 685 202 27 nadsberäkningen
431 686 69 21 skulle
523 686 75 27 läggas
625 687 36 20 det
687 686 159 27 byggnadssätt
871 686 38 21 och
933 686 25 20 de

206 719 70 28 öfriga
298 720 167 28 bestämningar,
489 721 121 21 Ständerna
633 721 121 26 föreslagit,
771 721 54 20 dock
841 723 32 18 att
889 721 69 20 banan

206 755 71 20 kunde
293 755 69 21 förses
378 755 49 21 med
442 755 26 21 de
483 755 131 27 byggnader,
626 755 74 21 hvilka
712 755 172 27 oundgängligen
894 755 65 21 erfor-

206 789 78 21 drades
307 781 46 29 till
367 789 98 22 bostäder
487 791 22 19 åt
532 790 41 21 den
596 790 33 21 för
644 789 85 22 banans
745 790 121 26 bevakning
881 789 78 27 nödiga

205 824 107 27 personal,
329 823 110 22 äfvensom
455 825 25 20 de
500 824 68 27 öfriga
588 825 199 26 erforderligheter,
807 831 45 14 som
868 825 91 26 ansåges

205 864 52 15 vara
273 858 23 21 af
309 858 100 21 behofvet
424 859 121 26 påkallade.

278 893 60 20 Efter
361 893 37 20 det
421 893 66 27 sagda
510 893 162 27 undersökning
692 893 71 21 under
779 894 23 20 år
820 894 53 20 1878
889 893 70 21 blifvit

205 927 116 27 verkstäld,
345 927 88 21 hvarvid
457 928 120 21 kostnaden
596 928 34 21 för
654 928 84 21 banans
758 927 112 27 byggande
886 927 73 21 defini-

205 961 41 21 tivt
269 961 116 21 beräknats
408 962 34 21 till
465 963 127 26 22,987,000
615 963 69 26 mark,
704 963 41 20 har
763 961 60 22 Hans
839 961 120 28 Kejserliga

205 995 103 28 Majestät
330 996 6 21 i
360 996 67 21 nåder
449 997 109 20 meddelat
580 997 147 21 förordnande
751 1003 33 14 om
807 997 112 26 byggande
939 996 22 21 af

206 1030 165 27 ifrågavarande
384 1031 91 26 jernväg
490 1031 91 21 emellan
598 1031 103 21 städerna
717 1031 145 21 Tammerfors
874 1031 39 20 och
923 1031 36 20 Ni-

204 1065 109 21 kolaistad
336 1067 93 19 österom
454 1065 108 28 Näsijärvi
578 1066 32 27 sjö
627 1072 78 21 genom
721 1065 72 21 Etseri
809 1065 72 27 kapell
897 1065 6 21 i
919 1065 41 21 den

206 1099 23 21 af
243 1099 121 22 Ständerna
380 1099 87 27 angifna
482 1100 97 27 riktning
595 1100 39 21 och
650 1100 50 21 med
716 1100 141 26 iakttagande
868 1100 23 21 af
904 1100 55 21 hvad

206 1134 122 21 Ständerna
351 1134 32 21 för
406 1135 63 21 deras
492 1135 34 21 del
549 1135 90 21 beslutit
658 1135 167 21 vidkommande
842 1135 18 26 ej
877 1135 82 20 mindre

206 1171 66 20 sättet
295 1169 33 21 för
351 1169 95 22 arbetets
469 1170 113 21 utförande
598 1172 27 19 än
642 1170 26 21 de
684 1169 187 27 penningemedel,
887 1169 73 21 hvilka

206 1204 73 21 dertill
301 1203 56 28 finge
377 1205 116 27 användas,
511 1207 56 18 samt
586 1206 32 19 att
632 1204 191 27 jernvägsarbetet
839 1204 68 21 skulle
923 1205 36 25 på-

204 1238 73 27 börjas
294 1239 24 20 så
333 1240 61 20 snart
409 1239 78 21 sådant
502 1239 33 27 sig
550 1241 52 25 göra
618 1239 43 21 läte
682 1238 113 22 äfvensom
811 1238 70 27 fortgå
897 1239 7 20 i
920 1238 40 21 den

205 1274 50 20 mån
271 1273 39 21 och
326 1273 41 21 den
383 1274 157 27 utsträckning,
556 1280 46 15 som
618 1274 25 21 de
660 1273 75 22 dertill
751 1273 23 21 af
788 1273 120 21 Ständerna
924 1279 36 15 an-

205 1307 74 21 visade
302 1307 117 27 tillgångar
441 1308 7 21 i
472 1308 279 22 kommunikationsfonden
774 1308 57 20 intill
852 1308 53 20 1882
925 1308 35 20 års

204 1342 82 26 utgång
300 1342 119 26 medgåfve.

278 1376 146 22 Omförmälda
437 1377 210 27 jernvägsbyggnad,
663 1378 66 20 hvars
747 1377 114 21 utförande
877 1377 6 20 i
894 1376 67 21 nåder

204 1410 153 22 öfverlemnats
373 1412 23 20 åt
412 1417 26 15 en
454 1411 33 21 för
502 1412 124 21 ändamålet
641 1412 82 21 tillsatt
733 1411 88 27 komité,
832 1411 129 27 påbörjades
