1034 1661
374 135 53 22 N:o
445 134 47 23 25.

334 415 68 23 Hans
421 415 153 28 Kejserliga
585 415 138 28 Majestäts
735 414 77 30 nådiga

267 450 127 29 proposition
419 450 31 22 till
476 449 100 24 Finlands
604 450 92 29 Ständer,
723 450 88 23 innefat-

266 485 63 22 tande
344 484 82 28 förslag
442 484 30 23 till
489 485 155 28 förordningar,
654 484 108 29 angäende
772 485 40 23 vil-

264 519 65 23 koren
345 519 32 23 för
397 519 18 28 ej
438 519 80 24 mindre
533 519 139 29 tillverkning
687 519 38 24 och
741 519 71 24 destil-

265 554 74 28 lering,
357 554 25 22 än
399 553 137 29 försäljning,
552 553 90 29 forsling
653 554 37 22 och
703 554 78 28 upplag
791 554 24 23 af

267 588 86 23 bränvin
369 589 55 22 samt
440 588 65 23 andra
521 588 79 24 brända
616 589 50 23 eller
681 588 132 24 destillerade

266 622 151 30 spritdrycker.

132 687 89 21 Jemlikt
237 687 129 26 stadgandet
382 687 5 20 i
405 687 10 27 $
432 688 26 20 99
476 687 21 20 af
513 687 79 26 nådiga
607 687 157 26 förordningen,
777 694 36 14 an-

59 722 84 26 gående
160 721 143 26 tillverkning,
321 721 133 26 försäljning,
471 722 81 26 upplag
568 722 38 20 och
618 722 90 26 forsling
719 722 22 20 af
751 722 62 20 brän-

61 757 41 25 vin,
120 756 69 26 gifven
207 756 39 20 den
264 757 11 19 9
292 756 50 20 Juni
360 757 60 24 1873,
438 756 85 26 upphör
539 762 81 14 samma
630 756 125 26 förordning
766 756 47 20 med

61 791 108 26 utgången
186 791 22 20 af
222 790 24 20 är
269 791 52 20 1883
341 792 32 19 att
389 796 52 14 vara
457 791 102 25 gällande
597 791 48 20 Med
661 790 153 21 föranledande

61 825 62 21 deraf
138 826 38 20 och
198 826 88 20 emedan
306 825 59 21 Hans
385 825 124 26 Kejserliga
530 825 103 26 Majestät
649 825 55 21 velat
720 825 43 21 läta
779 825 35 21 vid

62 860 140 26 uppgörande
225 860 22 20 af
270 859 80 25 förslag
373 860 32 20 till
427 866 27 20 ny
475 860 136 26 lagstiftning
631 860 5 20 i
656 861 71 19 ämnet
743 859 71 27 taga
801 855 16 35 i

62 894 156 26 öfvervägande
235 894 17 25 ej
270 894 82 20 mindre
368 894 25 20 de
409 894 23 20 af
447 894 85 21 Preste-
549 894 38 21 och
604 894 162 21 Bondeständen
779 894 35 20 vid

63 930 86 19 senaste
165 928 102 25 landtdag
284 928 31 20 uti
332 928 149 24 underdäniga
497 928 199 27 petitionsskrifter,
713 931 25 18 än
751 928 21 21 af
783 930 32 19 ett

62 963 58 21 antal
144 963 97 21 enskilda
265 969 102 20 personer
391 963 98 20 uttalade
513 963 160 26 önskningsmäl
695 969 32 15 om
747 962 66 21 vidta-

63 998 68 26 gande
152 997 22 20 af
192 997 101 25 åtgärder
313 998 6 19 i
340 996 55 27 syfte
411 999 32 18 att
465 997 85 21 hämma
567 997 107 21 missbruk
690 997 22 21 af
727 997 89 21 bränvin

64 1032 38 21 och
120 1032 67 20 andra
203 1032 74 20 starka
293 1032 96 26 drycker,
407 1032 38 20 har
462 1032 38 20 det
516 1032 108 20 befunnits
641 1032 75 26 nödigt
731 1033 31 19 att
778 1038 38 14 un-

64 1066 102 21 derkasta
182 1066 99 26 gällande
294 1066 242 26 bränvinslagstiftning
548 1073 24 14 en
585 1066 130 21 omfattande
727 1066 89 26 gransk-

63 1100 57 26 ning.
152 1101 40 20 För
210 1101 66 25 sagda
292 1100 97 21 ändamäl
406 1101 39 20 har
462 1107 26 14 en
505 1100 80 21 komit6
601 1101 55 20 varit
666 1100 90 23 nedsatt,
768 1100 47 21 med

64 1135 97 26 uppdrag
185 1137 31 18 att
239 1135 108 20 inkomma
371 1135 47 20 med
437 1135 103 25 yttrande
560 1130 38 25 och
617 1134 80 27 förslag
716 1135 6 20 i
739 1135 77 19 ämnet.

64 1169 103 22 Bemälda
182 1169 86 26 komité,
285 1175 45 14 som
347 1169 46 20 haft
409 1169 94 26 tillgång
520 1169 31 20 till
569 1169 107 20 särskilda
694 1168 123 21 infordrade

64 1204 126 22 utlätanden
216 1204 38 21 och
281 1203 125 21 meddelade
432 1204 158 26 upplysningar
616 1203 20 21 af
659 1203 159 21 vederbörande

64 1239 149 26 myndigheter
233 1238 38 21 och
288 1237 290 27 kommunalförvaltningar,
594 1238 38 20 har
648 1237 90 27 afgifvit,
752 1237 66 27 jemte

65 1273 106 27 yttrande,
188 1273 81 25 förslag
284 1272 33 21 till
333 1272 166 26 förordningar:

137 1309 23 25 a)
177 1307 109 27 angäende
307 1307 96 20 vilkoren
423 1307 35 21 för
474 1307 140 26 tillverkning
630 1307 38 21 och
684 1306 134 26 destillering

66 1342 23 21 af
104 1342 100 25 bränvin;
222 1342 38 20 och

138 1376 22 26 0)
177 1376 109 26 angående
303 1376 96 20 vilkoren
415 1375 34 20 för
465 1375 135 27 försäljning,
617 1376 89 25 forsling
717 1375 38 20 och
766 1380 53 21 upp-

66 1411 35 26 lag
124 1411 22 20 af
168 1411 88 20 bränvin
277 1409 38 22 och
336 1409 67 21 andra
422 1409 85 21 brända
528 1410 51 20 eller
599 1409 136 22 destillerade
756 1408 66 27 sprit-

66 1445 101 27 drycker;
184 1445 109 20 äfvensom
309 1443 32 21 till
