1025 1661
268 133 80 24 Ständ.
363 133 38 23 Sv.
416 146 28 3 —
459 134 72 28 Prop.
547 134 41 22 N:o
602 134 34 22 21.
787 136 14 21 9

280 196 86 27 belopp;
388 198 79 19 ersätte
490 196 37 21 ock
550 196 84 21 kronan
656 197 9 20 i
688 199 22 25 ty
725 197 49 26 fall
789 197 41 20 den

280 230 64 25 skatt,
361 229 44 22 han
419 230 98 21 sålunda
532 231 48 20 sökt
595 231 81 28 undgå.

520 287 16 27 $
552 288 34 20 15.

338 332 51 22 Har
405 332 125 22 tillverkare
546 340 44 14 mer
605 335 29 19 än
650 340 26 14 en
691 334 58 27 gång
760 333 72 27 blifvit

277 366 129 27 förvunnen
429 373 32 15 om
485 367 156 27 öfverträdelse
663 366 31 28 af
705 366 126 25 förordnin-

282 407 52 21 gens
353 400 154 27 föreskrifter,
530 408 50 21 eger
601 403 108 26 guvernör
726 401 106 21 dessutom

281 435 32 26 på
328 435 40 20 den
384 435 109 28 skyldiges
509 435 117 21 bekostnad
640 435 91 28 vidtaga
745 435 47 22 alla
807 435 25 21 de

284 470 110 27 åtgärder,
416 475 45 15 som
479 469 42 27 för
536 476 26 13 en
577 469 56 21 ökad
648 469 95 22 kontroll
758 469 74 21 kunna

285 510 53 15 vara
354 503 31 28 af
396 503 76 21 nöden.

526 560 15 27 $
556 560 34 20 16.

345 605 72 25 Böter,
443 612 45 14 som
513 605 69 28 enligt
606 605 72 21 denna
698 604 136 28 förordning

286 640 97 25 ådömas,
402 639 105 27 fördelas
524 640 72 27 jemnt
615 640 90 20 emellan
721 640 114 27 angifvare

288 673 36 21 och
347 673 111 28 åklagare,
482 680 46 14 men
552 674 95 26 tillfalla
666 673 105 27 åklagare
787 673 47 21 ode-

288 708 54 24 ladt,
358 714 34 14 om
407 707 43 21 han
467 714 72 14 ensam
556 707 62 27 utför
633 708 73 21 åtalet.

344 741 17 21 I
372 741 86 21 saknad
472 742 31 27 af
513 742 95 27 tillgång
624 742 36 20 till
674 742 100 21 böternas
789 742 46 27 gäl-

289 775 79 26 dande,
391 775 58 21 skall
471 782 33 14 om
520 776 64 20 deras
602 776 147 27 förvandling
768 776 67 27 gälla,

289 809 56 21 hvad
366 810 9 20 i
398 809 101 27 afseende
522 810 12 20 å
554 810 114 20 vitesböter
685 810 104 27 stadgadt
804 812 32 22 är,

289 843 47 22 med
352 843 114 28 undantag
481 843 30 28 af
522 843 64 25 böter,
602 850 45 14 som
661 844 89 21 ådömas
770 844 68 27 enligt

289 878 15 27 $
319 879 28 19 14
362 877 39 22 och
416 877 73 21 hvilka
500 877 133 28 förvandlas
648 878 36 21 till
689 877 103 28 fängelse
801 877 38 21 vid

290 914 72 19 vatten
383 912 38 21 och
443 911 61 26 bröd,
523 912 151 21 motsvarande
693 919 26 14 en
735 912 104 27 tredjedel

291 945 30 25 af
332 945 161 28 bötesbeloppet.

530 1004 16 27 $
561 1005 33 19 17.

350 1048 136 26 Kontrollör,
508 1055 44 15 som
575 1050 58 27 gjort
652 1050 34 26 sig
701 1049 88 28 skyldig
805 1049 36 20 till

286 1082 155 28 försummelse
456 1082 39 21 och
510 1083 133 21 vårdslöshet
653 1083 54 21 eller
716 1089 84 15 annars
811 1083 29 20 vi-

292 1119 34 19 sat
341 1117 35 27 sig
391 1123 54 14 vara
461 1116 36 22 till
507 1117 97 27 sysslans
615 1116 136 22 bestridande
762 1117 79 27 olämp-

293 1151 37 27 lig,
347 1151 34 20 må
397 1153 54 18 utan
466 1151 76 20 vidare
557 1150 101 26 derifrån
672 1150 86 28 skiljas.
785 1150 57 20 Var-

294 1185 38 21 der
347 1184 43 21 han
407 1191 33 15 om
455 1184 115 28 bedrägeri
585 1185 53 21 eller
652 1191 75 15 annan
748 1184 93 27 oredlig-

294 1219 34 20 het
351 1219 34 20 uti
407 1219 91 27 tjensten
522 1218 136 28 öfvertygad,
672 1218 87 28 strafes
775 1218 68 28 enligt

294 1253 83 21 allmän
393 1253 43 27 lag.

539 1310 15 27 $
569 1310 34 20 18.

352 1355 33 21 På
408 1355 74 27 grund
498 1355 30 27 af
540 1355 25 21 de
580 1354 121 28 uppgifter,
716 1360 45 15 som
777 1354 68 26 enligt

294 1389 15 27 $
336 1390 24 20 11
383 1389 114 24 insändas,
522 1391 108 25 uppgöres
652 1388 35 21 vid
706 1387 140 28 länestyrelse

295 1422 122 28 uträkning
439 1422 64 27 öfver
524 1423 34 20 det
573 1421 212 28 bevillningsbelopp,
801 1428 45 14 som

296 1456 35 25 för
354 1456 74 28 hvarje
451 1457 87 28 gvartal
560 1456 57 21 skall
632 1456 31 27 af
674 1455 125 22 tillverkare
815 1462 31 14 er-
