1031 1661
224 141 13 19 2
522 141 36 22 N:o
574 141 30 21 31.

196 209 134 26 proposition
342 209 5 20 i
360 211 71 19 ämnet
442 209 69 21 blefve
528 209 120 20 Ständerna
658 209 36 20 vid
706 209 165 20 nästinfallande
880 208 70 21 landt-

196 243 42 26 dag
254 243 104 26 förelagd.

268 277 70 21 Sedan
354 277 141 21 Direktionen
512 277 33 21 för
561 277 240 27 Hypoteksföreningen
817 277 48 21 med
876 277 73 21 anled-

197 311 51 27 ning
263 312 63 20 häraf
340 312 106 20 anbefalts
462 313 33 19 att
510 311 91 21 aflemna
616 312 40 20 den
673 312 121 26 utredning,
807 318 44 14 som
863 312 33 20 för
907 310 42 22 frå-

196 352 53 20 gans
266 346 88 26 slutliga
370 346 116 26 afgörande
502 346 22 20 af
539 346 121 21 Ständerna
670 348 83 18 ansetts
765 346 133 26 erforderlig,
911 346 39 20 har

196 380 98 21 bemälde
317 380 113 21 Direktion
452 381 7 21 i
480 381 171 26 underdånighet
671 381 87 22 anmält,
776 383 32 18 att
824 380 125 27 föreningen

196 415 33 21 till
246 415 146 27 betryggande
412 417 22 19 af
453 416 32 21 sin
506 415 101 21 framtida
628 415 103 26 ställning
747 415 93 26 vidtagit
855 415 95 26 följande

196 450 108 26 åtgärder.

268 485 32 20 En
316 491 28 20 ny
360 483 188 28 värderingstariff
562 485 48 20 med
630 485 106 26 betydligt
752 485 99 20 nedsatta
867 485 79 20 värden

196 519 40 20 har
251 519 115 26 faststälts,
384 519 66 26 jemte
470 520 42 25 det,
534 521 50 19 enär
604 519 150 21 erfarenheten
774 519 56 20 visat
846 521 32 18 att
894 519 55 20 före-

196 554 90 25 ningens
310 553 102 21 förluster
435 554 6 20 i
462 554 116 20 allmänhet
598 554 100 26 uppstått
717 554 28 26 på
760 553 26 21 de
803 554 5 20 i
824 553 125 26 föreningen

197 587 104 21 belånade
317 588 83 21 mindre
415 588 159 26 lägenheterna,
596 588 112 26 bestämts,
729 590 33 18 att
777 588 76 20 endast
869 588 80 20 sådane

196 622 132 26 lägenheter,
344 623 84 21 hvilkas
444 623 65 21 värde
526 623 138 27 uppskattats
681 622 33 21 till
733 623 75 25 15,000
824 622 60 21 mark
895 622 53 20 eller

196 656 132 27 derutöfver,
344 656 56 27 finge
416 657 87 21 belånas
523 658 32 20 till
576 659 30 19 ett
627 657 84 27 belopp,
728 656 150 22 motsvarande
894 656 54 21 hälf-

196 693 36 19 ten
248 691 24 21 af
285 692 252 26 uppskattningsvärdet,
553 698 47 14 men
617 692 125 26 lägenheter
758 691 22 21 af
790 692 82 20 mindre
883 691 65 21 värde

196 726 49 20 med
267 726 65 26 högst
351 732 26 15 en
398 726 105 27 tredjedel
522 726 66 26 deraf,
605 726 113 20 hvarutom
736 726 214 26 värderingskostna-

196 760 41 21 den
253 766 89 15 numera
358 761 66 20 borde
445 760 23 22 af
486 761 40 20 den
546 760 131 22 länsökande
693 761 26 26 på
737 760 90 21 förhand
843 760 33 21 till
893 760 57 21 läne-

196 794 81 21 komit6
300 795 137 25 inlevereras,
461 795 28 27 pä
508 795 36 21 det
560 797 32 19 att
612 795 230 26 värderingsmännens
858 795 92 20 intresse

196 829 19 27 ej
232 830 74 20 vidare
322 830 66 20 mätte
404 836 52 14 vara
471 830 107 20 beroende
597 829 23 21 af
634 829 251 27 uppskattningsvärdet,
897 829 53 21 hvil-

197 864 43 25 ket,
264 864 68 26 enligt
353 864 137 27 föreningens
514 865 135 25 reglemente,
670 864 55 21 skall
745 864 71 26 uppgä
836 864 32 20 till
884 864 67 20 minst

197 898 63 24 8,000
277 898 60 21 mark
352 898 34 22 för
402 901 33 19 att
450 899 72 21 kunna
539 899 93 20 belänas.

269 933 134 26 Föreningen
420 933 39 21 har
474 933 96 25 beslutit,
586 935 34 18 att
636 933 42 20 alla
694 939 41 20 nya
746 932 110 26 förluster,
867 932 84 26 ,hvilka

197 967 18 26 ej
240 969 37 19 äro
301 974 25 14 en
347 967 52 26 följd
419 968 23 20 af
460 968 59 20 förut
538 967 103 27 inropade
658 968 124 25 lägenheter
798 967 52 21 eller
865 967 34 21 för
914 967 37 21 de-

197 1008 82 14 samma
302 1002 106 20 bokförda
430 1002 136 21 förskotter.*
589 1002 33 20 för
648 1002 115 20 framtiden
788 1001 60 21 skola
868 1001 83 26 årligen

197 1036 81 20 länsvis
297 1036 153 27 uppdebiteras
472 1036 38 21 och
526 1036 33 20 till
576 1036 174 21 förekommande
766 1036 24 20 af
806 1036 144 20 förlusternas

197 1071 159 26 accumulering
372 1071 39 21 hos
428 1071 128 26 delegarene
571 1071 7 20 i
594 1070 26 21 de
640 1071 42 25 län,
703 1071 31 20 uti
750 1070 73 21 hvilka
842 1070 110 21 desamma

197 1104 107 27 uppstätt,
320 1105 108 26 uppbäras
448 1106 6 19 i
476 1105 40 20 den
537 1105 91 25 ordning
648 1105 122 26 päföljande
790 1104 108 21 ordinarie
915 1104 36 21 bo-

197 1139 140 26 lagsstämma
352 1145 51 20 eger
415 1139 124 21 bestämma.
570 1139 101 20 Deremot
684 1139 39 20 har
734 1139 41 20 den
783 1139 78 26 jemväl
874 1138 78 21 väckta

196 1173 83 26 frågan,
296 1176 32 17 att
344 1174 40 20 den
400 1174 6 20 i
422 1173 12 28 $
452 1175 24 19 16
492 1173 23 21 af
529 1173 137 26 föreningens
682 1173 130 26 reglemente
828 1173 23 20 af
865 1173 40 20 den
924 1173 27 20 24

197 1207 98 21 Oktober
313 1208 53 20 1860
382 1207 115 21 faststälda
513 1208 91 25 ordning
620 1207 33 21 för
672 1207 144 21 förlusternas
828 1207 124 20 ersättande

197 1241 68 21 borde
288 1241 112 22 förändras
424 1243 6 20 i
454 1242 77 21 sädant
554 1242 61 27 syfte,
639 1244 32 19 att
695 1242 137 25 föreningens
852 1241 100 27 samtliga

197 1275 107 27 delegare,
320 1276 121 22 oberoende
457 1277 22 21 af
493 1277 6 20 i
516 1277 82 20 hvilket
608 1277 35 20 län
654 1276 103 21 förluster
768 1275 105 28 uppstätt,
884 1275 67 22 borde

196 1311 7 19 i
219 1310 135 22 förhällande
370 1311 33 21 till
420 1312 47 20 sina
483 1311 155 21 innehafvande
656 1311 34 20 län
707 1310 73 21 derför
796 1316 97 20 ansvara,
910 1310 41 21 fätt

197 1344 92 24 förfalla,
305 1345 89 21 emedan
411 1346 26 20 de
453 1346 93 25 tidigare
562 1345 140 26 läntagarene
717 1346 83 19 ansetts
816 1344 46 21 icke
878 1344 74 21 kunna

196 1380 46 19 mot
258 1379 33 20 sin
307 1379 51 26 vilja
373 1380 93 25 lagligen
481 1379 110 20 ähvälfvas
607 1381 69 18 större
692 1379 145 25 ansvarighet,
850 1380 26 19 än
889 1378 63 21 hvar-

196 1413 33 20 till
240 1413 39 25 "de,
296 1413 6 20 i
322 1413 96 26 enlighet
435 1413 48 21 med
502 1414 146 25 reglementet,
669 1413 35 20 vid
724 1413 96 20 inträdet
835 1413 5 20 i
857 1412 96 21 förenin-

196 1453 41 20 gen
253 1447 111 21 förbundit
381 1448 39 25 sig.
