1023 1664
238 137 12 20 2
438 135 23 22 U.
479 135 22 22 B.
519 149 25 2 —
560 136 65 28 Prop.
641 136 38 22 N:o
695 134 32 23 27.

207 201 45 27 ling
268 201 22 22 af
303 202 66 21 redan
385 202 58 21 åsatt
458 203 133 26 qvarnskatt,
608 202 69 22 blefve
692 202 7 21 i
713 202 121 27 möjligaste
842 202 68 22 måtto
921 202 42 23 för-

208 236 96 27 enklade,
326 237 67 27 jemte
412 237 38 22 det
465 237 139 28 erforderliga
618 237 134 22 föreskrifter
767 237 70 22 skulle
852 237 110 22 meddelas

207 271 112 27 angående
335 272 129 27 anläggning
480 272 39 22 och
536 272 161 27 skattläggning
713 271 23 22 af
750 278 98 21 qvarnar,
864 278 46 15 som
926 272 36 21 be-

207 311 71 22 gagna
293 311 69 17 annan
378 306 100 22 drifkraft
493 309 27 19 än
535 306 40 22 luft
591 307 40 22 och
647 309 80 20 vatten.

276 341 9 21 I
300 341 52 28 följd
368 341 23 22 af
404 342 71 21 denna
489 342 91 27 petition
596 341 105 22 förelades
720 343 53 20 1877
791 341 35 22 års
837 342 89 21 ständer
936 348 25 15 en

206 375 64 28 nådig
293 376 133 27 proposition
450 377 111 26 angående
584 377 129 27 anläggning
732 376 41 22 och
788 377 139 26 beskattning
942 376 22 21 af

205 410 145 27 mjölgvarnar
366 411 38 21 och
422 411 189 28 sädesstampverk
627 412 48 21 med
691 417 70 16 annan
773 411 99 22 drifkraft
880 413 27 19 än
916 413 45 20 vat-

205 446 43 20 ten.
280 445 37 22 Uti
340 445 38 22 sitt
395 446 147 27 underdäniga
558 452 49 15 svar
623 447 12 20 å
651 446 67 27 sagda
733 445 80 28 nådiga
828 446 133 27 proposition

204 479 113 22 framhöllo
340 481 116 21 ständerna
478 483 33 19 att
533 481 153 26 gvarnskatten
710 480 95 22 hvarken
828 482 24 20 är
867 481 95 26 naturlig

205 514 53 22 eller
280 515 76 22 rättvis
380 517 56 20 samt
452 516 110 21 dessutom
578 516 75 21 kostar
668 515 74 22 landet
757 515 49 22 vida
821 521 46 16 mer
882 517 26 19 än
925 517 36 20 det

202 548 156 28 jemförelsevis
375 550 122 27 obetydliga
512 550 78 27 belopp
607 550 41 22 den
664 550 116 27 inbringar,
792 549 98 22 hvarföre
902 552 58 19 stän-

204 583 73 27 derna,
292 584 67 27 jemte
375 585 37 21 det
427 585 26 21 de
470 585 113 26 godkände
600 585 26 21 de
641 585 7 21 i
663 585 163 27 propositionen
837 584 123 28 föreslagna

204 618 150 27 stadgandena
369 619 70 21 sävidt
455 620 26 20 de
498 619 90 27 angingo
605 620 130 26 anläggning
751 619 22 21 af
787 626 91 20 gvarnar
893 619 23 22 af
928 619 31 22 fö-

203 654 104 20 renämnd
322 653 155 27 beskaffenhet,
494 660 48 16 men
557 654 33 22 för
605 655 32 21 sin
653 654 35 22 del
704 654 80 27 ansägo
794 654 108 22 desamma
912 654 48 22 icke

203 688 53 21 böra
280 688 83 22 äsättas
386 689 92 21 särskild
494 689 60 21 skatt
569 689 32 21 till
616 689 88 26 kronan,
721 689 69 21 tillika
805 689 155 27 underdänigst

203 722 129 27 hemstälde,
356 723 106 22 huruvida
483 724 59 21 Hans
565 724 122 27 Kejserliga
709 723 103 28 Majestät
831 724 48 21 icke
894 723 65 23 funne

203 756 48 22 skäl
274 759 34 19 att
329 758 6 20 i
358 758 68 22 näder
448 758 87 27 vidtaga
550 758 37 22 det
601 758 29 28 pä
644 758 61 22 Hans
720 758 122 28 Kejserliga
857 758 103 28 Majestät

203 792 156 22 ankommande
375 793 92 21 initiativ
482 793 32 21 till
531 793 166 27 gvarnskattens
714 792 156 28 upphäfvande.

272 826 32 22 På
326 827 69 27 grund
418 827 22 21 af
462 827 69 22 denna
553 828 128 21 ständernas
698 827 147 27 underdäniga
861 828 99 21 anhållan

203 861 40 21 har
258 861 139 22 förevarande
412 862 78 27 nådiga
505 862 132 27 proposition
653 868 29 15 nu
698 861 69 22 blifvit
778 862 116 22 ständerna
904 862 55 22 före-

202 896 58 26 lagd.
291 896 10 21 I
324 896 75 28 sjelfva
422 896 148 22 hufvudsaken
593 897 40 21 har
656 896 60 22 såväl
733 896 169 22 Statsutskottet
924 897 36 21 vid

206 932 54 20 1872
277 931 35 21 års
328 931 103 27 landtdag
447 931 86 28 (Handl.
551 931 28 22 IV
596 932 39 21 sid.
653 931 44 27 59),
714 937 46 16 som
770 932 125 27 isynnerhet
903 932 56 21 Eko-

203 966 168 22 nomiutskottet
386 966 35 22 vid
439 968 53 20 1877
509 966 34 22 års
560 966 104 27 landtdag
680 966 146 28 (betänkande
841 966 41 22 N:o
899 968 11 20 3
927 966 32 21 till

202 1006 61 21 prop.
286 1000 40 22 N:o
346 1003 19 24 8,
388 1001 78 21 Handl.
481 1001 19 27 I)
516 1001 109 21 meddelat
640 1001 24 21 så
679 1000 141 28 fullständiga
836 1001 123 27 upplysnin-

202 1041 45 21 gar,
274 1037 33 19 att
329 1036 119 26 Utskottet,
470 1035 32 23 för
525 1038 33 19 att
580 1036 47 22 icke
643 1042 77 21 genom
737 1036 134 27 upprepning
886 1035 23 22 af
923 1035 37 22 det

201 1069 59 22 förut
276 1070 68 27 sagda
358 1069 52 23 falla
425 1070 7 21 i
447 1070 141 28 vidlyftighet,
605 1070 149 27 väsendtligen
770 1070 78 22 endast
858 1069 102 23 behöfver

201 1104 92 22 hänvisa
308 1104 32 22 till
356 1104 68 28 sagda
440 1105 156 26 betänkanden,
613 1105 23 21 af
649 1105 74 21 hvilka
738 1105 104 21 särskildt
858 1105 36 21 det
909 1104 49 22 sist-

201 1139 95 21 nämnda
312 1139 81 22 lemnar
408 1146 123 20 noggranna
551 1139 108 28 uppgifter
674 1146 35 14 om
725 1140 41 21 den
782 1140 114 27 ojemnhet,
913 1146 46 15 som

201 1173 7 21 i
224 1173 102 23 afseende
342 1174 13 21 å
370 1174 155 28 gvarnskatten
542 1181 51 21 eger
608 1181 52 20 rum,
679 1174 19 28 ej
714 1174 82 21 mindre
812 1174 7 21 i
834 1174 53 27 följd
903 1174 23 21 af
932 1174 27 22 de

200 1207 154 27 mångahanda
368 1208 112 22 befrielser
494 1209 47 21 från
557 1210 28 21 all
599 1209 147 27 beskattning,
767 1215 46 15 som
829 1208 129 28 lagstiftnin-

201 1248 41 21 gen
258 1242 7 21 i
281 1244 72 20 ämnet
368 1243 122 27 medgifver,
508 1246 26 19 än
551 1244 60 21 äfven
627 1244 28 28 på
671 1244 70 27 grund
757 1244 23 21 af
793 1244 165 26 qvarnskattens

201 1282 55 22 egen
276 1279 70 20 natur.
377 1278 103 27 Följande
502 1278 118 27 erinringar
643 1278 36 22 må
702 1278 55 22 dock
779 1278 40 22 här
834 1278 125 27 ytterligare

199 1309 59 24 finna
273 1311 64 27 plats.

270 1346 33 21 De
318 1346 78 27 många
412 1347 115 27 omgångar
543 1347 40 22 och
599 1347 125 27 kostnader,
740 1353 48 16 som
803 1349 38 20 äro
856 1346 102 23 förenade

199 1379 50 22 med
265 1387 103 20 qvarnars
378 1381 166 28 skattläggning,
554 1383 13 20 å
575 1389 40 14 ena
624 1382 69 26 sidan,
702 1384 57 19 samt
767 1382 98 21 skattens
875 1381 83 28 ojemna

199 1414 127 28 fördelning,
351 1415 5 22 å
374 1416 41 22 den
431 1417 72 26 andra,
519 1417 64 22 hafva
593 1416 178 27 ovedersägligen
779 1416 95 21 hämmat
882 1422 75 21 qvarn-

199 1449 119 22 industrins
342 1451 123 26 utveckling
487 1451 6 21 i
516 1451 79 22 landet.
627 1451 46 22 Och
690 1452 33 20 att
738 1451 70 21 denna
823 1450 46 22 står
881 1449 76 29 jemfö-

253 1489 151 18 Statsutskottets
418 1490 117 18 betänkande
547 1491 36 17 N:o
595 1491 16 18 2.
