1031 1664
404 123 35 21 N:o
455 123 36 21 25.
772 124 23 19 13

68 192 166 20 landtränteriet
258 192 95 21 inbetala
376 192 39 20 den
437 192 7 20 i
463 192 11 27 $
493 194 24 19 13
535 192 113 21 bestämda
663 192 162 26 tillverknings-

67 226 61 21 skatt
144 227 39 20 och
199 227 5 20 i
221 226 47 21 mån
285 226 23 21 af
323 226 180 26 tillverkningens
520 226 101 26 fortgång
636 226 48 21 fritt
699 226 84 26 förfoga
794 226 31 21 öf-

68 267 38 15 ver
122 267 25 15 en
163 263 45 19 mot
225 261 39 20 den
286 262 87 25 erlagda
394 261 86 21 skatten
497 262 106 20 svarande
619 262 127 26 myckenhet
763 262 61 20 brän-

67 296 43 25 vin,
127 296 52 20 eller
196 295 38 21 ock
250 296 109 26 upplägga
375 296 37 20 det
428 296 129 20 tillverkade
578 296 112 20 bränvinet
706 296 27 26 på
749 296 75 20 neder-

67 330 36 26 lag
118 330 68 21 under
202 330 95 26 offentlig
313 330 94 20 kontroll
424 333 57 18 samt
497 330 120 21 detsamma
632 330 47 21 från
699 330 125 26 nederlaget

69 366 75 25 uttaga
160 365 6 20 i
182 365 40 20 den
238 362 55 28 inän,
310 364 62 27 afgift
388 365 73 20 derför
477 365 106 26 erlägges,

416 439 11 27 8
446 440 25 20 15

143 486 16 19 1.
190 484 133 22 Tillverkadt
343 486 88 20 bränvin
452 486 54 21 skall
531 486 22 20 af
571 486 120 20 kontrollör
712 488 113 24 uppmätas

70 520 41 20 och
133 519 87 27 profvas
244 522 61 23 samt,
325 520 71 20 sävidt
413 520 60 21 skatt
490 520 32 21 för
539 521 119 20 detsamma
674 520 47 21 icke
737 520 87 26 erlagts,

70 554 94 21 insättas
180 554 28 26 pä
223 554 101 27 nederlag
341 555 67 20 under
425 554 98 27 offentlig
540 555 80 27 tillsyn.

141 590 19 19 2.
191 589 97 26 Magasin
308 590 51 20 eller
379 596 47 14 rum
447 590 34 20 för
502 590 101 26 nederlag
623 589 22 21 af
664 590 89 20 bränvin
769 589 55 21 skall

67 629 53 15 vara
135 623 86 27 beläget
236 624 5 20 i
258 624 102 20 närheten
377 624 24 20 af
409 624 126 20 bränneriet
546 624 39 21 och
597 624 22 20 af
629 624 136 20 tillverkaren
778 626 46 18 ute-

69 657 101 21 slutande
185 658 33 20 för
234 658 121 21 ändamälet
371 659 100 26 upplätet
487 660 57 19 samt
561 659 23 20 sä
595 658 112 26 inrättadt,
719 664 44 15 som
776 658 48 21 ord-

69 692 153 26 ningsstadgan
240 692 145 21 föreskrifver.
417 692 82 21 Sädant
521 693 96 26 magasin
635 693 51 21 eller
702 693 123 25 nederlags-

69 732 53 20 rum,
147 726 81 21 hvilket
250 727 46 21 icke
320 727 33 21 får
372 728 111 26 begagnas
503 728 64 20 innan
588 728 37 20 det
645 728 115 26 undergätt
775 734 50 14 ena-

68 760 72 21 handa
163 761 128 26 besigtning,
316 768 43 14 som
380 762 5 20 i
405 762 12 26 $
437 763 12 19 9
471 762 68 21 finnes
556 763 5 20 i
579 762 100 21 afseende
695 762 12 20 &
723 762 101 20 bränneri

68 795 149 27 föreskrifven,
234 796 54 20 skall
305 796 68 21 förses
391 796 48 21 med
456 796 37 21 tvä
508 797 58 20 olika
581 797 39 25 läs,
637 796 83 21 hvilkas
737 796 87 26 nycklar

70 829 62 21 skola
154 829 104 26 förvaras,
283 830 39 21 den
347 836 38 14 ena
406 830 38 20 hos
465 830 242 21 bränvinstillverkaren
729 831 38 20 och
783 830 40 21 den

68 864 69 20 andra
152 864 39 21 hos
211 864 146 21 kontrollören
379 865 52 20 eller
447 871 78 19 annan,
546 872 45 14 som
608 865 12 20 å
635 865 94 21 kronans
745 867 80 24 vägnar

70 898 38 21 har
123 899 89 26 uppsigt
228 899 59 21 öfver
303 900 132 26 nederlaget.

142 934 19 19 3.
192 933 30 21 Pä
244 934 102 26 nederlag
369 934 68 20 insatt
460 934 90 21 bränvin
570 936 64 24 utgör
653 934 120 27 underpant
792 934 33 20 för

69 967 93 21 skatten.
195 968 128 20 Underläter
345 968 125 21 tillverkare
495 971 32 18 att
546 969 57 21 inom
624 969 35 20 två
679 969 24 20 är
719 969 54 20 efter
789 969 36 20 det

68 1008 66 14 varan
150 1002 70 20 blifvit
236 1002 12 20 &
263 1002 101 27 nederlag
384 1003 68 20 insatt
469 1004 71 20 betala
557 1004 92 25 skatten,
667 1010 38 20 ege
720 1003 103 26 Länesty-

69 1036 56 21 relse
141 1037 87 25 vidtaga
244 1037 48 26 laga
308 1038 75 26 åtgärd
401 1044 33 14 om
452 1040 91 24 pantens
560 1038 133 26 försäljning.

142 1073 18 18 4.
191 1070 126 22 Kontrollör
336 1072 82 26 åligger
437 1074 34 18 att
492 1072 46 21 föra
551 1073 85 26 journal
654 1072 59 31 öfver
729 1072 96 20 nederla-

68 1106 38 25 get
122 1106 67 26 enligt
204 1106 163 21 föreskrifterna
382 1107 7 20 i
405 1106 206 27 ordningsstadgan.
639 1107 10 21 I
661 1107 68 20 denna
737 1106 86 26 journal

69 1139 56 21 skall
148 1140 125 21 tillverkare
296 1141 52 21 eller
369 1141 52 20 hans
442 1141 192 26 befullmäktigade
655 1141 79 21 ombud
751 1141 73 26 hvarje

69 1174 57 27 gång
142 1175 89 21 bränvin
248 1176 93 20 insättes
357 1176 12 20 å
385 1176 53 20 eller
454 1178 87 24 uttages
553 1176 47 21 från
612 1176 124 26 nederlaget
747 1175 77 21 teckna

71 1209 38 20 sitt
125 1209 142 21 erkännande.

414 1250 11 27 8
445 1251 32 20 16.

142 1295 46 21 Den
204 1295 23 21 af
241 1296 121 21 kontrollör
377 1296 68 26 enligt
461 1296 12 27 $
493 1298 24 19 15
533 1297 125 20 verkstälda
673 1297 96 25 mätning
785 1295 39 22 och

69 1329 101 27 profning
186 1331 68 25 ligger
270 1331 32 20 till
319 1331 69 26 grund
404 1331 34 20 för
450 1331 99 20 skattens
561 1331 139 26 erläggande;
713 1331 37 21 och
763 1330 62 21 drab-

70 1363 39 22 bar
131 1364 125 21 tillverkare
280 1365 39 20 allt
341 1365 119 25 undermäl,
487 1372 44 14 som
553 1365 41 21 kan
612 1365 77 27 uppstä
704 1365 7 21 i
728 1365 96 25 bränvin,

69 1398 68 21 insatt
152 1399 12 20 &
180 1399 108 26 nederlag,
304 1399 32 20 till
353 1399 82 21 hvilket
451 1400 133 26 tillverkare,
601 1402 39 18 när
655 1400 40 20 han
707 1400 36 20 det
754 1399 71 26 äskar,

72 1439 50 20 eger
138 1433 96 21 tillträde
249 1433 69 21 under
334 1434 132 21 kontrollörs
484 1435 80 26 tillsyn.
