1031 1661
321 122 19 19 U.
355 121 18 20 B.
389 132 28 3 —
432 121 55 24 Prop.
502 121 29 19 N:o
545 120 30 20 31.
788 120 11 19 3

72 187 88 22 skulder
181 186 107 27 behöfliga
306 185 124 28 inkomster,
453 185 40 22 och
512 186 34 21 att
566 184 128 28 regeringen
716 183 118 23 afskrifver

72 222 27 22 de
114 223 93 26 300,000
223 221 54 27 Fry",
293 227 44 15 som
353 222 56 20 emot
423 219 103 22 framtida
536 219 297 28 äterbetalningsskyldighet

72 257 35 22 till
121 255 242 28 Hypoteksföreningen
378 255 68 22 redan
460 254 102 28 utgifvits
583 255 14 21 ä
611 254 42 22 den
666 254 8 21 i
689 254 81 27 nådiga
785 259 47 21 pro-

73 290 122 28 positionen
206 289 127 23 omnämnda
342 289 162 27 subventionen,
518 290 46 21 stor
574 290 91 26 500,000
676 289 54 27 Fay,
741 288 44 22 kan
796 287 37 22 det

73 324 126 23 nuvarande
214 324 72 22 deficit
296 324 119 22 emellertid
426 325 93 26 antagas
529 323 35 22 till
579 324 48 26 Za
636 324 118 26 1,264,939:
766 324 26 20 87
802 325 30 23 74.

142 359 76 22 Under
241 358 76 22 vidare
347 358 158 28 förutsättning
530 359 35 21 att

75 394 129 27 regeringen
227 394 13 21 å
259 393 159 22 ofvannämnda
435 393 129 22 subvention

75 431 57 19 ännu
154 428 35 22 till
204 427 129 28 föreningen
354 427 98 28 utgifver
472 428 93 21 äterstä-

75 463 54 22 ende
144 464 92 26 200,000
252 463 54 26 ry,
321 462 114 22 reduceras
453 462 62 22 detta
530 462 35 22 de-

75 497 45 22 ficit
134 497 34 22 til
202 513 4 5 .
237 513 4 5 .
561 513 4 5 2
596 514 12 10 »
635 499 118 26 1,064,939:
766 499 26 20 87
807 513 12 12 ,,

144 528 97 37 Beviljas
263 509 258 55 Hypoteksföreningens
524 513 42 40 to

76 569 69 26 gäran
168 573 34 15 om
223 566 132 28 afskrifning
375 566 24 22 af
417 566 61 22 länet
493 566 7 22 i
515 566 51 22 Fin-

76 601 62 22 lands
150 602 70 26 Bank,
237 602 56 21 stort
303 602 91 26 600,000
405 602 55 26 7,
471 601 96 21 återstår

76 636 68 22 likväl
158 638 58 20 ännu
231 637 32 21 ett
278 635 72 22 deficit
364 633 25 24 af
417 652 5 4 .
453 652 4 4 .
525 652 5 4 <
561 652 4 4 <
595 652 13 11 5
655 637 135 26 464,939:87
807 652 12 11 ,,

144 670 61 22 Utan
225 672 34 20 att
275 670 54 28 vilja
348 670 54 27 ingä
419 670 8 21 i
446 648 103 54 profaing
569 670 26 21 af
606 670 8 21 i
629 670 57 22 hvad
700 676 49 16 mon
763 670 73 28 Hypo-

76 705 189 27 teksföreningens
288 704 105 22 obestånd
413 704 81 23 vällats
515 704 24 22 af
555 704 27 22 de
601 705 50 21 kort
670 704 56 23 efter
744 704 92 22 förenin-

78 746 52 22 gens
150 740 93 22 stiftelse
262 740 29 27 pä
308 741 55 20 1860
378 739 55 22 talet
451 739 116 22 inträffade
588 739 96 28 ovanligt
697 740 66 22 svära
777 739 60 22 miss-

78 777 106 20 växterna
198 774 8 22 i
221 774 80 27 landet,
325 774 52 22 eller
391 774 8 21 i
414 774 89 22 hvilken
525 774 55 28 grad
602 774 118 22 detsamma
740 774 40 22 bör
794 773 43 23 till

78 809 94 22 skrifvas
196 808 49 22 dei
259 808 83 28 nädiga
355 808 162 27 propositionen
536 808 97 27 antydda
651 808 108 22 bristerna
773 808 8 22 i
796 808 42 22 för-

79 843 103 28 eningens
198 843 147 27 organisation
361 843 38 21 och
414 842 141 28 förvaltning,
579 843 40 21 har
633 842 113 23 Utskottet
766 844 72 20 ansett

79 877 34 28 sig
135 877 59 27 böra,
218 877 37 22 vid
277 877 142 22 bedömandet
441 876 26 22 af
487 877 80 27 frågan
589 883 33 16 om
641 877 40 22 den
695 877 97 28 begärda
808 876 30 22 af-

79 911 142 28 skrifningen,
245 911 76 22 främst
344 913 54 26 taga
419 911 8 22 i
441 911 152 28 betraktande,
617 913 34 20 att
664 918 32 15 om
711 911 128 28 föreningen

78 953 30 15 nu
122 946 73 23 blefve
209 948 98 26 tvungen
321 946 34 22 till
369 946 130 28 upplösning
519 947 38 21 och
572 946 130 28 realisation,
722 953 27 15 en
769 946 70 22 sädan

79 981 126 22 realisation
219 981 8 21 i
242 981 107 22 anseende
363 981 34 22 till
413 981 42 22 den
470 981 215 28 ansvarsskyldighet
698 980 35 23 för
743 981 26 22 de
778 980 62 22 lidna

80 1016 136 27 förlusterna,
233 1022 45 15 som
293 1016 70 27 enligt
377 1016 154 27 reglementets
545 1015 13 30 &
570 1018 25 19 16
607 1016 84 28 äligger
700 1015 140 28 föreningens

79 1051 143 27 medlemmar,
238 1050 72 23 blefve
325 1050 34 22 för
374 1051 62 21 desse
453 1050 127 27 isynnerhet
598 1050 8 22 i
621 1051 27 22 de
662 1051 99 27 nordliga
775 1051 65 21 länen

80 1085 135 22 ruinerande.

149 1120 52 21 Med
216 1119 101 23 afseende
331 1120 56 21 härä
407 1119 39 22 och
461 1119 30 22 dä
512 1119 169 28 ifrägavarande
702 1119 137 28 afskrifning,

82 1154 7 22 i
105 1154 101 28 förening
223 1154 49 22 med
288 1154 41 22 den
345 1154 24 22 af
385 1154 135 22 statsverket
534 1154 109 28 beviljade
657 1154 161 27 subventionen,
834 1154 8 22 i

80 1188 112 28 väsentlig
206 1195 49 15 mon
269 1189 45 21 kan
328 1188 93 28 bidraga
436 1188 35 22 till
481 1188 178 23 konsoliderande
669 1189 25 22 af
701 1189 141 27 föreningens

81 1223 110 28 ställning,
214 1225 57 20 samt
289 1224 102 21 Bankens
410 1223 123 28 tillgängar
552 1224 37 22 väl
606 1230 64 21 synas
684 1224 73 22 tilläta
772 1224 70 28 sagda

82 1258 137 28 afskrifning,
234 1258 44 22 kan
293 1258 114 22 Utskottet
422 1258 20 28 ej
459 1260 68 20 annat
537 1260 28 20 än
575 1258 8 22 i
593 1258 122 23 hufvudsak
725 1258 117 28 godkänna

81 1299 27 15 en
123 1292 61 28 dylik
199 1292 86 28 ätgärd.

150 1327 52 22 Men
217 1328 35 26 dä,
267 1328 14 21 &
297 1327 68 22 andra
380 1327 69 28 sidan,
465 1327 81 28 frägan
555 1328 40 21 här
605 1327 68 28 gäller
683 1334 26 16 en
720 1327 123 28 uppoffring

82 1362 50 22 från
152 1364 84 20 statens
251 1362 49 22 sida
314 1362 34 22 till
363 1362 84 22 förmon
466 1362 36 22 för
521 1364 32 20 ett
573 1362 94 22 enskilät
680 1362 71 28 bolag,
775 1362 68 22 ehuru

82 1396 88 22 stiftadt
185 1396 48 22 icke
247 1395 34 23 för
296 1396 124 22 affärsvinst
439 1398 54 20 utan
511 1396 34 22 för
559 1396 146 29 befrämjande
720 1396 26 22 af
757 1396 87 22 landets

82 1431 157 27 modernäring,
259 1431 134 28 jordbruket,
413 1437 64 22 synes
494 1431 37 22 det
545 1431 114 22 Utskottet
672 1433 34 20 att
720 1431 70 22 säsom
804 1430 40 22 vil-

152 1470 150 18 Statsutskottsts
316 1471 116 17 betänkande
445 1471 37 17 N:o
495 1471 27 17 17.
