1028 1664
287 112 28 22 U.
330 112 28 22 B.
374 123 26 8 —
410 111 78 28 Prop.
503 111 42 23 N:o
561 111 37 23 18.
763 111 26 20 45

67 175 59 20 mark
150 175 7 20 i
182 175 122 27 bevillning.
333 175 58 20 Hans
415 175 173 27 fordringsegare
611 175 103 27 deremot,
732 176 85 20 hvilken

65 210 30 19 uti
111 216 81 14 samma
207 209 108 26 fastighet,
330 215 45 14 som
391 215 77 20 genom
482 209 140 27 jordegarens
637 209 75 21 arbete
726 210 37 20 och
778 205 37 35 om-

66 243 116 21 kostnader.
201 243 105 21 bebrukas
325 243 40 20 och
385 243 85 25 häfdas,
489 243 89 20 innehar
597 243 174 21 en:tillväxande
785 246 32 17 sä-

67 278 81 26 kerhet,
170 278 101 21 behöfver
290 277 33 21 för
343 284 81 13 samma
438 277 95 21 inkomst
547 277 48 21 icke
611 280 75 24 utgöra.
702 278 32 20 till.
749 280 68 18 staten

65 311 67 27 högre
148 312 115 26 bevillning
278 315 27 17 än
321 312 26 20 40
363 312 67 26 mark,
445 312 54 20 eller
513 313 6 18 i
535 312 60 20 detta
610 311 44 27 fall,
670 312 148 21 motsvarande

65 352 26 15 en:
115 346 103 27 tredjedel
241 346 24 21 af
285 346 204 27 fastighetsegarens
508 346 124 27 bevillning.
661 345 47 22 Och
723 346 57 21 klart
795 349 23 18 är

67 383 31 18 att
120 381 7 20 i
153 381 43 20 alla
213 381 26 20 de
259 380 44 26 fall,
319 381 27 20 dä
360 386 95 21 revenyn
471 380 47 21 från
531 380 126 27 jordbruket
671 381 50 20 icke
737 381 82 27 uppgår

66 415 33 20 till
120 416 12 19 5
152 415 35 27 %,
203 414 192 21 missförhällandet
409 417 57 17 ännu
481 414 107 27 tydligare
603 415 99 20 framstår
718 415 35 20 vid
765 416 53 25 jem-

67 449 77 21 förelse
160 449 24 20 af
201 449 36 20 det
251 449 209 27 bevillningsbelopp
473 449 129 26 jordegaren
618 449 54 20 skall
688 449 89 27 erlägga
791 461 27 4 —

66 483 48 20 med
130 490 27 13 en
173 482 115 28 bevillning
304 483 33 21 för
352 486 151 17 motsvarande
518 483 93 20 inkomst
626 483 24 20 af
658 483 97 27 kapital.*
772 484 46 19 Fin-

67 524 38 13 nes
121 517 96 21 deremot
236 518 64 26 ingen
315 515 56 29 gäld,
387 517 24 20 sä
426 521 24 16 är
466 517 36 20 det
516 517 121 27 lättfattligt
652 520 32 18 att
697 517 122 28 fastighets-

67 558 78 21 egaren
161 551 85 21 komme
261 554 32 18 att
307 552 6 19 i
330 551 116 27 bevillning
454 554 77 25 utgöra
541 552 192 27 ungefärligen
699 547 36 36 det
741 552 79 20 dubbla

67 589 58 17 emot
139 586 144 27 kapitalisten.

135 620 126 20 Emellertid
285 620 39 20 bör
346 620 69 26 äfven,
430 620 135 20 beträffande
587 620 26 20 de
628 620 6 20 i
650 620 104 27 förstaget
769 626 50 20 upp-

67 656 65 25 tagna
157 654 58 21 olika
237 654 226 27 bevillningssatserna
486 654 33 20 för
539 654 218 26 jordbruksfastighet
779 654 40 20 och

67 688 32 21 för
122 695 70 13 annan
215 688 101 26 fastighet
341 688 23 20 sä
386 688 27 26 pä
428 688 75 20 landet
517 694 46 14 som
577 688 7 20 i
599 687 54 27 stad,
668 688 43 20 den
727 690 92 18 :omstän-

67 722 72 26 dighet
143 718 8 35 '
164 722 122 20 framhållas
309 725 32 17 att
365 722 39 20 vid:
415 722 115 27 värdering
546 722 23 20 af
578 722 167 26 jordfastigheter
759 722 62 20 dessa

67 756 107 27 vanligen,
183 752 6 36 «
195 756 86 21 relativt:
299 756 39 22 till:
350 756 41 20 den
409 756 196 27 medelafkastning
620 756 26 20 de
662 756 78 26 lemna,
755 757 66 26 något

66 790 150 27 öfverskattas,
235 791 82 20 hvilket
336 790 133 21 förhållande
489 790 62 20 torde
572 790 50 20 bero
642 790 67 28 derpä
725 793 37 23 att,
777 790 42 20 för-

66 827 58 18 utom
137 840 2 2 .
151 824 42 21 den
211 824 148 28 supponerade
379 824 167 27 rentabiliteten,
567 824 61 21 äfven
644 824 67 21 andra
725 824 96 20 faktorer

66 859 90 27 bidraga
181 859 30 19 till
235 858 41 21 den
295 858 138 28 efterfrägan,
452 866 46 13 som
519 858 35 21 vid
572 858 158 21 transaktioner
749 862 23 16 är
787 858 33 20 för

68 893 74 20 värdet
158 892 166 21 bestämmande.
353 892 77 21 Medan
447 893 90 20 sälunda
551 893 41 20 den
603 895 85 25 trygga,
698 892 123 24 oberoende

69 927 39 20 och
129 926 78 21 aktade
225 927 108 27 ställning,
349 933 25 14 en
387 926 117 28 jordegare
519 928 82 26 intager
616 927 6 19 i
638 927 119 26 samhället,
773 927 48 20 icke

68 962 64 19 minst
148 961 107 27 -bidrager
279 961 31 20 till
336 963 31 18 att
386 964 53 24 göra
459 961 118 21 förvärfvet
595 961 23 20 af
636 968 26 13 en
678 968 53 20 egen
751 960 70 21 torfva

69 995 230 27 eftersträfvansvärdt,
314 995 62 21 torde
389 995 65 21 äfven
470 996 37 20 det
521 991 129 35 förhållande
660 996 49 22 icke
717 996 53 20 böra
780 995 42 20 för-

67 1030 63 26 bises,
146 1032 32 18 att
192 1030 41 20 den
249 1029 158 27 öfvervägande
423 1029 62 21 delen
502 1029 23 21 af
537 1029 84 21 landets
636 1029 132 27 befolkning,
783 1036 36 20 ge

67 1070 50 14 nom
135 1064 32 20 sin
185 1064 60 27 gifna
263 1064 40 20 och
321 1064 108 26 naturliga
447 1064 82 20 sociala
547 1064 101 26 ställning
667 1063 153 21 företrädesvis

68 1102 23 16 är
115 1098 103 20 hänvisad
243 1098 33 20 till
295 1097 232 28 jordbruksnäringen;
548 1098 40 20 och
607 1098 70 20 kunde
694 1100 126 24 yttermera,

68 1139 43 14 som
121 1132 126 27 anledning
262 1132 33 20 till
310 1132 41 20 den
369 1127 90 37 nämnda.
474 1132 209 27 öfverskattningen,
696 1131 125 21 framhållas

68 1167 26 20 de
113 1166 167 27 förhoppningar
300 1172 34 14 om
349 1166 164 27 afkastningens
528 1166 154 27 uppdrifvande
697 1172 78 21 genom
791 1166 31 20 in-

69 1200 99 25 förandet
186 1200 24 21 af
227 1200 158 28 förbättringar,
404 1200 82 27 hvilka,
502 1201 65 21 ehuru
582 1200 48 21 med
645 1206 45 14 mer
705 1200 53 20 eller
769 1200 52 20 min-

69 1235 39 21 dre:
125 1235 53 26 skäl;
197 1229 56 26 dock
272 1234 49 21 icke
338 1234 68 21 sällan
422 1235 94 20 inverka.
535 1235 28 27 på
577 1234 130 21 afslutandet
722 1234 23 20 af
759 1240 62 20 egen-

68 1269 112 27 domsköp.
209 1269 33 20 :Dä
262 1268 118 21 emellertid
399 1268 42 21 den
460 1269 125 27 föreslagna
601 1268 126 27 taxeringen
743 1268 34 20 för
792 1267 30 20 fa:

68 1302 235 28 stighetsbevillningen
324 1303 59 20 skall
397 1303 95 26 grundas
512 1304 27 25 pä
556 1302 144 27 försäljnings-
719 1302 53 20 eller
791 1303 31 18 ut-

68 1336 178 27 lösningsvärdet,
271 1337 88 20 hvarvid
385 1337 93 20 förutom
506 1337 41 20 den
567 1336 90 27 vanliga:
667 1335 155 26 afkastningen

69 1371 77 26 jemväl
169 1371 45 23 alla
239 1371 48 23 med
309 1371 144 26 fastigheten,
468 1371 103 23 förenade
589 1370 108 22 särskilda.
705 1369 116 22 ;förrnoner

69 1405 61 20 skola
149 1407 61 24 tagas
231 1405 6 20 i
256 1405 125 26 beräkning;
400 1405 25 20 så
440 1405 56 20 skall
512 1405 36 20 det
563 1399 105 37 svårligen
684 1403 69 20 kunna
770 1403 50 20 und-

69 1438 60 20 vikas
148 1440 32 18 att
198 1438 36 21 det
254 1438 33 21 för
309 1438 144 27 bevillningen
475 1439 90 20 sälunda
584 1437 142 28 uppskattade
748 1437 74 20 värdet

137 1477 200 22 Bevillningsutskottets
349 1477 106 18 betänkande
468 1477 35 18 N:o
515 1479 16 16 5.
637 1487 4 6 +
