1025 1661
266 151 29 22 U:
304 151 75 22 Bi:
394 151 72 28 Proj.
476 151 47 22 N:o
538 151 47 22 21.
744 152 23 19 13

178 214 70 25 hvarje
270 214 89 25 lispund'
373 214 72 23 malt,
451 220 43 14 som
515 214 33 20 till
570 214 112 20 beredande
697 214 26 25 af
734 214 63 20 sådan

178 248 63 25 dryck
255 248 105 20 användes.

392 310 17 24 $
423 310 28 20 2
518 330 2 4 ;

248 350 47 20 Har
309 350 9 19 i
332 350 97 25 bryggeri,
445 350 36 19 der
495 350 111 25 maltdryck
614 350 111 24 tillverkas,
735 350 62 20 under

180 386 28 19 ett
222 384 26 19 år
261 383 41 21 icke
316 383 119 25 förbrukats
450 384 24 19 sä
489 386 45 18 stor
550 384 94 26 gvantitet
656 384 55 25 malt,
727 385 30 19 att
767 384 30 19 be-

178 417 181 26 villningsafgiften
379 417 39 25 på.
431 418 65 25 grund
515 418 26 25 af
552 419 16 24 $
582 419 12 18 1
609 418 78 25 uppgår
701 418 32 19 till
747 418 50 20 ätta-

180 451 79 21 hundra
280 451 63 24 mark,
368 451 53 20 skall
443 451 64 21 likväl
528 452 56 20 detta
608 452 68 25 belopp
701 452 96 25 erläggas.

180 485 99 26 Lindring
301 485 9 20 i
331 485 55 20 detta
408 485 108 20 hänseende
536 486 38 20 kan
589 486 48 20 dock
651 486 26 25 af
689 486 108 19 Finansex-

176 519 116 26 peditionen
314 520 10 19 i
343 519 95 20 Senatens
452 519 243 26 Ekonomiedepartement
709 519 88 25 beviljas,

180 554 10 19 i
210 554 94 20 händelse
326 553 121 21 tillverkare
469 553 64 20 under
552 554 44 19 året
610 554 87 24 upphört
709 553 44 20 med
767 553 31 20 sin

180 588 76 19 rörelse
271 588 48 19 eller
334 588 91 24 bryggeri
441 588 58 24 eljest
514 588 32 19 till
560 587 52 25 följd
626 588 26 24 af
663 587 72 20 vädeld
749 587 49 20 eller

181 628 65 14 annan
260 621 159 37 olyckshändelse
437 622 67 24 längre
522 621 29 20 tid
566 622 26 24 af
598 621 52 20 året
652 622 54 19 varit
715 622 8 19 i
730 621 67 20 overk-

181 656 82 21 samhet.

396 718 17 23 $
427 718 20 18 3.

252 757 96 24 Fritagen
370 756 59 24 från
441 757 106 25 bevillning
562 763 47 13 vare
624 756 103 26 hembrygd
742 757 56 19 malt-

182 790 68 25 dryck,.
266 790 62 20 ehvad
343 786 116 49 densamma
463 792 32 33 är
506 786 36 34 till
552 784 123 56 försäljning
681 791 116 25 medgifven,

183 824 49 21 eller
247 825 47 20 icke.

251 858 122 20 Restitution
396 859 25 24 af
441 859 68 25 erlagd
528 858 106 26 bevillning
646 854 46 47 eger
706 865 45 13 rum
765 859 34 24 för

181 892 117 26 maltdryck,
313 898 42 14 som

252 927 22 25 a)
289 926 48 25 från
351 926 68 20 landet
432 926 88 25 utföres;

252 960 22 26 b)
288 958 63 22 under
372 960 73 25 sjelfva
469 960 153 25 tillverkningen
643 961 48 20 eller
712 960 87 24 derefter

183 994 32 20 till
238 994 37 20 den
293 994 52 25 grad
358 994 91 24 skadats,
466 996 31 18 att
512 994 37 20 den
564 994 60 26 enligt
638 994 118 25 tillförlitlig
769 996 30 18 ut-

182 1027 86 26 redning
280 1028 42 20 icke
337 1028 38 20 kan
391 1028 68 20 såsom
471 1028 111 25 maltdryck
599 1028 108 20 användas.

375 1090 74 24 84

254 1129 35 20 Då
302 1129 111 25 maltdryck
427 1129 48 25 från
493 1131 61 18 annat
569 1129 50 20 land
628 1129 35 20 till
676 1128 88 20 Finland
773 1128 28 20 in-

184 1163 61 24 föres,
262 1163 64 20 skall:
345 1163 68 25 derför
433 1163 94 26 erläggas
540 1163 45 24 tull,
597 1163 31 25 pä
641 1164 41 19 sätt
696 1163 67 20 derom
777 1163 25 18 är

183 1197 100 20 särskildt:
296 1197 103 26 städgadt;
416 1197 48 20 döck
479 1198 105 25 att.sagde
596 1197 64 25 äfgift
673 1197 42 20 icke
728 1196 33 20 mä
767 1202 35 13 un-

184 1231 93 26 derstiga
296 1232 26 19 tio
334 1232 63 25 penni:
411 1232 34 24 för
461 1232 70 25 hvarje
547 1231 62 25 butelj
622 1231 24 25 af
658 1237 23 14 en
695 1229 108 26 fjerdedels

184 1266 77 19 kännas
275 1265 62 26 rymd.
347 1266 35 20 och
397 1266 40 24 fem
447 1267 64 24 penni
524 1267 40 24 för.
573 1265 47 25 half
634 1265 61 25 butelj
708 1265 95 23 samt,
780 1261 27 34 om

186 1303 63 17 varan
263 1300 76 25 införes
350 1300 39 38 på
389 1300 46 47 fat;
449 1301 77 19 trettio.
529 1300 68 25 penni.
607 1300 34 24 för
655 1299 71 20 kanna.

215 1384 2 2 |
389 1344 102 42 sö
601 1354 2 3 |

215 1406 3 6 5
247 1381 87 40 [A
355 1401 62 25 någon
440 1401 33 20 till
495 1401 123 25 försäljning.
638 1373 93 58 tillverka
747 1399 57 20 malt-

184 1435 68 25 dryck,
274 1435 58 20 skall.
345 1435 40 20 han
398 1435 42 20 hos
455 1435 135 20 Guvernören.
599 1435 9 19 i
624 1435 60 19 länet:
690 1434 67 19 derom
771 1439 34 14 an-

184 1469 54 20 mäla
251 1469 61 19 minst
326 1470 30 18 tre
371 1469 71 19 veckor
451 1469 45 24 före
507 1468 162 25 tillverkningens
676 1467 129 25 vidtagande.

128 1507 199 22 Bevillningsutskottets
339 1507 106 17 betönkande
457 1506 38 19 N:o
507 1507 17 18 3.
