1025 1664
232 134 12 19 6
421 133 29 30 U.
464 113 64 63 B,.<—
543 133 76 34 Prop.
635 132 104 28 N:o:21.;

204 196 68 20 likväl
287 196 76 24 vunnit.
376 202 26 14 en
412 196 90 27 allmän:
509 196 115 27 spridning
639 196 40 23 och
696 196 70 26 stadig
781 194 170 29 afsättning,
917 190 39 38 äro

207 230 144 28 synnerligen.
365 230 35 23 väl
415 230 87 28 egnade;
512 226 43 37 för.
563 237 26 14 en
605 230 60 26 ökad
677 230 146 26 beskaptning,
839 230 72 22 derest
921 236 30 14 en

206 264 81 28 ökning
303 264 23 28 af
337 264 174 29 bevillningarna
523 264 51 27 med
589 267 68 19 större
674 264 81 28 belopp
769 267 27 17 än
811 263 44 25 det,
874 270 39 14 som
926 263 29 23 af

206 298 163 25 tobaksskatten
394 301 23 18 är
433 300 32 19 att
484 293 71 37 motse,
569 299 58 25 visar
643 299 32 26 sig
692 298 23 21 af
728 298 102 25 behofvet
844 297 108 27 påkallad.

205 332 52 22 Icke
277 332 67 21 heller
359 332 134 28 beträffande
509 333 39 20 det
560 333 240 26 beskattningssystem,
817 338 44 16 som
877 332 76 20 härvid

206 366 74 28 borde,
297 368 97 26 antagas,
406 367 47 20 har
473 367 70 27 någon
560 367 78 24 tvekan
654 368 58 26 gjort
727 367 32 27 sig
775 366 106 27 gällande.
911 366 42 26 Väl

205 401 39 21 har
270 400 33 20 till
328 400 112 21 Utskottet
465 401 108 22 framförts
597 404 38 22 ett:
651 401 87 27 förslag.
756 403 39 24 att,
810 400 7 20 i
829 400 75 26 stället
920 400 33 20 för

207 434 82 26 maltet,
304 434 41 22 den
362 435 34 21 till
410 435 73 27 landet
497 435 86 24 införda
597 435 93 26 humlen,
702 435 105 26 hvilken,
816 434 67 27 enligt
897 434 56 20 hvad

206 468 69 21 kändt
289 472 30 23 är,
335 470 25 23 så
374 469 53 28 godt
442 476 45 15 som
503 469 134 23 uteslutande
653 469 113 21 förbrukas
782 468 24 21 af
819 468 134 27 bryggerier-

208 510 34 19 na,
257 503 70 22 skulle
343 506 63 24 göras
422 504 32 20 till
470 504 89 23 föremål
576 504 37 21 för,
623 510 26 14 en
665 503 125 27 bevillning,
806 509 53 20 som,
867 503 8 22 i
887 503 66 20 likhet

207 537 49 22 med
271 537 56 21 hvad:
337 538 118 27 angående
471 538 93 22 tobaken
579 541 24 23 är
618 537 115 26 beslutadt,
749 537 85 21 komme
848 539 31 18 att
886 538 67 25 jemte

207 569 131 30 tullafgiften
362 572 107 26 uppbäras
484 573 23 19 af
521 572 163 26 tullkamrarne,
698 572 6 19 i
721 571 53 27 följd
789 571 82 26 hvaraf,
885 572 68 25 jemte

206 605 37 20 det
266 605 121 20 inkomsten
412 606 23 20 af
456 606 69 20 denna
548 601 118 36 bevillning
683 605 77 25 kunde
777 605 129 27 uppbringas
922 605 30 20 till

207 639 91 26 ungefär
313 639 45 21 lika
372 640 50 27 höjd
438 641 48 20 med
502 641 41 20 den
559 640 127 27 ifrågasatta
702 640 141 25 maltskatten,
857 639 96 22 kontroll-

208 673 40 21 och
272 673 228 27 uppbördskostnaden
524 675 68 20 skulle
612 675 116 26 reduceras
744 674 32 20 till
792 681 27 13 en
834 673 119 27 obetydlig-

206 707 43 20 het.
267 718 27 15 —
308 708 70 26 Tages
402 708 119 21 emellertid
536 709 38 20 här
589 709 6 20 i
611 708 144 22 betraktande
770 711 32 17 att
818 702 39 26 den
873 707 80 20 humle-

207 742 113 25 qvantitet,
344 749 54 21 som
409 743 33 19 till
458 749 26 13 en
500 743 42 20 viss
559 743 98 26 ölmängd
674 742 117 26 användes,
806 742 65 25 redan
887 749 28 12 nu
930 744 24 17 är

209 774 88 29 mycket
319 776 59 20 olika
401 776 35 20 vid
452 777 69 22 skilda
536 777 127 26 bryggerier
679 776 40 21 och
736 778 37 23 att,
789 777 7 18 i
810 775 102 25 händelse
927 782 26 13 en

208 809 118 29 bevillning
348 810 28 27 pä
395 810 72 23 humle
481 811 101 26 infördes,
597 811 169 27 förbrukningen
782 810 23 20 af
819 810 69 20 denna
903 816 51 13 vara

207 843 108 22 sannolikt
330 844 86 21 komme
431 847 33 18 att
479 845 126 21 inskränkas
613 845 32 20 till
662 845 29 20 det
697 844 258 27 oundgängligaste.samt

208 879 31 19 att
263 878 123 26 densamma
402 879 70 20 kunde
490 881 56 19 ännu
561 879 123 21 derutöfver
694 879 116 24 .nedsättas
825 885 77 20 genom
918 885 35 13 an-

207 912 113 29 vändande
341 913 25 19 af
388 913 105 20 måhända
515 914 34 20 för
566 914 74 20 helsan
661 913 100 27 skadliga
777 914 105 25 surrogat,
896 912 59 23 visar

209 946 33 28 sig
257 946 41 22 lätt
313 940 164 34 vanskligheten
493 948 23 22 af
530 950 31 18 att
575 948 28 26 pä
618 944 146 26 förhållandet
780 946 79 20 mellan
873 946 80 22 humle-

208 980 41 24 och
273 980 189 28 ölförbrukningen
482 976 86 37 bygga.
576 982 72 26 någon
664 988 38 14 ens
718 980 141 26 närmelsevis
872 980 83 25 hållbar

207 1014 75 26 kalkyl
305 1014 61 22 öfver
388 1015 127 21 inkomsten.
533 1015 23 23 af
577 1022 25 14 en
621 1016 67 20 sådan
704 1015 65 20 skatt.
789 1030 1 2 .
799 1014 104 24 Deremot
917 1016 38 18 äro

206 1048 40 21 här
269 1048 64 21 ofvan
350 1048 67 21 under
432 1052 22 22 e)
471 1050 148 22 maltskattens
633 1049 97 21 fördelar
745 1048 28 27 på
789 1050 31 18 ett
836 1048 26 23 så
878 1050 77 23 uttöm-

207 1082 78 23 mande
309 1084 43 18 sätt
375 1083 24 20 af
419 1083 142 21 fackmännen
579 1084 136 25 framhällna,
732 1085 31 18 att
779 1082 36 20 det
830 1082 49 20 icke
895 1082 60 21 torde

207 1116 128 27 ytterligare
352 1117 103 22 behöfvas
472 1124 43 14 mer
530 1121 26 20 än
573 1120 30 18 ett
618 1117 123 21 betonande
756 1116 25 20 af
794 1116 28 21 de
837 1116 71 27 däliga
923 1123 32 13 re-

207 1150 73 26 sultat,
297 1157 47 14 som
359 1152 226 26 maltdrycksskatten,
600 1152 97 27 grundad
708 1152 28 26 pä
744 1151 148 21 tillverkarnes
901 1156 54 21 egna

207 1184 116 27 uppgifter,
347 1185 86 21 hitintill
456 1186 86 26 lemnat,
563 1186 6 19 i
592 1186 36 20 det
650 1186 33 20 till
704 1185 118 27 bevillning
837 1184 118 28 uppgifvits

207 1218 78 20 endast
311 1219 99 27 omkring
435 1226 25 14 en
484 1220 103 26 tredjedel
609 1220 24 20 af
649 1220 37 20 det
702 1219 109 27 ölbelopp,
827 1225 46 14 som
889 1218 67 26 enligt

210 1251 185 22 Skattekomitens
411 1254 28 26 pä
447 1254 176 27 humleimporten
635 1253 110 27 grundade
756 1252 143 27 beräkningar
907 1252 49 20 med

209 1286 141 20 sannolikhet
364 1288 7 18 i
386 1287 74 21 landet
479 1288 126 26 tillverkats,
621 1288 32 20 för
669 1290 33 18 att
717 1290 53 24 göra
785 1286 127 27 öfverflödig
927 1286 29 20 all

207 1320 76 21 vidare
298 1321 125 28 utveckling
439 1322 24 20 af
476 1322 26 20 de
517 1322 54 27 skäl,
586 1329 45 14 som
648 1322 90 21 förmätt
751 1321 112 20 Utskottet
878 1323 31 18 att
919 1327 36 14 en-

207 1354 84 27 hälligt,
315 1354 134 22 beträffande
472 1356 159 26 skalteformen,
656 1355 110 27 tillstyrka
789 1354 130 27 antagandet
935 1354 24 20 af

207 1388 42 20 den
265 1389 79 26 nädiga
360 1391 173 25 propositionens
549 1390 87 27 förslag.

278 1423 40 20 Vid
341 1423 62 28 fräga
418 1430 34 14 om
469 1424 199 27 bevillningssatsen
684 1423 66 24 hafva
760 1423 57 20 flere
833 1422 24 21 af
869 1421 87 26 Utskot-

206 1459 43 18 tets
272 1457 140 21 medlemmar
430 1459 58 19 velat
503 1458 29 19 uti
555 1458 8 27 $
576 1459 12 18 1
603 1458 65 20 hafva
683 1458 126 25 densamma
824 1456 86 26 nedsatt
924 1451 33 28 till

276 1496 203 22 Bevillningsutskottets
491 1497 106 18 betänkande
609 1496 35 17 N:o
657 1497 18 17 3.
