1025 1661
293 105 29 23 U.
337 106 28 22 B.
381 117 23 4 —
419 105 72 28 Prop.
506 105 42 22 N:o
564 105 38 21 29.

347 372 179 26 Sammansatta
547 371 61 33 Lag-
628 371 48 25 och
694 369 132 28 Ekonomi-

279 412 139 26 utskottets
439 411 159 28 betänkande
617 410 43 27 N:o
679 411 16 26 4
713 410 8 27 i
741 410 84 27 anled-

280 453 59 33 ning
369 452 28 25 af
428 452 64 26 Hans
527 451 143 34 Kejserliga
701 451 126 34 Majestäts

280 493 92 33 Nådiga
395 492 162 35 proposition
575 492 44 26 N:o
638 492 41 32 29,
701 491 126 34 angående

282 532 139 26 ordnandet
456 533 29 25 af
518 532 227 34 skjutshållningen
781 532 47 25 och

284 572 218 34 gästgifverierna.

145 640 167 27 Ifrågavarande
329 640 78 27 nådiga
429 641 135 27 proposition
579 641 38 20 har
628 641 24 20 af
660 642 98 26 samtliga
768 640 61 21 stånd

77 675 70 20 blifvit
168 675 144 21 öfverlemnad
332 675 31 20 till
380 675 130 27 behandling
525 676 7 19 i
549 674 156 22 Sammansatta
720 676 53 26 Lag-
789 676 40 19 och

78 710 218 29 Ekonomiutskottet,
311 709 82 20 hvilket
409 709 46 20 från
469 709 121 27 Kejserliga
606 709 103 21 Senatens
718 709 113 20 Allmänna

78 744 68 20 kansli
170 744 40 20 fått
232 746 108 24 emottaga
363 744 36 20 det
421 744 111 20 utlåtande
555 750 26 14 en
605 744 33 20 för
657 743 137 27 uppgörande
810 744 23 19 af

79 778 79 27 förslag
180 778 32 20 till
234 778 201 26 skjutshållningens
455 778 40 20 och
514 778 188 26 gästgifveriernas
723 777 107 21 ordnande

79 812 65 20 under
166 812 138 20 sistförflutna
327 812 24 20 år
369 812 86 20 nedsatt
474 812 81 20 komité
576 812 84 26 afgifvit
675 813 67 25 jemte
761 812 69 20 dertill

79 846 93 21 hörande
187 846 133 27 handlingar,
336 846 118 26 hvarjemte
470 847 105 20 utskottet
590 847 83 20 erhållit
685 845 147 27 meddelande,

80 883 31 18 att
126 881 66 26 några
207 880 66 20 andra
288 880 127 27 handlingar
429 880 6 19 i
452 880 66 20 saken
534 881 19 26 ej
570 881 68 20 finnas
654 883 30 18 att
699 881 68 26 tillgå,
778 883 54 18 samt

80 917 31 19 att
126 914 132 27 omröstning
272 914 35 21 vid
323 914 98 21 ärendets
441 914 129 28 behandling
585 915 7 19 i
607 915 122 27 Kejserliga
741 914 92 22 Senaten

80 950 48 20 icke
143 948 109 22 förefallit.

148 1018 33 20 Då
204 1018 26 20 H.
252 1018 25 20 K.
296 1018 26 19 M.
344 1017 94 27 behagat
454 1018 31 20 till
501 1017 144 21 innevarande
662 1017 101 27 landtdag
778 1017 55 27 ånyo

82 1052 64 20 aflåta
168 1052 65 26 nådig
256 1051 132 27 proposition
412 1058 34 13 om
466 1051 120 20 ordnandet
606 1051 23 20 af
645 1051 190 27 skjutshållningen

82 1086 40 20 och
145 1086 177 27 gästgifverierna
345 1086 6 19 i
369 1085 80 26 landet,
469 1085 90 21 innebär
579 1085 59 21 detta
658 1088 30 18 ett
703 1085 133 27 fullständigt

83 1120 136 21 erkännande
235 1119 45 20 från
296 1119 25 20 H.
337 1119 26 20 K.
380 1119 49 20 M:ts
448 1119 47 20 sida
511 1119 59 20 såväl
586 1119 24 20 af
623 1119 85 27 frågans
723 1119 52 27 vigt,
791 1125 44 14 som

83 1155 23 20 af
127 1155 36 20 det
186 1154 113 27 oafvisliga
320 1153 103 21 behofvet
446 1155 31 18 att
493 1160 77 21 genom
587 1160 27 13 en
633 1153 204 27 ändamålsenligare

82 1188 134 27 lagstiftning
239 1189 7 19 i
271 1190 72 18 ämnet
365 1188 54 20 söka
440 1187 81 21 bereda
545 1187 41 20 den
609 1187 229 28 skjutsningsskyldige

80 1222 129 27 jordegaren
224 1222 92 27 lindring
332 1222 6 19 i
355 1221 70 21 denna
440 1224 74 25 tunga,
529 1221 86 20 hvilken
631 1228 76 21 genom
723 1221 115 27 utvidgade

83 1256 39 21 och
138 1256 133 21 förbättrade
286 1256 211 20 kommunikationer
512 1256 32 20 till
562 1255 60 20 lands
640 1255 39 21 och
690 1257 43 26 sjös
745 1256 7 19 i
763 1255 76 27 sjelfva

82 1290 76 21 verket
180 1291 40 20 fått
244 1297 26 14 en
292 1290 45 20 helt
356 1297 69 13 annan
444 1290 110 26 karakter,
573 1293 25 16 än
620 1290 40 20 den
676 1290 23 20 af
712 1290 59 20 ålder
786 1290 52 26 haft,

83 1325 31 20 till
130 1324 53 27 följd
198 1324 78 21 hvaraf
288 1324 67 21 också
362 1324 137 27 klagomålen
508 1324 47 20 från
564 1324 26 20 de
599 1323 239 28 skjutsningsskyldiges

83 1359 45 20 sida
143 1358 72 21 blifvit
230 1359 38 20 allt
286 1365 59 14 mera
364 1358 142 27 berättigade.
536 1358 111 21 Utskottet
663 1365 62 14 anser
739 1358 49 21 icke
803 1361 36 17 nö-

83 1392 45 27 digt
150 1394 32 18 att
204 1392 39 20 här
265 1398 101 21 upprepa,
388 1392 56 20 hvad
468 1399 45 13 som
533 1392 66 20 redan
618 1393 7 19 i
640 1392 150 20 betänkanden
805 1392 35 20 vid

84 1427 104 20 särskilda
212 1426 128 27 föregående
363 1426 130 27 landtdagar
517 1426 71 21 blifvit
610 1426 145 21 uttömmande
778 1425 63 20 fram-

152 1465 126 18 Sammansatta
290 1466 44 21 Lag-
347 1465 31 18 och
390 1465 178 18 Ekonomiutskottets
580 1466 105 17 betänkande
697 1465 35 18 N:o
745 1466 16 16 4.
