1028 1661
296 117 24 21 U.
335 117 23 21 B.
374 129 27 2 —
417 116 66 29 Prop.
498 117 39 22 N:o
552 116 35 23 24.
765 119 26 20 75

135 184 34 19 3:0
185 184 32 20 att
232 182 42 22 den
289 182 226 22 nordösterbottniska
531 183 71 21 banan
617 183 45 21 lika
676 183 36 21 väl
722 188 45 16 som
778 183 42 21 Da-

64 216 202 28 vidstad—Kuopio
286 216 71 22 banan
376 216 70 23 måste
465 223 64 16 anses
545 217 73 22 såsom
633 223 27 15 en
675 216 52 22 länk
742 216 22 22 af
777 217 44 21 lan-

65 251 48 22 dets
129 249 170 29 stambanenät;'

134 299 35 19 4:0
189 298 33 20 att
241 296 298 28 befolkningsförhållandena
561 297 35 21 vid
617 296 42 22 den
674 297 147 22 förstnämnda

65 331 71 22 banan
155 334 37 19 äro
213 332 32 21 uti
264 332 122 26 väsendtlig
404 332 53 27 grad
473 338 160 22 gynsammare;
649 334 33 19 att
697 332 27 21 de
739 332 83 21 trakter

66 366 42 21 den
123 366 138 28 genomlöper
276 368 36 20 äro
329 366 49 22 vida
392 372 59 16 mera
467 367 78 21 odlade
561 366 40 22 och
616 366 87 22 framför
714 366 38 22 allt
762 366 59 22 mäk-

65 400 46 26 tiga
125 400 24 22 af
162 407 26 15 en
204 402 70 21 större
290 401 77 27 odling,
377 402 27 20 än
419 401 78 27 nejden
513 401 63 27 kring
587 400 234 28 Kuopio—Davidstad

65 434 76 28 banan,
158 437 57 20 samt
229 437 33 19 att
276 435 50 27 inga
341 435 59 22 fakta
415 436 82 21 kunnat
513 435 92 27 anföras,
625 442 35 15 som
671 436 89 26 inågon
771 434 50 22 män

63 469 72 23 skulle
149 470 95 27 förringa
260 470 60 22 detta
334 470 119 27 företräde;

135 518 34 20 5:0
190 518 33 19 att
242 516 13 21 å
276 516 40 22 den
336 516 58 22 förra
408 516 71 22 banan
495 516 42 23 den
552 516 163 28 genomgående
730 514 90 23 trafiken

66 550 70 22 måste
155 550 65 22 blifva
239 550 96 27 lifligare,
351 551 27 21 då
394 551 109 27 Uleåborg
519 552 72 21 såsom
607 550 161 22 trafikcentrum
784 550 35 21 be-

65 584 90 27 visligen
171 587 24 19 är
210 591 26 16 en
251 585 49 22 vida
316 586 97 21 starkare
429 585 112 28 ändpunkt
556 588 28 19 än
599 585 96 28 Kuopio;

135 632 34 20 6:0
186 633 32 19 att
231 631 157 27 lokaltrafiken,
404 631 71 22 deruti
490 631 133 22 inberäknad
639 631 41 22 den
696 629 63 23 trafik
774 636 47 15 som

66 665 36 20 rör
124 665 33 26 sig
179 665 48 21 från
246 665 212 22 mellanstationerna
480 666 32 21 till
532 666 93 27 punkter
640 668 59 19 utom
715 664 105 22 bandelen

63 698 43 22 och
126 700 100 26 tvärtom,
242 700 69 22 måste
326 700 66 22 blifva
405 699 91 28 lifligare
514 700 30 28 på
563 700 42 22 den
620 699 58 23 förra
693 701 27 20 än
735 699 29 27 på
779 698 41 22 den

66 739 85 21 senare;
653 730 2 2 |

134 781 35 20 7:0
185 782 32 19 att
232 780 26 22 de
274 781 126 21 industriela
415 780 162 27 förhållandena
592 781 34 21 vid
643 780 27 22 de
686 780 70 27 begge
769 778 50 22 ifrå-

65 815 122 24 gavarande
202 815 96 21 banorna
312 814 33 22 för
359 815 134 21 närvarande
509 817 38 19 äro
562 814 91 28 ungefär
667 815 50 26 lika,
730 819 48 16 men
789 815 33 19 att

65 848 96 22 vilkoren
176 848 34 22 för
224 849 143 27 uppkomsten
383 849 23 21 af
419 856 41 20 nya
475 849 129 22 industriela
618 848 148 28 inrättningar,
782 847 39 21 ka-

65 882 54 28 pital
134 882 41 22 och
189 882 169 28 företagsamhet
374 884 61 22 torde
447 890 51 15 vara
508 890 149 22 gynsammare
668 883 35 21 vid
714 883 41 21 den
765 882 57 22 förra

66 919 27 19 än
108 916 35 22 vid
159 918 42 21 den
216 924 86 21 senare;

134 966 34 20 8:0
191 966 35 20 att
248 964 41 22 den
311 964 151 23 förstnämnde
476 966 71 21 banan
567 965 97 21 kommer
683 967 33 19 att
730 963 92 23 lemna
811 959 15 38 i

65 998 137 22 ekonomiskt
217 998 124 23 hänseende
356 1001 32 20 ett
402 999 168 28 fördelaktigare
585 999 98 27 resultat,
700 1000 56 21 samt
767 998 54 28 jem-

65 1032 35 22 väl
118 1032 80 23 tillföra
216 1033 27 22 de
258 1034 66 21 redan
341 1034 118 22 bestående
472 1034 143 28 jernvägarne
631 1036 69 20 större
715 1032 107 23 trafiktill-

65 1067 66 27 skott,
153 1069 27 20 än
200 1073 47 16 som
266 1068 43 21 kan
328 1070 75 20 väntas
421 1068 48 22 från
484 1069 85 27 Kuopio
585 1069 77 21 banan.
691 1068 131 27 Härigenom

63 1101 72 22 skulle
151 1101 286 24 kommunikationsfondens
453 1103 116 27 tillgångar
585 1104 6 20 i
607 1103 95 27 betydlig
712 1103 49 21 mån
769 1101 52 22 ökas

65 1135 41 22 och
127 1136 121 27 dymedelst
267 1139 32 19 ett
320 1137 90 22 raskare
428 1137 147 22 fortsättande
591 1137 23 22 af
624 1136 198 29 jernvägsbyggna-

65 1170 68 22 derna
147 1170 8 21 i
169 1170 76 22 landet
259 1171 149 28 möjliggöras;

133 1218 36 19 9:0
193 1218 33 20 att
248 1217 67 21 ehuru
339 1217 41 22 den
403 1223 78 17 senare
503 1218 70 21 banan
593 1217 29 27 på
637 1224 27 15 en
679 1217 87 21 kortare
781 1217 42 25 väg

64 1250 72 22 skulle
150 1249 100 23 förbinda
264 1251 110 28 Uleåborg
388 1252 50 22 med
453 1252 34 21 S:t
497 1252 139 27 Petersburg,
648 1252 70 21 denna
728 1252 94 20 omstän-

65 1284 74 27 dighet
154 1285 55 22 dock
224 1285 49 23 icke
287 1288 84 20 ensamt
385 1286 33 22 för
433 1286 33 28 sig
481 1286 44 22 kan
541 1286 102 22 tillmätas
660 1286 41 22 den
711 1284 112 29 betydelse

63 1320 35 20 att
120 1319 43 21 alla
186 1319 27 22 de
236 1320 54 26 skäl,
313 1326 47 16 som
382 1320 45 22 tala
445 1320 34 22 för
498 1320 41 23 den
557 1321 58 21 förra
630 1327 38 16 ens
683 1319 139 23 närmelsevis

64 1352 71 23 skulle
151 1353 62 22 deraf
226 1354 82 22 häfvas.

133 1392 191 23 Jernvägsutskottets
336 1393 117 18 betänkande
464 1394 39 17 N:o
514 1395 16 16 1.
