1028 1659
264 116 81 23 Ständ.
361 116 39 22 Sv.
416 128 28 3 —
460 115 73 28 Prop.
548 115 41 22 N:o
603 114 36 22 29.
773 115 26 20 31

277 178 128 28 föranleda,
420 178 75 20 kunna
507 178 87 20 sådana
605 177 60 27 ifrån
676 177 151 28 stadgandena

281 212 9 20 i
311 212 71 21 denna
401 212 118 28 paragraf
534 211 121 28 afvikande
670 211 158 22 bestämmelser

281 246 30 28 af
323 246 94 22 Senaten
429 246 32 27 på
477 246 122 27 ansökning
608 246 115 26 meddelas,
732 252 44 15 som
785 246 43 20 des-

281 287 24 14 sa
320 280 158 26 förhållanden
493 280 100 28 skäligen
607 280 96 28 påkalla.

521 326 16 27 $
551 326 36 21 29.

350 366 105 24 Resande,
470 372 45 14 som
532 365 111 28 begagnar
656 365 77 27 skjuts,
749 372 50 15 vare
809 366 20 27 ej

282 399 123 28 berättigad
428 402 33 18 att
479 400 145 26 framfärdas
642 399 48 21 med
704 401 71 19 större
791 399 37 21 ha-

281 433 78 28 stighet
374 436 29 18 än
418 440 26 14 en
459 436 56 18 verst
527 434 32 26 på
573 434 35 26 sju
625 434 101 25 minuter,
739 434 42 20 den
789 434 39 24 tid,

281 474 44 14 som
336 467 41 27 för
392 467 132 28 hästombyte
539 467 123 27 erfordras,
678 467 49 21 deri
741 468 46 20 icke
796 468 34 20 in-

282 501 121 26 beräknad;
418 501 37 21 och
470 502 65 24 skall,
551 502 38 20 der
604 502 36 20 två
651 502 116 24 fullväxta
778 508 50 22 per-

281 542 69 18 soner,
371 536 64 26 jemte
458 535 128 28 skjutskarl,
610 535 42 21 åka
674 535 56 27 efter
748 543 25 13 en
789 536 39 21 och

281 576 82 14 samma
387 570 54 25 häst,
457 569 135 28 hastigheten
606 569 133 21 inskränkas
754 570 36 20 till
804 576 26 14 en

281 606 56 18 verst
356 604 32 27 på
410 604 36 20 nio
469 606 101 18 minuter.
605 603 41 21 Vid
664 603 96 28 menföre
774 604 55 20 min-

281 637 50 21 skas
347 638 71 20 denna
434 637 115 27 hastighet,
561 637 55 27 efter
624 638 111 27 väglagets
744 637 84 27 beskaf-

277 671 83 27 fenhet,
382 672 25 20 så
429 674 33 18 att
485 671 120 28 skjutshäst
627 672 22 27 ej
670 671 86 27 utöfver
771 672 59 20 hvad

281 706 82 27 skäligt
379 708 26 19 är
415 706 175 28 anstränges
556 702 36 36 för
598 706 40 21 den
650 706 100 22 resandes
763 706 66 27 fram-

281 740 122 28 skaffande.

351 774 80 28 Bryter
452 774 94 21 resande
569 774 101 26 häremot,
684 774 70 28 plikte
769 774 61 21 ända

283 809 35 20 till
328 808 88 28 fyratio
433 808 68 22 mark.
529 804 127 37 Uppehäller
667 804 118 37 skjutskarl
796 815 34 14 re-

282 843 67 21 sande
365 843 13 20 å
393 844 40 26 väg
443 843 76 27 längre
528 843 38 25 tid,
575 845 29 19 än
615 844 6 19 i
624 842 135 28 föregående
768 849 62 15 mom.

283 879 26 18 är
323 877 72 27 sagdt,
410 884 51 13 vare
470 877 83 27 jemväl
569 877 36 21 till
618 877 117 21 enahanda
750 883 80 15 ansvar

278 911 118 27 förfallen.

525 945 15 27 $
554 946 34 20 30.

352 985 74 21 Skulle
433 985 121 24 skjutshäst
562 986 82 20 tröttna
652 985 52 21 eller
715 986 63 26 eljest
787 984 44 21 icke

283 1019 73 21 mäkta
374 1019 56 27 föra
441 1019 64 27 fram
521 1020 41 20 den
577 1019 92 21 resande
684 1020 36 20 till
736 1019 95 21 bestämd

284 1056 39 23 ort,
347 1054 52 20 eller
422 1053 167 27 körredskapen,
606 1060 33 14 om
655 1053 41 21 den
711 1054 21 27 ej
746 1055 28 19 är
789 1052 42 21 den

283 1088 102 21 resandes
404 1094 57 21 egen,
477 1088 70 20 under
557 1087 83 26 färden
656 1088 28 27 gå
698 1087 79 21 sönder
793 1086 38 21 och

284 1122 67 26 blifva
373 1121 115 26 obrukbar,
511 1122 85 27 åligger
611 1122 35 20 det
660 1121 171 28 lägenhetsinne-

284 1156 93 26 hafvare
398 1156 9 20 i
428 1157 111 19 närmaste
557 1155 26 27 by
599 1156 53 20 eller
666 1155 63 27 gård,
744 1155 37 21 vid
798 1154 34 21 bot

284 1190 29 26 af
324 1190 64 27 tjugu
403 1189 68 26 mark,
489 1192 32 18 att
537 1189 106 21 resanden
654 1188 123 28 fortskafa
794 1188 38 21 och

284 1224 97 28 uppbäre
403 1223 30 27 af
450 1223 108 21 resanden
581 1222 48 22 hela
651 1223 40 21 den
705 1223 126 28 skjutslega,

283 1264 46 15 som
343 1258 69 20 skulle
428 1258 41 20 den
485 1257 129 27 skjutsande
629 1256 104 28 tillfallit,
744 1263 33 14 om
788 1256 44 20 han

283 1292 150 27 skjutsningen
445 1290 115 28 fullgjort.
583 1290 77 28 Någon
676 1290 113 28 betalning
797 1290 35 20 till

284 1326 68 21 denne
362 1325 41 27 för
418 1326 35 20 det
473 1325 174 27 tillryggalagda
662 1324 122 28 vägstycket
800 1324 32 20 be-

283 1360 76 26 höfver
374 1361 9 19 i
397 1360 80 20 sådant
487 1359 49 25 fall
551 1359 21 27 ej
587 1359 105 27 erläggas.

527 1405 15 26 $
557 1406 34 20 31.

353 1445 64 27 Efter
432 1444 113 22 verkstäld
560 1444 126 27 skjutsning
702 1443 47 21 med
759 1449 75 14 resan-
