1028 1664
212 117 13 21 2
400 116 24 25 U.
440 117 23 24 B.
478 129 30 6 —
524 117 64 29 Prop.
603 118 35 22 N:o
655 117 39 24 30.

253 180 74 22 Ehuru
342 180 150 28 förordningen
508 181 21 22 af
544 182 40 21 den
600 182 27 21 20
642 181 43 28 Maj
703 182 55 21 1878
773 181 75 21 endast
859 187 26 15 en
895 181 52 22 kort

183 214 32 22 tid
229 214 124 28 tillämpats,
369 221 62 21 synes
445 215 71 27 likväl,
532 216 28 27 pä
575 218 43 20 sätt
634 216 40 21 den
689 215 84 27 Nädiga
785 215 159 28 propositionen

184 248 95 28 antyder,
304 248 40 22 den
359 250 70 20 säsom
448 252 107 20 närmaste
570 250 52 27 följd
638 250 22 22 af
680 250 145 21 hundskatten
846 249 98 22 inträdda

184 282 148 28 minskningen
347 283 6 21 i
369 284 81 21 antalet
465 284 83 22 hundar
564 285 13 21 &
592 284 56 22 vissa
671 286 58 20 orter
752 285 27 26 pä
799 284 73 22 landet
893 290 51 15 vara

185 319 68 19 större
270 319 26 19 än
312 324 49 14 man
376 318 45 21 haft
437 318 112 28 anledning
565 321 33 19 att
620 318 107 26 förmoda;
752 318 39 22 och
815 319 26 21 dä
866 319 35 21 det
924 317 22 22 af

184 352 77 26 många
277 352 98 26 antagits,
391 354 32 19 att
440 353 26 21 de
481 353 92 27 sorgliga
588 353 36 21 fall
640 353 22 21 af
675 353 65 21 barns
756 353 97 21 dödande
868 352 22 22 af
898 359 46 15 var-

184 392 44 20 gar,
252 392 46 15 som
315 386 66 21 under
397 387 98 21 sednaste
511 387 31 21 tid
557 388 120 26 upprepadt
696 386 95 22 inträffat
813 386 7 22 i
835 387 109 27 sydvestra

185 420 86 21 delarne
287 420 22 21 af
322 420 79 27 landet,
425 422 127 21 åtminstone
568 422 7 20 i
590 423 70 25 någon
675 422 49 20 män
740 422 55 20 hade
815 421 80 21 kunnat
916 421 28 21 af-

184 454 69 26 värjas
268 460 77 21 genom
360 454 131 23 allmännare
505 456 139 27 begagnande
660 456 22 22 af
695 456 89 26 hundar,
801 455 61 22 hafva
874 456 70 26 ätgär-

185 488 36 21 der
237 490 81 20 ansetts
333 489 113 27 päkallade
461 489 32 22 för
508 492 32 19 att
555 490 33 21 för
603 490 40 22 den
659 490 82 22 mindre
763 490 123 21 bemedlade
908 490 36 22 be-

183 522 122 28 folkningen
321 523 46 22 icke
382 523 95 23 försvära
492 524 135 28 möjligheten
642 527 32 19 att
697 524 125 22 underhälla
837 524 57 22 hund
917 525 27 27 pä

184 556 79 22 landet.

255 592 170 22 Vidkommande
441 594 40 20 den
497 593 139 22 omförmälda
652 594 140 26 anledningen
811 593 31 21 till
864 593 80 21 föreva-

184 626 66 20 rande
265 626 142 27 propositions
424 627 104 22 aflätande
543 628 69 22 finner
632 628 105 21 utskottet
760 628 35 21 det
818 628 33 21 väl
873 628 71 21 kunna

184 659 142 28 ifrågasättas,
353 661 104 23 huruvida
485 663 34 21 det
542 662 104 28 tillfälliga
671 662 157 28 uppträdandet
850 662 22 22 af
892 662 52 22 folk-

184 694 70 21 ilskna
270 701 75 21 vargar
361 695 6 21 i
383 696 109 27 sydvestra
507 697 90 21 Finland
612 696 32 22 får
666 696 73 22 ställas
762 696 7 21 i
793 697 151 26 sammanhang
967 702 2 2 '

185 728 49 22 med
251 729 147 27 minskningen
414 730 23 22 af
450 731 120 22 hundarnes
593 731 57 21 antal
672 732 28 26 pä
716 730 155 28 landsbygden;
895 737 47 15 men

186 762 26 22 dä
227 762 66 22 likväl
309 770 25 14 en
350 764 110 28 möjlighet
475 765 111 22 förefinnes
602 767 32 20 att
649 766 128 20 ätminstone
793 766 64 26 nägot
879 765 22 21 af
918 765 26 21 de

186 797 94 27 antydda
295 797 141 23 barnarofven
451 800 81 21 kunnat
547 800 141 21 förekommas
705 806 34 15 om
755 799 82 21 hundar
859 799 86 22 allmän-

185 837 50 15 nare
251 831 118 27 begagnats
384 833 31 21 uti
431 833 159 27 ifrägavarande
606 834 87 27 bygder,
715 835 54 20 samt
785 833 32 21 för
832 834 62 26 öfrigt
909 834 35 21 nä-

184 872 39 20 gra
238 866 240 28 anmärkningsvärdare
494 868 35 21 fall
545 868 23 22 af
581 868 69 22 rabies
666 868 75 22 canina
756 869 27 25 pä
806 868 98 21 sednaste
919 868 25 20 ti-

185 899 40 21 den
241 900 46 21 icke
303 900 126 28 försports
421 895 14 38 i
449 902 154 25 landsorterna,
626 902 60 22 torde
711 902 40 21 den
774 902 117 27 föreslagna
914 903 30 21 ät-

186 934 79 26 gärden
283 937 32 19 att
338 935 117 23 tillsvidare
477 936 85 22 inställa
577 937 160 27 tillämpningen
754 936 22 22 af
795 936 149 28 förordningen

185 968 40 21 den
240 968 28 22 20
285 968 41 27 Maj
345 970 54 22 1878
416 977 25 14 ur
456 971 104 21 särskilda
575 972 131 26 synpunkter
721 971 71 21 kunna
807 970 89 27 förtjena
912 972 32 20 att

184 1001 101 23 förordas.
318 1004 74 20 Ehuru
407 1004 120 22 inkomsten
543 1005 22 21 af
578 1006 144 21 hundskatten
738 1004 93 22 tillfaller
849 1005 94 21 kommu-

184 1042 73 21 nerna,
281 1037 39 21 har
336 1038 69 21 denna
420 1039 76 27 pålaga
512 1040 54 21 dock
581 1039 54 22 ifrån
651 1039 68 22 första
737 1039 74 27 början
827 1039 54 21 varit
895 1038 49 28 föga

185 1070 112 27 uppburen
315 1072 22 20 af
351 1072 106 22 allmänna
465 1073 199 27 folkmedvetandet,
681 1073 129 22 åtminstone
820 1073 6 21 i
838 1073 25 21 de
873 1072 70 22 lands-

185 1106 63 25 orter,
272 1105 87 22 hvarest
375 1108 137 21 vattuskräck
527 1108 46 21 icke
589 1110 81 25 yppats.
701 1107 12 21 I
728 1108 76 26 många
819 1107 82 21 trakter
924 1107 20 21 af

184 1138 92 22 Finland
291 1142 24 19 är
331 1140 85 22 hunden
433 1144 32 19 ett
480 1142 78 28 nyttigt
573 1142 40 22 och
634 1142 131 26 nödvändigt
788 1142 93 26 husdjur,
905 1142 39 20 och

186 1173 121 27 syftemålet
323 1177 31 19 att
369 1175 116 23 inskränka
501 1177 60 21 deras
577 1177 58 21 antal
650 1177 40 21 har
705 1176 35 21 vid
762 1176 76 21 sådant
860 1175 84 22 förhåll-

184 1207 54 22 ande
255 1209 17 26 ej
289 1209 83 21 kunnat
387 1210 108 27 uppfattas
511 1212 70 21 såsom
596 1211 137 27 berättigadt.
765 1211 89 26 Mången
870 1210 72 27 torftig

184 1242 141 23 ödemarkens
340 1244 128 28 bebyggare,
492 1252 45 15 som
553 1246 48 21 med
616 1245 108 28 svårighet
745 1244 98 22 afbördar
865 1244 31 27 sig
919 1245 25 20 de

182 1277 121 26 personella
326 1279 139 27 utskylderna
482 1279 32 22 för
529 1280 32 27 sig
583 1280 39 21 och
646 1280 37 21 sitt
705 1279 90 26 husfolk,
819 1279 67 21 finner
908 1279 36 21 det

183 1310 138 28 betungande
337 1315 32 18 att
384 1314 81 27 nödgas
480 1314 71 22 betala
567 1314 61 26 ,fulla
653 1313 209 28 mantalspenningar
884 1313 61 22 äfven

182 1344 32 22 för
230 1345 105 23 hunden".
367 1348 75 21 Denna
457 1349 154 21 hundskattens
627 1348 160 27 impopularitet
809 1347 60 22 torde
884 1347 61 22 äfven

182 1380 27 26 på
225 1381 62 20 endel
303 1383 59 19 orter
378 1382 61 21 hafva
454 1383 111 26 föranledt,:
589 1385 31 19 att
636 1383 41 21 den
693 1382 48 21 med
757 1381 97 28 slapphet
869 1381 76 22 tilläm-

182 1421 37 20 pas
237 1428 24 3 —
280 1416 128 22 åtminstone
425 1417 52 22 höra
492 1417 83 22 hundar
596 1420 51 19 utan
662 1417 149 22 skattmärken
828 1416 32 21 för
882 1416 62 26 ingen

182 1449 33 22 del
231 1450 33 21 till
280 1451 150 27 sällsyntheter
445 1453 27 26 på
487 1452 128 21 landsorten.
642 1452 42 21 Det
700 1453 25 20 är
741 1452 31 20 att
787 1450 73 22 befara
871 1452 32 19 att
918 1455 26 16 en

252 1491 192 18 Ekonomiutskottets
458 1491 115 18 betänkande
586 1491 38 18 N:o
637 1492 16 17 4.
