<?xml version="1.0" encoding="UTF-8"?>
<alto xmlns="http://www.loc.gov/standards/alto/ns-v3#" xmlns:xlink="http://www.w3.org/1999/xlink" xmlns:xsi="http://www.w3.org/2001/XMLSchema-instance" xsi:schemaLocation="http://www.loc.gov/standards/alto/ns-v3# http://www.loc.gov/alto/v3/alto-3-0.xsd">
	<Description>
		<MeasurementUnit>pixel</MeasurementUnit>
		<sourceImageInformation>
			<fileName>/tmp/tess_bwmuf82r_input.PNG</fileName>
		</sourceImageInformation>
		<OCRProcessing ID="OCR_0">
			<ocrProcessingStep>
				<processingSoftware>
					<softwareName>tesseract 5.3.4</softwareName>
				</processingSoftware>
			</ocrProcessingStep>
		</OCRProcessing>
	</Description>
	<Layout>
		<Page WIDTH="1039" HEIGHT="1664" PHYSICAL_IMG_NR="0" ID="page_0">
			<PrintSpace HPOS="0" VPOS="0" WIDTH="1039" HEIGHT="1664">
				<ComposedBlock ID="cblock_0" HPOS="222" VPOS="81" WIDTH="507" HEIGHT="26">
					<TextBlock ID="block_0" HPOS="222" VPOS="81" WIDTH="507" HEIGHT="26">
						<TextLine ID="line_0" HPOS="222" VPOS="81" WIDTH="507" HEIGHT="26">
							<String ID="string_0" HPOS="222" VPOS="82" WIDTH="13" HEIGHT="20" WC="0.96" CONTENT="2"/><SP WIDTH="181" VPOS="82" HPOS="235"/>
							<String ID="string_1" HPOS="416" VPOS="81" WIDTH="63" HEIGHT="21" WC="0.88" CONTENT="Ständ."/><SP WIDTH="16" VPOS="81" HPOS="479"/>
							<String ID="string_2" HPOS="495" VPOS="83" WIDTH="27" HEIGHT="19" WC="0.93" CONTENT="Sv."/><SP WIDTH="17" VPOS="83" HPOS="522"/>
							<String ID="string_3" HPOS="539" VPOS="93" WIDTH="27" HEIGHT="4" WC="0.92" CONTENT="—"/><SP WIDTH="16" VPOS="93" HPOS="566"/>
							<String ID="string_4" HPOS="582" VPOS="82" WIDTH="54" HEIGHT="25" WC="0.89" CONTENT="Prop."/><SP WIDTH="16" VPOS="82" HPOS="636"/>
							<String ID="string_5" HPOS="652" VPOS="82" WIDTH="31" HEIGHT="20" WC="0.96" CONTENT="N:o"/><SP WIDTH="15" VPOS="82" HPOS="683"/>
							<String ID="string_6" HPOS="698" VPOS="82" WIDTH="31" HEIGHT="20" WC="0.92" CONTENT="24."/>
						</TextLine>
					</TextBlock>
				</ComposedBlock>
				<ComposedBlock ID="cblock_1" HPOS="184" VPOS="145" WIDTH="770" HEIGHT="1235">
					<TextBlock ID="block_1" HPOS="192" VPOS="145" WIDTH="758" HEIGHT="131">
						<TextLine ID="line_1" HPOS="263" VPOS="145" WIDTH="687" HEIGHT="30">
							<String ID="string_7" HPOS="263" VPOS="147" WIDTH="33" HEIGHT="20" WC="0.96" CONTENT="att"/><SP WIDTH="19" VPOS="147" HPOS="296"/>
							<String ID="string_8" HPOS="315" VPOS="146" WIDTH="36" HEIGHT="21" WC="0.96" CONTENT="vid"/><SP WIDTH="15" VPOS="146" HPOS="351"/>
							<String ID="string_9" HPOS="366" VPOS="145" WIDTH="161" HEIGHT="29" WC="0.93" CONTENT="ifrågavarande"/><SP WIDTH="13" VPOS="145" HPOS="527"/>
							<String ID="string_10" HPOS="540" VPOS="147" WIDTH="203" HEIGHT="27" WC="0.90" CONTENT="jernvägsbyggnad"/><SP WIDTH="16" VPOS="147" HPOS="743"/>
							<String ID="string_11" HPOS="759" VPOS="147" WIDTH="67" HEIGHT="21" WC="0.96" CONTENT="måtte"/><SP WIDTH="16" VPOS="147" HPOS="826"/>
							<String ID="string_12" HPOS="842" VPOS="147" WIDTH="108" HEIGHT="28" WC="0.96" CONTENT="tillämpas"/>
						</TextLine>
						<TextLine ID="line_2" HPOS="193" VPOS="180" WIDTH="757" HEIGHT="28">
							<String ID="string_13" HPOS="193" VPOS="187" WIDTH="82" HEIGHT="15" WC="0.92" CONTENT="samma"/><SP WIDTH="22" VPOS="187" HPOS="275"/>
							<String ID="string_14" HPOS="297" VPOS="180" WIDTH="199" HEIGHT="28" WC="0.92" CONTENT="byggnadssystem,"/><SP WIDTH="24" VPOS="180" HPOS="496"/>
							<String ID="string_15" HPOS="520" VPOS="188" WIDTH="46" HEIGHT="15" WC="0.96" CONTENT="som"/><SP WIDTH="23" VPOS="188" HPOS="566"/>
							<String ID="string_16" HPOS="589" VPOS="182" WIDTH="69" HEIGHT="21" WC="0.81" CONTENT="blifvit"/><SP WIDTH="21" VPOS="182" HPOS="658"/>
							<String ID="string_17" HPOS="679" VPOS="182" WIDTH="33" HEIGHT="21" WC="0.96" CONTENT="till"/><SP WIDTH="22" VPOS="182" HPOS="712"/>
							<String ID="string_18" HPOS="734" VPOS="182" WIDTH="140" HEIGHT="26" WC="0.93" CONTENT="iakttagande"/><SP WIDTH="19" VPOS="182" HPOS="874"/>
							<String ID="string_19" HPOS="893" VPOS="181" WIDTH="57" HEIGHT="23" WC="0.92" CONTENT="före-"/>
						</TextLine>
						<TextLine ID="line_3" HPOS="193" VPOS="214" WIDTH="755" HEIGHT="29">
							<String ID="string_20" HPOS="193" VPOS="214" WIDTH="90" HEIGHT="22" WC="0.93" CONTENT="skrifvet"/><SP WIDTH="22" VPOS="214" HPOS="283"/>
							<String ID="string_21" HPOS="305" VPOS="214" WIDTH="32" HEIGHT="22" WC="0.93" CONTENT="för"/><SP WIDTH="20" VPOS="214" HPOS="337"/>
							<String ID="string_22" HPOS="357" VPOS="215" WIDTH="260" HEIGHT="28" WC="0.90" CONTENT="jernvägsanläggningen"/><SP WIDTH="25" VPOS="215" HPOS="617"/>
							<String ID="string_23" HPOS="642" VPOS="216" WIDTH="77" HEIGHT="22" WC="0.96" CONTENT="mellan"/><SP WIDTH="23" VPOS="216" HPOS="719"/>
							<String ID="string_24" HPOS="742" VPOS="216" WIDTH="143" HEIGHT="22" WC="0.96" CONTENT="Tammerfors"/><SP WIDTH="24" VPOS="216" HPOS="885"/>
							<String ID="string_25" HPOS="909" VPOS="216" WIDTH="39" HEIGHT="21" WC="0.96" CONTENT="och"/>
						</TextLine>
						<TextLine ID="line_4" HPOS="192" VPOS="249" WIDTH="147" HEIGHT="27">
							<String ID="string_26" HPOS="192" VPOS="249" WIDTH="147" HEIGHT="27" WC="0.73" CONTENT="Nikolaistad;"/>
						</TextLine>
					</TextBlock>
					<TextBlock ID="block_2" HPOS="189" VPOS="284" WIDTH="761" HEIGHT="406">
						<TextLine ID="line_5" HPOS="262" VPOS="284" WIDTH="686" HEIGHT="28">
							<String ID="string_27" HPOS="262" VPOS="285" WIDTH="33" HEIGHT="20" WC="0.93" CONTENT="att"/><SP WIDTH="22" VPOS="285" HPOS="295"/>
							<String ID="string_28" HPOS="317" VPOS="284" WIDTH="120" HEIGHT="22" WC="0.91" CONTENT="Ständerna"/><SP WIDTH="14" VPOS="284" HPOS="437"/>
							<String ID="string_29" HPOS="451" VPOS="285" WIDTH="68" HEIGHT="21" WC="0.96" CONTENT="måtte"/><SP WIDTH="19" VPOS="285" HPOS="519"/>
							<String ID="string_30" HPOS="538" VPOS="284" WIDTH="32" HEIGHT="22" WC="0.96" CONTENT="för"/><SP WIDTH="16" VPOS="284" HPOS="570"/>
							<String ID="string_31" HPOS="586" VPOS="285" WIDTH="41" HEIGHT="21" WC="0.96" CONTENT="den"/><SP WIDTH="17" VPOS="285" HPOS="627"/>
							<String ID="string_32" HPOS="644" VPOS="284" WIDTH="122" HEIGHT="28" WC="0.93" CONTENT="föreslagna"/><SP WIDTH="13" VPOS="284" HPOS="766"/>
							<String ID="string_33" HPOS="779" VPOS="285" WIDTH="169" HEIGHT="27" WC="0.91" CONTENT="jernvägsbygg-"/>
						</TextLine>
						<TextLine ID="line_6" HPOS="191" VPOS="318" WIDTH="759" HEIGHT="29">
							<String ID="string_34" HPOS="191" VPOS="318" WIDTH="72" HEIGHT="22" WC="0.95" CONTENT="naden"/><SP WIDTH="17" VPOS="318" HPOS="263"/>
							<String ID="string_35" HPOS="280" VPOS="319" WIDTH="74" HEIGHT="21" WC="0.95" CONTENT="anvisa"/><SP WIDTH="15" VPOS="319" HPOS="354"/>
							<String ID="string_36" HPOS="369" VPOS="319" WIDTH="26" HEIGHT="21" WC="0.96" CONTENT="de"/><SP WIDTH="16" VPOS="319" HPOS="395"/>
							<String ID="string_37" HPOS="411" VPOS="319" WIDTH="122" HEIGHT="27" WC="0.93" CONTENT="disponibla"/><SP WIDTH="15" VPOS="319" HPOS="533"/>
							<String ID="string_38" HPOS="548" VPOS="319" WIDTH="402" HEIGHT="28" WC="0.92" CONTENT="behällningarna"/><SP WIDTH="-216" VPOS="319" HPOS="950"/>
							<String ID="string_39" HPOS="734" VPOS="314" WIDTH="14" HEIGHT="38" WC="0.93" CONTENT="i"/><SP WIDTH="12" VPOS="314" HPOS="748"/>
							<String ID="string_40" HPOS="760" VPOS="319" WIDTH="190" HEIGHT="28" WC="0.92" CONTENT="kommunikations-"/>
						</TextLine>
						<TextLine ID="line_7" HPOS="191" VPOS="352" WIDTH="757" HEIGHT="28">
							<String ID="string_41" HPOS="191" VPOS="352" WIDTH="79" HEIGHT="22" WC="0.96" CONTENT="fonden"/><SP WIDTH="24" VPOS="352" HPOS="270"/>
							<String ID="string_42" HPOS="294" VPOS="353" WIDTH="68" HEIGHT="21" WC="0.93" CONTENT="under"/><SP WIDTH="22" VPOS="353" HPOS="362"/>
							<String ID="string_43" HPOS="384" VPOS="354" WIDTH="170" HEIGHT="26" WC="0.91" CONTENT="byggnadstiden"/><SP WIDTH="23" VPOS="354" HPOS="554"/>
							<String ID="string_44" HPOS="577" VPOS="356" WIDTH="56" HEIGHT="20" WC="0.96" CONTENT="samt"/><SP WIDTH="16" VPOS="356" HPOS="633"/>
							<String ID="string_45" HPOS="649" VPOS="355" WIDTH="111" HEIGHT="21" WC="0.95" CONTENT="dessutom"/><SP WIDTH="16" VPOS="355" HPOS="760"/>
							<String ID="string_46" HPOS="776" VPOS="354" WIDTH="72" HEIGHT="22" WC="0.95" CONTENT="ikläda"/><SP WIDTH="15" VPOS="354" HPOS="848"/>
							<String ID="string_47" HPOS="863" VPOS="354" WIDTH="33" HEIGHT="26" WC="0.93" CONTENT="sig"/><SP WIDTH="16" VPOS="354" HPOS="896"/>
							<String ID="string_48" HPOS="912" VPOS="360" WIDTH="36" HEIGHT="20" WC="0.92" CONTENT="ga-"/>
						</TextLine>
						<TextLine ID="line_8" HPOS="191" VPOS="387" WIDTH="757" HEIGHT="28">
							<String ID="string_49" HPOS="191" VPOS="387" WIDTH="56" HEIGHT="22" WC="0.90" CONTENT="ranti"/><SP WIDTH="16" VPOS="387" HPOS="247"/>
							<String ID="string_50" HPOS="263" VPOS="387" WIDTH="33" HEIGHT="22" WC="0.96" CONTENT="för"/><SP WIDTH="15" VPOS="387" HPOS="296"/>
							<String ID="string_51" HPOS="311" VPOS="389" WIDTH="32" HEIGHT="20" WC="0.93" CONTENT="ett"/><SP WIDTH="16" VPOS="389" HPOS="343"/>
							<String ID="string_52" HPOS="359" VPOS="388" WIDTH="91" HEIGHT="21" WC="0.91" CONTENT="statslån"/><SP WIDTH="16" VPOS="388" HPOS="450"/>
							<String ID="string_53" HPOS="466" VPOS="388" WIDTH="22" HEIGHT="21" WC="0.95" CONTENT="af"/><SP WIDTH="14" VPOS="388" HPOS="488"/>
							<String ID="string_54" HPOS="502" VPOS="388" WIDTH="98" HEIGHT="27" WC="0.93" CONTENT="omkring"/><SP WIDTH="16" VPOS="388" HPOS="600"/>
							<String ID="string_55" HPOS="616" VPOS="390" WIDTH="114" HEIGHT="25" WC="0.90" CONTENT="5,000,000"/><SP WIDTH="16" VPOS="390" HPOS="730"/>
							<String ID="string_56" HPOS="746" VPOS="389" WIDTH="66" HEIGHT="26" WC="0.96" CONTENT="mark,"/><SP WIDTH="12" VPOS="389" HPOS="812"/>
							<String ID="string_57" HPOS="824" VPOS="394" WIDTH="46" HEIGHT="16" WC="0.93" CONTENT="som"/><SP WIDTH="8" VPOS="394" HPOS="870"/>
							<String ID="string_58" HPOS="878" VPOS="388" WIDTH="70" HEIGHT="21" WC="0.92" CONTENT="blefve"/>
						</TextLine>
						<TextLine ID="line_9" HPOS="191" VPOS="421" WIDTH="757" HEIGHT="29">
							<String ID="string_59" HPOS="191" VPOS="422" WIDTH="76" HEIGHT="26" WC="0.92" CONTENT="nödigt"/><SP WIDTH="23" VPOS="422" HPOS="267"/>
							<String ID="string_60" HPOS="290" VPOS="423" WIDTH="33" HEIGHT="20" WC="0.96" CONTENT="att"/><SP WIDTH="18" VPOS="423" HPOS="323"/>
							<String ID="string_61" HPOS="341" VPOS="421" WIDTH="33" HEIGHT="22" WC="0.96" CONTENT="för"/><SP WIDTH="15" VPOS="421" HPOS="374"/>
							<String ID="string_62" HPOS="389" VPOS="422" WIDTH="123" HEIGHT="22" WC="0.93" CONTENT="ändamålet"/><SP WIDTH="15" VPOS="422" HPOS="512"/>
							<String ID="string_63" HPOS="527" VPOS="425" WIDTH="102" HEIGHT="25" WC="0.91" CONTENT="upptaga,"/><SP WIDTH="17" VPOS="425" HPOS="629"/>
							<String ID="string_64" HPOS="646" VPOS="422" WIDTH="110" HEIGHT="22" WC="0.95" CONTENT="äfvensom"/><SP WIDTH="16" VPOS="422" HPOS="756"/>
							<String ID="string_65" HPOS="772" VPOS="425" WIDTH="32" HEIGHT="19" WC="0.92" CONTENT="att"/><SP WIDTH="16" VPOS="425" HPOS="804"/>
							<String ID="string_66" HPOS="820" VPOS="422" WIDTH="128" HEIGHT="26" WC="0.90" CONTENT="Ständerna,"/>
						</TextLine>
						<TextLine ID="line_10" HPOS="191" VPOS="456" WIDTH="757" HEIGHT="28">
							<String ID="string_67" HPOS="191" VPOS="456" WIDTH="6" HEIGHT="21" WC="0.96" CONTENT="i"/><SP WIDTH="22" VPOS="456" HPOS="197"/>
							<String ID="string_68" HPOS="219" VPOS="456" WIDTH="105" HEIGHT="22" WC="0.96" CONTENT="händelse"/><SP WIDTH="23" VPOS="456" HPOS="324"/>
							<String ID="string_69" HPOS="347" VPOS="456" WIDTH="26" HEIGHT="22" WC="0.96" CONTENT="de"/><SP WIDTH="19" VPOS="456" HPOS="373"/>
							<String ID="string_70" HPOS="392" VPOS="457" WIDTH="96" HEIGHT="21" WC="0.96" CONTENT="önskade"/><SP WIDTH="16" VPOS="457" HPOS="488"/>
							<String ID="string_71" HPOS="504" VPOS="457" WIDTH="73" HEIGHT="22" WC="0.96" CONTENT="vidare"/><SP WIDTH="15" VPOS="457" HPOS="577"/>
							<String ID="string_72" HPOS="592" VPOS="458" WIDTH="185" HEIGHT="26" WC="0.95" CONTENT="undersökningar"/><SP WIDTH="15" VPOS="458" HPOS="777"/>
							<String ID="string_73" HPOS="792" VPOS="457" WIDTH="32" HEIGHT="22" WC="0.93" CONTENT="för"/><SP WIDTH="12" VPOS="457" HPOS="824"/>
							<String ID="string_74" HPOS="836" VPOS="457" WIDTH="112" HEIGHT="27" WC="0.91" CONTENT="jernvägs-"/>
						</TextLine>
						<TextLine ID="line_11" HPOS="191" VPOS="491" WIDTH="757" HEIGHT="27">
							<String ID="string_75" HPOS="191" VPOS="492" WIDTH="73" HEIGHT="20" WC="0.95" CONTENT="nätets"/><SP WIDTH="17" VPOS="492" HPOS="264"/>
							<String ID="string_76" HPOS="281" VPOS="491" WIDTH="155" HEIGHT="27" WC="0.96" CONTENT="utsträckning,"/><SP WIDTH="16" VPOS="491" HPOS="436"/>
							<String ID="string_77" HPOS="452" VPOS="492" WIDTH="68" HEIGHT="22" WC="0.93" CONTENT="måtte"/><SP WIDTH="17" VPOS="492" HPOS="520"/>
							<String ID="string_78" HPOS="537" VPOS="492" WIDTH="70" HEIGHT="21" WC="0.92" CONTENT="dertill"/><SP WIDTH="16" VPOS="492" HPOS="607"/>
							<String ID="string_79" HPOS="623" VPOS="492" WIDTH="61" HEIGHT="22" WC="0.96" CONTENT="anslå"/><SP WIDTH="15" VPOS="492" HPOS="684"/>
							<String ID="string_80" HPOS="699" VPOS="492" WIDTH="79" HEIGHT="26" WC="0.96" CONTENT="nödiga"/><SP WIDTH="14" VPOS="492" HPOS="778"/>
							<String ID="string_81" HPOS="792" VPOS="492" WIDTH="75" HEIGHT="24" WC="0.96" CONTENT="medel,"/><SP WIDTH="12" VPOS="492" HPOS="867"/>
							<String ID="string_82" HPOS="879" VPOS="491" WIDTH="7" HEIGHT="21" WC="0.92" CONTENT="i"/><SP WIDTH="10" VPOS="491" HPOS="886"/>
							<String ID="string_83" HPOS="896" VPOS="491" WIDTH="52" HEIGHT="21" WC="0.92" CONTENT="hvil-"/>
						</TextLine>
						<TextLine ID="line_12" HPOS="190" VPOS="524" WIDTH="758" HEIGHT="30">
							<String ID="string_84" HPOS="190" VPOS="526" WIDTH="38" HEIGHT="21" WC="0.96" CONTENT="ket"/><SP WIDTH="23" VPOS="526" HPOS="228"/>
							<String ID="string_85" HPOS="251" VPOS="524" WIDTH="102" HEIGHT="23" WC="0.93" CONTENT="afseende"/><SP WIDTH="22" VPOS="524" HPOS="353"/>
							<String ID="string_86" HPOS="375" VPOS="526" WIDTH="80" HEIGHT="22" WC="0.90" CONTENT="Eders"/><SP WIDTH="23" VPOS="526" HPOS="455"/>
							<String ID="string_87" HPOS="478" VPOS="526" WIDTH="152" HEIGHT="28" WC="0.96" CONTENT="Kejserliga"/><SP WIDTH="18" VPOS="526" HPOS="630"/>
							<String ID="string_88" HPOS="648" VPOS="527" WIDTH="129" HEIGHT="27" WC="0.96" CONTENT="Majestät"/><SP WIDTH="15" VPOS="527" HPOS="777"/>
							<String ID="string_89" HPOS="792" VPOS="526" WIDTH="108" HEIGHT="22" WC="0.96" CONTENT="meddelat"/><SP WIDTH="16" VPOS="526" HPOS="900"/>
							<String ID="string_90" HPOS="916" VPOS="527" WIDTH="32" HEIGHT="20" WC="0.96" CONTENT="att"/>
						</TextLine>
						<TextLine ID="line_13" HPOS="190" VPOS="560" WIDTH="757" HEIGHT="27">
							<String ID="string_91" HPOS="190" VPOS="560" WIDTH="23" HEIGHT="21" WC="0.96" CONTENT="af"/><SP WIDTH="14" VPOS="560" HPOS="213"/>
							<String ID="string_92" HPOS="227" VPOS="560" WIDTH="42" HEIGHT="22" WC="0.97" CONTENT="den"/><SP WIDTH="15" VPOS="560" HPOS="269"/>
							<String ID="string_93" HPOS="284" VPOS="560" WIDTH="49" HEIGHT="21" WC="0.93" CONTENT="utaf"/><SP WIDTH="14" VPOS="560" HPOS="333"/>
							<String ID="string_94" HPOS="347" VPOS="560" WIDTH="125" HEIGHT="27" WC="0.91" CONTENT="Ständerna,"/><SP WIDTH="16" VPOS="560" HPOS="472"/>
							<String ID="string_95" HPOS="488" VPOS="560" WIDTH="34" HEIGHT="22" WC="0.93" CONTENT="för"/><SP WIDTH="15" VPOS="560" HPOS="522"/>
							<String ID="string_96" HPOS="537" VPOS="561" WIDTH="134" HEIGHT="22" WC="0.92" CONTENT="bekostande"/><SP WIDTH="16" VPOS="561" HPOS="671"/>
							<String ID="string_97" HPOS="687" VPOS="560" WIDTH="23" HEIGHT="23" WC="0.93" CONTENT="af"/><SP WIDTH="13" VPOS="560" HPOS="710"/>
							<String ID="string_98" HPOS="723" VPOS="561" WIDTH="154" HEIGHT="21" WC="0.92" CONTENT="ofvannämnda"/><SP WIDTH="11" VPOS="561" HPOS="877"/>
							<String ID="string_99" HPOS="888" VPOS="561" WIDTH="59" HEIGHT="21" WC="0.93" CONTENT="kom-"/>
						</TextLine>
						<TextLine ID="line_14" HPOS="189" VPOS="594" WIDTH="759" HEIGHT="28">
							<String ID="string_100" HPOS="189" VPOS="594" WIDTH="91" HEIGHT="22" WC="0.96" CONTENT="mission"/><SP WIDTH="16" VPOS="594" HPOS="280"/>
							<String ID="string_101" HPOS="296" VPOS="594" WIDTH="109" HEIGHT="23" WC="0.95" CONTENT="äfvensom"/><SP WIDTH="16" VPOS="594" HPOS="405"/>
							<String ID="string_102" HPOS="421" VPOS="595" WIDTH="22" HEIGHT="22" WC="0.96" CONTENT="af"/><SP WIDTH="13" VPOS="595" HPOS="443"/>
							<String ID="string_103" HPOS="456" VPOS="596" WIDTH="165" HEIGHT="21" WC="0.96" CONTENT="instrumentala"/><SP WIDTH="16" VPOS="596" HPOS="621"/>
							<String ID="string_104" HPOS="637" VPOS="596" WIDTH="191" HEIGHT="26" WC="0.92" CONTENT="undersökningar,"/><SP WIDTH="18" VPOS="596" HPOS="828"/>
							<String ID="string_105" HPOS="846" VPOS="595" WIDTH="102" HEIGHT="27" WC="0.87" CONTENT="anslagna"/>
						</TextLine>
						<TextLine ID="line_15" HPOS="190" VPOS="629" WIDTH="758" HEIGHT="28">
							<String ID="string_106" HPOS="190" VPOS="635" WIDTH="85" HEIGHT="15" WC="0.95" CONTENT="summa"/><SP WIDTH="22" VPOS="635" HPOS="275"/>
							<String ID="string_107" HPOS="297" VPOS="629" WIDTH="23" HEIGHT="21" WC="0.93" CONTENT="af"/><SP WIDTH="23" VPOS="629" HPOS="320"/>
							<String ID="string_108" HPOS="343" VPOS="631" WIDTH="90" HEIGHT="26" WC="0.91" CONTENT="160,000"/><SP WIDTH="23" VPOS="631" HPOS="433"/>
							<String ID="string_109" HPOS="456" VPOS="630" WIDTH="67" HEIGHT="27" WC="0.96" CONTENT="mark,"/><SP WIDTH="19" VPOS="630" HPOS="523"/>
							<String ID="string_110" HPOS="542" VPOS="630" WIDTH="33" HEIGHT="22" WC="0.96" CONTENT="för"/><SP WIDTH="15" VPOS="630" HPOS="575"/>
							<String ID="string_111" HPOS="590" VPOS="630" WIDTH="124" HEIGHT="22" WC="0.96" CONTENT="ändamålet"/><SP WIDTH="16" VPOS="630" HPOS="714"/>
							<String ID="string_112" HPOS="730" VPOS="631" WIDTH="104" HEIGHT="21" WC="0.96" CONTENT="användts"/><SP WIDTH="16" VPOS="631" HPOS="834"/>
							<String ID="string_113" HPOS="850" VPOS="630" WIDTH="98" HEIGHT="26" WC="0.96" CONTENT="omkring"/>
						</TextLine>
						<TextLine ID="line_16" HPOS="191" VPOS="664" WIDTH="160" HEIGHT="26">
							<String ID="string_114" HPOS="191" VPOS="664" WIDTH="78" HEIGHT="26" WC="0.90" CONTENT="60,000"/><SP WIDTH="16" VPOS="664" HPOS="269"/>
							<String ID="string_115" HPOS="285" VPOS="664" WIDTH="66" HEIGHT="21" WC="0.96" CONTENT="mark."/>
						</TextLine>
					</TextBlock>
					<TextBlock ID="block_3" HPOS="185" VPOS="698" WIDTH="769" HEIGHT="544">
						<TextLine ID="line_17" HPOS="258" VPOS="698" WIDTH="688" HEIGHT="28">
							<String ID="string_116" HPOS="258" VPOS="698" WIDTH="45" HEIGHT="22" WC="0.96" CONTENT="Det"/><SP WIDTH="13" VPOS="698" HPOS="303"/>
							<String ID="string_117" HPOS="316" VPOS="698" WIDTH="106" HEIGHT="22" WC="0.96" CONTENT="särskilda"/><SP WIDTH="14" VPOS="698" HPOS="422"/>
							<String ID="string_118" HPOS="436" VPOS="699" WIDTH="92" HEIGHT="27" WC="0.96" CONTENT="utskott,"/><SP WIDTH="15" VPOS="699" HPOS="528"/>
							<String ID="string_119" HPOS="543" VPOS="699" WIDTH="33" HEIGHT="21" WC="0.96" CONTENT="till"/><SP WIDTH="16" VPOS="699" HPOS="576"/>
							<String ID="string_120" HPOS="592" VPOS="699" WIDTH="81" HEIGHT="22" WC="0.93" CONTENT="hvilket"/><SP WIDTH="17" VPOS="699" HPOS="673"/>
							<String ID="string_121" HPOS="690" VPOS="699" WIDTH="120" HEIGHT="22" WC="0.91" CONTENT="Ständerna"/><SP WIDTH="14" VPOS="699" HPOS="810"/>
							<String ID="string_122" HPOS="824" VPOS="699" WIDTH="8" HEIGHT="21" WC="0.96" CONTENT="i"/><SP WIDTH="14" VPOS="699" HPOS="832"/>
							<String ID="string_123" HPOS="846" VPOS="698" WIDTH="100" HEIGHT="22" WC="0.96" CONTENT="afseende"/>
						</TextLine>
						<TextLine ID="line_18" HPOS="190" VPOS="732" WIDTH="764" HEIGHT="29">
							<String ID="string_124" HPOS="190" VPOS="732" WIDTH="13" HEIGHT="21" WC="0.91" CONTENT="å"/><SP WIDTH="14" VPOS="732" HPOS="203"/>
							<String ID="string_125" HPOS="217" VPOS="732" WIDTH="158" HEIGHT="22" WC="0.96" CONTENT="förberedande"/><SP WIDTH="15" VPOS="732" HPOS="375"/>
							<String ID="string_126" HPOS="390" VPOS="733" WIDTH="130" HEIGHT="27" WC="0.93" CONTENT="behandling"/><SP WIDTH="14" VPOS="733" HPOS="520"/>
							<String ID="string_127" HPOS="534" VPOS="734" WIDTH="140" HEIGHT="22" WC="0.92" CONTENT="öfverlemnat"/><SP WIDTH="16" VPOS="734" HPOS="674"/>
							<String ID="string_128" HPOS="690" VPOS="734" WIDTH="145" HEIGHT="27" WC="0.93" CONTENT="föreliggande"/><SP WIDTH="16" VPOS="734" HPOS="835"/>
							<String ID="string_129" HPOS="851" VPOS="733" WIDTH="103" HEIGHT="27" WC="0.56" CONTENT="proposi--"/>
						</TextLine>
						<TextLine ID="line_19" HPOS="189" VPOS="766" WIDTH="757" HEIGHT="27">
							<String ID="string_130" HPOS="189" VPOS="766" WIDTH="52" HEIGHT="27" WC="0.96" CONTENT="tion,"/><SP WIDTH="24" VPOS="766" HPOS="241"/>
							<String ID="string_131" HPOS="265" VPOS="767" WIDTH="40" HEIGHT="21" WC="0.95" CONTENT="har"/><SP WIDTH="22" VPOS="767" HPOS="305"/>
							<String ID="string_132" HPOS="327" VPOS="767" WIDTH="141" HEIGHT="23" WC="0.93" CONTENT="underkastat"/><SP WIDTH="21" VPOS="767" HPOS="468"/>
							<String ID="string_133" HPOS="489" VPOS="768" WIDTH="133" HEIGHT="22" WC="0.92" CONTENT="förbemälda"/><SP WIDTH="22" VPOS="768" HPOS="622"/>
							<String ID="string_134" HPOS="644" VPOS="768" WIDTH="151" HEIGHT="22" WC="0.91" CONTENT="kommissions"/><SP WIDTH="15" VPOS="768" HPOS="795"/>
							<String ID="string_135" HPOS="810" VPOS="767" WIDTH="136" HEIGHT="23" WC="0.96" CONTENT="betänkande"/>
						</TextLine>
						<TextLine ID="line_20" HPOS="189" VPOS="801" WIDTH="756" HEIGHT="29">
							<String ID="string_136" HPOS="189" VPOS="807" WIDTH="28" HEIGHT="15" WC="0.96" CONTENT="en"/><SP WIDTH="14" VPOS="807" HPOS="217"/>
							<String ID="string_137" HPOS="231" VPOS="801" WIDTH="138" HEIGHT="27" WC="0.95" CONTENT="omsorgsfull"/><SP WIDTH="16" VPOS="801" HPOS="369"/>
							<String ID="string_138" HPOS="385" VPOS="802" WIDTH="137" HEIGHT="28" WC="0.93" CONTENT="granskning."/><SP WIDTH="30" VPOS="802" HPOS="522"/>
							<String ID="string_139" HPOS="552" VPOS="802" WIDTH="68" HEIGHT="22" WC="0.91" CONTENT="Deraf"/><SP WIDTH="14" VPOS="802" HPOS="620"/>
							<String ID="string_140" HPOS="634" VPOS="802" WIDTH="39" HEIGHT="22" WC="0.96" CONTENT="har"/><SP WIDTH="15" VPOS="802" HPOS="673"/>
							<String ID="string_141" HPOS="688" VPOS="802" WIDTH="102" HEIGHT="28" WC="0.96" CONTENT="framgått"/><SP WIDTH="15" VPOS="802" HPOS="790"/>
							<String ID="string_142" HPOS="805" VPOS="803" WIDTH="32" HEIGHT="20" WC="0.96" CONTENT="att"/><SP WIDTH="16" VPOS="803" HPOS="837"/>
							<String ID="string_143" HPOS="853" VPOS="802" WIDTH="41" HEIGHT="21" WC="0.93" CONTENT="den"/><SP WIDTH="17" VPOS="802" HPOS="894"/>
							<String ID="string_144" HPOS="911" VPOS="803" WIDTH="34" HEIGHT="19" WC="0.92" CONTENT="ut-"/>
						</TextLine>
						<TextLine ID="line_21" HPOS="188" VPOS="835" WIDTH="758" HEIGHT="29">
							<String ID="string_145" HPOS="188" VPOS="835" WIDTH="93" HEIGHT="27" WC="0.95" CONTENT="redning"/><SP WIDTH="14" VPOS="835" HPOS="281"/>
							<String ID="string_146" HPOS="295" VPOS="836" WIDTH="167" HEIGHT="22" WC="0.95" CONTENT="kommissionen"/><SP WIDTH="15" VPOS="836" HPOS="462"/>
							<String ID="string_147" HPOS="477" VPOS="836" WIDTH="155" HEIGHT="22" WC="0.96" CONTENT="åstadkommit"/><SP WIDTH="10" VPOS="836" HPOS="632"/>
							<String ID="string_148" HPOS="642" VPOS="836" WIDTH="112" HEIGHT="28" WC="0.96" CONTENT="angående"/><SP WIDTH="16" VPOS="836" HPOS="754"/>
							<String ID="string_149" HPOS="770" VPOS="836" WIDTH="26" HEIGHT="22" WC="0.96" CONTENT="de"/><SP WIDTH="11" VPOS="836" HPOS="796"/>
							<String ID="string_150" HPOS="807" VPOS="836" WIDTH="139" HEIGHT="21" WC="0.96" CONTENT="ekonomiska"/>
						</TextLine>
						<TextLine ID="line_22" HPOS="188" VPOS="869" WIDTH="757" HEIGHT="29">
							<String ID="string_151" HPOS="188" VPOS="869" WIDTH="157" HEIGHT="28" WC="0.95" CONTENT="förhållanden,"/><SP WIDTH="17" VPOS="869" HPOS="345"/>
							<String ID="string_152" HPOS="362" VPOS="876" WIDTH="46" HEIGHT="16" WC="0.96" CONTENT="som"/><SP WIDTH="15" VPOS="876" HPOS="408"/>
							<String ID="string_153" HPOS="423" VPOS="871" WIDTH="8" HEIGHT="21" WC="0.93" CONTENT="i"/><SP WIDTH="14" VPOS="871" HPOS="431"/>
							<String ID="string_154" HPOS="445" VPOS="870" WIDTH="153" HEIGHT="28" WC="0.90" CONTENT="hufvudsaklig"/><SP WIDTH="15" VPOS="870" HPOS="598"/>
							<String ID="string_155" HPOS="613" VPOS="872" WIDTH="52" HEIGHT="26" WC="0.93" CONTENT="grad"/><SP WIDTH="16" VPOS="872" HPOS="665"/>
							<String ID="string_156" HPOS="681" VPOS="871" WIDTH="88" HEIGHT="27" WC="0.91" CONTENT="betinga"/><SP WIDTH="15" VPOS="871" HPOS="769"/>
							<String ID="string_157" HPOS="784" VPOS="871" WIDTH="26" HEIGHT="21" WC="0.96" CONTENT="de"/><SP WIDTH="12" VPOS="871" HPOS="810"/>
							<String ID="string_158" HPOS="822" VPOS="870" WIDTH="57" HEIGHT="22" WC="0.93" CONTENT="olika"/><SP WIDTH="8" VPOS="870" HPOS="879"/>
							<String ID="string_159" HPOS="887" VPOS="870" WIDTH="58" HEIGHT="28" WC="0.90" CONTENT="jern-"/>
						</TextLine>
						<TextLine ID="line_23" HPOS="188" VPOS="904" WIDTH="757" HEIGHT="28">
							<String ID="string_160" HPOS="188" VPOS="904" WIDTH="155" HEIGHT="27" WC="0.92" CONTENT="vägsliniernas"/><SP WIDTH="23" VPOS="904" HPOS="343"/>
							<String ID="string_161" HPOS="366" VPOS="905" WIDTH="117" HEIGHT="27" WC="0.95" CONTENT="betydelse,"/><SP WIDTH="24" VPOS="905" HPOS="483"/>
							<String ID="string_162" HPOS="507" VPOS="906" WIDTH="42" HEIGHT="21" WC="0.95" CONTENT="kan"/><SP WIDTH="23" VPOS="906" HPOS="549"/>
							<String ID="string_163" HPOS="572" VPOS="912" WIDTH="64" HEIGHT="16" WC="0.96" CONTENT="anses"/><SP WIDTH="22" VPOS="912" HPOS="636"/>
							<String ID="string_164" HPOS="658" VPOS="912" WIDTH="52" HEIGHT="15" WC="0.96" CONTENT="vara"/><SP WIDTH="18" VPOS="912" HPOS="710"/>
							<String ID="string_165" HPOS="728" VPOS="906" WIDTH="26" HEIGHT="21" WC="0.96" CONTENT="så"/><SP WIDTH="14" VPOS="906" HPOS="754"/>
							<String ID="string_166" HPOS="768" VPOS="905" WIDTH="122" HEIGHT="27" WC="0.96" CONTENT="mångsidig"/><SP WIDTH="15" VPOS="905" HPOS="890"/>
							<String ID="string_167" HPOS="905" VPOS="904" WIDTH="40" HEIGHT="22" WC="0.96" CONTENT="och"/>
						</TextLine>
						<TextLine ID="line_24" HPOS="188" VPOS="938" WIDTH="757" HEIGHT="28">
							<String ID="string_168" HPOS="188" VPOS="938" WIDTH="133" HEIGHT="28" WC="0.95" CONTENT="fullständig,"/><SP WIDTH="16" VPOS="938" HPOS="321"/>
							<String ID="string_169" HPOS="337" VPOS="946" WIDTH="45" HEIGHT="15" WC="0.93" CONTENT="som"/><SP WIDTH="15" VPOS="946" HPOS="382"/>
							<String ID="string_170" HPOS="397" VPOS="939" WIDTH="214" HEIGHT="23" WC="0.89" CONTENT="förhandenvarande"/><SP WIDTH="15" VPOS="939" HPOS="611"/>
							<String ID="string_171" HPOS="626" VPOS="940" WIDTH="150" HEIGHT="22" WC="0.96" CONTENT="förhållanden"/><SP WIDTH="15" VPOS="940" HPOS="776"/>
							<String ID="string_172" HPOS="791" VPOS="940" WIDTH="7" HEIGHT="21" WC="0.96" CONTENT="i"/><SP WIDTH="16" VPOS="940" HPOS="798"/>
							<String ID="string_173" HPOS="814" VPOS="940" WIDTH="74" HEIGHT="21" WC="0.96" CONTENT="landet"/><SP WIDTH="16" VPOS="940" HPOS="888"/>
							<String ID="string_174" HPOS="904" VPOS="939" WIDTH="41" HEIGHT="21" WC="0.96" CONTENT="och"/>
						</TextLine>
						<TextLine ID="line_25" HPOS="188" VPOS="973" WIDTH="757" HEIGHT="29">
							<String ID="string_175" HPOS="188" VPOS="973" WIDTH="135" HEIGHT="27" WC="0.95" CONTENT="tillgängliga"/><SP WIDTH="22" VPOS="973" HPOS="323"/>
							<String ID="string_176" HPOS="345" VPOS="974" WIDTH="122" HEIGHT="22" WC="0.96" CONTENT="statistiska"/><SP WIDTH="23" VPOS="974" HPOS="467"/>
							<String ID="string_177" HPOS="490" VPOS="975" WIDTH="50" HEIGHT="21" WC="0.96" CONTENT="data"/><SP WIDTH="22" VPOS="975" HPOS="540"/>
							<String ID="string_178" HPOS="562" VPOS="975" WIDTH="38" HEIGHT="21" WC="0.93" CONTENT="det"/><SP WIDTH="21" VPOS="975" HPOS="600"/>
							<String ID="string_179" HPOS="621" VPOS="974" WIDTH="119" HEIGHT="28" WC="0.90" CONTENT="medgifvit,"/><SP WIDTH="23" VPOS="974" HPOS="740"/>
							<String ID="string_180" HPOS="763" VPOS="974" WIDTH="40" HEIGHT="22" WC="0.97" CONTENT="och"/><SP WIDTH="23" VPOS="974" HPOS="803"/>
							<String ID="string_181" HPOS="826" VPOS="976" WIDTH="32" HEIGHT="19" WC="0.96" CONTENT="att"/><SP WIDTH="19" VPOS="976" HPOS="858"/>
							<String ID="string_182" HPOS="877" VPOS="974" WIDTH="68" HEIGHT="21" WC="0.96" CONTENT="ehuru"/>
						</TextLine>
						<TextLine ID="line_26" HPOS="187" VPOS="1007" WIDTH="758" HEIGHT="29">
							<String ID="string_183" HPOS="187" VPOS="1008" WIDTH="79" HEIGHT="26" WC="0.96" CONTENT="många"/><SP WIDTH="15" VPOS="1008" HPOS="266"/>
							<String ID="string_184" HPOS="281" VPOS="1007" WIDTH="23" HEIGHT="22" WC="0.96" CONTENT="af"/><SP WIDTH="14" VPOS="1007" HPOS="304"/>
							<String ID="string_185" HPOS="318" VPOS="1008" WIDTH="27" HEIGHT="22" WC="0.96" CONTENT="de"/><SP WIDTH="15" VPOS="1008" HPOS="345"/>
							<String ID="string_186" HPOS="360" VPOS="1008" WIDTH="113" HEIGHT="28" WC="0.96" CONTENT="uppgifter,"/><SP WIDTH="17" VPOS="1008" HPOS="473"/>
							<String ID="string_187" HPOS="490" VPOS="1009" WIDTH="72" HEIGHT="21" WC="0.96" CONTENT="hvilka"/><SP WIDTH="14" VPOS="1009" HPOS="562"/>
							<String ID="string_188" HPOS="576" VPOS="1009" WIDTH="169" HEIGHT="21" WC="0.93" CONTENT="kommissionen"/><SP WIDTH="15" VPOS="1009" HPOS="745"/>
							<String ID="string_189" HPOS="760" VPOS="1009" WIDTH="86" HEIGHT="26" WC="0.91" CONTENT="lemnat,"/><SP WIDTH="13" VPOS="1009" HPOS="846"/>
							<String ID="string_190" HPOS="859" VPOS="1008" WIDTH="86" HEIGHT="27" WC="0.91" CONTENT="tillföljd"/>
						</TextLine>
						<TextLine ID="line_27" HPOS="187" VPOS="1042" WIDTH="757" HEIGHT="29">
							<String ID="string_191" HPOS="187" VPOS="1042" WIDTH="24" HEIGHT="22" WC="0.93" CONTENT="af"/><SP WIDTH="11" VPOS="1042" HPOS="211"/>
							<String ID="string_192" HPOS="222" VPOS="1042" WIDTH="229" HEIGHT="28" WC="0.92" CONTENT="primäruppgifternas"/><SP WIDTH="16" VPOS="1042" HPOS="451"/>
							<String ID="string_193" HPOS="467" VPOS="1044" WIDTH="180" HEIGHT="27" WC="0.90" CONTENT="otillförlitlighet,"/><SP WIDTH="17" VPOS="1044" HPOS="647"/>
							<String ID="string_194" HPOS="664" VPOS="1046" WIDTH="38" HEIGHT="19" WC="0.96" CONTENT="äro"/><SP WIDTH="8" VPOS="1046" HPOS="702"/>
							<String ID="string_195" HPOS="710" VPOS="1044" WIDTH="82" HEIGHT="21" WC="0.96" CONTENT="mindre"/><SP WIDTH="9" VPOS="1044" HPOS="792"/>
							<String ID="string_196" HPOS="801" VPOS="1042" WIDTH="143" HEIGHT="27" WC="0.96" CONTENT="användbara,"/>
						</TextLine>
						<TextLine ID="line_28" HPOS="187" VPOS="1076" WIDTH="758" HEIGHT="29">
							<String ID="string_197" HPOS="187" VPOS="1077" WIDTH="38" HEIGHT="21" WC="0.96" CONTENT="det"/><SP WIDTH="13" VPOS="1077" HPOS="225"/>
							<String ID="string_198" HPOS="238" VPOS="1076" WIDTH="120" HEIGHT="28" WC="0.96" CONTENT="framlagda"/><SP WIDTH="13" VPOS="1076" HPOS="358"/>
							<String ID="string_199" HPOS="371" VPOS="1078" WIDTH="121" HEIGHT="22" WC="0.96" CONTENT="materialet"/><SP WIDTH="16" VPOS="1078" HPOS="492"/>
							<String ID="string_200" HPOS="508" VPOS="1078" WIDTH="55" HEIGHT="22" WC="0.93" CONTENT="dock"/><SP WIDTH="15" VPOS="1078" HPOS="563"/>
							<String ID="string_201" HPOS="578" VPOS="1078" WIDTH="82" HEIGHT="22" WC="0.91" CONTENT="lemnar"/><SP WIDTH="15" VPOS="1078" HPOS="660"/>
							<String ID="string_202" HPOS="675" VPOS="1078" WIDTH="116" HEIGHT="27" WC="0.96" CONTENT="tillräcklig"/><SP WIDTH="18" VPOS="1078" HPOS="791"/>
							<String ID="string_203" HPOS="809" VPOS="1078" WIDTH="87" HEIGHT="26" WC="0.96" CONTENT="ledning"/><SP WIDTH="16" VPOS="1078" HPOS="896"/>
							<String ID="string_204" HPOS="912" VPOS="1079" WIDTH="33" HEIGHT="19" WC="0.96" CONTENT="att"/>
						</TextLine>
						<TextLine ID="line_29" HPOS="186" VPOS="1111" WIDTH="758" HEIGHT="28">
							<String ID="string_205" HPOS="186" VPOS="1112" WIDTH="50" HEIGHT="21" WC="0.96" CONTENT="med"/><SP WIDTH="16" VPOS="1112" HPOS="236"/>
							<String ID="string_206" HPOS="252" VPOS="1113" WIDTH="69" HEIGHT="20" WC="0.96" CONTENT="större"/><SP WIDTH="20" VPOS="1113" HPOS="321"/>
							<String ID="string_207" HPOS="341" VPOS="1112" WIDTH="101" HEIGHT="22" WC="0.96" CONTENT="säkerhet"/><SP WIDTH="17" VPOS="1112" HPOS="442"/>
							<String ID="string_208" HPOS="459" VPOS="1114" WIDTH="27" HEIGHT="20" WC="0.92" CONTENT="än"/><SP WIDTH="15" VPOS="1114" HPOS="486"/>
							<String ID="string_209" HPOS="501" VPOS="1112" WIDTH="107" HEIGHT="22" WC="0.91" CONTENT="tillförene"/><SP WIDTH="14" VPOS="1112" HPOS="608"/>
							<String ID="string_210" HPOS="622" VPOS="1112" WIDTH="57" HEIGHT="22" WC="0.96" CONTENT="varit"/><SP WIDTH="15" VPOS="1112" HPOS="679"/>
							<String ID="string_211" HPOS="694" VPOS="1112" WIDTH="84" HEIGHT="27" WC="0.96" CONTENT="möjligt"/><SP WIDTH="14" VPOS="1112" HPOS="778"/>
							<String ID="string_212" HPOS="792" VPOS="1111" WIDTH="110" HEIGHT="22" WC="0.96" CONTENT="fastställa"/><SP WIDTH="15" VPOS="1111" HPOS="902"/>
							<String ID="string_213" HPOS="917" VPOS="1112" WIDTH="27" HEIGHT="20" WC="0.95" CONTENT="de"/>
						</TextLine>
						<TextLine ID="line_30" HPOS="187" VPOS="1146" WIDTH="757" HEIGHT="28">
							<String ID="string_214" HPOS="187" VPOS="1146" WIDTH="108" HEIGHT="22" WC="0.96" CONTENT="allmänna"/><SP WIDTH="14" VPOS="1146" HPOS="295"/>
							<String ID="string_215" HPOS="309" VPOS="1146" WIDTH="113" HEIGHT="28" WC="0.96" CONTENT="principer,"/><SP WIDTH="10" VPOS="1146" HPOS="422"/>
							<String ID="string_216" HPOS="432" VPOS="1153" WIDTH="46" HEIGHT="15" WC="0.96" CONTENT="som"/><SP WIDTH="15" VPOS="1153" HPOS="478"/>
							<String ID="string_217" HPOS="493" VPOS="1147" WIDTH="53" HEIGHT="21" WC="0.96" CONTENT="böra"/><SP WIDTH="14" VPOS="1147" HPOS="546"/>
							<String ID="string_218" HPOS="560" VPOS="1148" WIDTH="64" HEIGHT="26" WC="0.96" CONTENT="göras"/><SP WIDTH="17" VPOS="1148" HPOS="624"/>
							<String ID="string_219" HPOS="641" VPOS="1147" WIDTH="99" HEIGHT="27" WC="0.96" CONTENT="gällande"/><SP WIDTH="16" VPOS="1147" HPOS="740"/>
							<String ID="string_220" HPOS="756" VPOS="1146" WIDTH="35" HEIGHT="22" WC="0.93" CONTENT="vid"/><SP WIDTH="9" VPOS="1146" HPOS="791"/>
							<String ID="string_221" HPOS="800" VPOS="1146" WIDTH="144" HEIGHT="22" WC="0.91" CONTENT="bestämman-"/>
						</TextLine>
						<TextLine ID="line_31" HPOS="187" VPOS="1181" WIDTH="757" HEIGHT="28">
							<String ID="string_222" HPOS="187" VPOS="1181" WIDTH="36" HEIGHT="21" WC="0.96" CONTENT="det"/><SP WIDTH="16" VPOS="1181" HPOS="223"/>
							<String ID="string_223" HPOS="239" VPOS="1181" WIDTH="23" HEIGHT="21" WC="0.96" CONTENT="af"/><SP WIDTH="14" VPOS="1181" HPOS="262"/>
							<String ID="string_224" HPOS="276" VPOS="1181" WIDTH="26" HEIGHT="21" WC="0.93" CONTENT="de"/><SP WIDTH="15" VPOS="1181" HPOS="302"/>
							<String ID="string_225" HPOS="317" VPOS="1181" WIDTH="237" HEIGHT="28" WC="0.91" CONTENT="hufvudsträckningar,"/><SP WIDTH="16" VPOS="1181" HPOS="554"/>
							<String ID="string_226" HPOS="570" VPOS="1182" WIDTH="73" HEIGHT="21" WC="0.96" CONTENT="hvilka"/><SP WIDTH="15" VPOS="1182" HPOS="643"/>
							<String ID="string_227" HPOS="658" VPOS="1182" WIDTH="73" HEIGHT="21" WC="0.96" CONTENT="kunna"/><SP WIDTH="15" VPOS="1182" HPOS="731"/>
							<String ID="string_228" HPOS="746" VPOS="1187" WIDTH="51" HEIGHT="16" WC="0.94" CONTENT="vara"/><SP WIDTH="16" VPOS="1187" HPOS="797"/>
							<String ID="string_229" HPOS="813" VPOS="1181" WIDTH="82" HEIGHT="27" WC="0.96" CONTENT="egnade"/><SP WIDTH="16" VPOS="1181" HPOS="895"/>
							<String ID="string_230" HPOS="911" VPOS="1182" WIDTH="33" HEIGHT="20" WC="0.96" CONTENT="att"/>
						</TextLine>
						<TextLine ID="line_32" HPOS="185" VPOS="1215" WIDTH="425" HEIGHT="27">
							<String ID="string_231" HPOS="185" VPOS="1215" WIDTH="51" HEIGHT="27" WC="0.95" CONTENT="ingå"/><SP WIDTH="14" VPOS="1215" HPOS="236"/>
							<String ID="string_232" HPOS="250" VPOS="1215" WIDTH="32" HEIGHT="21" WC="0.96" CONTENT="uti"/><SP WIDTH="17" VPOS="1215" HPOS="282"/>
							<String ID="string_233" HPOS="299" VPOS="1217" WIDTH="32" HEIGHT="20" WC="0.93" CONTENT="ett"/><SP WIDTH="15" VPOS="1217" HPOS="331"/>
							<String ID="string_234" HPOS="346" VPOS="1216" WIDTH="149" HEIGHT="21" WC="0.91" CONTENT="stambansnät"/><SP WIDTH="14" VPOS="1216" HPOS="495"/>
							<String ID="string_235" HPOS="509" VPOS="1217" WIDTH="7" HEIGHT="20" WC="0.96" CONTENT="i"/><SP WIDTH="15" VPOS="1217" HPOS="516"/>
							<String ID="string_236" HPOS="531" VPOS="1217" WIDTH="79" HEIGHT="20" WC="0.96" CONTENT="landet."/>
						</TextLine>
					</TextBlock>
					<TextBlock ID="block_4" HPOS="184" VPOS="1249" WIDTH="760" HEIGHT="131">
						<TextLine ID="line_33" HPOS="255" VPOS="1249" WIDTH="688" HEIGHT="28">
							<String ID="string_237" HPOS="255" VPOS="1249" WIDTH="77" HEIGHT="22" WC="0.92" CONTENT="Såsom"/><SP WIDTH="23" VPOS="1249" HPOS="332"/>
							<String ID="string_238" HPOS="355" VPOS="1250" WIDTH="149" HEIGHT="27" WC="0.92" CONTENT="allmängiltigt"/><SP WIDTH="21" VPOS="1250" HPOS="504"/>
							<String ID="string_239" HPOS="525" VPOS="1251" WIDTH="71" HEIGHT="21" WC="0.93" CONTENT="måste"/><SP WIDTH="23" VPOS="1251" HPOS="596"/>
							<String ID="string_240" HPOS="619" VPOS="1252" WIDTH="97" HEIGHT="25" WC="0.90" CONTENT="antagas,"/><SP WIDTH="18" VPOS="1252" HPOS="716"/>
							<String ID="string_241" HPOS="734" VPOS="1252" WIDTH="32" HEIGHT="19" WC="0.96" CONTENT="att"/><SP WIDTH="15" VPOS="1252" HPOS="766"/>
							<String ID="string_242" HPOS="781" VPOS="1250" WIDTH="68" HEIGHT="21" WC="0.96" CONTENT="under"/><SP WIDTH="14" VPOS="1250" HPOS="849"/>
							<String ID="string_243" HPOS="863" VPOS="1249" WIDTH="33" HEIGHT="22" WC="0.93" CONTENT="för"/><SP WIDTH="16" VPOS="1249" HPOS="896"/>
							<String ID="string_244" HPOS="912" VPOS="1249" WIDTH="31" HEIGHT="22" WC="0.93" CONTENT="öf-"/>
						</TextLine>
						<TextLine ID="line_34" HPOS="185" VPOS="1283" WIDTH="758" HEIGHT="28">
							<String ID="string_245" HPOS="185" VPOS="1283" WIDTH="43" HEIGHT="27" WC="0.91" CONTENT="rigt"/><SP WIDTH="15" VPOS="1283" HPOS="228"/>
							<String ID="string_246" HPOS="243" VPOS="1283" WIDTH="44" HEIGHT="22" WC="0.96" CONTENT="lika"/><SP WIDTH="14" VPOS="1283" HPOS="287"/>
							<String ID="string_247" HPOS="301" VPOS="1283" WIDTH="147" HEIGHT="23" WC="0.96" CONTENT="förhållanden"/><SP WIDTH="16" VPOS="1283" HPOS="448"/>
							<String ID="string_248" HPOS="464" VPOS="1291" WIDTH="26" HEIGHT="15" WC="0.96" CONTENT="en"/><SP WIDTH="16" VPOS="1291" HPOS="490"/>
							<String ID="string_249" HPOS="506" VPOS="1287" WIDTH="70" HEIGHT="19" WC="0.96" CONTENT="större"/><SP WIDTH="15" VPOS="1287" HPOS="576"/>
							<String ID="string_250" HPOS="591" VPOS="1285" WIDTH="124" HEIGHT="26" WC="0.95" CONTENT="folkmängd"/><SP WIDTH="16" VPOS="1285" HPOS="715"/>
							<String ID="string_251" HPOS="731" VPOS="1285" WIDTH="62" HEIGHT="21" WC="0.95" CONTENT="alltid"/><SP WIDTH="15" VPOS="1285" HPOS="793"/>
							<String ID="string_252" HPOS="808" VPOS="1284" WIDTH="55" HEIGHT="21" WC="0.88" CONTENT="skall"/><SP WIDTH="8" VPOS="1284" HPOS="863"/>
							<String ID="string_253" HPOS="871" VPOS="1283" WIDTH="72" HEIGHT="22" WC="0.90" CONTENT="föran-"/>
						</TextLine>
						<TextLine ID="line_35" HPOS="184" VPOS="1317" WIDTH="760" HEIGHT="29">
							<String ID="string_254" HPOS="184" VPOS="1317" WIDTH="50" HEIGHT="22" WC="0.96" CONTENT="leda"/><SP WIDTH="16" VPOS="1317" HPOS="234"/>
							<String ID="string_255" HPOS="250" VPOS="1324" WIDTH="26" HEIGHT="16" WC="0.95" CONTENT="en"/><SP WIDTH="16" VPOS="1324" HPOS="276"/>
							<String ID="string_256" HPOS="292" VPOS="1319" WIDTH="70" HEIGHT="21" WC="0.96" CONTENT="större"/><SP WIDTH="15" VPOS="1319" HPOS="362"/>
							<String ID="string_257" HPOS="377" VPOS="1318" WIDTH="70" HEIGHT="22" WC="0.94" CONTENT="trafik."/><SP WIDTH="31" VPOS="1318" HPOS="447"/>
							<String ID="string_258" HPOS="478" VPOS="1319" WIDTH="64" HEIGHT="22" WC="0.93" CONTENT="Olika"/><SP WIDTH="14" VPOS="1319" HPOS="542"/>
							<String ID="string_259" HPOS="556" VPOS="1319" WIDTH="232" HEIGHT="27" WC="0.91" CONTENT="förmögenhetsvilkor"/><SP WIDTH="15" VPOS="1319" HPOS="788"/>
							<String ID="string_260" HPOS="803" VPOS="1318" WIDTH="40" HEIGHT="22" WC="0.93" CONTENT="och"/><SP WIDTH="9" VPOS="1318" HPOS="843"/>
							<String ID="string_261" HPOS="852" VPOS="1317" WIDTH="92" HEIGHT="22" WC="0.91" CONTENT="hufvud-"/>
						</TextLine>
						<TextLine ID="line_36" HPOS="184" VPOS="1351" WIDTH="758" HEIGHT="29">
							<String ID="string_262" HPOS="184" VPOS="1352" WIDTH="103" HEIGHT="27" WC="0.95" CONTENT="näringar"/><SP WIDTH="15" VPOS="1352" HPOS="287"/>
							<String ID="string_263" HPOS="302" VPOS="1354" WIDTH="37" HEIGHT="20" WC="0.96" CONTENT="äro"/><SP WIDTH="17" VPOS="1354" HPOS="339"/>
							<String ID="string_264" HPOS="356" VPOS="1353" WIDTH="55" HEIGHT="21" WC="0.96" CONTENT="dock"/><SP WIDTH="15" VPOS="1353" HPOS="411"/>
							<String ID="string_265" HPOS="426" VPOS="1353" WIDTH="74" HEIGHT="22" WC="0.92" CONTENT="härvid"/><SP WIDTH="16" VPOS="1353" HPOS="500"/>
							<String ID="string_266" HPOS="516" VPOS="1353" WIDTH="132" HEIGHT="22" WC="0.92" CONTENT="inverkande"/><SP WIDTH="16" VPOS="1353" HPOS="648"/>
							<String ID="string_267" HPOS="664" VPOS="1353" WIDTH="185" HEIGHT="27" WC="0.96" CONTENT="omständigheter"/><SP WIDTH="11" VPOS="1353" HPOS="849"/>
							<String ID="string_268" HPOS="860" VPOS="1351" WIDTH="22" HEIGHT="22" WC="0.96" CONTENT="af"/><SP WIDTH="9" VPOS="1351" HPOS="882"/>
							<String ID="string_269" HPOS="891" VPOS="1352" WIDTH="51" HEIGHT="27" WC="0.96" CONTENT="vigt,"/>
						</TextLine>
					</TextBlock>
				</ComposedBlock>
			</PrintSpace>
		</Page>
	</Layout>
</alto>
