1028 1661
401 117 34 20 N:o
451 117 35 21 25.
763 119 25 20 19

137 179 19 20 2.
187 179 230 21 Bränvinstillverkare
434 179 39 21 och
489 180 222 26 destilleringsidkare
722 181 95 26 iakttage

67 212 38 21 ock
121 212 55 21 hvad
197 213 194 26 ordningsstadgan
412 219 34 15 om
466 214 63 21 deras
544 214 129 27 äligganden
688 215 129 20 bestämmer

67 248 55 19 samt
145 247 26 21 de
190 247 141 26 föreskrifter,
352 248 181 21 öfverkontrollör
552 249 66 24 eller.
624 249 119 26 kontrollör
759 249 6 20 i
782 255 35 15 en-

67 281 67 26 lighet
149 281 48 21 med
214 282 122 20 densamma
352 282 115 21 meddelar.

411 345 11 27 8
439 346 34 20 29.

138 385 41 20 Vid
203 385 139 26 uppmätning
364 385 39 21 och
421 385 100 27 profning
542 386 22 21 af
578 387 89 20 bränvin
683 393 38 20 ege
737 387 80 20 tillver-

67 419 58 26 kare,
147 426 45 14 som
212 419 38 21 bör
270 426 33 14 om
326 420 106 21 terminen
452 421 72 20 derför
540 421 144 26 underrättas,
702 421 50 26 sjelf
766 421 52 21 eller

67 460 76 21 genom
167 454 78 21 ombud
268 461 51 14 vara
338 455 113 23 tillstädes,
472 457 51 18 utan
542 457 33 19 att
590 455 55 21 dock
660 455 157 27 förrättningen

68 489 35 21 mä
118 489 33 21 för
167 489 53 20 hans
239 489 146 21 uteblifvande
405 489 104 22 inställas.
541 490 43 21 För
598 491 168 26 uppmätningen
782 490 36 21 be-

68 523 75 27 höfligt
158 523 276 27 handräckningsmanskap
446 524 55 21 skall
513 524 23 21 af
545 525 226 20 bränvinstillverkare
782 531 36 14 an-

68 557 87 21 skaffas.

410 587 12 27 $
438 588 35 20 30.

141 628 16 19 1.
189 627 42 21 Vid
250 627 40 20 den
309 627 138 26 förrättning,
468 634 45 14 som
531 628 5 20 i
552 628 180 26 nästföregående
747 627 12 27 &
774 632 45 16 om-

68 661 107 25 förmäles,
192 661 54 21 skall
262 662 70 20 såsom
349 662 67 20 vittne
432 664 92 18 närvara
540 668 26 14 en
582 662 6 20 i
603 664 60 18 orten
675 662 88 25 boende,
774 663 43 19 tro-

68 696 81 26 värdig,
165 696 6 20 i
188 696 69 25 skrif-,
274 696 38 20 och
328 696 133 21 räknekonst
477 696 81 26 kunnig
573 703 84 20 person,
674 696 86 21 hvilken
775 696 42 20 för-

69 730 45 20 står
137 732 31 18 att
192 730 74 26 profva
287 730 39 21 och
345 732 58 19 mäta
423 731 89 20 bränvin
532 733 56 18 samt
607 730 49 27 sjelf
670 731 47 20 icke
732 730 85 21 utöfvar

70 765 244 26 bränvinstillverkning.
346 764 81 22 Sådant
450 766 68 20 vittne
541 768 60 18 utses
621 766 57 20 inom
697 764 122 28 september

70 799 75 21 månad
165 799 87 27 årligen,
273 800 33 20 för
327 800 58 20 tiden
406 800 46 20 från
469 800 40 21 och
524 800 48 20 med
589 800 40 20 den
647 801 24 19 15
687 799 132 27 förstderpå-

69 833 95 27 följande
185 834 90 21 oktober
298 834 32 21 till
352 834 38 21 och
409 834 48 21 med
478 834 41 21 den
536 836 25 20 15
577 835 41 26 maj
635 836 46 19 äret
696 833 99 26 derefter,
811 833 8 21 i

69 868 48 20 stad
133 868 22 21 af
170 868 195 26 stadsfullmäktige
381 869 58 25 eller,
456 870 38 20 der
510 870 80 20 sädane
606 870 17 26 ej
640 869 73 25 finnas,
725 868 35 21 vid
771 868 48 21 räd-

69 903 132 21 husstämma
217 903 38 21 och
271 904 27 26 pä
313 904 73 20 landet
402 903 22 21 af
438 903 209 21 kommunalnämnd.

142 938 18 20 2.
191 937 9 21 I
213 938 40 20 fall
270 938 99 26 antingen
387 938 67 20 vittne
470 938 48 20 icke
533 938 73 26 väljes,
621 938 51 20 eller
682 938 59 20 valdt
751 937 68 21 vittne

70 972 84 26 uteblir,
179 978 37 20 ege
237 972 120 21 kontrollör
377 975 32 18 att
429 972 59 21 kalla
504 979 69 14 annan
590 972 87 27 lämplig
692 978 78 21 person
786 971 32 21 till

69 1006 74 21 vittne.

143 1042 18 20 3.
192 1041 73 21 Vittne
282 1041 100 27 bestyrke
398 1041 68 21 under
478 1042 57 26 edlig
545 1041 134 27 förpligtelse
689 1040 131 27 riktigheten

70 1075 22 21 af
107 1076 130 20 kontrollörs
254 1076 237 26 tillverkningsjournal
507 1076 55 21 hvad
578 1076 66 26 angär
664 1076 25 20 de
704 1074 115 28 uppgifter,

71 1115 45 15 som
132 1110 58 26 ligga
206 1110 31 21 till
248 1110 70 26 grund
328 1109 34 22 för
373 1110 163 21 bestämmande
546 1110 23 21 af
578 1110 122 21 bränvinets
712 1108 107 22 kannetal.

141 1145 19 20 4.
192 1145 9 20 I
218 1144 99 21 afseende
333 1144 12 21 å
360 1145 60 20 tiden
436 1144 33 21 för
485 1145 89 20 vittnets
586 1146 89 19 närvaro
686 1143 39 22 och
736 1142 84 22 biträde

71 1178 34 21 vid
131 1178 98 21 bränneri
253 1179 39 20 och
315 1179 37 20 der
373 1178 108 27 befintligt
501 1179 106 26 nederlag,
627 1179 62 20 ställe
705 1178 32 26 sig
753 1177 67 21 vittne

70 1213 32 20 till
126 1213 144 21 efterrättelse
293 1213 55 21 hvad
371 1213 198 26 ordningsstadgan
591 1213 118 21 innehäller
731 1211 40 22 och
794 1211 26 20 de

71 1247 141 26 föreskrifter,
224 1247 147 21 kontrollören
385 1247 8 20 i
407 1247 97 26 enlighet
514 1247 48 21 med
573 1247 122 20 densamma
705 1245 115 22 meddelar.

143 1283 19 19 5.
192 1282 42 21 Vid
249 1281 131 27 förrättning
396 1282 6 20 i
418 1282 103 21 bränneri
536 1281 118 21 tillkomme
669 1281 68 21 vittne
752 1280 7 21 i
770 1280 51 26 dag-

71 1316 143 21 traktamente
237 1318 33 19 tre
292 1316 67 21 mark.
390 1312 30 25 Är
442 1316 70 21 vittne
534 1316 35 21 vid
588 1316 99 21 bränneri
705 1316 29 26 pä
748 1314 73 22 landet

71 1351 73 21 bosatt
159 1351 28 26 pä
205 1357 45 15 mer
270 1353 26 18 än
316 1357 26 15 en
362 1352 70 19 versts
448 1350 88 22 afständ
551 1350 100 26 derifrän,
667 1350 80 21 erhälle
762 1348 59 21 dess-

72 1386 59 19 utom
151 1385 22 20 af
190 1385 226 20 bränvinstillverkare
436 1385 103 26 enskildt,
559 1385 119 20 möbleradt
703 1389 48 15 rum
773 1382 48 21 med

71 1421 72 19 värme
160 1419 39 21 och
214 1419 130 26 upplysning
355 1419 117 26 äfvensom,
484 1419 55 21 efter
550 1421 48 24 eget
608 1419 40 26 val,
656 1418 103 29 antingen
771 1417 49 20 hus-
