1028 1661
291 116 28 22 U.
327 102 35 36 B.
378 129 26 3 —
421 116 73 28 Prop.
509 116 42 23 N:o
567 116 37 22 29.
771 117 28 20 53

68 179 119 21 verkställa
208 179 117 27 hållskjuts
347 179 40 21 och
423 179 93 22 sålunda
532 179 50 22 med
599 179 104 22 afseende
719 179 14 20 å
749 179 80 27 skjuts-

70 213 63 27 legan
150 213 19 27 ej
186 213 87 21 komma
287 215 34 20 att
335 213 31 22 bli
381 213 33 22 till
430 213 72 28 någon
517 215 70 25 tunga
601 213 35 22 för
650 213 28 22 de
693 213 134 27 skjutnings-

70 247 106 28 skyldige.
208 247 49 21 Men
281 247 106 27 derjemte
409 247 72 22 beslöt
506 247 109 22 utskottet
638 249 34 20 att
689 247 37 22 vid
748 248 82 21 sådana

70 283 66 25 vägar
151 281 82 21 inrätta
251 287 16 15 s.
284 281 21 21 k.
325 281 131 27 postgärdar
471 281 35 22 för
521 283 90 25 postens
626 281 203 22 frambefordrande

69 316 28 27 på
111 316 144 21 kommunens
271 315 123 22 bekostnad
409 317 60 20 emot
483 316 23 21 af
520 316 85 21 kronan
619 315 129 28 åtnjutande
766 316 63 22 enkel

70 350 111 22 fastställd
204 349 127 28 skjutslega.
364 350 42 27 Jag
430 352 47 20 tror
496 351 33 21 att
544 351 33 20 ett
591 350 79 22 sådant
685 350 145 27 särskiljande

71 385 19 27 ej
113 384 87 22 medför
223 384 71 28 någon
316 384 77 27 fördel,
411 386 55 20 utan
481 386 96 20 tvärtom
592 384 103 28 möjligen
711 384 70 22 ökade
796 386 33 20 ut-

71 418 65 28 gifter
152 418 34 22 för
202 418 27 23 de
245 418 238 29 skjutsningsskyldige
498 418 41 23 och
554 425 61 16 mera
628 418 77 23 arbete
720 418 23 22 åt
754 418 77 22 veder-

71 453 104 22 börande.
202 453 42 27 Jag
259 459 65 16 anser
339 454 33 21 att
387 459 27 16 en
429 453 113 28 postgård,
558 459 47 16 som
621 453 34 22 för
665 453 44 22 alla
720 453 48 22 sina
777 452 53 28 ålig-

72 487 86 27 ganden
180 487 85 27 uppbär
281 487 64 22 enkel
361 487 129 28 skjutslega,
506 487 109 22 måkända
629 487 51 22 vida
694 487 79 22 lättare
789 487 42 22 blir

72 528 26 15 en
114 521 70 22 börda
201 521 34 22 för
249 521 161 28 kommunerne,
427 523 28 20 än
470 528 35 15 om
515 523 91 26 postens
616 521 148 28 framforsling
774 523 58 20 emot

71 555 63 22 enkel
154 555 120 27 skjutslega
294 555 72 22 såsom
385 562 26 15 en
429 555 127 28 skyldighet
581 555 70 27 ålagts
673 555 158 22 reserv-statio-

73 596 73 18 nerna,
162 589 73 22 hvilka
250 590 71 21 såsom
336 592 93 24 nämnts,
451 596 42 21 ega
507 592 45 20 rätt
571 592 33 20 att
620 590 35 22 för
672 596 71 16 annan
762 589 70 28 skjuts

73 624 99 28 uppbära
186 624 7 22 i
209 624 98 28 enlighet
329 624 49 22 med
394 624 27 22 de
442 624 37 22 vid
494 624 119 22 auktionen
636 624 79 28 gjorda
729 624 101 22 anbuden

74 660 64 26 högst
160 659 80 22 dubbel
261 659 126 27 skjutslega.
418 659 44 22 Vid
477 659 44 22 alla
537 659 27 22 de
579 660 74 26 vägar,
669 659 40 22 der
723 665 50 15 man
788 658 43 22 kan

72 694 84 21 förutse
178 695 33 20 att
225 694 108 27 postgång
362 694 101 26 inrättas,
483 694 69 22 finnes
567 694 68 21 redan
650 694 28 27 på
692 694 93 21 förhand
801 693 31 22 åt-

72 728 108 21 minstone
205 728 198 21 reserv-stationer.
433 728 41 22 Om
497 734 30 15 nu
549 734 27 16 en
599 734 27 22 ny
652 728 133 27 postanstalt
800 728 31 21 in-

73 762 98 22 rättades
194 762 151 28 någonstädes,
374 762 76 26 borde,
474 763 69 27 enligt
566 762 50 22 mitt
638 762 88 28 förslag,
750 768 83 16 reserv-

73 797 135 21 stationerna
238 798 52 20 utan
317 796 75 22 vidare
423 796 34 22 dit
480 796 159 22 frambefordra
666 798 85 26 posten.
784 796 50 22 Men

73 837 41 20 om,
129 832 33 20 för
178 831 41 21 den
241 831 104 21 händelse
368 832 33 20 att
415 831 122 22 utskottets
559 831 82 27 förslag
660 831 72 22 blefve
747 831 42 28 lag,
805 837 27 22 ny

73 865 142 27 postforsling
230 865 85 22 komme
337 866 34 21 att
385 865 94 22 inrättas
494 865 14 22 å
522 865 83 22 sådana
620 867 73 26 vägar,
709 865 36 22 vid
760 865 75 22 hvilka

73 900 37 22 det
136 899 69 23 finnes
229 900 197 26 reserv-stationer,
449 900 70 22 måste
546 900 104 28 antingen
668 900 50 22 med
733 900 101 27 bringan-

78 934 38 22 det
133 934 7 21 i
165 934 168 27 verkställighet
347 934 24 22 af
385 934 41 22 den
449 941 43 20 nya
511 934 136 28 postgången
664 935 63 21 anstå
744 934 33 22 till
794 934 42 22 den

75 968 40 27 tid,
130 968 29 22 då
176 968 123 22 ordnandet
314 968 55 28 ånyo
385 968 34 22 för
434 968 43 22 fem
493 969 24 21 år
528 969 81 21 framåt
620 969 24 21 af
655 969 181 27 gästgifverierne

76 1009 26 15 m.
119 1009 35 20 m.,
170 1002 92 27 infaller,
285 1002 52 22 eller
362 1003 40 21 och
425 1003 102 27 samtlige
551 1003 163 23 vederbörande
738 1004 97 21 länsmän

78 1037 40 21 och
135 1037 81 21 ombud
232 1037 34 21 för
281 1037 155 22 kommunerne
457 1037 168 22 sammankallas
643 1038 34 21 till
695 1039 32 20 ett
748 1038 89 21 urtima-

76 1072 160 21 sammanträde
261 1072 35 21 för
317 1074 34 19 att
365 1072 88 22 besluta
468 1078 35 16 om
518 1072 136 22 inrättandet
668 1072 23 21 af
704 1072 132 27 postgårdar

77 1106 39 21 och
141 1107 90 26 postens
252 1106 175 26 framforslande,
449 1112 51 16 men
522 1106 40 21 allt
584 1106 62 21 detta
666 1112 51 15 vore
732 1107 32 20 ett
779 1107 58 20 stort

77 1140 40 21 och
138 1140 91 27 onödigt
251 1140 78 22 besvär
352 1140 33 22 för
408 1140 173 22 vederbörande.
611 1140 30 21 Af
655 1140 64 22 dessa
733 1140 49 21 skäl
797 1146 36 15 an-

78 1174 70 21 håller
160 1174 40 27 jag
217 1176 33 20 att
263 1175 22 21 få
299 1175 35 21 till
344 1175 27 22 de
382 1175 66 22 ärade
459 1175 105 22 ståndens
576 1175 159 28 godkännande
748 1174 89 22 föreslå:

285 1211 33 20 att
329 1209 26 22 de
365 1210 10 21 i
384 1209 257 23 utskottsbetänkandets
660 1211 8 24 $
678 1210 17 21 2
705 1209 131 22 omnämnde

213 1244 165 28 postgärdarne
405 1244 69 28 blefve
502 1244 148 22 bortlemnade
675 1243 40 23 och
736 1245 33 20 att
791 1243 47 22 der-

217 1280 55 20 emot
294 1279 222 22 reserv-stationerne
539 1279 74 22 älades
636 1280 32 20 att
695 1279 56 21 emot
775 1277 64 22 enkel

217 1312 121 29 skjutslega
353 1313 165 28 frambefordra
529 1315 88 26 posten.

495 1366 6 7 .
588 1353 23 24 P.
627 1352 143 33 Leppänen.

157 1490 125 19 Sammansatta
294 1491 45 23 Lag-
353 1491 30 18 och
395 1491 179 18 Ekonomiutskottets
587 1491 105 18 betänkande
705 1491 34 17 N:o
752 1491 16 17 4.
