1028 1664
408 128 33 21 N:o
458 129 31 20 18.
767 129 26 19 27

70 197 83 27 päförd,
170 198 31 21 uti
217 197 175 27 räkenskaperna
408 197 103 21 afkortas.
535 197 49 21 Men
599 196 99 22 inträffar
710 196 114 21 dödsfallet

73 232 54 21 efter
143 232 39 21 den
202 234 7 19 1
227 232 51 25 Juli,
295 233 88 25 utgöres
399 232 193 26 bevillningsafgift
607 231 33 21 för
656 231 50 21 fullt
722 231 30 20 år.

143 267 46 20 Har
205 267 69 26 någon
290 266 71 21 blifvit
376 266 28 27 pä
419 273 45 14 mer
480 269 27 18 än
523 273 25 14 en
564 269 34 18 ort
610 266 32 21 för
654 272 82 15 samma
748 265 75 26 fastig-

71 301 37 22 het
123 301 52 21 eller
190 301 94 21 inkomst
300 301 89 21 taxerad
403 301 38 20 och
454 302 89 20 rättelse
557 301 127 20 härutinnan
698 301 38 20 hos
750 300 73 21 veder-

72 336 95 21 börande
182 335 191 28 pröfningsnämnd
390 335 45 21 icke
451 336 118 22 utverkats,
585 342 50 14 vare
652 335 122 26 berättigad
790 336 32 19 att

71 370 34 21 för
120 371 77 20 honom
214 370 91 21 sälunda
320 371 57 20 orätt
393 370 77 27 päförd
486 370 116 26 bevillning
615 370 53 21 söka
680 369 124 22 restitution
817 369 6 20 i

72 405 49 26 laga
143 407 49 24 väg;
217 405 38 20 och
278 411 38 20 ege
336 405 67 25 några
422 404 88 27 afgifter
526 405 32 20 för
574 404 146 21 embetsverks
737 403 86 27 expedi-

73 439 70 21 tioner
160 439 5 20 i
183 439 80 20 sädana
279 439 41 20 mäl
337 439 46 20 icke
400 445 52 14 rum.

419 502 11 27 $
446 503 34 20 64.

145 543 9 20 I
171 542 100 21 afseende
287 542 12 21 &
313 542 105 26 uppbörd,
434 542 144 26 inleverering
594 542 39 21 och
649 542 137 25 redovisning
802 541 23 21 af

73 577 236 25 bevillningsagifterna
332 578 56 19 samt
411 577 166 25 anmärkningar
602 578 44 18 mot
664 576 160 20 vederbörande

73 611 158 27 uppbördsmän
249 610 110 26 angäende
374 610 34 21 för
421 611 61 25 ringa
494 611 111 20 debiterad
617 610 123 26 bevillning,
754 610 70 20 äfven-

73 652 45 14 som
142 645 142 21 ätersökande
304 644 22 22 af
344 645 56 20 hvad
416 645 214 27 bevillningsskyldig
646 645 108 20 förmenar
770 645 32 25 sig
818 644 6 20 i

73 680 92 21 berörda
181 680 120 20 hänseende
317 680 62 20 hafva
396 679 70 21 blifvit
482 680 24 20 af
520 680 159 26 uppbördsman
695 679 33 21 för
742 679 83 27 mycket

73 714 87 27 päfördt
176 714 46 21 med
239 720 64 20 mera,
319 714 56 26 gälle
391 714 55 20 hvad
462 714 111 26 angäende
589 714 68 26 öfriga
671 712 154 28 kronoutlagor

73 751 24 19 är
113 749 106 26 stadgadt.
251 748 59 21 Dock
327 748 20 21 fä
363 748 63 21 dessa
443 749 197 25 bevillningsmedel
652 748 46 22 icke
711 749 6 20 i
732 748 92 20 kronans

73 784 147 26 räkenskaper
247 784 186 20 sammanblandas
457 784 49 20 med
530 784 66 20 andra
619 784 106 20 allmänna
749 782 74 21 medel,

73 820 51 18 utan
141 818 53 20 böra
209 818 104 20 särskildt
329 818 115 20 redovisas.

420 881 10 27 8
447 882 34 20 65.

145 921 63 21 Hvad
225 921 103 21 särskildt
343 921 67 26 angär
426 922 128 26 uppbörden
570 921 21 21 af
607 921 39 21 den
663 921 162 26 näringsbevill-

72 956 58 26 ning,
147 956 114 20 utländske
277 956 120 20 handlande
414 956 48 20 med
477 955 52 22 flere
545 956 66 26 enligt
626 956 10 27 $
653 957 27 20 60
695 958 37 18 äro
749 955 77 21 under-

74 990 96 26 kastade,
194 990 82 26 åligger
299 990 36 21 det
358 990 85 26 enhvar,
468 997 47 14 som
536 991 38 20 bör
590 990 57 27 dylik
664 990 62 26 afgift
742 992 83 24 utgöra,

74 1027 38 23 att,
129 1025 24 20 sä
169 1027 60 18 snart
245 1025 40 20 den
302 1025 70 20 deruti
389 1025 114 21 bestämda
519 1025 75 21 termin
611 1025 23 21 af
648 1028 32 18 tre
692 1025 67 26 dagar
772 1024 54 21 efter

74 1059 52 21 hans
135 1059 100 21 ankomst
243 1059 32 21 till
284 1059 73 21 landet
365 1058 97 26 förflutit,
474 1060 32 20 till
516 1062 108 18 närmaste
638 1059 188 27 kronouppbörds-

73 1100 48 14 man
139 1094 86 26 erlägga
241 1093 116 21 etthundra
373 1094 61 26 tjugu
451 1094 62 20 mark
526 1094 33 20 för
573 1094 128 26 rättigheten
715 1096 33 18 att
760 1094 67 20 under

74 1134 26 14 en
116 1128 88 20 mänads
220 1128 31 20 tid
268 1128 51 20 idka
335 1128 83 26 handel,
435 1128 39 20 och
491 1128 55 21 skall
562 1128 65 21 sädan
641 1128 126 25 handlande,
780 1128 47 20 der-

73 1164 34 19 est
130 1162 40 20 han
194 1162 55 21 efter
269 1162 92 20 nämnda
379 1163 43 20 tids
443 1162 86 27 förlopp
546 1163 72 21 vidare
634 1163 35 20 vill
686 1168 82 15 samma
784 1164 43 18 rätt

73 1196 80 26 utöfva,
178 1197 32 20 till
234 1203 81 14 samma
337 1197 129 26 tjensteman
491 1198 57 20 inom
568 1198 36 20 det
624 1198 40 25 län,
681 1198 37 20 der
735 1198 41 20 han
793 1196 34 21 vid

74 1231 182 26 betalningstiden
273 1232 32 26 sig
322 1231 131 27 uppehäller,
470 1232 128 26 ytterligare
613 1232 139 21 förskottsvis
769 1231 58 21 inbe-

73 1266 45 20 tala
141 1266 112 20 enahanda
275 1266 62 26 afgift
360 1266 33 20 för
412 1272 26 14 en
458 1266 79 21 mänäd
560 1266 6 21 i
586 1267 81 20 sender.
699 1266 60 21 Dock
778 1272 50 14 vare

74 1300 41 20 han
132 1300 122 26 berättigad
270 1302 37 23 att,
329 1306 33 15 om
383 1300 41 21 han
441 1301 24 20 sä
482 1301 86 25 önskar,
584 1301 87 26 erlägga
686 1300 143 21 omförmälda

73 1333 64 27 afgift
152 1334 28 26 pä
194 1341 26 14 en
236 1334 56 26 gång
307 1334 139 21 förskottsvis
462 1335 36 20 för
514 1335 50 21 flere
580 1335 106 22 månader,
709 1334 65 21 likväl
790 1334 38 20 all-

75 1368 30 21 tid
123 1368 32 21 för
171 1368 38 21 full
226 1369 84 20 månad.

147 1398 64 25 Öfver
227 1403 40 20 den
289 1403 81 21 skedda
389 1403 162 27 inbetalningen
572 1404 38 20 bör
626 1403 202 27 uppbördsmannen

74 1437 70 20 lemna
163 1438 119 25 gvittenser
300 1438 13 20 å
329 1437 85 26 tryckta
434 1437 130 27 blanketter,
580 1444 44 14 som
641 1438 6 20 i
664 1437 47 20 män
728 1437 22 20 af
765 1437 66 20 behof
