1034 1664
221 121 13 21 2

193 186 51 22 dess
267 186 68 22 första
355 186 58 22 sidor
428 186 128 22 meddelade
570 186 119 28 förklaring
706 186 92 22 rörande
815 186 91 22 orsaken
921 187 32 21 till

193 220 37 22 det
253 220 23 22 af
296 220 117 22 ständerna
435 221 113 22 anmärkta
568 221 152 25 förhållandet,
737 222 33 20 att
785 221 68 21 ehuru
868 221 83 22 brutto-

191 255 148 22 inkomsterne
349 255 23 22 af
380 255 364 28 Helsingfors—Tavastehus—S:t
754 256 132 26 Petersburg
894 256 57 27 jern-

191 292 43 25 väg
248 290 29 26 pä
292 291 32 20 ett
338 290 114 28 glädjande
468 293 45 19 sätt
528 291 68 27 stigit,
610 291 210 21 nettoinkomsterna
830 290 23 22 af
861 290 91 22 trafiken

191 324 57 22 varit
270 324 64 27 högst
355 325 61 27 ringa
436 325 39 21 och
493 325 39 21 allt
546 325 55 21 ifrän
617 326 25 20 är
658 326 56 20 1872
730 324 78 22 stadda
823 324 7 22 i
843 325 54 27 jemt
912 324 39 22 fal-

191 358 70 27 lande,
285 365 63 15 anser
371 359 32 27 sig
425 360 115 21 Utskottet
562 360 54 21 böra
631 359 104 22 särskildt
750 359 97 22 relevera
862 359 67 27 nägra
944 360 7 21 i

191 393 124 22 utlätandet
329 393 89 23 anförda
433 394 177 27 omstädigheter.

261 427 99 22 Komitön
376 428 130 22 framställer
522 428 13 22 &
550 428 40 22 sid.
607 430 85 20 70—72
708 428 107 22 särskilda
828 427 79 28 förslag
918 428 33 21 till

190 462 104 22 reformer
308 462 7 22 i
331 462 101 23 afseende
448 463 13 21 å
475 462 158 28 förvaltningen
649 463 41 21 och
704 462 153 27 trafikeringen
867 462 23 22 af
898 462 51 22 Hel-

190 497 322 27 singfors—Tavastehus—S:t
522 498 132 26 Petersburg
662 498 98 26 jernväg.
775 497 73 27 Några
856 497 23 21 af
886 497 64 21 dessa

190 538 65 21 synas
274 532 113 21 Utskottet
410 532 92 28 förtjena
525 532 107 27 synnerlig
653 532 198 27 uppmärksamhet.
882 531 29 22 Sä
925 533 24 20 är

189 566 63 22 fallet
266 566 49 22 med
330 566 109 28 förslaget,
456 569 33 19 att
503 566 201 28 hufvudräkningen
720 566 70 22 blefve
805 566 24 22 sä
839 566 108 27 uppstäld,

190 603 34 19 att
246 600 42 22 den
302 601 82 21 lemnar
399 607 26 15 en
441 600 145 28 öfverskädlig
601 601 45 21 bild
660 600 23 22 af
697 601 49 21 hela
759 600 188 28 jernvägsaffären.

188 636 11 21 I
219 635 101 22 afseende
339 636 53 21 härä
407 636 113 21 anmärker
535 636 95 21 komitén
646 636 7 21 i
668 636 125 25 motiverna,
810 637 32 19 att
858 635 89 21 hufvud-

189 670 92 27 räkning
296 670 22 21 af
331 670 137 22 kamreraren
485 670 90 27 afgifves
587 670 77 22 endast
675 670 59 22 öfver
742 670 129 28 jernvägens
883 672 64 19 stats-

188 705 77 26 anslag
280 704 40 22 och
336 704 107 28 tillfälliga
457 705 119 21 inkomster
592 707 56 19 samt
664 704 58 22 öfver
738 704 124 27 utgifterna,
874 704 40 22 och
925 707 23 19 är

189 740 71 21 denna
281 739 91 27 räkning
394 740 97 26 sälunda,
515 740 28 26 pä
563 741 45 20 sätt
628 740 42 21 den
688 739 77 21 hittills
787 739 117 27 uppgjorts,
921 745 26 15 en

187 773 139 27 redovisning
348 773 188 28 hufvudsakligast
551 773 60 22 öfver
625 774 150 21 användandet
790 773 22 21 af
820 773 127 22 statsansla-

188 811 38 24 get
240 808 33 21 för
287 808 53 26 äret,
355 808 8 21 i
379 808 72 22 stället
465 808 33 22 för
514 810 32 20 att
562 808 41 21 den
619 808 67 22 borde
702 810 97 25 upptaga
814 808 41 21 alla
865 808 82 22 inkom-

188 844 46 20 ster
249 842 47 22 frän
311 842 40 22 och
367 842 88 28 utgifter
469 843 34 22 för
515 843 125 27 jernvägen,
656 843 138 27 hvarigenom
804 842 143 22 nettobehäll-

187 877 80 27 ningen
292 876 23 22 af
338 876 89 23 trafiken
453 881 77 23 genast
554 878 78 26 tydligt
657 878 69 20 skulle
753 876 96 22 framstå.
879 872 67 27 Äfven

187 912 213 27 Jernvägsstyrelsen
415 918 63 16 anser
493 912 7 21 i
516 912 38 21 sitt
569 912 100 27 yttrande
686 912 37 20 det
738 912 101 26 önskligt,
856 913 32 19 att
904 911 43 21 hit-

186 946 99 21 hörande
307 946 134 27 stadganden
465 946 31 22 uti
519 946 41 22 den
582 945 34 22 för
634 946 212 27 Jernvägsstyrelsen
863 945 41 22 den
919 947 26 19 25

186 980 45 22 Juli
257 982 52 20 1877
330 980 113 22 utfärdade
466 981 132 21 instruktion
617 980 73 22 kunde
712 981 77 21 ändras
811 980 87 26 derhän,
915 982 32 19 att

186 1014 119 28 utgifterna
319 1014 56 28 finge
390 1015 108 22 bestridas
511 1016 50 21 med
576 1014 218 27 trafikinkomsterne,
805 1016 23 26 ty
839 1014 28 22 dä
877 1014 69 22 skulle

186 1049 110 27 sjelffallet
315 1049 41 21 alla
374 1050 119 21 inkomster
511 1050 41 21 och
568 1049 89 27 utgifter
672 1050 52 26 ingä
738 1050 6 20 i
762 1055 80 15 samma
855 1048 91 22 hufvud-

186 1084 44 21 bok
246 1086 56 24 samt
316 1084 115 22 resultatet
446 1084 22 22 af
482 1084 92 22 affärens
590 1084 138 22 verksamhet
744 1083 33 22 för
791 1083 80 21 enhvar
884 1083 61 28 tydli-

186 1124 42 21 gen
248 1118 89 27 framgä.
356 1130 28 3 —
400 1119 113 21 Utskottet
529 1124 63 16 anser
609 1119 61 21 detta
685 1118 82 26 förslag
782 1118 53 21 böra
851 1117 23 21 af
887 1120 58 19 stän-

186 1152 68 22 derna
275 1152 124 22 framhällas
422 1153 31 22 till
477 1153 138 27 regeringens
635 1152 238 28 uppmärksammande,
889 1152 57 22 helst

185 1187 116 22 Utskottet
315 1188 8 21 i
337 1188 39 21 sitt
391 1188 138 21 betänkande
545 1187 40 22 N:o
602 1189 11 20 9
630 1187 112 28 angäende
758 1187 188 21 finansrelationen

184 1221 48 22 haft
248 1221 115 28 anledning
378 1225 33 18 att
425 1223 84 26 päpeka
524 1222 109 27 ätskilliga
644 1222 173 27 oegentligheter
827 1221 6 21 i
844 1221 101 22 afseende

184 1256 14 21 å
213 1256 140 27 bokföringen
370 1257 59 22 öfver
441 1258 149 27 jernvägarne.

255 1291 78 21 Vidare
355 1291 92 22 föreslår
469 1291 101 26 komiten,
595 1293 33 20 att
646 1290 215 28 Jernvägsstyrelsen
875 1289 70 22 skulle

183 1325 121 27 berättigas
328 1327 33 20 att
379 1326 7 21 i
401 1325 175 22 förekommande
590 1325 38 22 fall
644 1325 41 22 och
702 1325 56 22 efter
773 1325 32 26 sig
820 1323 125 23 företeende

183 1360 186 27 omständigheter
390 1360 79 27 bevilja
492 1360 139 27 nedsättning
654 1361 13 20 &
684 1360 26 21 de
726 1360 7 21 i
748 1359 129 22 trafiktaxan
891 1358 54 22 fast-

184 1394 72 21 stälda
276 1395 75 26 priser,
372 1395 96 26 emedan,
485 1395 72 21 såsom
572 1395 96 21 komiten
684 1395 6 21 i
707 1394 47 21 sina
770 1393 90 22 motiver
875 1395 69 25 säger,

182 1427 89 27 mänget
286 1429 83 21 tillfälle
385 1429 33 21 till
433 1429 95 22 inkomst
543 1429 42 21 kan
601 1435 51 15 vara
668 1428 109 24 beroende
791 1427 24 22 af
823 1429 32 20 ett
866 1427 79 27 skynd-

254 1467 148 18 Statsutskottets
415 1467 117 19 betänkande
544 1468 36 17 N:o
593 1469 27 16 15.
