1023 1661
256 123 81 23 Ständ.
353 125 37 22 Sv.
412 137 19 3 —
449 125 72 28 Prop.
537 126 40 22 N:o
593 126 35 21 26.

344 358 130 26 Finlands
510 359 142 25 Ständers
683 358 140 26 underdå-

274 399 63 32 niga
361 406 67 17 svar
447 399 6 24 i
473 399 118 32 anledning
610 400 27 25 af
652 400 57 25 Hans
729 400 94 31 Kejser-

274 439 46 32 liga
338 439 116 31 Majestäts
473 439 81 31 nådiga
571 441 136 30 proposition
725 439 97 32 angåen-

276 479 26 24 de
321 479 116 25 införande
456 479 27 24 af
499 479 238 32 länsrepresentation.

139 546 244 27 Stormäktigste,
398 546 226 28 Allernådigste
640 547 122 28 Kejsare

326 580 52 22 och
394 580 180 22 Storfurste!

138 638 71 22 Sedan
224 638 102 22 Finlands
346 638 22 22 år
385 638 53 22 1877
455 638 126 22 församlade
598 638 89 23 Ständer
702 639 32 22 uti
749 639 74 21 under-

68 672 64 29 dånig
155 672 111 22 skrifvelse
288 672 120 26 framhållit,
432 672 103 22 hurusom
557 673 99 22 behofvet
678 673 23 22 af
714 675 31 20 ett
759 680 64 21 organ

69 707 32 22 för
124 707 40 21 den
186 706 165 28 medborgerliga
373 706 158 29 sjelfstyrelsen,
547 707 83 22 hvilket
645 707 114 23 omfattade
774 707 50 21 flere

69 742 126 21 kommuner
217 741 39 22 och
278 740 32 22 för
325 741 47 21 dem
388 741 145 29 möjliggjorde
549 744 31 20 ett
594 742 97 22 inbördes
707 742 117 22 samarbete

68 777 7 21 i
92 776 68 29 frågor
176 776 22 21 af
211 783 121 21 gemensam
347 778 37 24 art,
403 776 37 22 allt
455 776 105 28 tydligare
575 776 126 22 framträdde
717 778 55 20 samt
788 776 36 21 hu-

69 811 83 22 ruledes
168 810 118 22 Ständerna
304 810 128 22 beträffande
448 810 36 22 det
499 810 126 22 territoriela
639 810 94 22 området
747 810 33 22 för
794 810 30 21 in-

69 845 136 22 stitutionens
221 844 135 22 verksamhet
376 846 74 24 ansett,
466 846 31 20 att
513 853 26 13 en
555 845 88 21 samfäld
659 844 165 29 representation

69 880 23 22 af
112 880 50 21 flere
184 879 126 22 kommuner
333 879 46 21 icke
394 879 63 22 borde
472 879 153 28 ifrågakomma
640 879 31 22 för
685 879 83 22 mindre
783 886 42 14 om-

69 914 50 22 råde
134 919 26 17 än
176 915 63 25 länet,
255 914 38 21 har
308 913 82 22 Eders
405 913 160 29 Kejserliga
579 913 137 30 Majestät,
733 913 49 22 med
796 913 29 23 bi-

68 949 37 22 fall
128 949 33 21 till
176 948 128 22 Ständernas
322 948 76 22 'derom
415 948 73 28 gjorda
504 948 104 26 anhållan,
625 948 35 23 vid
675 948 68 22 denna
758 948 66 22 landt-

70 984 40 28 dag
124 983 68 22 täckts
208 983 104 28 förelägga
328 982 118 23 Ständerna
461 983 65 29 nådig
536 983 129 29 proposition
676 983 108 29 angående
794 982 31 22 in-

70 1018 86 21 förande
172 1017 23 22 af
208 1017 217 29 länsrepresentation.

138 1052 44 21 För
204 1054 30 20 att
256 1060 53 20 egna
332 1052 56 22 detta
403 1052 79 28 vigtiga
497 1052 112 28 lagförslag
624 1052 40 22 den
679 1050 146 30 omsorgsfulla

71 1086 105 29 pröfning,
198 1094 44 14 som
262 1086 115 22 detsamma
397 1086 61 26 kräft,
474 1087 56 21 hade
545 1086 66 22 likväl
627 1086 111 22 erfordrats
753 1086 72 27 längre

69 1120 38 26 tid,
123 1125 26 17 än
165 1119 124 27 Ständerna,
305 1121 73 22 hvilka
391 1120 79 29 jemväl
486 1121 46 22 haft
547 1123 30 20 att
585 1121 116 28 handlägga
711 1128 26 14 en
748 1119 77 29 mängd

70 1155 65 22 andra
157 1155 182 28 magtpåliggande
362 1155 98 26 ärenden,
482 1156 84 21 kunnat
581 1155 22 22 åt
617 1155 132 28 lagförslaget
764 1161 60 22 egna,

69 1189 98 23 hvarföre
183 1189 119 22 Ständerna
316 1190 88 29 nödgats
419 1190 41 22 låta
476 1190 74 29 frågan
565 1198 34 14 om
615 1189 108 22 införande
737 1188 23 23 af
773 1189 53 21 läns-

70 1224 167 29 representation
253 1224 32 22 för
300 1224 68 22 denna
382 1225 55 28 gång
451 1225 94 26 förfalla;
562 1225 39 22 och
615 1224 22 22 få
653 1224 117 22 Ständerna
780 1223 45 22 här-

70 1267 35 14 om
120 1259 38 22 hos
173 1259 87 22 Eders
274 1259 155 29 Kejserliga
444 1259 131 29 Majestät
589 1259 8 22 i
612 1258 167 29 underdånighet
789 1265 35 14 an-

72 1293 62 22 mäla.

138 1333 104 22 Finlands
258 1334 90 22 Ständer
363 1334 119 22 framhärda
499 1337 38 20 ete.

139 1379 140 28 Helsingfors,
296 1380 40 21 den
352 1381 12 20 2
380 1380 54 22 Juni
451 1381 62 21 1882.

199 1454 116 23 Helsingfors,
326 1455 16 17 J.
358 1455 65 18 Simelii
437 1456 98 22 arfvingars
548 1456 81 22 tryckeri,
646 1456 47 17 1882.
