1028 1664
229 125 26 20 66
433 123 23 22 U.
473 124 23 22 B.
513 137 26 3 —
556 125 65 28 Prop.
637 124 38 23 N:o
690 123 36 23 24.

198 191 173 26 vattenqvarnar,
387 190 28 27 på
429 191 31 21 ett
476 190 85 23 afstånd
576 190 24 23 af
613 192 56 20 2—4
682 190 37 21 mil
730 189 47 23 från
786 190 106 22 hvardera
901 191 54 22 ban-

198 224 152 27 sträckningen
366 225 41 21 blir
421 225 124 22 resultatet:

266 259 41 22 Vid
329 259 234 28 Kuopio—Davidstad
582 259 76 22 linien:
680 261 11 20 6
706 259 104 28 jernbruk
825 259 40 22 och
880 259 75 22 meka-

197 293 48 23 nisk
264 293 103 22 verkstad
382 305 28 4 —
425 295 41 20 910
485 294 111 26 arbetare;
621 295 10 20 1
649 293 191 23 tändsticksfabrik
854 295 28 20 84
897 294 55 26 arb.;

198 331 25 18 15
239 327 117 28 garfverier
368 330 28 20 40
412 328 56 27 arb.;
484 331 13 18 4
513 328 162 27 tegelslagerier
690 330 27 20 64
733 329 55 26 arb.;
805 330 13 20 2
832 328 122 27 kalkugnar

197 365 26 19 18
239 363 56 26 arb.;
311 365 12 20 5
340 363 123 22 brännerier
478 365 27 20 54
521 363 55 26 arb.;
593 365 12 19 5
622 363 146 27 ölbryggerier
783 364 27 20 34
825 363 55 26 arb.;
892 364 12 19 2
913 363 39 21 mi-

195 396 205 23 neralvattenfabrik
416 399 11 20 5
444 397 55 27 arb.;
513 399 9 20 1
535 397 113 28 ljusfabrik
659 399 12 20 3
682 397 57 27 arb.;
752 399 9 20 1
774 397 178 28 benmjölsstamp

196 435 11 18 5
224 432 45 21 arb.
300 431 87 22 Summa
404 433 60 25 1,217
481 432 106 21 arbetare.

263 466 42 22 Vid
320 466 218 27 Uleäborg—Nurmo
552 466 76 22 linien:
644 467 12 20 2
671 466 101 27 jernverk
788 466 39 22 och
838 466 112 22 mekanisk

194 501 103 22 verkstad
313 503 26 20 66
355 501 55 27 arb.;
434 504 12 19 3
462 501 192 22 tändsticksfabrik
675 503 27 20 77
718 501 56 26 arb.;
793 503 25 20 12
834 501 117 27 garfverier

194 537 27 20 28
237 535 56 27 arb.;
318 538 9 19 1
348 535 130 22 läderfabrik
498 537 28 20 90
542 536 55 26 arb.;
619 538 9 19 1
647 535 111 22 skofabrik
773 537 26 20 75
815 535 56 27 arb.;
887 537 13 20 2
915 537 34 20 te-

194 570 139 27 gelslagerier
348 572 26 20 55
391 571 55 26 arb.;
464 573 8 19 1
490 569 135 23 kakelfahrik
642 572 12 19 6
671 570 56 27 arb.;
744 571 12 20 9
772 570 124 22 brännerier
907 572 41 20 159

194 605 54 26 arb.;
273 607 26 19 10
322 605 145 27 ölbryggerier
490 607 25 19 63
536 605 55 26 arb.;
615 606 12 20 2
647 605 201 27 benmjölsstampar
863 607 12 19 5
891 605 56 26 arb.;

194 642 10 19 1
221 639 109 27 ångqvarn
346 640 27 20 22
389 639 55 27 arb.;
461 641 12 20 6
489 639 175 22 tobaksfabriker
679 640 42 20 254
736 639 56 26 arb.;
809 641 11 20 3
836 639 111 22 beckbruk

194 675 25 20 12
235 673 55 27 arb.;
307 675 10 20 1
335 673 102 27 glasbruk
453 675 27 20 20
496 674 44 22 arb.
571 673 87 22 Summa
675 675 42 20 932
730 673 106 22 arbetare.

260 703 18 27 Ä
293 708 107 22 hvardera
415 709 64 21 linien
495 711 23 19 är
533 708 85 22 säledes
634 709 42 21 den
691 708 127 22 industriela
837 708 109 22 verksam-

191 743 64 21 heten
279 743 82 27 ganska
382 743 67 27 ringa.
479 743 49 22 Men
546 749 34 16 om
600 749 49 15 man
664 743 148 26 ihägkommer
827 742 56 21 hvad
899 749 46 15 som

191 777 61 22 ofvan
268 779 61 25 sagts
345 783 34 16 om
391 777 137 28 jernbruken,
547 779 56 20 samt
618 777 105 28 derjemte
738 777 89 22 beaktar
842 779 33 19 att
889 777 7 21 i
913 776 30 22 of-

190 812 134 21 vannämnda
339 817 83 16 summa
435 811 35 22 för
484 812 85 27 Kuopio
584 811 64 22 linien
662 811 62 28 ingår
734 811 137 22 Huutokoski
881 811 62 26 bruk,

189 847 48 21 med
253 848 42 20 700
310 847 106 26 arbetare,
431 847 83 21 hvilket
528 847 55 20 bruk
598 847 67 20 sedan
680 846 68 27 nägra
764 845 24 22 är
802 845 67 28 ligger
884 852 57 19 nere,

187 881 95 26 framgår
297 881 137 26 obestridligt
448 882 39 25 att,
504 881 24 21 sä
543 881 119 27 obetydligt
678 880 42 21 den
735 880 7 21 i
757 880 33 27 sig
806 879 49 28 sjelf
868 883 27 18 än
911 882 31 24 är,

187 915 107 22 industrin
314 915 13 21 &
345 909 175 28 Österbottniska
542 915 70 22 banan
631 915 41 21 bör
690 915 86 21 komma
790 916 33 20 att
837 921 58 15 mera
910 915 32 21 bi-

188 949 68 27 draga
270 949 33 22 till
315 949 192 28 jernvägstrafiken
524 952 26 19 än
566 950 12 21 &
593 949 86 28 Kuopio
694 949 76 22 banan.

255 983 29 22 Af
297 984 39 21 allt
351 984 38 21 det
404 984 67 27 sagda
485 984 93 27 framgär
593 984 86 21 säledes
695 985 105 26 otvunget
815 985 32 20 att
859 984 18 27 ej
889 984 52 21 alle-

186 1020 49 19 nast
250 1019 41 21 den
307 1019 159 26 genomgående
481 1021 52 20 utan
549 1018 61 22 äfven
625 1018 151 22 lokaltrafiken
792 1019 13 21 &
816 1018 39 22 den
867 1014 74 26 Öster-

186 1053 110 22 bottniska
311 1053 40 22 bör
370 1053 65 22 blifva
450 1055 70 20 större
536 1055 26 20 än
579 1053 13 21 ä
606 1053 86 27 Kuopio
708 1053 71 21 linien.
809 1053 46 21 Den
871 1053 70 21 förras

185 1089 70 20 större
269 1090 62 25 nytta
346 1087 33 22 för
394 1088 32 21 sin
441 1088 99 22 landsdel
554 1088 40 21 och
610 1087 63 22 alltså
689 1087 63 22 äfven
766 1087 33 22 för
809 1087 49 33 hela
867 1087 73 22 landet

185 1128 62 22 synes
263 1122 84 22 derföre
363 1123 132 27 obestridlig.

252 1157 32 22 En
301 1157 161 27 omständighet
479 1157 40 22 bör
534 1157 55 22 dock
607 1157 75 21 härvid
698 1159 58 19 ännu
770 1158 116 26 yttermera
901 1157 38 22 be-

184 1191 68 22 aktas.
283 1191 31 22 På
329 1191 30 22 tal
375 1197 33 16 om
423 1191 162 28 folkmängdens
595 1193 60 20 stora
664 1191 112 27 betydelse
786 1190 34 23 för
826 1191 113 28 jernvägs-

183 1225 90 22 trafiken
289 1225 40 22 har
344 1226 59 21 såväl
418 1226 165 22 kommissionen
600 1232 46 15 som
662 1226 109 21 utskottet
780 1225 115 22 framhållit
905 1228 35 19 att

182 1260 197 27 företagsamheten
399 1261 41 21 och
458 1260 326 28 förmögenhetsförhållandena
800 1260 40 21 hos
855 1259 83 22 befolk-

182 1295 78 26 ningen
276 1301 51 15 vore
346 1294 23 22 af
382 1295 135 27 synnerligen
536 1297 47 19 stor
597 1295 119 27 betydelse.
746 1294 62 22 Hvad
824 1293 41 22 den
880 1293 58 22 förra

181 1328 85 22 faktorn
281 1329 133 22 vidkommer
423 1329 63 22 torde
496 1329 34 22 väl
540 1325 207 30 Österbottningens
758 1329 69 21 större
839 1327 50 22 drift
897 1328 40 21 och

180 1363 105 27 rörlighet
299 1363 88 22 framför
401 1363 155 25 Savolaksaren
572 1363 50 28 föga
636 1363 74 22 kunna
720 1363 145 26 ifrågasättas.
896 1363 40 21 Om

179 1397 161 27 förmögenhets
363 1397 161 22 förhållandena
546 1397 33 22 får
595 1404 49 15 man
664 1404 27 15 en
707 1397 120 27 ungefärlig
841 1397 45 21 bild
901 1402 35 16 om

179 1438 48 15 man
242 1432 103 21 besinnar
360 1434 34 19 att
408 1433 6 21 i
430 1433 34 22 S:t
478 1432 90 22 Michels
584 1432 40 22 och
640 1432 86 28 Kuopio
742 1432 35 21 län
790 1432 41 21 den
841 1431 48 22 lösa
898 1431 37 22 be-

246 1471 190 23 Jernvägsutskottets
448 1471 117 18 betänkande
576 1473 37 17 N:o
624 1473 16 16 1.
