1020 1661
408 127 34 21 N:o
459 127 34 21 26.
774 128 22 19 11

76 196 41 20 och
140 196 98 20 meddela
258 196 125 20 densamma
398 195 145 21 ordföranden
559 195 39 21 och
614 196 100 26 samtliga
729 194 98 22 länsfull-

77 230 102 27 mäktige.

150 264 41 21 Till
211 264 36 21 det
269 264 101 27 länsting,
387 270 45 15 som
449 264 55 21 efter
519 264 129 21 utfärdande
665 264 23 20 af
702 264 69 20 denna
787 263 42 20 för-

79 298 91 27 ordning
193 298 54 21 först
269 298 75 27 hålles,
367 298 103 21 insändas
490 298 108 27 förslagen
614 298 32 21 till
662 298 80 27 tingets
759 297 70 21 ordfö-

78 333 74 22 rande.

151 367 25 27 Ej
192 368 35 19 må
243 373 69 14 annan
328 373 27 20 ny
370 367 68 26 fråga,
455 369 28 18 än
499 367 48 27 den,
564 373 44 14 som
624 367 70 20 blifvit
703 367 26 26 på
737 373 29 14 nu
774 366 55 21 före-

79 402 91 21 skrifvet
186 403 44 19 sätt
245 401 69 26 väckt,
330 401 86 21 komma
431 401 68 21 under
516 401 128 27 länstingets
661 401 168 26 öfverläggning,

79 436 76 22 såvida
170 436 76 26 frågan
262 435 46 21 icke
323 435 70 22 blifvit
409 435 23 21 af
446 435 105 22 Senatens
564 436 267 25 Ekonomiedepartement

80 471 34 21 till
129 471 69 26 tinget
213 470 135 27 hänskjuten,
365 470 53 21 eller
433 470 101 21 härleder
549 471 33 26 sig
597 470 49 21 från
656 470 39 21 och
706 470 124 21 står
758 466 10 35 i
776 470 54 21 sam-

79 505 109 26 manhang
203 505 48 21 med
268 507 30 18 ett
313 505 57 20 förut
386 505 6 20 i
408 505 91 26 behörig
510 505 92 26 ordning
612 505 123 20 framstäldt
743 504 88 27 förslag,

81 540 54 20 eller
150 540 40 20 ock
205 539 121 21 föranledes
342 539 23 21 af
379 545 76 15 senare
471 539 103 21 inträffad
589 539 103 21 händelse
708 539 39 21 och
763 539 23 19 af
795 539 36 19 två

81 574 131 26 tredjedelar
228 574 23 20 af
264 574 128 26 länstingets
409 574 71 20 såsom
489 574 134 20 närvarande
632 573 133 21 antecknade
774 572 57 21 med-

81 608 89 21 lemmar
193 608 116 21 förklarats
333 614 51 15 vara
406 608 24 20 af
450 608 41 20 den
514 608 155 27 beskaffenhet,
688 610 33 18 att
736 607 41 21 den
792 606 39 21 bör

82 644 112 25 upptagas.

426 672 11 26 8
454 672 33 20 36.

153 711 31 20 På
200 711 236 26 föredragningslistan,
452 717 46 14 som
519 712 5 19 i
542 711 195 26 samlingsrummet
752 710 79 26 anslås,

81 745 103 27 uppföras
207 745 77 21 främst
303 745 25 21 de
348 745 80 27 frågor,
444 751 46 15 som
505 745 72 22 blifvit
592 745 22 21 af
629 745 104 21 Senatens
749 745 84 20 Ekono-

82 779 192 27 miedepartement
289 780 32 21 till
337 780 118 27 länstinget
464 780 169 25 öfverlemnade;
646 780 93 21 derefter
748 779 26 21 de
785 779 47 20 från

82 815 130 25 föregående
234 815 94 26 länsting
346 815 133 26 uppskjutna
499 815 105 25 ärenden;
620 815 74 20 vidare
712 815 25 19 de
753 814 22 20 af
790 813 43 21 Gu-

81 850 106 20 vernören
203 848 156 22 öfverlemnade
375 849 82 27 förslag
483 851 56 19 samt
559 849 102 27 slutligen
676 849 26 21 de
718 848 23 21 af
753 848 82 20 länsut-

83 882 153 22 skottet
171 878 7 36 .
184 882 52 22 eller
251 883 134 27 fullmäktige
400 884 78 20 väckta
494 884 79 26 frågor.

155 917 128 27 Länstinget
297 918 130 20 bestämmer
442 918 7 20 i
466 918 65 26 öfrigt
547 918 50 26 sjelf
611 918 33 20 sin
660 916 172 26 arbetsordning.

428 980 11 27 $
456 982 34 19 37.

154 1020 25 27 Ej
196 1021 34 20 må
246 1020 78 21 ärende
340 1020 108 27 företagas
465 1021 34 20 till
515 1021 161 27 öfverläggning
692 1020 52 22 eller
757 1020 78 27 beslut,

83 1054 39 22 der
138 1054 47 21 icke
200 1055 66 21 minst
281 1056 35 20 två
332 1055 132 27 tredjedelar
480 1055 23 21 af
517 1055 36 21 det
569 1055 59 21 antal
639 1054 141 28 fullmäktige,
790 1060 45 15 som

83 1088 60 21 länet
158 1086 67 29 enligt
240 1090 70 20 denna
325 1090 35 26 lag
375 1090 39 20 bör
429 1090 64 26 välja,
510 1092 38 19 äro
563 1090 115 21 tillstädes.

428 1152 11 27 $
457 1153 34 20 38.

156 1191 148 22 Ordföranden
320 1192 66 21 vakar
402 1192 59 21 öfver
477 1193 120 26 ordningen
609 1193 35 20 vid
656 1192 129 27 länstingets
795 1191 42 21 för-

86 1226 136 27 handlingar,
244 1227 82 20 lemnar
345 1227 61 21 ordet
426 1228 21 19 åt
463 1227 137 27 fullmäktige
615 1227 6 21 i
638 1227 41 21 den
694 1226 98 27 ordning,
810 1226 28 21 de

84 1260 35 27 sig
134 1261 72 20 dertill
222 1261 87 27 anmält,
326 1261 39 21 och
384 1261 50 27 kan,
453 1261 56 22 efter
528 1262 96 27 varning,
640 1262 44 21 låta
701 1261 71 21 utvisa
788 1261 50 20 åhö-

85 1301 56 21 rare,
157 1301 45 15 som
218 1295 34 27 sig
267 1295 115 27 oskickligt
397 1295 112 22 förhåller.

428 1358 11 26 $
456 1359 35 20 39.

157 1397 134 22 Ordförande
307 1404 51 20 eger
373 1399 33 19 att
421 1397 7 21 i
447 1398 131 27 länstingets
589 1398 186 27 öfverläggningar
793 1397 46 27 och,

87 1431 75 21 derest
176 1431 43 21 han
236 1432 122 26 fullmäktig
374 1434 30 25 är,
419 1432 81 27 jemväl
516 1433 7 20 i
539 1433 49 21 dess
603 1433 72 20 beslut
690 1432 94 26 deltaga.
