1034 1667
215 117 25 19 12
523 118 34 20 N:o
573 117 31 22 18.

530 186 11 28 s
558 187 34 20 25.

255 238 60 20 Inom
332 244 82 14 samma
429 238 31 21 tid
477 238 62 21 skola
555 238 290 27 taxeringsmyndigheterna
857 238 82 20 erhålla

183 271 95 27 följande
294 272 110 26 uppgifter
420 273 111 26 angående
548 273 163 21 förhållandena
728 272 128 26 föregående
873 272 31 20 år:

258 312 19 27 1)
294 312 22 21 af
333 312 169 22 Poliskammare
521 313 58 25 eller,
592 314 37 20 der
641 313 65 21 sådan
719 312 46 21 icke
777 312 73 25 finnes,
863 312 22 20 af
895 314 43 19 sta-

184 346 52 21 dens
252 346 117 27 Magistrat
389 348 51 20 eller
456 347 162 27 Ordningsrätt,
635 348 110 21 äfvensom
762 347 23 21 af
800 346 137 27 Kronofogde

182 381 28 27 på
226 382 73 20 landet
314 382 136 26 förteckning
467 382 60 21 öfver
541 383 42 20 alla
593 383 57 20 inom
664 382 227 26 bevillningsområdet
902 381 35 21 bo-

183 417 56 19 satte
256 422 109 20 personer,
382 422 45 15 som
444 417 46 20 icke
507 419 37 18 äro
561 417 68 20 finske
645 417 142 25 medborgare
801 417 66 26 jemte
885 422 52 20 upp-

182 449 42 27 gift
246 456 32 15 om
303 451 65 25 tiden,
392 451 27 20 då
438 451 26 20 de
484 451 32 21 till
533 451 74 21 landet
622 451 119 22 ankommit
757 453 56 18 samt
829 450 109 27 angående

183 484 40 21 den
244 486 76 25 näring
341 485 52 21 eller
413 486 136 27 handtering,
569 493 46 14 som
631 493 25 14 en
673 487 53 20 hvar
742 485 23 21 af
779 486 47 21 dem
842 485 97 25 utöfvar;

255 525 22 26 2)
290 525 22 20 af
322 525 116 26 Magistrat
448 526 53 21 eller
512 526 155 27 Ordningsrätt
678 527 5 20 i
696 525 50 22 stad
757 528 56 18 samt
823 525 23 21 af
855 525 83 21 Krono-

182 559 64 26 fogde
263 560 39 20 och
319 560 193 21 Häradsskrifvare
528 561 27 26 på
571 561 74 21 landet
659 560 162 26 förteckningar
837 560 21 20 &:

255 600 21 27 a)
294 600 67 21 aktie-
378 600 38 21 och
432 600 129 27 bankbolag,
578 601 84 20 hvilkas
678 601 90 26 stadgar
783 600 71 21 blifvit
869 600 69 21 öfver-

182 634 94 26 hetligen
293 634 144 26 stadfästade;

254 674 23 27 b)
289 677 88 24 agenter
389 675 32 20 för
431 675 207 27 försäkringsbolag,
650 675 84 21 hvilkas
747 675 90 27 styrelse
845 676 24 19 är
878 676 58 19 utom

182 709 100 25 Finland;

256 749 18 27 c)
292 750 128 21 industriela
431 750 147 27 inrättningar
590 751 21 20 af
621 751 42 20 alla
675 750 47 26 slag
735 751 56 20 samt
801 750 62 21 deras
875 756 64 20 egare

182 784 52 20 eller
250 784 149 27 disponenter;

254 824 22 28 d)
293 825 68 26 segel-
378 825 38 20 och
432 825 121 27 ångfartyg,
570 825 89 21 afsedda
675 825 34 20 för
725 824 62 26 gods-
801 825 51 20 eller
863 830 74 21 passa-

181 859 149 26 geraretrafik,
346 860 71 21 tillika
432 861 48 20 med
496 860 86 27 uppgift
595 860 12 20 å
618 860 62 20 deras
693 859 124 26 drägtighet
828 859 39 20 och
879 859 57 20 häst-

181 893 59 21 kraft
256 895 55 19 samt
327 894 12 20 å
356 901 62 19 egare
435 895 52 20 eller
504 894 167 25 hufvudredare;

253 933 23 28 3)
284 934 23 20 af
314 934 161 21 vederbörande
486 934 142 25 embetsverk,
640 933 151 28 myndigheter
801 933 38 21 och
849 933 87 26 tjenste-

180 969 56 25 män,
253 975 50 14 vare
320 969 32 26 sig
368 971 82 19 statens
467 969 53 21 eller
536 969 147 25 kommunens,
700 967 111 21 äfvensom
826 967 23 21 af
862 967 74 27 hvarje

180 1002 120 27 inrättning
316 1003 53 20 eller
384 1003 99 26 stiftelse,
500 1003 64 21 hvars
580 1003 107 21 tillkomst
703 1002 97 26 grundar
816 1003 33 25 sig
859 1002 28 27 på
897 1002 38 21 all-

180 1039 48 18 män
244 1037 136 26 författning,
396 1038 94 21 särskild
507 1038 129 26 öfverhetlig
652 1037 140 21 stadfästelse
808 1037 51 20 eller
875 1036 60 26 jord-

179 1071 114 26 förläning,
311 1072 85 26 uppgift
411 1072 27 27 pä
454 1072 101 27 samtliga
571 1072 38 21 der
624 1071 109 21 anställda
749 1077 114 20 personers
878 1071 58 20 löne-

180 1105 115 26 förmäner,
312 1107 94 20 arvoden
423 1107 38 20 och
478 1106 172 27 eratifikationer
669 1105 24 22 af
708 1105 56 21 hvad
781 1105 46 26 slag
843 1105 26 21 de
885 1111 51 15 vara

178 1140 42 25 mä,
244 1140 109 21 äfvensom
372 1141 58 20 öfver
450 1141 26 20 de
496 1141 84 26 belopp,
597 1147 44 14 som
659 1141 33 20 till
709 1140 178 26 pensionstagare
903 1141 33 19 ut-

178 1174 76 27 gifvas.
280 1175 118 20 Enahanda
409 1175 86 26 uppgift
505 1175 102 21 aflemnas
618 1175 23 20 af
650 1174 163 21 vederbörande
824 1174 111 26 pensions-

179 1209 145 26 inrättningar
340 1215 34 15 om
391 1209 25 22 de
427 1216 109 20 personer,
549 1216 46 15 som
607 1209 46 21 frän
665 1210 48 20 dem
726 1209 85 26 ätnjuta
821 1209 114 26 pensioner

179 1245 56 19 samt
251 1244 111 26 angäende
378 1244 75 21 dessas
470 1245 87 25 belopp;

250 1284 22 26 4)
288 1284 24 20 af
326 1284 92 26 styrelse
433 1284 34 21 för
483 1284 67 21 aktie-
567 1284 38 21 och
622 1284 131 25 bankbolag,
769 1283 64 21 hvars
845 1282 90 27 stadgar

178 1318 71 20 blifvit
268 1318 156 27 öfverhetligen
444 1318 141 27 stadfästade,
604 1319 101 27 bestyrkt
725 1318 86 26 uppgift
826 1324 34 14 om
876 1317 59 21 årets

178 1358 51 15 rena
248 1353 64 25 vinst,
334 1353 104 21 särskildt
458 1354 145 26 upptagande,
623 1353 55 21 huru
700 1352 86 27 mycket
802 1352 94 21 utdelats
913 1351 22 21 ät

177 1386 156 21 aktionärerna
348 1388 39 20 och
404 1387 56 21 huru
475 1387 84 27 mycket
575 1387 94 27 afiägges
686 1387 35 21 till
733 1386 98 26 bolagets
843 1386 91 25 rörelse;

250 1428 22 26 5)
288 1426 24 22 af
326 1430 64 23 agent
405 1428 33 21 för
454 1427 124 22 icke-finskt
592 1426 204 27 försäkringsbolag
807 1426 66 26 enligt
886 1426 11 27 $
911 1426 24 20 13
