1028 1664
212 102 29 21 10
373 103 81 23 Ständ.
470 103 37 22 Sv.
525 116 26 3 —
566 104 73 28 Prop.
654 104 42 22 N:o
710 103 37 23 29.

183 167 12 25 8
216 165 21 26 8,
260 165 91 21 oaktadt
370 165 93 28 utslaget
483 166 47 21 icke
545 167 77 21 vunnit
636 167 50 27 laga
702 167 65 26 kraft,
783 167 152 28 skjutsanstal-

183 201 63 20 terna
261 199 40 22 och
316 199 148 28 hällgöringen
479 201 28 26 pä
522 202 146 26 entreprenad
678 201 103 27 utbjudas
791 201 37 22 vid
837 201 96 27 auktion,

183 241 45 14 som
243 233 103 22 förrättas
362 234 24 21 af
398 234 212 22 kronolänsmannen
624 235 8 21 i
647 235 117 22 distriktet.
793 235 48 22 Den
856 235 78 28 skynd-

185 268 84 21 samhet
283 269 8 20 i
306 269 101 22 afseende
422 270 13 20 &
450 269 78 22 sakens
539 269 113 28 reglering,
668 277 47 14 som
725 270 75 21 vinnes
811 271 123 26 derigenom

182 305 33 20 att
230 303 159 22 besvärstidens
404 305 81 26 utgäng
499 304 48 21 icke
562 304 106 26 afvaktas,
684 304 66 21 hafva
764 304 122 22 Ständerna
896 311 37 14 an-

182 339 43 20 sett
240 345 52 14 vara
307 338 25 21 af
344 339 67 20 större
427 339 51 27 vigt,
494 340 28 19 än
538 339 26 20 de
579 339 7 20 i
603 339 43 21 alla
656 339 115 21 händelser
781 339 83 21 mindre
874 339 59 27 bety-

183 373 71 20 dande
276 372 145 27 olägenheter,
443 373 74 22 hvilka
536 373 73 21 kunde
624 374 81 27 uppstä
720 373 62 22 deraf
796 376 32 19 att
843 381 27 14 en
884 380 49 21 par-

182 406 37 21 tie]
242 407 93 27 ändring
357 407 7 20 i
386 408 144 27 guvernörens
553 407 72 28 utslag
647 415 79 20 genom
741 408 77 22 besvär
832 408 101 28 möjligen

182 448 90 15 vunnes.

250 476 138 21 Beträffande
411 477 291 27 entreprenadauktionerna
725 477 64 22 hafva
811 477 122 21 Ständerna

181 511 91 26 vidtagit
294 511 68 21 sädan
382 511 91 27 ändring
489 511 7 21 i
511 512 42 20 den
569 512 79 27 nädiga
662 511 170 28 propositionen,
848 513 32 19 att
896 512 36 20 det

180 545 48 21 icke
244 547 25 19 är
284 545 155 28 kronofogden,
455 553 44 14 som
515 546 101 27 utbjuder
632 546 43 22 alla
691 546 33 21 till
736 546 90 21 häradet
836 546 95 21 hörande

181 580 177 27 skjutsanstalter
378 581 29 26 pä
426 583 31 18 ett
473 581 68 25 ställe,
557 583 53 19 utan
625 581 211 21 kronolänsmannen
851 581 81 22 enhvar

180 615 59 20 inom
262 615 37 20 sitt
314 615 93 25 distrikt,
422 615 81 21 hvilket
519 615 122 21 Ständerna
656 622 52 14 anse
724 615 8 20 i
746 615 120 27 väsendtlig
881 615 49 21 män

179 649 129 28 möjliggöra
318 651 174 25 entreprenörers
501 649 131 26 erhällande,
640 650 40 21 och
689 649 66 22 hafva
763 649 126 26 Ständerna,
898 649 33 22 för

179 685 33 20 att
237 684 105 27 derjemte
364 683 108 22 bibehålla
491 685 41 20 den
547 684 75 26 fördel,
638 691 47 14 som
701 684 142 27 tilläfventyrs
858 684 72 21 kunde

179 717 93 29 härfiyta
295 718 67 26 deraf,
384 720 32 19 att
436 725 81 14 samma
535 725 78 20 person
630 719 52 20 eller
696 718 65 27 bolag
775 718 72 21 kunde
862 718 67 22 öfver-

179 754 51 25 taga
252 753 196 28 hällskjutsningen
470 754 29 26 pä
520 753 75 27 längre
610 753 98 21 sträckor
724 753 39 21 och
779 753 67 21 större
862 753 68 21 omrä-

179 788 49 25 den,
244 787 141 21 öfverlemnat
400 787 170 22 bestämmandet
585 787 25 22 af
622 788 60 21 tiden
699 787 40 21 och
754 789 61 19 orten
830 787 34 21 för
877 787 53 21 auk-

178 821 111 22 tionernas
304 821 101 21 hällande
421 822 22 20 ät
457 823 141 26 guvernören,
613 821 89 22 hvilken
718 821 65 22 borde
799 822 24 20 sä
832 823 97 20 anordna

179 857 55 24 dem,
257 858 33 19 att
313 863 82 14 samma
417 863 102 20 personer
541 856 74 21 kunna
630 856 136 21 konkurrera
780 856 36 21 vid
831 857 26 20 de
872 855 57 22 olika

177 890 225 22 auktionstilifällena.

246 927 24 25 88
286 926 20 25 9,
322 925 28 21 10
369 925 40 21 och
424 926 26 19 11
467 927 96 25 upptaga
577 926 66 20 sättet
658 925 34 21 för
708 924 128 21 auktionens
851 924 77 21 förrät-

177 961 66 20 tande
266 959 111 22 äfvensom
399 961 174 26 entreprenörers
596 959 40 21 och
654 960 64 20 deras
733 959 137 27 borgesmäns
885 959 43 20 för-

177 993 115 24 bindelser,
315 994 109 21 hvarefter
446 995 41 20 den
509 994 74 21 vidare
598 993 160 27 behandlingen
773 993 24 21 af
810 993 66 22 saken
892 993 36 21 be-

177 1029 102 20 stämmes
295 1029 7 20 i
318 1030 10 25 &
343 1029 35 20 12.

245 1063 44 20 För
304 1065 33 18 att
352 1062 125 21 underlätta
492 1063 40 20 den
548 1062 73 21 lokala
636 1062 101 25 trafiken,
752 1061 40 22 har
806 1062 8 20 i
828 1063 11 25 8
854 1062 26 20 13
896 1061 31 21 in-

175 1097 55 21 förts
244 1097 103 21 tillätelse
363 1097 33 20 för
411 1103 63 20 egare
489 1096 25 21 af
527 1096 54 21 bruk
593 1096 51 21 eller
654 1103 74 14 annan
740 1097 67 20 större
817 1096 112 21 industriel

175 1132 129 27 inrättning,
328 1138 45 14 som
389 1132 24 20 är
427 1131 48 21 från
491 1131 90 21 allmänt
595 1130 127 28 gästgifveri
737 1130 79 27 aflägse
831 1130 97 27 belägen,

176 1168 32 19 att
223 1166 30 27 pä
268 1173 54 20 egen
337 1165 121 22 bekostnad
478 1168 55 18 samt
548 1165 50 21 med
613 1165 144 21 kommunens
771 1165 41 21 och
826 1164 102 22 vederbö-

175 1201 68 20 rande
258 1201 118 26 guvernörs
391 1199 98 22 tillständ
503 1199 39 21 hos
557 1199 33 28 sig
605 1199 83 22 inrätta
703 1199 130 27 gästgifveri.

244 1234 38 21 Uti
297 1236 11 25 8
323 1235 29 20 14
366 1234 40 21 har
420 1234 89 27 intagits
525 1234 40 21 och
580 1233 166 28 fullständigare
761 1233 78 22 utförts
854 1233 74 22 hvad
915 1229 16 36 i

175 1270 42 20 den
232 1269 82 27 nådiga
332 1269 172 27 propositionens
519 1269 28 20 13
563 1270 10 25 $
590 1269 88 26 stadgas
694 1269 113 26 angående
821 1268 107 27 följderna

174 1303 68 26 deraf,
258 1310 35 14 om
308 1305 140 25 entreprenör
463 1303 77 21 brister
554 1304 8 19 i
577 1303 137 27 fullgörande
730 1302 24 22 af
766 1303 37 20 sitt
813 1303 113 26 åtagande.

241 1337 119 28 Angående
383 1339 150 26 uppgörandet
555 1337 25 22 af
597 1338 41 21 den
654 1337 96 28 speciela
763 1337 164 28 skjutslängden

173 1371 66 23 hafva
254 1372 128 26 Ständerna,
397 1373 49 20 med
461 1373 26 20 de
502 1372 123 27 ändringar,
642 1379 47 14 som
704 1371 191 28 nödvändiggjorts
904 1371 26 21 af

173 1405 131 28 föregående
326 1407 141 26 stadganden,
483 1407 100 27 upptagit
599 1407 31 20 uti
646 1407 10 26 $
675 1407 26 20 15
717 1407 27 20 de
759 1405 167 25 bestämmelser,

173 1440 74 21 hvilka
261 1440 53 28 ingå
327 1441 8 20 i
350 1442 11 25 $
376 1441 13 20 6
405 1441 24 21 af
441 1441 168 28 propositionen.
