1028 1661
258 110 80 23 Ständ.
354 110 38 23 Sv.
407 122 28 3 —
450 110 72 27 Prop.
538 111 40 21 N:o
594 110 35 21 29.
777 111 12 19 7

64 180 43 20 gen
123 173 40 21 och
178 173 73 21 hvilka
264 173 48 21 icke
327 173 7 20 i
349 172 120 27 väsendtlig
484 173 51 20 mån
551 173 72 21 afvika
633 172 47 21 från
691 173 56 21 hvad
758 172 7 20 i
776 172 41 20 den

66 208 80 27 nådiga
168 207 161 28 propositionen
352 207 98 25 föreslås,
472 207 23 21 få
510 207 123 21 Ständerna
646 207 8 20 i
670 208 36 20 det
721 207 96 27 följande

66 242 157 27 underdånigst
238 242 104 26 redogöra
357 241 34 21 för
406 242 35 20 det
458 241 24 21 af
495 241 122 21 Ständerna
627 244 96 24 antagna
732 241 85 21 författ-

67 276 144 28 ningsförslag
226 278 55 18 samt
296 275 86 27 angifva
393 276 26 20 de
430 276 118 26 ändringar
558 275 40 21 och
608 275 81 27 tillägg,
701 282 44 14 som
757 275 61 21 Stän-

67 311 68 21 derna
149 310 34 21 för
198 310 31 20 sin
246 310 34 20 del
295 311 71 19 ansett
382 310 85 26 nödiga.

136 344 37 22 Uti
189 346 10 25 $
215 345 12 19 1
243 344 24 21 af
280 344 168 27 propositionen,
464 344 87 21 hvilken
566 344 103 26 paragraf
678 344 139 21 Ständerna
805 340 17 35 i

67 379 65 27 öfrigt
155 378 111 22 bibehållit
288 378 137 26 oförändrad,
448 378 46 26 har,
510 378 7 21 i
533 378 220 21 öfverensstämmelse
768 378 49 20 med

66 414 101 26 gällande
183 412 250 28 kommunalförordning
448 412 34 22 för
492 414 55 24 stad,
558 412 77 22 införts
647 413 118 26 stadgande
775 419 41 18 om,

67 448 74 21 hvilka
163 448 36 20 det
221 447 81 27 åligger
316 449 32 19 att
364 447 94 21 bestrida
474 447 147 21 kostnaderna
635 447 33 21 för
683 447 78 27 skjuts-
777 446 39 21 och

67 482 250 28 gästgifverihällningen
332 482 7 20 i
354 482 55 25 stad,
424 482 110 21 hvarefter
550 482 6 20 i
577 483 5 25 &
599 483 14 19 2
623 481 97 27 angifvas
731 481 40 21 och
781 481 36 21 be-

67 516 92 22 skrifvas
175 517 26 20 de
216 516 59 21 olika
290 516 72 27 slagen
378 516 23 21 af
414 516 182 28 skjutsanstalter.
620 517 11 25 &
646 516 13 20 3
674 517 24 19 är
709 516 7 20 i
726 516 90 21 hufvud-

67 551 40 21 sak
129 550 233 21 öfverensstämmande
384 552 49 19 med
453 558 63 13 mom.
533 552 12 19 1
562 550 24 21 af
599 557 80 14 samma
694 550 104 27 paragraf
811 550 7 20 i

67 585 163 27 propositionen
244 586 50 19 med
309 586 75 20 endast
400 586 41 20 den
457 585 86 21 skilnad
559 587 38 24 att,
614 585 33 25 då,
662 585 66 27 enligt
739 591 78 21 propo-

69 619 98 25 sitionen,
191 619 127 28 skjutslaget
340 619 55 27 finge
416 619 92 22 omfatta
523 619 62 21 äfven
601 621 30 19 ett
648 621 67 19 större
730 619 87 21 område

68 655 29 19 än
113 654 97 25 häradet,
227 653 121 22 Ständerna
363 654 60 27 gifvit
439 655 61 20 detta
516 655 119 26 stadgande
647 661 26 14 en
685 654 134 21 allmännare

67 688 88 27 lydelse,
171 688 137 27 hvarigenom
324 689 133 27 skjutslaget,
477 689 3 20 i
496 689 102 21 händelse
614 689 76 20 sådant
700 688 69 21 skulle
779 695 38 14 an-

69 729 33 14 ses
117 722 146 27 fördelaktigt,
279 723 63 21 äfven
357 723 72 21 kunde
444 723 63 21 bestå
522 723 24 21 af
559 725 31 19 ett
600 723 82 20 mindre
693 723 86 20 område
790 724 28 19 än

68 757 97 21 häradet.
196 757 34 21 Då
245 758 36 20 det
297 757 118 22 emellertid
431 758 103 27 möjligen
545 757 71 22 kunde
626 757 78 26 hända,
716 759 32 19 att
758 757 59 20 kom-

68 798 76 14 muner
159 792 49 20 med
224 792 85 26 ringare
324 792 202 27 skjutsningstunga
536 792 69 21 skulle
615 792 51 27 vilja
676 793 142 25 undandraga

69 826 31 26 sig
115 828 33 18 att
163 825 86 21 biträda
264 832 26 14 en
306 827 85 20 svårare
406 827 106 21 besvärad
527 827 108 25 kommun,
651 826 39 21 har
705 829 31 18 ett
751 825 68 28 dylikt

69 860 143 27 särskiljande
227 860 68 27 gjorts
310 860 106 22 beroende
432 860 24 22 af
470 861 100 27 samtliga
584 860 136 22 kommuners
735 860 7 21 i
757 860 61 21 hära-

67 895 38 20 det
120 894 61 21 bifall
195 894 41 21 och
250 896 144 26 guvernörens
409 894 116 28 samtycke.

137 928 30 21 Af
179 935 65 14 mom.
263 930 13 19 2
291 929 33 27 i&
340 930 12 20 3
365 929 67 27 jemte
447 930 29 20 12
492 931 44 25 &:ns
551 929 93 21 innehåll
659 929 40 21 har
714 928 79 22 bildats
808 930 11 25 $

68 963 14 20 4
97 963 8 20 i
120 963 37 21 det
171 962 25 21 af
208 962 122 22 Ständerna
345 966 95 24 antagna
456 963 225 27 författningsförslag.

138 997 71 21 Sedan
226 997 121 22 Ständerna
361 998 7 20 i
384 1000 11 25 &
410 1000 12 18 5
438 998 102 26 faststält,
557 1000 32 19 att
604 996 216 29 gästgifverihällnin-

69 1038 41 21 gen
133 1032 28 27 pä
183 1032 81 26 landet,
280 1032 109 22 äfvensom
404 1034 26 20 de
446 1033 207 22 reservstationerna
667 1032 40 22 och
722 1032 97 28 postgär-

70 1067 67 20 darne
153 1066 114 27 äliggande
283 1067 150 27 skyldigheter,
449 1067 54 22 böra
512 1074 78 20 genom
601 1067 139 27 obligatorisk
750 1068 70 19 entre-

70 1101 84 27 prenad
176 1101 110 27 fullgöras,
305 1104 55 18 samt
375 1104 32 18 att
423 1101 198 27 skjutshällningen
636 1102 36 21 vid
686 1101 136 27 gästgifveri-

70 1140 53 16 erna
135 1134 81 28 jemväl
231 1134 39 22 bör
284 1136 29 26 pä
328 1137 144 26 entreprenad
487 1136 103 27 utbjudas
600 1136 46 25 och,
658 1136 37 21 der
705 1142 72 15 annan
788 1142 32 14 er-

70 1169 104 27 sättning,
197 1170 29 20 än
240 1168 100 22 faststäld
357 1170 119 27 skjutslega
491 1170 47 22 icke
554 1170 89 26 fordras,
659 1177 77 20 genom
751 1171 69 19 entre-

69 1204 85 26 prenad
169 1203 134 26 verkställas,
322 1204 64 22 hafva
401 1204 123 22 Ständerna
538 1205 8 21 i
562 1206 10 26 $
588 1206 13 19 6
616 1204 65 22 infört
696 1204 79 27 nödiga
789 1203 32 21 fö-

70 1237 113 21 reskrifter
198 1238 112 27 angäende
324 1240 142 26 uppgörande
481 1240 25 20 af
518 1239 80 27 förslag
614 1239 32 21 till
660 1239 124 21 inrättande
799 1237 25 22 af

69 1270 179 28 skjutsanstalter
262 1273 40 21 och
313 1274 110 20 ordnande
434 1274 25 20 af
467 1274 196 27 skjutshällningen
673 1274 57 20 inom
742 1272 79 28 skjuts-

70 1306 64 27 laget.
164 1306 33 22 De
218 1307 25 21 af
263 1307 122 22 Ständerna
406 1308 87 21 införda
514 1308 59 21 olika
588 1308 72 27 slagen
676 1308 24 21 af
712 1308 109 27 skjutsan-

70 1340 77 22 stalter
162 1343 55 19 samt
233 1342 42 21 den
290 1342 48 21 frän
354 1342 163 28 propositionen
533 1342 114 22 afvikande
662 1343 70 26 grund
741 1342 35 21 för
785 1341 36 21 be-

70 1376 136 20 stämmande
221 1376 25 20 af
258 1376 82 21 antalet
356 1376 101 27 skjutsar,
473 1383 46 14 som
534 1377 8 20 i
553 1377 78 27 dygnet
642 1376 39 21 bör
690 1376 48 21 frän
747 1375 75 27 hvarje

69 1409 127 27 gästgifveri
205 1411 95 26 utgöras,
311 1410 110 22 äfvensom
431 1410 85 21 antalet
526 1410 80 27 hästar,
617 1417 46 14 som
671 1411 37 20 der
715 1409 56 22 skall
778 1409 44 21 häl-

69 1443 40 26 las,
125 1443 66 22 hafva
201 1443 76 22 härvid
288 1445 180 28 nödvändiggjort
480 1444 108 22 särskilda
598 1445 139 27 stadganden,
748 1443 74 22 hvilka
