1034 1661
795 125 12 20 3

76 189 56 20 samt
151 187 117 28 afgörande
289 187 23 23 af
329 187 163 23 fraktsatserna.
524 189 83 21 Jemväl
622 189 214 28 Jernvägsstyrelsen

75 223 144 22 understöder
241 223 61 22 detta
323 222 87 27 förslag,
435 223 55 21 dock
513 223 92 22 sålunda
620 225 33 20 att
668 224 167 23 nedsättningen

76 257 81 22 skedde
172 257 58 22 inom
245 257 58 22 vissa
318 257 114 22 bestämda
448 259 96 25 gränser.
572 258 115 21 Utskottet
699 264 64 15 anser
773 257 62 23 äfven

76 292 61 21 detta
150 291 82 27 förslag
246 291 93 27 förtjena
354 293 33 19 att
402 290 22 22 af
438 291 118 22 ständerna
570 291 105 22 förordas.

144 326 100 21 Komitén
260 326 118 27 tillstyrker
393 326 132 27 ytterligare,
542 327 33 21 att
589 326 176 28 tåghastigheten
775 327 59 21 såväl

74 360 34 22 för
122 366 152 22 passagerare-
290 366 46 16 som
352 360 94 27 godståg
462 360 70 22 skulle
548 361 101 21 minskas.
680 361 75 22 Ehuru
773 361 62 22 äfven

75 395 214 27 Jernvägsstyrelsen
307 394 123 27 medgifver,
451 396 33 20 att
500 401 27 15 en
541 395 123 27 minskning
679 395 23 22 af
716 395 119 28 tåghastig-

75 429 66 22 heten
163 436 51 15 vore
236 429 90 28 liktydig
348 430 49 21 med
420 436 26 15 en
468 430 129 27 reducering
615 429 23 22 af
651 430 109 27 åtskilliga
776 430 61 22 deraf

76 464 108 22 beroende
207 464 159 25 omkostnader,
390 470 64 15 anser
476 464 215 27 Jernvägsstyrelsen
715 465 62 25 dock,
801 466 32 20 att

76 505 49 15 man
147 499 50 22 med
216 499 82 27 hänsyn
314 499 32 21 till
362 499 42 21 alla
420 499 26 21 de
462 501 67 25 post-,
545 499 95 22 lefnads-
656 499 41 22 och
712 500 67 21 andra
793 499 42 22 för-

76 533 122 26 hållanden,
214 533 73 22 hvilka
302 533 31 22 uti
349 539 26 16 en
391 533 123 22 verldsstad
533 539 46 16 som
595 533 33 22 S:t
643 534 130 26 Petersburg
787 533 48 22 icke

76 568 46 21 låta
137 568 129 27 omgestalta
281 568 33 27 sig
330 568 54 22 efter
404 568 26 22 de
445 568 75 26 vilkor,
537 574 47 16 som
599 568 34 22 för
647 568 78 22 endast
741 569 40 21 den
796 567 39 22 fin-

76 602 41 22 ska
130 602 117 28 jernvägen
262 609 50 15 vore
328 602 149 28 fördelaktiga,
493 603 56 21 skall
563 602 58 22 finna
636 603 25 21 så
676 605 60 19 stora
749 603 81 27 olägen-

76 637 63 21 heter
161 636 23 22 af
204 639 33 19 att
255 638 29 26 på
303 639 68 25 vägen
388 638 91 21 emellan
494 636 135 28 Helsingfors
645 637 41 21 och
702 637 32 22 S:t
749 637 86 22 Peters-

76 672 55 26 burg
146 671 98 22 använda
258 678 59 15 mera
332 673 28 19 än
376 672 96 27 omkring
487 671 82 22 femton
584 672 91 25 timmar,
687 673 32 20 att
729 671 106 22 komiténs

76 706 81 26 förslag
179 712 35 15 om
236 706 186 27 tåghastighetens
445 706 123 27 minskning
587 706 57 21 visar
659 706 34 26 sig
708 706 127 21 outförbart.

77 752 27 4 —
120 740 112 22 Utskottet
247 740 67 22 finner
330 741 70 21 denna
414 740 61 28 fråga
490 747 51 15 vara
557 740 22 22 af
593 741 41 21 den
649 741 121 27 synnerliga
783 740 50 27 vigt,

77 776 32 20 att
132 775 123 22 densamma
278 775 103 28 förtjenar
404 776 40 21 den
468 775 185 27 omsorgsfullaste
675 775 98 27 pröfning
788 774 46 22 från

76 810 138 26 regeringens
230 810 52 21 sida.

145 839 67 26 Äfven
228 843 69 28 öfriga
312 843 22 22 af
348 844 95 21 komitén
459 844 77 27 gjorda
550 844 81 27 förslag
644 850 63 21 synas
722 843 113 22 Utskottet

76 878 67 21 värda
165 878 28 21 all
216 879 198 26 uppmärksamhet,
437 879 126 27 isynnerhet
588 879 70 21 såvidt
681 879 26 22 de
731 878 22 21 af
773 878 62 21 Jern-

76 913 160 26 vägsstyrelsen
259 913 69 21 blifvit
350 913 154 26 understödda,
529 913 39 22 och
592 913 35 21 må
642 913 75 22 härvid
733 912 102 22 särskildt

77 949 123 19 omnämnas
224 953 27 16 en
270 947 60 28 fråga
345 947 23 22 af
381 948 49 21 icke
445 947 86 22 teknisk
547 948 117 27 betydelse,
681 947 153 26 indragningen

77 981 23 22 af
120 982 256 27 gensdarmkommandot
397 983 35 21 vid
453 983 118 26 jernvägen
587 983 57 21 inom
659 982 66 21 finskt
741 981 93 26 område,

76 1022 47 15 som
146 1016 60 22 äfven
230 1017 212 27 Jernvägsstyrelsen
465 1019 73 20 ansett
561 1017 32 27 sig
617 1017 24 21 så
665 1017 85 27 mycket
769 1016 66 21 hellre

76 1051 72 21 kunna
164 1051 113 28 tillstyrka,
294 1058 45 15 som
356 1051 13 22 å
384 1052 26 21 de
427 1053 69 20 större
513 1051 134 22 stationerna
661 1051 7 21 i
684 1051 40 22 och
739 1051 32 21 för
787 1050 49 21 ord-

76 1085 90 27 ningens
190 1085 190 27 upprätthållande
399 1085 69 22 finnas
484 1086 257 26 stationsinspektorerne
756 1085 33 20 till
803 1084 32 21 bi-

76 1120 62 21 träde
154 1120 98 21 anstälde
268 1119 23 22 af
301 1120 117 27 jernvägen
434 1120 99 21 aflönade
548 1120 159 27 polisbetjente.

145 1154 11 20 I
169 1154 114 22 Utskottet
300 1154 40 22 har
355 1154 73 21 såsom
444 1160 25 16 en
485 1154 55 21 brist
555 1154 35 21 vid
603 1153 211 28 jernvägsstationen
829 1153 7 21 i

77 1188 33 22 S:t
132 1188 132 27 Petersburg
283 1188 134 27 framhällits,
434 1190 34 20 att
482 1188 67 27 något
564 1188 99 27 lämpligt
678 1188 158 26 nederlagsma-

77 1222 61 27 gasin
153 1222 48 22 icke
217 1222 75 27 finnes,
308 1224 88 21 hvarest
410 1223 152 22 inkommande
577 1223 111 21 landtmän
698 1222 72 22 kunde
780 1222 56 22 före-

76 1257 48 21 visa
143 1258 47 20 sina
207 1264 63 15 varor
285 1258 33 21 för
334 1258 117 26 kunderna,
468 1260 52 19 utan
537 1258 69 21 måste
623 1258 26 21 de
664 1258 7 20 i
687 1257 78 22 sådant
781 1256 56 22 afse-

78 1292 54 21 ende
154 1294 78 25 genast
253 1292 96 22 bortföra
371 1298 91 16 varorna
484 1292 48 22 från
555 1292 115 26 stationen,
695 1291 99 22 hvarföre
810 1291 27 21 de

76 1326 51 21 med
149 1326 101 22 afseende
273 1326 13 21 å
309 1327 49 21 dem
380 1326 75 22 härvid
477 1326 145 28 tillskyndade
638 1326 118 22 kostnader
771 1325 67 21 redan

78 1360 66 22 delvis
161 1361 71 26 börjat
247 1360 82 22 afhålla
344 1361 34 26 sig
392 1360 47 22 från
455 1361 110 21 anlitande
581 1360 22 22 af
615 1361 123 26 jernvägen.
755 1371 28 4 —
798 1360 39 21 Ut-

77 1394 84 22 skottet
176 1395 38 21 har
230 1395 33 26 sig
278 1395 48 22 icke
341 1395 87 26 bekant,
446 1395 58 21 huru
519 1395 96 26 verkliga
629 1394 144 22 förhållandet
788 1393 49 21 här-

76 1429 50 20 med
140 1429 36 20 mä
190 1435 58 20 vara,
264 1435 50 16 men
328 1429 109 22 förmodar
452 1431 33 19 att
501 1429 265 28 jernvägsförvaltningen,
778 1434 59 20 upp-

146 1467 150 18 Statsutskottets
309 1468 117 17 betänkande
439 1469 36 17 N:o
487 1469 27 16 15.
