1023 1661
303 141 24 22 U.
343 141 23 22 B.
384 153 25 2 -—
426 141 65 28 Prop.
507 141 38 22 N:o
561 140 33 23 27.
785 143 11 19 9

360 413 182 23 Reservationer:

140 454 58 21 Enär
213 453 75 27 frägan
304 460 34 15 om
354 454 167 27 gvarnskattens
538 454 115 28 aflyftande
669 454 106 27 svärligen
786 454 42 21 kan

72 490 44 20 rätt
133 488 59 22 lösas
212 490 52 20 utan
285 495 25 15 en
330 494 149 22 noggrannare
494 489 160 22 kameralistisk
669 488 160 27 undersökning

72 529 35 15 om
126 523 71 21 denna
216 523 71 21 skatts
308 523 56 22 olika
383 526 65 19 natur
466 524 41 22 och
522 524 123 27 uppkomst,
662 526 26 19 än
704 530 46 15 som
765 523 7 21 i
788 523 41 21 den

71 557 117 28 kejserliga
198 558 161 27 propositionen
370 557 121 28 föreligger,
502 559 67 27 vägar
577 559 38 27 jag
624 559 109 21 vördsamt
743 557 85 25 föreslä,

73 593 33 20 att
120 592 87 27 frägans
223 593 85 27 lösning
323 593 68 21 mätte
407 593 63 22 anstä
486 593 32 22 till
533 596 65 19 nästa
613 593 108 26 landtdag,
739 592 27 21 dä
781 597 48 16 man

72 627 43 22 kan
138 627 82 28 hoppas
244 629 32 20 att
298 634 26 15 en
344 627 127 28 fullständig
491 628 116 27 utredning
626 628 39 21 bör
679 627 73 22 kunna
767 625 64 22 hafva

74 661 116 28 försiggätt
214 662 39 22 och
278 662 58 28 tjena
359 662 92 22 ständen
474 663 32 21 till
526 663 87 26 ledning
630 662 33 22 för
679 663 33 20 ett
727 661 105 22 definitivt

73 696 79 22 beslut.

565 726 24 22 F.
605 725 36 22 W.
657 725 23 23 6.
696 724 65 29 Hjelt.

142 789 10 20 I
168 788 154 23 ofvanstäende
338 789 134 22 reservation
487 789 86 22 förenar
585 789 38 28 jag
638 789 48 26 mig.

551 841 26 22 A.
592 842 25 22 N.
633 840 130 23 Colliander.

144 938 75 22 Ehuru
239 938 7 21 i
266 938 149 22 hufvudsaken
435 946 52 15 ense
505 940 50 21 med
574 939 119 25 Utskottet,
714 938 65 27 hyser
796 937 38 27 jag

78 972 55 22 dock
152 972 7 22 i
180 979 26 15 en
226 974 70 26 punkt
308 968 65 39 olika
386 974 59 27 äsigt
461 974 40 22 och
518 980 64 16 anser
597 974 43 26 mig
655 973 53 22 böra
722 978 112 16 reservera

78 1006 70 22 denna
163 1007 42 21 min
222 1008 108 22 särskilda
344 1009 92 27 mening.

145 1041 179 24 Hufvudmotivet
346 1043 32 21 till
402 1043 167 27 gvarnskattens
592 1042 157 28 upphäfvande,
774 1040 61 23 äfven

78 1076 67 27 enligt
164 1077 126 22 Utskottets
311 1078 63 27 äsigt,
396 1080 24 19 är
441 1078 49 21 icke
506 1079 43 25 det,
566 1079 33 20 att
614 1077 69 22 denna
698 1077 59 21 skatt
772 1075 8 22 i
795 1075 40 22 och

77 1109 34 22 för
126 1110 33 28 sig
174 1117 50 16 vore
240 1112 137 27 synnerligen
392 1112 146 27 betungande,
554 1114 52 19 utan
622 1114 24 18 är
661 1111 41 22 den
712 1110 124 26 föreslagna

77 1144 163 29 förändringens
256 1147 109 27 egentliga
381 1146 100 28 syftemäl
496 1149 33 19 att
542 1153 76 21 genom
628 1146 63 22 friare
700 1145 135 22 könkurrens

78 1178 100 24 befordra
194 1181 182 26 gvarnindustrin.
405 1182 10 21 I
426 1182 80 21 sådant
518 1181 102 22 afseende
631 1183 24 19 är
665 1181 37 21 det
712 1180 124 26 oundgäng-

78 1214 40 27 ligt
132 1217 38 25 att,
188 1216 29 26 pä
233 1222 82 16 samma
330 1216 58 28 gäng
403 1216 174 28 tullgvarnarnes
593 1215 137 22 uteslutande
745 1216 45 20 rätt
805 1215 33 20 att

78 1249 57 21 mala
153 1252 46 20 mot
220 1250 111 28 betalning
348 1258 29 14 nu
393 1250 128 28 upphäfves,
535 1250 80 28 jemväl
631 1250 40 22 den
687 1250 60 21 skatt
763 1249 27 21 de
804 1248 34 22 för

79 1283 70 22 denna
164 1285 76 27 näring
255 1286 89 27 erlägga
359 1286 32 21 till
406 1286 91 26 kronan,
515 1286 90 27 aflyftas.
635 1285 50 21 Men
696 1290 93 21 gvarnar
798 1282 39 22 fin-

79 1324 45 20 nas,
147 1319 84 22 hvilkas
255 1320 59 22 skatt
336 1320 48 22 icke
406 1320 42 22 kan
472 1320 113 22 betraktas
605 1320 71 21 säsom
698 1317 139 23 uteslutande

78 1353 156 28 näringsskatt,
257 1357 53 19 utan
333 1361 88 15 snarare
444 1355 75 21 säsom
541 1354 135 28 grundskatt.
706 1353 41 22 Till
767 1353 71 21 denna

78 1386 99 27 kategori
191 1388 54 22 höra
260 1389 139 22 tvifvelsutan
415 1389 26 21 de
457 1389 113 21 säkallade
586 1388 179 27 odal-gvarnarne
782 1387 56 20 samt

80 1420 140 25 Ofverhufvud
236 1423 42 22 alla
294 1424 80 21 sädane
391 1430 99 20 gvarnar,
507 1429 46 16 som
564 1423 74 27 sjelfve
649 1422 80 21 besitta
740 1421 42 22 den
792 1422 46 20 vat-

80 1457 96 22 tenkraft
190 1458 28 21 de
234 1458 98 21 använda
345 1458 68 27 jemte
429 1458 74 21 dertill
518 1457 96 22 hörande
627 1456 132 28 jordstycke,
771 1454 25 22 sä
806 1457 33 19 att

149 1496 150 19 Statsutskottets
312 1497 117 18 betänkande
442 1497 37 17 N:o
490 1497 18 18 2.
