1028 1661
294 123 24 22 U.
334 123 23 22 B.
373 135 28 4 —
416 123 65 30 Prop.
497 123 38 23 N:o
551 123 36 23 24.
766 127 26 20 79

62 189 31 21 till
115 189 76 22 Waala
213 189 36 22 vid
271 189 116 22 Uleäträsk
410 189 41 22 och
474 189 94 22 derifrän
590 190 50 22 med
660 190 120 27 anlöpande
801 191 23 22 af

61 223 117 27 Wuolijoki
192 223 65 22 hamn
271 223 35 21 vid
322 229 82 16 samma
418 223 63 22 träsk
497 224 32 21 till
544 224 116 22 Idensalmi
676 226 57 20 samt
748 225 74 22 vidare

62 257 65 22 nedåt
149 258 33 21 till
204 258 89 27 lämplig
314 257 70 27 punkt
406 258 13 21 å
435 258 121 27 jernbanan
575 259 34 21 till
630 259 33 21 S:t
682 259 139 27 Petersburg.

62 292 95 22 Förutan
178 292 60 21 detta
258 291 103 22 samband
376 292 50 22 med
441 292 86 22 landets
544 293 65 21 södra
625 292 35 23 del
676 293 40 21 och
732 293 90 27 Kejsar-

63 326 72 22 dömet
158 328 56 20 samt
237 326 103 27 derjemte
360 326 50 22 med
429 326 100 22 utlandet
543 327 43 21 kan
602 327 71 22 denna
688 333 64 16 norra
767 327 55 23 hälft

62 361 22 22 af
97 361 91 22 Finland
203 361 69 27 aldrig
287 361 28 21 nä
327 360 42 22 den
379 361 130 27 utveckling,
521 362 87 21 hvartill
619 362 41 22 den
670 362 7 21 i
688 362 134 22 förhällande

62 396 33 21 till
110 396 48 21 sina
172 401 98 16 resurser
285 395 64 27 eljest
363 395 159 28 otvifvelaktigt
538 398 25 19 är
578 396 102 27 mägtig*.

131 430 78 22 Vidare
224 429 70 22 mäste
310 429 41 22 den
367 431 81 20 största
461 430 113 28 betydelse
585 431 95 21 skänkas
691 431 23 21 ät
724 431 41 22 den
776 437 46 16 om-

62 465 152 28 ständigheten
237 466 32 20 att
286 464 277 28 jernvägskommissionen,
584 471 46 16 som
650 466 82 27 egnade
751 465 72 22 denna

62 499 61 28 fräga
141 505 27 16 en
184 499 89 27 tväärig,
290 499 133 22 omfattande
439 500 133 27 granskning
587 502 57 19 samt
660 500 92 21 särskild
767 507 53 20 upp-

62 534 146 22 märksamhet
223 534 40 21 och
279 534 38 21 der
331 534 198 22 Nordösterbotten
539 535 117 25 ingalunda
666 535 96 21 saknade
773 535 48 21 sina

61 568 156 28 förespråkare,
233 568 104 27 enhälligt
351 567 115 23 förordade
477 569 66 21 linien
555 568 266 28 Uleäborg—Davidstad.

61 603 87 27 Mycket
167 605 66 24 väger
253 602 37 22 det
308 602 73 22 vidare
397 603 6 21 i
418 603 125 27 vågskålen,
560 605 33 20 att
608 603 61 22 äfven
685 604 135 26 regeringen,

61 637 86 22 hvilken
167 637 136 27 naturligtvis
319 637 69 21 måste
404 643 64 16 anses
483 638 7 21 i
506 638 43 26 hög
564 638 52 26 grad
631 638 63 21 hafva
710 638 111 27 möjlighet

62 672 41 22 och
118 671 85 23 tillfälle
218 673 34 20 att
266 671 92 23 bedöma
373 672 68 22 saken
456 672 115 27 umallmän
582 672 114 28 synpunkt,
708 672 114 27 föreslagit

62 706 120 22 sistnämda
196 706 62 22 bana.

129 740 82 22 Härvid
225 741 74 21 kunna
313 741 20 22 vi
348 740 73 22 vidare
437 741 48 22 icke
500 741 115 21 underlåta
626 743 33 19 att
669 741 84 27 påpeka
764 740 57 22 huru

62 775 134 22 annorlunda
214 782 49 15 man
283 776 137 26 resonerade,
437 775 28 21 då
479 776 123 26 byggandet
618 775 23 22 af
652 776 117 27 jernvägen
785 775 33 21 till

61 810 65 21 Wasa
141 810 70 22 skulle
225 810 103 22 beslutas.
358 810 50 21 Man
425 810 53 27 drog
494 810 28 22 då
537 810 126 22 densamma
678 810 31 26 så,
725 811 34 20 att
774 811 45 20 tra-

60 843 57 22 fiken
136 843 47 22 från
202 843 89 22 stadens
307 844 107 27 naturliga
428 844 181 22 handelsområde
624 844 70 22 skulle
709 850 38 21 per
759 843 60 28 jern-

60 880 42 25 väg
124 878 86 22 komma
231 878 32 21 till
285 879 72 26 Wasa,
377 878 78 21 medan
476 878 71 22 denna
567 879 49 21 stad
638 885 77 20 genom
735 884 85 15 samma

58 913 91 27 jernväg
164 913 67 21 erhöll
247 913 33 21 sin
295 912 130 23 förbindelse
439 913 50 22 med
505 913 65 22 södra
585 913 63 22 delen
662 913 22 21 af
693 912 74 22 landet
778 912 41 22 och

61 947 33 22 S:t
108 947 138 27 Petersburg.
276 947 50 22 Man
341 947 100 22 fruktade
457 947 29 22 då
495 947 48 22 icke
554 947 33 22 för
597 949 33 20 att
640 947 90 22 trafiken
741 953 78 21 genom

61 988 26 15 en
103 981 91 22 sålunda
209 982 77 27 anlagd
299 982 91 27 jernväg
406 982 71 21 skulle
491 982 61 21 ledas
568 981 55 22 ifrån
637 982 65 22 Wasa
714 982 22 21 åt
746 981 72 22 söder.

60 1016 80 22 Likaså
161 1017 54 26 våga
237 1017 20 20 vi
280 1017 49 22 med
351 1016 139 22 bestämdhet
509 1017 59 21 hålla
587 1016 46 23 före
654 1019 32 19 att
705 1023 49 14 man
769 1016 50 21 icke

59 1051 69 22 heller
150 1051 103 22 behöfver
274 1053 34 20 tro
329 1053 33 20 att
381 1051 41 22 den
440 1051 176 22 handelsrörelse
632 1049 120 29 Uleåborgs
768 1051 50 21 stad

60 1086 7 21 i
82 1085 43 22 alla
140 1085 57 22 tider
210 1085 114 22 förmedlat
337 1085 47 22 från
400 1085 220 22 Uleåträskbassinen
636 1085 55 22 skall
707 1085 77 27 dragas
795 1085 24 21 åt

60 1121 66 20 annat
141 1120 43 21 håll
200 1120 40 22 och
256 1120 69 22 måste
340 1120 20 22 vi
376 1120 87 22 således
478 1122 53 20 utan
547 1120 78 22 tvekan
642 1126 51 16 anse
709 1122 32 19 att
755 1119 62 22 äfven

60 1154 77 22 staden
155 1154 120 27 Uleåborgs
295 1161 68 15 sanna
381 1155 108 21 interesse
508 1154 76 22 består
599 1154 32 22 uti
646 1156 33 20 att
693 1154 82 22 erhålla
790 1159 26 16 en

57 1189 98 27 jernväg,
176 1188 93 27 hvilken,
283 1189 66 27 jemte
366 1189 37 21 det
418 1189 125 22 densamma
557 1188 111 23 förbinder
684 1189 69 21 denna
768 1188 51 21 stad

59 1223 50 22 med
124 1223 50 21 dess
190 1223 108 27 naturliga
312 1223 160 27 trafikområde,
488 1224 29 26 på
532 1230 81 15 samma
629 1223 56 27 gång
699 1223 7 21 i
722 1223 32 21 sin
765 1222 54 22 fort-

59 1258 97 26 sättning
174 1257 86 23 förenar
275 1258 120 26 Uleåborgs
411 1258 50 21 stad
477 1258 50 21 med
542 1258 51 21 dess
608 1259 82 20 största
704 1257 116 27 importort

59 1292 40 22 och
121 1292 85 22 södern.
235 1292 44 22 Det
297 1292 36 22 må
348 1292 104 27 derjemte
469 1292 48 22 icke
532 1292 83 21 lämnas
631 1292 91 22 alldeles
738 1290 81 23 obeak-

58 1326 49 22 tadt
129 1328 33 20 att
184 1328 33 20 ett
234 1326 82 28 förslag
330 1327 72 21 såsom
418 1326 83 22 bekant
515 1326 7 22 i
538 1326 88 28 Sverige
640 1326 130 28 uppkastats
786 1326 34 20 att

57 1361 50 21 leda
125 1368 27 15 en
165 1361 90 28 jernväg
271 1361 46 22 från
333 1361 79 22 Ofoten
428 1361 32 21 till
475 1361 138 27 Haparanda.
644 1360 74 22 Skulle
733 1360 28 22 då
776 1360 42 21 den

58 1395 162 26 transitotrafik,
243 1401 48 16 som
312 1395 101 28 möjligen
435 1395 94 22 derifrån
549 1401 50 16 vore
618 1396 33 20 att
665 1395 96 27 påräkna
777 1393 41 22 och

56 1429 88 23 hvilken
166 1430 93 21 nämnda
280 1430 68 21 banas
371 1430 181 22 koncessionärer
573 1429 87 28 antyda,
682 1429 82 26 tvingas
785 1428 34 21 att

127 1469 190 22 Jernvägsutskottets
329 1469 118 18 betänkande
459 1469 37 18 N:o
508 1469 17 18 1.
