1023 1661
399 106 35 21 N:o
449 106 36 21 26.
766 106 24 20 15

63 174 61 27 frias,
148 174 53 21 eller
224 175 48 20 med
288 174 79 21 sådant
382 174 79 27 bidrag
476 174 7 21 i
496 174 158 27 jemförelsevis
669 175 84 21 mindre
768 175 50 20 mån

63 208 113 28 betungas,
192 209 28 20 då
235 209 55 21 skall
307 209 59 21 öfver
382 209 66 21 sådan
466 209 161 27 framställning
637 210 104 26 beslutas,
750 209 67 21 innan

63 243 159 27 hufvudfrågan
237 243 33 21 till
286 243 117 27 afgörande
419 243 115 27 företages.

409 306 11 27 $
437 307 33 20 50.

135 346 42 21 Vid
192 346 129 27 länstingets
337 346 76 27 början
428 346 57 21 låter
501 346 144 21 ordföranden
654 346 33 21 för
698 347 119 20 detsamma

63 381 120 26 framlägga
207 382 31 19 ett
261 380 22 21 af
303 381 156 20 länsutskottet
482 381 129 26 upprättadt
630 381 85 26 utgifts-
731 381 39 21 och
785 380 32 21 in-

63 415 160 26 komstförslag.

135 449 10 21 I
160 449 181 27 utgiftsförslaget
357 451 116 25 upptagas:

136 485 23 26 a)
176 484 94 27 skulder,
287 490 45 15 som
347 484 103 27 antingen
461 484 33 21 till
505 484 49 21 hela
565 484 100 27 beloppet
677 484 52 21 eller
737 484 77 21 endast

63 519 33 20 till
105 518 43 21 viss
158 518 34 21 del
201 518 84 21 förfalla
294 518 33 21 till
335 518 111 27 betalning
454 519 69 20 under
532 519 36 20 det
576 518 173 27 nästpåföljande
761 519 55 25 året;

136 553 20 26 0)
173 553 96 27 utgifter,
285 559 46 15 som
347 553 67 27 enligt
429 553 68 21 redan
513 553 82 21 fattade
606 553 71 21 beslut
688 553 53 21 böra
748 553 68 20 under

64 594 82 14 samma
162 588 24 20 är
202 587 119 26 bestridas:

136 624 20 22 c)
171 621 96 28 utgifter,
283 628 46 15 som
345 622 123 21 derutöfver
483 628 64 15 anses
563 622 73 21 kunna
651 622 33 21 för
699 622 70 20 länets
780 628 35 20 ge-

63 662 133 15 mensamma
219 656 66 21 behof
306 656 97 26 påkallas
422 656 69 22 under
507 657 37 20 det
559 656 129 21 kommande
704 657 55 25 året;
776 656 40 21 och

136 690 22 28 d)
174 690 133 28 förslagsvis,
324 692 31 20 ett
370 691 76 26 belopp
462 691 121 27 penningar
599 692 33 20 att
642 690 35 21 vid
687 690 128 21 inträffande

64 725 140 20 oförutsedda
219 724 66 21 behof
298 725 116 21 användas.

135 759 36 21 Uti
187 759 199 26 inkomstförslaget
400 761 116 24 upptagas:

136 796 24 22 a)
177 794 37 20 det
229 793 91 27 löpande
337 794 57 21 årets
410 794 126 26 päräknade
551 793 136 27 behållning;

136 827 22 25 b)
174 828 33 20 för
223 828 69 20 länets
308 828 65 20 behof
387 828 66 20 redan
470 828 108 27 beviljade
594 828 81 26 anslag,
691 834 46 14 som
746 827 68 21 under

63 862 37 21 det
114 862 129 21 kommande
259 863 46 20 året
321 862 21 21 få
357 862 121 27 uppbäras;

134 899 22 22 c)
172 896 125 28 inkomster,
313 897 73 21 hvilka
401 898 28 25 på
444 904 72 14 annan
532 897 70 26 grund
618 902 62 15 anses
689 896 57 21 inom
756 897 59 19 näst-

62 931 94 21 nämnda
172 932 24 19 år
211 931 85 21 komma
311 931 60 21 länet
386 931 33 21 till
435 932 66 26 godo;
518 932 39 20 och

134 966 22 24 d)
172 965 37 21 det
224 966 83 27 belopp,
325 972 45 14 som
385 966 127 26 ytterligare
528 966 117 27 erfordras,
659 966 66 27 jemte
734 964 81 27 förslag

62 1000 34 20 till
112 1000 130 21 detsammas
259 1000 146 22 anskaffande.

406 1064 11 27 $
433 1064 34 20 51.

132 1102 50 21 Med
205 1103 87 26 ledning
315 1103 23 21 af
356 1104 60 20 detta
431 1104 83 26 förslag
533 1104 40 21 och
588 1104 129 26 länstingets
732 1102 83 21 fattade

60 1136 78 27 beslut,
155 1137 56 21 skall
227 1137 75 28 tinget,
318 1137 66 22 innan
400 1138 37 21 det
452 1138 106 27 åtskiljes,
574 1139 102 26 upprätta
687 1136 128 27 fullständig

60 1171 86 26 utgifts-
162 1171 40 22 och
218 1172 139 21 inkomststat
373 1172 32 21 för
422 1172 36 21 det
474 1173 147 26 nästföljande
637 1173 53 26 året,
701 1171 114 22 utvisande

61 1207 13 19 å
90 1211 40 15 ena
146 1205 69 28 sidan,
231 1206 26 21 de
273 1206 108 21 särskilda
399 1207 181 26 utgiftsposterna
600 1207 40 21 och
655 1207 12 20 å
683 1207 41 20 den
740 1206 74 26 andra,

62 1240 26 21 de
102 1239 118 28 tillgångar
236 1241 39 20 och
291 1241 125 27 inkomster,
433 1247 46 15 som
496 1243 37 19 äro
549 1243 33 19 att
597 1241 104 27 påräkna,
713 1242 56 19 samt
778 1239 37 22 det

60 1274 84 27 belopp,
159 1275 83 20 hvilket
257 1275 56 21 skall
328 1275 7 21 i
350 1275 59 21 länet
424 1277 120 20 uttaxeras.

404 1337 11 27 8
431 1339 34 19 52.

132 1376 141 21 Guvernören
295 1377 138 27 ombesörjer,
455 1378 30 25 på
503 1377 168 21 länsutskottets
685 1376 130 22 framstälda

60 1410 100 27 begäran,
184 1412 33 19 att
237 1411 26 21 de
281 1411 34 21 till
331 1411 123 27 uttaxering
471 1411 114 22 beslutade
601 1411 76 28 medel,
692 1411 71 21 under
777 1410 37 21 be-
