1025 1661
218 118 27 20 20
525 116 38 22 N:o
579 115 34 22 29.

544 182 11 27 8
572 184 18 19 2.

256 229 40 22 Vid
316 229 131 27 gästgifveri,
463 229 38 21 der
516 229 122 27 skjutsning
653 229 50 21 med
718 229 39 22 bät
772 229 170 28 ifrägakommer,

187 271 39 20 ege
246 264 93 21 häradet
357 269 33 16 om
405 263 149 27 bätskjutsens
571 263 192 27 upprätthällande
779 265 39 20 och
834 264 113 26 bätlegans

185 299 79 27 belopp
289 298 13 21 å
323 298 217 21 kommunalstämma
559 297 55 21 fatta
635 298 79 26 beslut,
735 304 47 15 som
798 298 149 22 Guvernörens

185 332 100 28 pröfning
308 332 151 22 underställes.
491 332 138 21 Guvernören
648 332 121 22 bestämme
790 333 73 26 sedan,
882 332 66 22 huru-

185 368 59 21 ledes
261 367 139 28 bätskjutsen
416 367 54 22 skall
486 366 136 27 verkställas,
639 368 57 20 samt
712 366 40 22 den
769 367 55 27 lega,
840 373 46 16 som
898 367 48 22 der-

184 402 34 22 för
232 403 40 21 bör
288 402 59 27 utgä.

543 465 47 27 83.

252 512 80 27 Hvarje
354 511 125 28 gästgifveri
494 512 7 21 i
517 512 49 21 stad
586 511 40 22 och
642 511 29 27 pä
686 511 75 22 landet
776 510 75 26 förses,
867 517 77 20 genom

184 547 152 21 Guvernörens
356 546 84 27 försorg
459 547 40 21 och
517 547 29 26 pä
565 546 121 21 bekostnad
705 545 23 21 af
742 545 107 21 allmänna
863 545 78 26 medel,

183 581 33 22 för:
230 582 75 26 hvarje
322 581 78 21 månad
415 581 49 21 med
481 587 25 15 en
522 587 27 21 ny
566 580 90 28 dagbok,
674 580 31 21 uti
721 580 87 21 hvilken
823 580 39 21 bör
874 579 69 22 finnas

184 616 137 26 antecknadt,
345 616 55 21 huru
424 616 77 26 mänga
521 622 47 14 rum
588 615 62 21 skola
669 621 52 15 vara
740 615 32 21 till
789 615 101 21 resandes
906 615 37 21 be-

183 651 113 27 gagnande
315 650 111 28 upplätna,
447 650 135 27 väglängden
603 652 57 19 samt
678 650 81 27 skjuts-
776 649 39 22 och
832 649 111 27 bätlegans

183 686 79 26 belopp
278 685 33 21 till
327 686 26 20 de
368 687 110 19 närmaste
489 684 211 28 skjutsanstalterna,
713 684 32 21 dit
755 684 120 27 skjutsning
887 684 56 25 sker,

183 720 37 21 det
242 720 60 21 antal
325 720 102 27 skjutsar,
449 726 44 15 som
509 720 6 20 i
531 720 80 26 dygnet
629 719 40 21 bör
685 719 59 27 utgä,
761 720 56 20 samt
833 718 36 22 det
885 718 57 21 antal

182 754 74 21 hästar
276 754 41 21 och
332 754 69 26 bätar,
418 760 46 16 som
479 754 38 21 bör
532 753 68 22 finnas
617 755 32 19 att
664 754 68 26 tillgä,
748 755 52 25 väg-
817 752 37 22 och
871 752 71 22 broaf-

182 788 65 28 gifter
270 791 56 19 samt
349 788 165 28 färjpenningar,
538 789 38 21 der
599 788 81 22 sädana
695 788 162 27 ifrägakomma,
873 788 69 20 anvis-

182 824 50 26 ning
248 830 35 15 om
300 824 26 21 de
343 824 159 27 anteckningar,
518 824 92 20 resande
621 824 39 20 bör
668 823 8 21 i
685 822 114 27 dagboken
807 824 58 25 göra,
874 822 67 27 jemte

182 858 68 21 andra
273 858 83 22 sådana
379 858 189 27 omständigheter,
590 864 46 15 som
651 858 8 20 i
674 856 103 23 afseende
793 857 14 21 &
821 856 120 22 kontrollen

180 893 74 21 kunna
269 892 70 22 finnas
356 893 84 27 nödiga.

538 961 10 27 8
565 963 19 19 4.

249 1008 121 26 Dagboken
393 1008 40 21 bör
455 1007 131 27 gästgifvare
608 1007 64 21 hafva
695 1007 6 20 i
718 1006 33 22 sin
767 1005 106 22 särskilda
889 1006 52 20 värd

180 1044 56 19 samt
259 1042 98 27 opämint
378 1042 125 22 framlemna
525 1042 32 21 till
574 1042 40 21 den
630 1041 93 22 resande
737 1040 34 22 för
785 1040 104 27 behöriga
903 1046 37 14 an-

178 1077 129 27 teckningar
330 1077 7 21 i
363 1077 129 21 densamma.
524 1077 74 21 Skulle
623 1076 132 27 gästgifvare
778 1076 67 26 vägra
861 1076 32 20 att
907 1074 33 21 för

178 1111 120 26 klagomäls
319 1111 150 22 antecknande
484 1111 162 21 tillhandahälla
660 1110 93 21 resande
770 1109 119 26 dagboken,
901 1114 39 21 ege

179 1145 41 22 den
243 1146 94 21 resande
361 1148 33 19 att
416 1146 132 27 klagomälet
569 1146 7 20 i
594 1145 114 27 dagboken
725 1151 13 14 å
753 1145 64 20 nästa
833 1143 107 27 skjutsan-

177 1180 53 21 stalt
245 1180 76 21 införa.

534 1243 10 26 8
561 1245 19 19 5.

245 1290 62 20 Inom
322 1290 39 21 tvä
375 1290 80 22 veckor
472 1290 54 22 efter
541 1289 109 27 utgängen
667 1287 23 22 af
703 1287 74 27 hvarje
792 1286 77 22 mänad
885 1285 54 22 skall

175 1324 115 26 dagboken
306 1324 34 22 för
357 1325 41 21 den
415 1324 175 27 tilländagängna
604 1323 108 21 månaden
729 1322 23 21 af
768 1320 129 28 gästgifvare
908 1320 31 22 af-

174 1358 90 27 lemnas,
280 1359 8 21 i
305 1359 49 21 stad
369 1359 34 21 till
419 1359 142 26 Magistraten
577 1358 53 21 eller
643 1356 169 28 stadsstyrelsen
822 1354 62 22 och
872 1350 10 39 ä
894 1355 45 21 lan-

174 1392 38 21 det
227 1393 33 20 till
277 1393 163 22 vederbörande
455 1393 179 25 Kronolänsman,
650 1391 34 22 för
700 1392 33 20 att
748 1390 23 21 af
785 1390 49 21 dem
849 1389 32 21 till
896 1388 43 22 för-

174 1433 38 15 var
234 1427 122 27 befordras,
380 1427 33 22 för
436 1428 102 21 städerna
553 1427 32 21 till
602 1427 143 21 Guvernören
763 1425 40 21 och
817 1424 33 21 för
864 1423 75 21 landet

173 1461 33 21 till
222 1462 155 27 Kronofogden
392 1463 7 20 i
415 1464 67 20 orten.
