1031 1661
217 138 32 36 34
391 144 82 23 Ständ.
489 145 37 25 Sv.
543 158 25 3 —
585 146 72 28 Prop.
673 147 41 22 N:o
728 147 36 24 29.

403 207 94 28 ddömas,
513 209 29 27 gå
558 209 35 21 till
610 209 111 28 treskiftes
732 209 40 22 och
775 209 135 28 förvandlas
918 211 36 21 vid

403 241 113 22 bristande
537 243 95 28 tillgång
655 244 35 21 till
712 244 99 28 fängelse
829 245 35 20 vid
879 247 75 19 vatten

402 275 37 21 och
455 275 53 22 bröd
523 277 68 27 enligt
607 277 84 21 allmän
708 278 42 27 lag.

647 352 15 26 $
675 352 34 20 38.

471 395 85 21 Besvär
579 395 62 26 öfver
662 398 120 24 guvernörs
804 397 73 27 utslag
900 398 8 20 i
926 397 26 21 de

399 429 102 25 ärenden,
524 429 88 22 hvarom
632 430 9 20 i
656 430 71 21 denna
738 430 137 28 förordning
890 431 60 21 stad-

399 470 47 20 gas,
469 463 93 26 anföras
584 464 9 20 i
615 464 105 21 Senatens
735 464 216 29 Ekonomiedeparte-

399 500 58 18 ment
479 498 58 20 inom
555 497 134 28 fyratiofem
713 498 71 28 dagar
807 499 56 27 efter
878 499 72 27 delfä-

401 531 70 21 endet.

640 595 16 26 $
670 595 34 21 39.

468 639 79 20 Denna
564 639 138 28 förordning
724 640 76 21 träder
816 641 7 20 i
840 640 106 21 verksam-

399 673 34 21 het
449 673 41 21 den
506 674 12 19 1
532 673 102 21 Januari
648 686 27 3 —

259 724 111 28 Derjemte
395 725 65 22 hafva
486 724 123 22 Ständerna
632 725 22 21 ät
676 725 88 21 Eders
788 725 163 29 Kejserliga

192 758 129 28 Majestät
343 759 142 22 öfverlemnat

467 802 38 23 att,
529 801 42 19 när
594 800 41 20 den
658 800 113 27 blifvande
788 800 160 29 förordningen

399 832 147 28 tilläfventyrs
562 833 94 21 kommer
671 836 33 18 att
712 833 112 27 utfärdas,
833 834 115 21 bestämma

399 868 32 20 tid
447 867 62 26 en,då
525 868 40 20 den
580 867 59 21 skall
655 867 66 21 träda
738 868 8 20 i
760 868 105 27 gällande
880 868 68 27 kraft.

257 992 140 21 Beträffande
420 993 36 21 det
481 992 92 28 förslag
593 992 33 22 till
642 992 136 27 kungörelse,
793 992 155 22 innefattande

188 1025 108 22 särskilda
317 1026 135 22 föreskrifter
467 1027 7 20 i
489 1027 102 21 afseende
606 1028 13 20 &
635 1026 174 28 skjutsväsendet
824 1027 7 20 i
846 1026 96 27 landet»,

186 1059 115 23 hvaröfver
323 1061 88 21 Eders
433 1061 162 28 Kejserliga
615 1061 138 28 Majestät
771 1061 57 21 velat
848 1061 98 22 inhemta

187 1093 134 23 Ständernas
343 1095 150 27 underdäniga
514 1097 107 26 yttrande,
645 1095 21 21 fä
690 1095 123 21 Ständerna
835 1097 109 19 underdä-

186 1128 57 27 nigst
267 1129 94 26 anmäla,
384 1132 33 19 att
436 1130 27 21 de
481 1132 56 19 emot
556 1130 68 27 sagda
643 1129 82 27 förslag
744 1129 50 21 icke
812 1129 48 21 haft
878 1132 68 18 annat

186 1164 32 20 att
236 1163 113 26 anmärka,
368 1165 29 20 än
417 1166 33 19 att
468 1164 28 21 dä
513 1164 7 20 i
539 1165 48 20 dess
604 1164 61 21 2:dra
685 1165 11 25 $
715 1164 70 26 säges,
804 1165 32 19 att
853 1163 92 22 häradet

185 1203 50 21 eger
256 1204 36 14 om
306 1198 148 27 bätskjutsens
469 1198 192 28 upprätthållande
676 1198 41 21 och
734 1197 112 27 bätlegans
864 1197 80 29 belopp

186 1232 13 21 3
218 1231 221 23 kommunalstämma
458 1232 55 22 fatta
532 1232 77 26 beslut,
630 1232 116 27 meningen
764 1231 74 28 tyckes
853 1232 91 21 vidhan-

186 1266 102 27 dengifva
307 1269 33 19 att
360 1267 62 21 ordet
444 1267 92 21 »härad»
557 1267 66 21 borde
641 1267 89 27 utbytas
745 1268 45 19 mot
808 1266 136 26 »kommun,,

185 1300 112 22 äfvensom
315 1303 32 19 att
365 1301 47 22 ifall
431 1301 155 27 förordningen
605 1301 98 21 kommer
721 1302 33 20 att
768 1300 126 26 stadfästas,
911 1308 33 14 or-

184 1336 43 20 den
245 1336 156 26 »gästgifvare»
419 1336 40 21 och
478 1336 147 27 »gästgifveri>
642 1335 55 21 böra
711 1334 88 28 utbytas
814 1336 44 20 mot
876 1334 68 22 »före-

184 1369 103 21 ståndare
303 1370 34 20 för
352 1370 164 27 skjutsanstalt>
535 1370 40 21 och
593 1368 187 29 »skjutsanstalt».

253 1403 108 22 Särskildt
376 1404 39 21 har
430 1405 183 26 Borgareständet
632 1405 74 20 ansett
721 1402 125 26 önskvärdt,
862 1404 32 19 att
913 1403 31 20 uti

184 1439 148 25 nyssnämnda
353 1439 106 27 paragraf
478 1438 87 27 inginge
585 1438 122 27 stadgande
722 1436 82 28 jemväl
822 1443 35 14 om
876 1437 42 20 den
936 1437 8 20 i

182 1471 87 22 landets
285 1472 123 28 nordligare
424 1473 60 21 delar
499 1472 176 22 förekommande
691 1471 144 28 renskjutsen.
