986 1628
183 76 12 20 6
397 76 23 24 U.
432 77 21 22 B.
465 88 29 5 —
506 76 61 29 Prop.
580 77 35 22 N:o
632 76 36 23 20.

153 132 46 21 Den
223 134 122 21 nuvarande
367 135 170 26 uppställningen
553 134 23 21 af
589 133 124 22 tullverkets
728 134 181 26 persedelextrakt

157 166 80 21 tillåter
251 167 48 22 icke
315 170 30 19 ett
360 169 138 27 särskiljande
513 169 23 21 af
549 169 67 21 tobak
630 169 7 20 i
652 168 50 21 blad
717 168 39 21 och
766 168 6 21 i
784 168 62 27 stjelk
856 171 52 19 utan

155 201 30 20 ett
207 202 79 26 ytterst
309 203 129 22 omfattande
461 203 38 22 och
522 203 127 22 tidsödande
664 203 79 26 arbete,
759 209 44 14 som
819 209 28 15 nu
862 204 46 21 icke

153 235 82 22 kunnat
249 236 153 27 ifrägakomma.
438 237 136 22 Beträffande
590 239 40 20 den
645 237 62 28 ryska
721 237 90 22 rävaran
821 237 88 27 betyder

155 269 69 22 denna
239 271 157 27 omständighet
410 272 54 27 föga,
482 273 26 20 dä
523 273 67 20 kändt
606 274 24 19 är
645 273 32 20 att
691 272 50 27 rysk
756 271 62 28 stjelk
834 272 31 21 till
876 275 32 24 yt-

155 305 54 20 terst
224 305 61 26 ringa
300 305 76 27 belopp
391 306 110 22 härstädes
516 307 108 21 användes
639 306 39 22 och
694 307 27 20 all
732 307 75 20 rävara
817 306 92 21 derifrän

155 338 82 22 säledes
259 340 81 21 saklöst
360 340 41 22 kan
417 341 76 21 räknas
509 342 67 20 under
592 342 54 20 blad.
678 341 62 21 Hvad
755 341 45 21 äter
815 340 93 22 vidkom-

152 380 46 14 mer
217 374 40 21 den
273 376 141 20 annanstädes
428 376 54 21 ifrän
497 376 144 26 importerade
656 376 95 26 rävaran,
766 375 39 21 har
821 375 87 21 Utskot-

152 409 32 20 tet
206 408 36 21 vid
265 409 48 21 dess
335 409 118 28 fördelning
472 410 81 27 antagit
574 411 40 21 den
630 410 192 26 medelproportion
838 409 22 21 af
873 410 33 20 55:

153 443 34 26 45,
204 449 45 15 som
265 443 33 21 för
313 444 50 21 ären
380 445 139 21 1876—1878
535 444 93 27 framgär
640 451 24 15 ur
675 444 175 22 skattekomitens
860 450 48 20 spe-

153 477 111 22 cificerade
291 478 192 28 importuppgifter,
506 479 136 27 hvarigenom
666 478 23 22 af
709 478 197 27 sjuärsmedeltalet,

153 512 78 26 93,400
254 513 39 26 /%,
309 513 95 22 kommer
425 514 68 21 under
512 514 101 21 rubriken
629 513 49 21 blad
694 514 76 26 51,400
786 513 38 21 och
840 514 67 20 under

152 546 63 27 stjelk
234 547 78 26 42,000
332 548 38 20 74.
400 548 40 21 Till
456 548 36 21 det
507 548 6 21 i
529 548 171 27 tullspecialerna
714 549 108 25 upptagna
836 548 71 26 belop-

152 582 36 25 pet
203 581 94 27 cigarrer
312 582 39 22 och
366 589 125 20 papyrosser
506 582 47 22 frän
568 582 105 28 Ryssland
683 582 45 26 har,
739 582 7 21 i
756 582 92 26 enlighet
858 582 49 21 med

152 615 178 23 skattekomitens
348 616 77 28 kalkyl,
441 617 80 27 tillagts
538 618 76 26 10,000
630 618 37 20 2.
699 617 106 26 Importen
821 616 23 22 af
856 623 50 15 snus

152 650 39 21 och
214 650 119 27 tuggtobak
355 653 30 25 är,
400 652 44 20 ifall
463 658 48 14 man
527 652 132 26 undantager
675 651 109 26 uppgiften
799 657 33 14 om
848 657 58 15 snus-

151 683 106 28 importen
280 685 24 21 är
320 686 60 26 1874,
396 686 62 21 hvars
474 686 55 27 höga
544 686 76 26 belopp
636 685 107 22 förefaller
758 685 147 27 misstänkliet,

152 719 23 20 sä
197 719 115 28 obetydlig,
328 721 32 20 att
382 721 121 20 densamma
525 721 40 20 här
587 721 45 20 helt
647 719 40 22 och
702 720 65 21 hället
782 720 122 21 utelemnas.

151 753 43 21 Det
216 753 39 22 bör
275 754 97 27 tilläggas
388 756 32 20 att
432 755 77 26 jemväl
525 755 136 26 uppgifterna
676 754 32 21 för
725 755 51 20 åren
795 755 53 20 1876
879 755 26 20 78

152 790 81 19 ansetts
253 788 33 21 för
301 789 181 27 likformighetens
497 789 55 21 skull
568 789 52 21 böra
635 791 60 24 tagas
711 795 25 14 ur
751 788 153 21 Genera'-Tull-

152 822 144 22 direktionens
319 824 179 26 persedelextrakt
521 824 39 21 och
582 823 71 22 derför
667 823 8 20 i
691 823 68 26 någon
772 829 48 15 mon
836 822 70 21 afvika

151 856 47 22 från
213 857 176 22 skattekomit6ns
405 859 27 26 pä
446 865 68 14 annan
530 860 40 25 väg
586 858 96 21 erhållna
697 857 74 21 siffror.

219 915 11 20 I
246 915 93 26 enlighet
354 915 87 22 härmed
456 915 72 22 ställer
543 916 33 26 sig
590 915 99 27 kalkylen
705 915 27 26 pä
747 914 91 27 följande
853 915 51 20 sätt:

834 960 42 26 Fry

151 995 92 26 238,000
259 994 85 27 lispund
358 995 50 27 rysk
423 996 115 21 bladtobak
553 995 13 21 å
591 996 3 20 3
610 995 36 21 mk
669 1012 1 4 .
701 1012 4 3 .
737 1011 3 4 .
772 1011 3 4 .
807 994 97 26 714,000.

150 1030 79 25 51,400
243 1029 86 27 lispund
343 1030 100 21 utländsk
458 1030 116 21 bladtobak
587 1030 13 21 ä
616 1031 18 20 8
652 1030 27 21 50
702 1045 3 4 .
737 1046 4 4 .
772 1046 4 3 .
807 1029 97 25 436,900.

153 1064 78 26 42,000
246 1064 85 27 lispund
347 1065 99 21 utländsk
462 1065 62 26 stjelk
539 1064 12 21 å
567 1065 19 20 4
603 1065 27 20 50
665 1080 4 4 .
701 1080 3 4 .
736 1080 4 4 .
771 1080 5 4 .
808 1063 96 26 189,000.

152 1099 77 26 32,200
245 1098 105 27 skålpund
366 1099 91 27 cigarrer
472 1099 39 21 och
526 1105 126 20 papyrosser
668 1098 13 21 å
702 1098 6 20 2
724 1097 51 21 mk.
820 1097 84 26 =64,400.

150 1133 78 26 29,300
243 1133 106 27 skålpund
364 1133 80 22 karvad
459 1133 65 21 tobak
539 1133 13 21 ä
574 1134 3 20 1
596 1133 36 21 mk
665 1149 4 4 .
701 1149 4 4 .
738 1148 3 3 .
773 1147 2 4 .
821 1131 82 26 29,300.

786 1171 118 27 1,433,600.

150 1230 65 27 Afgär
230 1230 217 27 uppbördsprovision
462 1230 66 21 omkr.
560 1247 1 4 .
593 1247 4 4 .
630 1246 3 3 -
666 1245 3 4 +.
701 1245 4 4 .
737 1245 3 4 .
772 1245 5 4 .
823 1229 81 25 14,400.

671 1269 97 26 Äterstär
785 1274 119 26 1,419,200.

218 1339 73 21 Under
307 1339 151 27 förutsättning
473 1340 31 20 att
519 1339 41 20 den
575 1338 121 26 minskning
711 1337 7 21 i
733 1336 171 27 förbrukningen,

149 1380 45 14 som
217 1373 34 21 väl
274 1373 41 21 blir
338 1380 25 14 en
386 1373 52 27 följd
456 1373 22 21 af
491 1373 97 27 förhöjda
602 1373 51 26 pris,
669 1372 7 20 i
691 1372 96 26 förening
802 1371 48 21 med
866 1370 39 22 den

149 1408 98 26 nedgång
264 1408 7 20 i
287 1408 111 26 importen,
415 1414 45 15 som
476 1407 156 27 otvifvelaktigt
648 1406 97 27 betingas
761 1406 22 21 af
796 1406 40 20 den
852 1405 54 21 före-

218 1447 214 23 Bevillningsutskottets
446 1448 114 17 betänkande
573 1447 37 17 N:o
624 1448 17 16 1.
