1028 1661
294 124 24 23 U.
333 125 24 22 B.
373 137 28 3 —
416 125 66 28 Prop.
498 125 38 22 N:o
552 123 36 24 24.
764 127 26 20 "1

64 190 169 23 österbottniska
247 190 123 22 kustbanan
385 190 8 22 i
407 190 123 27 väsendtlig
545 191 54 27 grad
614 191 98 22 kommer
726 192 33 27 att
768 191 52 22 ned-

64 225 77 27 sjunka
160 225 33 22 till
212 226 78 21 endast
309 231 26 16 en
350 225 116 22 lokalbana
479 225 34 22 för
528 220 180 27 Österbottniska
722 225 99 22 kustlan-

65 259 43 26 det,
130 259 41 22 har
191 259 109 22 utskottet
321 259 66 22 likväl
406 259 132 27 frängäende
560 259 41 22 den
617 260 73 21 säsom
706 265 36 16 oss
757 265 64 21 synes

65 294 78 28 rigtiga
157 294 117 28 principen,
291 295 32 20 att
338 294 82 21 sädana
435 294 73 26 banor,
525 294 73 22 hvilka
613 294 7 21 i
635 294 67 27 högre
718 293 54 27 grad
782 299 40 21 ega

66 328 113 28 betydelse
194 328 70 22 såsom
280 328 125 22 stambanor
420 328 52 21 böra
488 328 83 22 utföras
586 328 64 21 innan
662 328 82 22 sådana
753 328 68 25 linier,

66 368 47 16 som
135 369 40 21 ega
196 362 130 22 karakteren
349 362 23 22 af
392 362 78 22 endast
490 362 133 27 lokalbanor,
648 362 88 22 komma
755 362 68 22 under

67 397 80 27 arbete,
170 396 111 28 föreslagit
300 398 33 20 att
351 397 122 22 kustbanan
488 397 7 21 i
511 397 68 21 andra
599 399 93 19 rummet
706 397 68 21 måtte
790 396 33 22 till

67 431 112 23 utförande
194 431 115 27 företagas.

135 466 105 22 Häremot
257 466 51 27 vilja
325 466 22 21 vi
366 465 56 22 dock
436 465 114 23 framhålla
566 468 33 19 att
613 466 127 26 kustbanor,
756 465 67 27 enligt

67 500 38 22 vår
127 500 61 27 åsigt,
207 500 67 22 redan
288 500 7 22 i
311 500 117 22 allmänhet
441 500 120 22 förutsätta
576 500 46 22 helt
637 501 67 21 andra
719 500 41 22 och
774 500 50 22 vida

67 540 60 16 mera
148 534 128 22 utvecklade
298 534 148 23 förhållanden
469 537 27 19 än
517 535 38 22 det
570 531 178 26 Österbottniska
761 527 63 44 kust-

68 569 75 22 landet
167 569 42 21 kan
233 569 94 28 erbjuda,
350 569 86 22 hvarför
459 570 78 21 endast
560 570 41 21 den
624 570 36 21 del
683 569 21 22 af
726 570 70 21 denna
818 569 7 20 i

68 604 175 21 stambanenätet
267 604 104 27 ingående
397 604 124 27 sträskning
546 610 46 16 som
616 605 38 26 går
676 604 46 22 från
744 604 80 21 Nurmo

69 638 32 21 till
125 638 75 21 Gamla
221 638 93 28 Karleby
334 638 41 22 och
394 638 86 22 hvilken
500 639 36 21 del
555 639 109 27 knappast
682 645 37 15 ens
734 639 43 21 kan
792 643 33 16 er-

70 673 57 21 hålla
147 679 64 15 namn
231 672 23 22 af
271 673 114 26 kustbana,
407 673 67 27 enligt
492 673 50 22 vårt
556 673 145 26 förmenande,
717 673 43 21 kan
774 673 52 26 göra

70 707 94 28 anspråk
182 707 28 27 på
228 709 33 20 att
275 709 7 20 i
297 713 26 16 en
339 710 97 19 närmare
451 707 88 22 framtid
558 708 86 21 komma
658 707 32 22 till
704 706 121 25 utförande,

71 742 40 22 och
131 742 61 21 detta
210 742 113 27 måhända,
340 743 67 26 enligt
421 742 38 22 vår
475 743 63 26 åsigt,
554 743 56 21 först
625 742 55 22 efter
696 742 38 21 det
749 741 77 22 Loimi-

68 777 290 27 joki—Björneborgsbanan
382 776 68 22 blifvit
468 777 78 27 byggd.
576 777 50 21 Men
646 778 52 20 utan
716 778 32 20 att
763 776 64 21 dessa

72 811 109 26 bandelar,
198 811 72 21 såsom
285 811 62 21 äfven
363 811 109 21 utskottet
487 811 129 26 framhåller,
632 811 70 21 måste
716 810 111 22 betraktas

73 846 72 21 såsom
167 846 125 22 lokalbanor
313 845 34 22 för
364 845 93 22 nämnda
476 846 124 22 landsorter
618 846 41 21 och
674 845 86 22 således
775 844 54 22 böra

73 880 49 21 vika
141 879 33 22 för
192 880 66 21 andra
276 886 59 15 mera
349 880 137 26 berättigade
502 880 114 26 intressen,
633 880 25 21 så
673 880 73 21 kunna
760 879 21 21 vi
796 878 33 22 för

73 914 38 21 vår
131 914 34 22 del
180 914 48 21 icke
243 916 65 20 annat
323 916 28 19 än
366 920 52 16 anse
434 916 32 20 att
482 914 42 22 den
539 916 68 26 nytta,
623 920 47 16 som
684 914 123 21 kustbanan
821 913 8 20 i

74 948 64 27 öfrigt
163 948 68 22 skulle
254 948 101 26 medföra,
378 949 96 21 kommer
498 948 78 22 endast
598 947 231 23 Nordösterbottniska

74 982 126 22 kustlandet
223 983 40 21 och
277 983 8 21 i
299 983 70 27 någon
390 983 61 27 ringa
471 983 49 21 mån
540 983 120 27 Uleåborgs
676 982 50 22 stad
739 982 33 22 till
788 981 40 26 del,

74 1018 52 20 utan
142 1018 33 20 att
190 1018 123 21 densamma
323 1018 7 21 i
340 1018 71 26 någon
425 1018 133 27 betydligare
569 1018 48 21 mån
628 1018 43 21 kan
682 1020 63 24 sägas
755 1016 74 27 bringa

74 1051 67 28 något
163 1058 55 21 gagn
241 1052 23 21 åt
286 1054 81 20 största
390 1053 61 21 delen
473 1052 23 22 af
513 1053 99 26 nordliga
631 1047 141 27 Österbotten
790 1051 39 22 och

73 1086 51 21 hela
139 1087 37 21 det
190 1087 46 21 inre
251 1087 23 21 af
286 1093 64 15 norra
365 1087 95 21 Finland.
492 1087 51 21 Man
558 1087 35 21 må
608 1087 76 21 härvid
700 1087 78 21 endast
792 1085 37 22 be-

75 1120 68 26 sinna,
164 1122 32 20 att
216 1122 81 20 största
311 1121 62 21 delen
390 1121 22 21 af
425 1120 122 28 Uleåborgs
562 1121 35 21 län
614 1121 40 22 och
670 1120 103 23 särskildt
788 1119 43 22 alla

75 1154 27 22 de
125 1154 133 23 vidsträckta
279 1156 130 26 landsdelar,
432 1155 34 22 för
487 1156 75 21 hvilka
583 1156 117 22 Uleåträsk
719 1156 65 26 utgör
804 1160 27 16 en

75 1188 94 28 naturlig
188 1190 150 27 centralpunkt
358 1190 40 22 och
418 1190 32 22 dit
469 1189 48 22 från
532 1190 50 22 vida
597 1190 83 22 trakter
696 1188 135 26 deromkring

74 1226 61 19 stora
157 1225 156 26 vattensystem
336 1224 59 22 bilda
416 1224 111 27 naturliga
549 1224 177 27 trafiktilllöden,
750 1222 82 23 erhålla

75 1258 63 27 ingen
153 1259 61 26 nytta
229 1258 23 22 af
264 1259 129 21 kustbanan.
423 1259 48 21 Den
487 1260 63 32 stora
557 1258 80 28 mängd
648 1258 134 27 skogsalster
792 1257 40 22 och

76 1292 62 27 tjära,
159 1298 46 16 som
225 1293 80 27 årligen
323 1294 132 26 produceras
471 1293 7 21 i
494 1294 121 21 sistnämda
630 1294 88 25 trakter,
735 1294 34 20 att
785 1292 49 22 icke

76 1326 45 22 tala
141 1332 33 16 om
190 1327 40 22 den
247 1329 59 20 stora
318 1328 188 27 jernproduktion,
523 1334 47 16 som
586 1328 70 22 denna
670 1327 99 22 landsdel
784 1327 49 21 med

76 1361 48 21 sina
142 1361 135 22 vidsträckta
295 1362 47 22 rika
360 1362 157 22 malmförande
538 1362 58 27 sjöar
611 1362 159 26 otvifvelaktigt
784 1361 8 21 i
807 1367 26 15 en

75 1395 87 21 framtid
178 1397 24 19 är
216 1395 82 28 mäktig
313 1395 52 27 utaf,
382 1396 38 21 allt
431 1396 61 21 detta
502 1396 42 22 kan
556 1396 113 28 omöjligen
680 1396 74 21 hämta
763 1395 71 26 någon

76 1431 63 25 nytta
153 1429 23 22 af
187 1429 128 22 kustbanan.
346 1430 61 21 Huru
422 1436 49 15 man
488 1431 29 21 då
531 1431 43 21 kan
589 1436 53 16 anse
653 1432 33 20 att
696 1430 27 22 de
733 1429 100 26 fördelar,

145 1467 190 24 Jernvägsutskottets
347 1469 116 18 betänkande
476 1470 37 18 N:o
526 1471 17 18 1.
