1028 1664
225 107 26 20 56
423 107 24 23 U.
463 99 24 31 B.
504 121 26 3 —
546 109 65 28 Prop.
627 109 39 22 N:o
682 107 35 24 24.

196 173 7 20 i
218 171 34 28 sig
272 171 50 28 sjelf
339 175 26 20 än
386 175 29 26 är,
431 173 34 23 får
480 174 38 22 det
532 174 48 23 icke
595 174 105 29 glömmas
716 176 33 21 att
761 175 143 29 jernvägarne
919 177 36 22 vid

196 208 135 27 transporter
350 208 29 27 på
397 208 74 28 längre
487 208 87 23 afstånd
588 209 58 22 finna
662 209 38 22 det
714 209 142 29 fördelaktigt
871 213 32 20 att
916 211 39 22 be-

195 241 52 28 vilja
261 248 27 16 en
302 242 84 27 ganska
400 243 124 28 betydande
538 243 212 29 fraktnedsättning;
769 245 34 22 för
821 245 134 22 närvarande

196 279 27 20 40
239 277 39 27 Oo,
293 283 50 16 men
358 277 55 22 efter
424 277 123 24 införandet
557 278 24 23 af
589 279 41 22 den
640 285 44 22 nya
692 279 124 28 föreslagna
826 279 129 23 trafiktaxan

197 313 27 20 än
246 317 65 16 mera.
341 312 170 23 Merkostnaden
533 313 7 22 i
562 313 58 22 frakt
641 313 43 22 blir
708 313 52 23 alltå
784 314 171 29 proportionsvis

197 346 83 22 mindre
295 346 128 28 betydande.

255 392 77 23 Såsom
351 395 33 20 ett
405 393 48 22 skäl
472 393 34 22 för
528 394 109 27 Uleåborg
659 395 83 22 banans
765 395 108 27 dragande
896 395 60 22 öfver

196 427 86 28 Kuopio
298 427 39 22 har
352 434 49 16 man
416 428 62 23 äfven
494 429 71 22 anfört
579 429 98 28 utsigten
699 429 33 22 till
752 429 156 22 transitotrafik
927 430 29 27 på

197 462 107 29 Ryssland
322 462 47 23 från
389 463 88 28 Sverige
500 463 40 22 och
562 464 78 27 Norge.
672 463 42 23 Oss
736 464 109 23 förefaller
867 464 38 22 det
923 466 33 20 att

197 504 50 15 man
269 497 35 22 vid
327 498 80 22 tanken
426 498 28 28 pä
478 499 40 21 den
538 499 154 28 projekterade
706 499 185 27 Nordhafsbanan,
908 497 65 24 som
965 493 11 38 '

198 532 70 23 skulle
290 532 50 23 med
362 533 164 28 utgängspunkt
544 533 47 22 frän
611 533 80 22 Ofoten
710 534 61 22 ledas
792 533 59 23 öfver
866 533 27 22 de
907 533 49 22 rika

197 567 133 22 malmfälten
345 567 7 22 i
367 573 64 16 norra
446 567 88 28 Sverige
550 568 32 21 till
597 568 63 22 Kalix
676 568 41 22 och
727 569 136 27 Haparanda,
874 568 7 22 i
891 568 64 22 främ-

198 605 34 19 sta
247 604 92 20 rummet
353 602 40 22 bör
407 602 57 22 fästa
479 602 102 23 afseende
597 603 27 28 pä
640 603 43 22 den
698 603 182 28 utomordentliga
894 603 63 28 bety-

199 637 60 22 delse
275 643 26 16 en
316 636 98 29 förening
429 637 49 22 med
494 638 70 21 denna
578 638 57 22 bana
650 638 71 22 skulle
731 637 65 23 hafva
806 638 32 22 för
848 637 48 23 värt
907 639 50 26 eget

198 671 57 23 land.

267 712 39 22 Att
328 712 90 23 Finland
440 713 70 22 skulle
529 712 64 23 hafva
611 713 67 22 minst
697 713 45 22 lika
756 715 47 20 stor
816 715 61 26 nytta
892 712 23 23 af
929 719 26 15 en

198 748 98 27 förening
311 747 49 22 med
375 748 67 27 sagde
458 748 56 22 bana
529 747 59 23 öfver
603 748 219 27 Uleäborg—-Nurmo
839 754 45 15 som
897 747 61 22 öfver

198 782 230 27 Uleäborg
317 778 13 37 —
342 782 86 27 Kuopio,
444 782 57 22 lärer
515 782 33 22 väl
564 783 19 28 ej
599 783 74 21 kunna
689 783 107 22 bestridas
812 782 40 23 och
864 782 37 22 det
911 782 45 27 gäl-

198 817 32 22 ler
249 817 75 22 härvid
344 817 85 22 säledes
448 817 78 22 endast
540 819 34 20 att
588 817 131 26 undersöka,
735 817 29 28 pä
778 817 85 22 hvilken
879 819 42 25 väg
935 817 21 22 vi

183 853 102 21 --snarast
299 851 72 22 kunna
386 851 28 22 nä
429 857 26 16 en
470 851 98 28 förening
577 851 51 22 med
637 851 186 23 Nordhafsbanan.
842 852 33 21 Då
886 851 72 23 denna

198 888 42 26 väg
259 888 25 20 är
303 888 34 20 att
355 886 135 22 omedelbart
509 886 103 22 fortsätta
626 887 67 21 Wasa
708 887 70 21 banan
794 886 31 23 till
841 886 115 27 Uleäborg,

199 923 24 20 är
238 921 38 22 det
290 921 78 28 tydligt
383 923 33 20 att
430 921 42 22 den
488 921 47 22 från
552 917 96 36 Sverige
669 921 73 28 Norge
757 921 128 22 kommande
897 921 59 27 jern-

199 957 71 21 banan
288 955 117 28 ingalunda
424 956 56 21 talar
498 955 34 23 för
550 956 110 27 Uleäborg
674 956 84 21 banans
774 955 107 28 dragande
897 955 61 22 öfver

198 991 93 28 Kuopio,
313 992 54 20 utan
389 992 93 21 tvärtom
504 990 34 23 för
556 991 121 26 Uleäborgs
698 992 110 20 närmaste
825 989 132 23 förbindelse

198 1026 49 21 med
263 1025 66 22 Wasa
343 1025 77 22 banan.
442 1026 39 21 Att
496 1025 41 22 den
552 1025 29 28 pä
596 1025 110 28 Ryssland
721 1025 85 27 gäende
820 1025 136 22 transitotra-

197 1059 58 23 fiken
277 1059 47 22 från
346 1059 190 28 Sverige—Norge
558 1059 40 22 har
618 1066 26 15 en
665 1059 68 27 något
751 1059 75 27 längre
841 1061 42 25 väg
897 1058 61 23 öfver

198 1094 220 28 Uleäborg—Nurmo
437 1097 27 19 än
479 1093 60 23 öfver
557 1094 131 27 Uleäborg—
693 1089 94 37 Kuopio,
803 1093 101 23 behöfver
919 1094 37 22 be-

197 1129 76 28 kymra
291 1135 36 16 oss
346 1129 25 22 sä
386 1129 86 28 mycket
486 1129 88 27 mindre,
592 1135 47 16 som
654 1127 189 24 fraktdifferensen
857 1128 8 21 i
877 1127 80 23 förhäl-

198 1164 63 22 lande
283 1163 34 22 till
338 1163 78 22 värdet
437 1163 33 22 för
492 1163 26 22 de
537 1169 65 16 varor
622 1169 47 16 som
690 1163 30 22 bli
736 1162 89 23 föremäl
840 1162 33 22 för
888 1163 71 22 denna

198 1197 157 24 transitotrafik
371 1198 7 21 i
393 1198 43 22 alla
450 1197 37 22 fall
502 1198 42 22 blir
558 1200 80 25 ytterst
653 1197 117 28 obetydlig-

267 1250 43 21 Det
324 1249 41 22 har
379 1249 59 22 förut
456 1250 87 28 antydts
560 1252 32 20 att
607 1256 26 16 en
650 1249 36 23 del
702 1249 23 23 af
737 1249 84 28 Kajana
835 1249 68 22 härad
918 1249 41 21 har

198 1284 210 23 handelsrelationer
422 1285 93 22 förutom
530 1285 49 22 med
594 1284 110 28 Uleäborg
717 1284 33 22 till
764 1284 71 27 nägon
851 1283 35 22 del
896 1282 62 23 äfven

197 1319 51 22 med
262 1319 93 27 Kuopio,
372 1319 41 22 och
427 1319 44 22 kan
486 1319 38 22 det
538 1319 76 28 tyckas
630 1321 34 20 att
679 1319 71 22 denna
764 1319 71 21 trakts
850 1318 109 21 intressen

198 1353 70 22 blefve
283 1353 72 23 bättre
369 1353 166 28 tillgodosedda,
552 1360 34 16 om
599 1353 69 23 första
675 1354 120 27 jernvägen
806 1353 33 22 till
849 1351 110 27 Uleäborg

197 1388 64 27 ginge
281 1387 59 23 öfver
359 1388 243 27 Kuopio—Idensalmi;
620 1395 50 15 men
686 1394 42 21 om,
745 1388 72 21 såsom
831 1393 50 15 man
896 1385 63 22 torde

197 1421 22 23 fä
238 1422 91 28 hoppas,
351 1428 26 16 en
395 1423 91 27 jernväg
503 1423 33 22 fäs
551 1423 32 21 till
599 1423 64 22 ständ
678 1422 91 23 emellan
786 1421 116 23 Uleäträsk
917 1419 41 23 och

266 1461 192 24 Jernvägsutskottets
470 1461 116 20 betänkande
598 1462 37 18 N:o
647 1463 16 17 1.
