1028 1667
239 127 13 20 2
546 128 36 22 N:o
597 128 32 22 21.

211 196 54 21 nadt
280 196 40 22 och
336 196 97 22 effektivt
447 197 194 28 kontroll-system,
657 198 8 21 i
680 197 83 21 hvilket
776 197 101 22 afseende
898 198 67 22 komi-

210 230 36 22 tén
268 230 99 22 förordat
386 232 41 21 den
446 232 7 21 i
473 232 84 27 Bayern
573 234 94 25 antagna
682 232 230 27 beskattningsmetod,
928 239 35 15 en-

210 265 40 27 ligt
266 266 86 21 hvilken
372 266 85 22 skatten
476 267 34 21 för
525 267 145 27 maltdrycker
685 267 64 27 utgår
765 266 54 22 efter
834 267 36 21 det
886 268 76 26 belopp

210 300 58 26 malt,
292 306 46 15 som
361 301 35 20 vid
418 301 165 27 tillverkningen
607 302 22 21 af
647 302 72 26 dylika
739 302 90 26 drycker
848 302 114 26 användes,

210 334 39 21 och
272 334 82 22 hvilket
377 335 77 27 belopp
478 336 34 20 vid
532 336 41 21 den
593 336 32 21 för
641 336 163 26 inmäskningen
821 336 141 27 erforderliga

209 369 122 27 malningen
354 369 53 21 eller
428 370 144 27 krossningen
595 371 22 21 af
639 371 75 21 maltet
730 370 96 27 angifves
845 370 23 22 af
886 377 24 15 en
926 371 36 21 vid

209 410 93 20 qvarnen
326 404 52 21 eller
401 404 143 22 maltkrossen
567 405 92 27 anbragt
676 405 132 22 automatisk
826 406 136 21 maltmätare

209 438 53 22 eller
277 440 85 25 vägare.

281 473 50 22 Men
350 474 27 21 då
397 480 24 15 en
440 474 211 22 konsumtionsskatt
666 475 12 20 å
693 474 98 21 inhemsk
808 481 57 19 vara,
880 475 34 20 för
929 477 33 18 att

209 508 71 21 lemna
299 508 39 21 den
360 509 62 21 deraf
438 509 123 26 påräknade
581 509 100 26 inkomst,
698 509 70 21 såsom
785 511 31 19 ett
830 509 132 27 nödvändigt

209 543 70 20 vilkor
302 543 134 26 förutsätter,
459 545 33 19 att
513 543 81 22 utifrån
617 543 133 28 importerad
771 550 50 15 vara
840 544 23 21 af
880 550 81 15 samma

209 577 47 27 slag
279 577 47 22 icke
344 577 77 22 förblir
440 578 128 21 obeskattad
588 578 39 21 och
647 578 91 21 sålunda
753 578 68 21 under
836 578 124 21 fördelakti-

209 618 51 21 gare
283 612 149 21 förhållanden
454 614 27 19 än
504 613 41 21 den
564 612 112 21 inhemska
696 613 41 20 kan
757 613 63 20 vinna
834 613 124 26 afsättning,

208 647 39 21 har
270 647 95 21 komitén
384 647 71 21 tillika
474 647 118 27 föreslagit,
612 649 31 19 att
663 654 25 15 en
707 647 130 22 införseltull
858 647 22 22 af
894 648 64 21 minst

208 681 30 22 tio
254 681 64 28 penni
334 681 33 22 för
383 681 65 28 butelj
466 682 38 21 och
519 682 66 21 minst
600 682 73 21 trettio
690 682 64 27 penni
765 681 33 22 för
809 682 69 21 kanna
889 682 69 21 skulle

208 717 83 20 åsättas
314 716 150 27 maltdrycker,
488 723 45 15 som
552 717 48 21 från
619 719 66 19 annat
705 717 49 20 land
774 717 33 20 till
822 717 90 21 Finland
928 717 30 21 in-

207 751 91 22 hemtas.

279 785 114 22 Huruvida
409 785 103 22 särskildt
527 785 157 22 ofvannämnda
695 785 23 22 af
732 785 93 22 komitén
837 786 121 27 föreslagna

207 819 224 28 beskattningsmetod
446 820 39 21 och
504 820 94 21 kontroll
618 820 84 21 komme
718 821 33 20 att
766 821 5 20 i
788 820 106 21 önskvärd
910 821 47 20 mån

207 854 97 27 uppfylla
320 855 38 20 sitt
374 854 104 26 ändamål,
494 855 42 20 kan
552 855 6 20 i
575 855 81 21 saknad
672 855 23 20 af
705 855 64 26 nödig
780 855 120 21 erfarenhet
911 855 46 21 icke

207 889 48 21 med
278 889 82 21 visshet
378 889 93 26 afgöras.
501 889 33 21 Då
553 889 119 22 emellertid
691 895 26 16 en
733 889 70 27 skälig
819 889 137 27 beskattning

206 923 24 21 af
244 923 30 22 öl-
290 923 39 22 och
344 923 240 28 portertillverkningen
600 923 160 27 otvifvelaktigt
771 924 79 26 skulle,
862 926 50 19 utan
924 926 32 19 att

206 958 34 21 för
255 958 27 21 de
298 958 169 26 skattdragande
482 958 81 21 kännas
579 958 143 27 betungande,
738 958 99 26 inbringa
847 959 109 26 betydliga

206 993 78 26 belopp
307 993 32 21 till
362 993 95 26 fyllande
476 993 23 21 af
517 993 167 26 statsbehofven,
705 993 39 21 har
760 993 59 21 Hans
835 993 121 27 Kejserliga

206 1027 103 27 Majestät
324 1027 124 27 härigenom
468 1028 56 21 velat
543 1028 33 21 till
592 1027 121 22 Ständerna
729 1027 129 22 öfverlemna
874 1030 33 18 att
922 1028 32 21 till

205 1061 140 22 bestridande
368 1062 23 21 af
412 1061 118 28 utgifterna
548 1062 34 21 för
601 1062 85 21 landets
703 1062 173 21 militärväsende
892 1063 64 26 åtaga

206 1097 33 26 sig
258 1103 26 14 en
303 1097 210 21 konsumtionsskatt
532 1097 28 26 på
574 1097 146 27 maltdrycker
738 1098 33 19 att
786 1098 87 25 utgöras
889 1097 67 26 enligt

205 1131 27 22 de
247 1131 94 27 grunder
360 1131 40 21 och
414 1131 68 21 under
501 1131 41 21 den
557 1131 100 24 kontroll,
673 1131 122 21 Ständerna
809 1131 7 20 i
832 1131 77 21 sådant
924 1131 31 21 af-

205 1166 79 21 seende
303 1165 58 22 finna
380 1166 106 26 lämplige,
503 1166 66 26 jemte
589 1166 36 21 det
640 1166 61 21 Hans
717 1165 121 27 Kejserliga
853 1166 101 26 Majestät

204 1201 71 21 tillika
291 1201 57 20 velat
363 1200 103 27 meddela,
482 1202 32 19 att
529 1201 61 21 Hans
605 1201 110 26 Majestät,
725 1201 48 20 med
784 1200 59 21 bifall
855 1201 32 20 till
898 1201 55 21 hvad

205 1235 121 22 Ständerna
347 1235 32 21 uti
398 1235 63 21 deras
479 1235 148 29 underdåniga
645 1241 50 15 svar
715 1235 13 21 å
743 1235 32 21 till
792 1235 46 21 dem
854 1235 35 21 vid
906 1236 48 20 sist-

203 1270 74 21 hållna
292 1270 104 26 landtdag
411 1269 79 22 aflåtna
505 1270 79 27 nådiga
598 1270 136 27 proposition
750 1276 33 15 om
799 1270 119 26 utgörande
934 1270 23 21 af

203 1304 118 27 bevillning
340 1304 34 22 för
395 1305 54 21 1878
469 1305 39 21 och
526 1305 123 27 påföljande
665 1305 25 21 år
705 1304 96 26 anhållit,
818 1304 70 22 funnit
903 1306 52 25 godt

203 1345 77 21 genom
296 1338 106 22 särskildt
420 1339 101 21 utfärdad
540 1339 127 27 författning
687 1340 7 20 i
710 1339 67 21 nåder
792 1339 107 24 förordna,
916 1341 38 25 att,

203 1373 24 21 så
237 1374 63 26 länge
315 1373 70 22 finska
400 1374 143 26 maltdrycker
558 1374 6 21 i
576 1374 90 21 Finland
678 1374 119 26 beskattas,
812 1374 72 26 dylika
894 1374 61 26 dryc-

202 1408 40 21 ker
264 1408 62 22 skola
346 1408 36 22 vid
405 1408 88 22 införsel
508 1408 79 28 jemväl
606 1408 47 22 från
673 1408 164 27 Kejsaredömet
852 1408 101 27 beläggas

201 1442 49 22 med
265 1449 27 15 en
307 1443 105 27 tullafgift
428 1443 33 21 till
477 1443 82 21 förmån
575 1443 33 21 för
623 1443 71 22 finska
710 1443 131 21 statsverket
856 1442 23 22 af
887 1443 66 21 minst
