1039 1661
310 89 64 20 Ständ.
391 89 28 19 Sv.
437 99 24 3 —
478 89 54 24 Prop.
548 88 28 19 N:o
591 88 32 20 24.
805 90 11 19 4

89 155 150 26 beräkningar,
263 153 32 22 till
316 153 88 27 ledning
426 152 36 23 vid
482 152 125 28 jemförelse
627 153 77 21 mellan
720 153 127 22 alternativa

88 189 69 22 linier.

159 223 96 22 Oaktadt
278 222 122 22 Ständerna
422 221 29 28 på
474 221 90 22 anförda
578 221 95 28 grunder
689 222 17 27 ej
724 223 58 21 velat
797 224 50 26 taga

89 258 76 26 frågan
189 264 34 15 om
246 258 33 19 ett
295 257 151 21 stambansnät
460 256 7 21 i
482 256 50 21 hela
548 256 49 21 dess
613 257 151 26 utsträckning
779 257 68 22 under

91 292 141 27 ompröfning,
249 290 63 22 hafva
328 290 122 22 Ständerna
465 290 62 26 dock,
544 290 133 22 omfattande
693 291 41 21 den
749 292 67 20 redan
827 291 22 21 af

91 328 74 20 senast
187 325 130 23 församlade
340 325 93 21 Ständer
449 325 99 21 uttalade
564 325 62 27 äsigt,
643 326 33 20 att
690 325 122 27 byggandet
827 325 23 22 af

91 361 126 21 stambanor
238 360 8 21 i
268 360 74 21 landet
364 360 39 21 bör
425 359 114 21 fortsättas
554 361 54 19 utan
624 359 83 22 afbrott
720 360 8 21 i
743 360 41 22 den
799 360 49 21 mån

90 396 71 21 medel
185 395 72 21 dertill
279 395 73 20 kunna
375 394 92 25 anvisas,
489 395 73 20 ansett
574 394 207 27 jernvägsarbetena
795 395 54 21 böra

90 430 116 22 fortsättas
229 430 7 20 i
252 429 134 21 omedelbart
401 429 155 26 sammanhang
570 429 50 21 med
634 429 147 21 Wasabanans
797 429 52 21 slut-

91 465 96 26 förande,
210 465 8 20 i
242 464 40 21 den
303 463 49 22 män
368 463 78 22 sädant
461 463 116 27 lämpligen
593 463 42 21 kan
651 463 45 22 ske.
728 463 121 22 Ständerna

91 499 54 27 hysa
167 499 107 26 nemligen
298 498 40 21 den
355 497 143 28 öfvertygelse
515 499 33 19 att
563 503 40 22 nya
617 497 114 28 jernvägar
745 498 8 21 i
767 498 80 26 landet,

91 534 70 21 under
183 533 154 26 förutsättning
360 534 33 19 att
416 533 26 20 de
465 532 82 26 byggas
571 532 40 21 och
627 531 113 22 trafikeras
756 533 49 20 med
821 532 27 21 all

91 568 75 27 möjlig
189 567 141 27 sparsamhet,
354 568 52 20 utan
430 566 72 21 direkt
524 566 77 22 förlust
623 566 73 22 kunna
713 566 134 28 uppehällas.

92 602 38 22 Ett
145 601 95 28 uppskof
254 602 7 20 i
276 602 86 20 arbetet
377 601 69 21 skulle
463 601 97 21 deremot
574 600 97 22 medföra
684 600 77 23 förlust
771 607 78 21 genom

92 636 175 27 förskingrandet
289 635 23 22 af
333 636 37 21 det
393 636 173 21 arbetsmaterial
581 636 40 21 och
637 636 42 20 den
693 636 50 21 elite
759 635 22 22 af
794 642 55 15 vana

93 671 148 21 arbetsledare
262 671 40 21 och
317 671 106 25 arbetare,
440 676 47 16 som
503 670 133 26 småningom
651 669 64 23 blifva
730 670 57 27 ledig
802 670 46 22 från

93 712 28 14 nu
137 706 113 26 pågående
263 705 185 27 jernvägsarbete.
479 705 42 21 Vid
537 704 128 27 afgörandet
675 704 22 22 af
703 705 85 21 hvilken
795 705 52 21 ban-

93 740 127 27 sträckning
242 739 114 22 framdeles
379 740 68 21 borde
470 739 90 27 utföras,
582 738 64 22 hafva
665 739 121 22 Ständerna
800 740 48 21 icke

93 774 83 22 kunnat
199 774 90 22 omfatta
311 774 79 27 nådiga
409 774 174 27 propositionens
599 773 81 27 förslag
695 775 33 20 att
743 774 41 21 den
799 780 49 21 pro-

90 809 114 27 jekterade
218 809 118 26 jernvägen
350 808 47 22 från
413 808 131 22 Davidsstad
560 808 32 21 till
608 808 33 22 S:t
655 808 79 21 Michel
749 808 54 22 efter
819 809 30 21 at-

94 843 111 22 slutandet
220 843 23 21 af
257 843 66 22 Wasa
335 843 204 27 jernvägsbyggnad
554 842 76 22 främst
639 842 67 21 skulle
717 842 48 22 med
775 843 74 21 arbete

94 877 109 27 beläggas.

161 912 72 27 Följer
246 919 50 14 man
312 912 152 27 utvecklingen
479 911 23 22 af
515 911 76 27 frågan
606 917 33 16 om
653 911 173 28 jernvägsnätets
842 911 7 21 i

93 947 73 21 landet
189 947 155 26 utsträckning,
369 946 96 22 befinnas
480 947 141 26 meningarna
635 946 60 21 såväl
709 946 39 21 hos
763 946 85 21 landets

93 981 109 26 Regering
210 987 46 15 som
265 981 93 22 Ständer
366 981 83 27 ganska
456 981 86 27 mycket
550 980 63 22 hafva
621 980 77 26 vexlat,
706 987 49 15 men
763 986 87 21 genom-

93 1015 40 27 gås
149 1015 55 22 dock
220 1015 60 21 alltid
297 1015 22 21 af
332 1015 87 26 tanken,
436 1016 32 20 att
483 1015 85 22 landets
584 1015 99 26 nordliga
698 1015 65 26 delar,
779 1015 71 21 hvilka

94 1051 37 20 äro
147 1049 7 22 i
169 1049 84 22 saknad
272 1049 23 22 af
308 1049 106 27 beqväma
428 1049 211 22 kommunikationer
654 1049 40 22 och
709 1049 92 21 sålunda
815 1055 35 20 ge-

94 1090 49 15 nom
160 1084 27 21 de
202 1084 64 26 långa
281 1084 113 22 afstånden
410 1085 7 20 i
432 1085 113 26 betänklig
561 1084 52 26 grad
629 1084 107 21 isolerade
752 1083 45 22 från
813 1084 37 21 det

93 1117 68 28 öfriga
176 1118 81 27 landet,
270 1119 68 21 borde
353 1125 78 21 genom
445 1119 91 27 jernväg
552 1118 89 22 dermed
656 1118 91 22 förenas.

163 1153 76 21 Denna
261 1153 91 27 mening,
376 1153 87 22 hvilken
483 1153 70 27 ingått
568 1153 7 21 i
591 1153 36 21 det
643 1153 107 21 allmänna
765 1152 85 22 medve-

93 1187 76 22 tandet
185 1188 40 21 och
241 1187 45 22 ofta
300 1188 49 21 med
366 1190 46 20 stor
427 1188 52 27 grad
496 1188 22 21 af
532 1188 74 27 styrka
621 1187 40 22 och
672 1186 137 23 bestämdhet
816 1189 35 19 ut-

93 1222 55 21 talat
163 1222 39 26 sig,
219 1221 65 22 hafva
300 1222 62 21 äfven
375 1222 123 22 Ständerna
514 1221 107 22 omfattat.

162 1256 29 21 Af
212 1256 27 22 de
261 1256 37 22 två
315 1256 240 27 hufvudsträckningar,
571 1256 73 21 hvilka
658 1256 72 21 kunna
744 1256 86 21 komma
844 1256 7 21 i

93 1289 61 28 fråga
168 1290 34 22 för
217 1292 33 20 att
264 1290 99 22 förbinda
378 1291 38 21 det
430 1291 100 26 nordliga
544 1290 102 22 Finlands
659 1290 122 26 centralort,
790 1290 62 22 Uleå-

93 1324 60 27 borg,
170 1324 48 22 med
235 1325 65 21 södra
316 1325 62 21 delen
394 1324 22 22 af
430 1324 80 27 landet,
528 1324 101 27 antingen
644 1324 46 21 från
705 1324 70 27 någon
783 1324 70 27 punkt

93 1358 29 27 på
138 1358 33 22 S:t
185 1359 280 26 Petersburg—Riibimäki
481 1358 79 22 bandel
576 1358 58 22 öfver
649 1358 84 27 Kuopio
745 1358 52 22 eller
807 1357 46 22 från
