989 1625
306 76 23 22 U.
341 76 22 22 B.
374 88 29 5 —
415 76 62 28 Prop.
490 75 36 23 N:o
542 76 38 22 20.
780 77 12 21 3

67 139 39 20 gon
123 133 142 26 användning;
282 135 32 19 att
330 134 34 20 vid
379 134 161 26 ifrägavarande
554 134 70 23 fabrik
640 134 26 21 de
682 134 116 26 gvaliteter,
815 134 6 20 i

67 166 72 21 hvilka
158 167 50 26 rysk
223 167 75 21 rävara
314 168 38 20 och
368 168 100 20 utländsk
484 168 62 26 stjelk
562 168 32 20 till
610 168 118 26 väsendtlig
744 168 32 20 del
792 168 30 20 in-

66 200 33 27 gä,
123 201 82 27 utgjort
227 202 7 20 i
257 203 88 25 procent
363 201 22 21 af
402 202 48 21 hela
465 202 168 27 tillverkningen,
652 202 64 21 bland
732 202 91 26 cigarrer

67 235 65 21 omkr.
150 236 25 20 85
193 236 39 20 och
247 236 64 20 bland
327 242 125 20 papyrosser
468 236 66 21 omkr.
552 237 26 21 70
594 237 36 26 */,;
652 238 32 19 att
699 236 23 21 af
734 236 87 21 kardus-

66 269 85 22 tobaks-
173 269 40 22 och
235 271 120 20 snussorter
377 270 32 26 de,
432 277 46 15 som
494 270 32 22 till
541 272 68 20 större
625 271 51 21 eller
690 270 82 22 mindre
788 270 33 21 del

66 304 107 21 innehålla
191 304 134 21 amerikansk
346 305 69 26 stjelk,
432 307 146 25 representera
593 306 84 21 50—75
694 305 26 26 %/,
738 305 22 21 af
773 305 49 20 hela

65 337 178 28 förbrukningen;
267 340 55 19 samt
346 340 31 19 att
399 340 93 20 nämnda
514 339 70 28 stjelk,
600 346 45 15 som
661 339 76 22 hittills
752 339 70 26 dragit

66 379 26 14 en
114 373 101 26 tullafgift
237 373 22 20 af
281 373 12 21 3
315 373 66 26 mark,
398 373 85 22 hvilken
499 374 61 27 afgift
575 374 6 21 i
598 374 51 27 följd
664 373 23 22 af
700 373 121 27 intorkning

65 407 36 21 vid
119 407 156 21 fabrikationen
293 407 41 21 kan
353 407 104 22 beräknas
473 408 32 21 till
521 409 12 20 4
549 409 61 20 mark
625 415 37 20 per
678 408 90 27 lispund,
785 408 35 21 det

66 441 88 22 oaktadt
170 441 87 26 kunnat,
273 441 28 26 pä
315 442 69 25 grund
400 441 22 22 af
435 442 38 21 sitt
489 443 47 26 läga
551 443 129 26 inköpspris,
691 443 47 20 med
754 442 67 21 fördel

65 476 61 21 bestå
146 475 159 22 konkurrensen
325 477 47 20 med
388 477 25 20 de
429 478 69 20 sämre
514 477 38 21 och
569 477 75 27 dyrare
658 477 64 27 ryska
738 477 82 25 bladen,

66 510 33 21 för
121 510 72 21 hvilka
215 510 78 27 erlagts
311 510 7 21 i
339 511 37 20 tull
393 511 75 20 endast
483 512 13 19 2
512 511 60 21 mark
587 518 38 20 per
640 511 89 27 lispund.
760 511 59 21 Utlä-

66 545 73 21 tandet
157 544 66 22 fäster
241 544 6 21 i
267 545 112 27 anledning
395 545 61 21 häraf
470 546 215 26 uppmärksamheten
701 546 73 20 dervid
789 547 32 19 att

66 586 26 14 en
115 579 155 27 väsendtligare
293 579 105 27 rubbning
420 580 22 20 af
464 580 60 21 detta
546 580 132 21 förhållande
693 580 77 21 mellan
786 580 34 20 be-

65 613 135 27 skattningen
224 614 22 20 af
260 614 92 21 nämnda
367 614 35 21 tvä
418 620 68 20 varor,
503 614 32 21 till
550 614 81 21 förmon
648 614 32 21 för
696 615 39 20 den
751 614 68 26 ryska,

66 649 50 20 utan
135 648 72 21 tvifvel
230 648 83 21 komme
329 650 31 19 att
375 648 111 21 förorsaka
501 648 55 22 ökad
571 648 39 22 och
626 655 45 15 mer
686 648 134 22 uteslutande

65 682 135 26 användning
215 682 22 21 af
251 682 131 22 sistnämnda
397 689 56 19 vara,
470 683 32 21 till
518 683 75 21 förlust
608 683 54 21 både
678 683 32 21 för
725 682 91 21 fabrika-

65 718 46 20 tens
134 717 89 26 gvalitet
245 717 39 21 och
299 717 33 21 för
347 717 134 21 statsverket.
498 730 28 2 —
541 717 40 21 Till
597 717 113 27 belysande
726 716 22 22 af
762 717 35 20 det
812 716 7 21 i

65 757 80 15 samma
168 751 109 21 utlätande
299 751 75 27 gjorda
392 752 116 26 pästäende
528 753 32 19 att
576 751 241 27 tobaksförbrukningen

65 786 31 20 uti
119 785 90 21 Finland
232 788 23 18 är
278 786 7 20 i
307 786 117 26 väsendtlig
440 792 49 15 mon
505 786 105 21 beroende
626 786 22 20 af
661 786 136 26 vexlingarna
812 785 7 21 i

66 820 40 21 den
122 820 106 21 allmänna
243 820 116 27 välmägan,
376 820 84 21 anföres
476 820 98 27 slutligen
585 820 100 21 hurusom
696 820 124 21 omsättnin-

65 861 40 20 gen
121 855 34 20 vid
170 854 161 27 ifrägavarande
346 854 69 21 fabrik
431 855 89 26 nedgick
535 855 67 21 under
618 855 50 20 ären
680 855 54 21 1867
765 855 55 20 1868

66 889 48 21 med
136 889 85 21 50—60
236 889 27 26 %/
286 889 39 20 och
341 889 6 20 i
363 889 114 26 anledning
492 889 23 21 af
530 890 53 20 1877
599 889 33 21 års
648 895 115 21 ogynsama
778 890 42 19 trä-

65 923 208 26 varukonjunkturer
287 923 48 21 med
352 924 83 20 15--20
450 923 35 26 9/4.

122 957 42 22 Vill
180 964 55 19 man,
247 957 48 21 med
310 957 150 22 föranledande
476 957 23 21 af
512 958 130 21 sistnämnda
652 957 169 27 sitferuppgifter,

65 992 31 21 uti
119 992 40 20 den
180 991 58 22 tablä
253 991 59 22 öfver
329 992 188 26 tobaksimporten,
533 998 45 15 som
593 999 75 20 genom
684 991 138 26 Bevillnings-

65 1026 116 21 utskottets
200 1026 83 27 försorg
299 1026 109 27 uppgjorts
424 1026 39 21 och
479 1026 67 21 finnes
561 1026 97 27 vidfogad
676 1027 58 20 detta
749 1026 73 21 betän-

65 1061 75 26 kande,
157 1061 52 20 söka
232 1061 106 27 uppspära
361 1061 155 27 verkningarna
538 1061 23 20 af
581 1061 91 21 nämnda
688 1061 34 20 ärs
737 1060 85 27 tryckta

65 1095 152 26 förhällanden,
233 1096 23 20 sä
274 1095 67 21 finner
356 1102 48 14 man
420 1097 31 19 att
466 1096 105 26 importen
587 1096 121 26 visserligen
724 1095 32 21 för
771 1095 51 21 ären

66 1130 147 26 1865—1867,
227 1130 106 26 jemförda
354 1130 48 21 med
421 1132 96 19 närmast
532 1130 125 26 föregäende
673 1130 39 21 och
728 1129 93 27 följande

65 1164 29 26 år,
110 1164 79 21 företer
212 1170 25 15 en
259 1164 100 27 temligen
381 1164 108 27 likformig
511 1164 46 22 icke
572 1164 108 27 obetydlig
695 1163 125 27 minskning,

65 1205 44 15 som
125 1198 33 21 väl
174 1198 33 21 till
223 1198 69 27 någon
307 1199 34 21 del
356 1198 32 22 får
404 1198 124 22 tillskrifvas
545 1199 26 21 de
581 1199 61 21 svåra
652 1199 90 26 tiderna,
754 1198 68 21 ehuru

66 1234 31 20 ett
117 1232 68 27 dylikt
207 1233 145 27 nedåtgående
368 1233 60 21 äfven
444 1233 52 27 eljes
512 1233 44 21 ofta
571 1233 82 21 märkes
669 1233 53 21 efter
738 1239 26 15 en
777 1232 47 21 året

65 1267 56 21 förut
136 1273 59 15 mera
209 1268 126 26 uppdrifven
349 1268 85 26 import,
449 1274 49 15 men
514 1268 32 21 för
561 1268 50 21 åren
627 1268 139 21 1877—1878
781 1266 43 21 kan

64 1302 68 26 någon
148 1302 67 20 sådan
230 1302 121 26 minskning
367 1302 37 21 alls
420 1301 47 22 icke
483 1302 95 27 skönjas;
598 1302 38 21 och
652 1301 172 22 öfverhufvudta-

64 1338 35 25 get
121 1336 92 27 framgår
235 1336 36 21 vid
293 1342 25 15 en
334 1336 129 27 granskning
479 1336 23 22 af
515 1336 65 27 sagda
595 1336 58 22 tablå
669 1338 38 25 att,
723 1342 34 14 om
774 1341 49 15 man

64 1371 81 21 frånser
160 1371 26 20 de
201 1371 82 21 mindre
299 1371 114 26 vexlingar,
429 1377 47 16 som
490 1371 60 22 alltid
560 1371 48 21 med
618 1370 158 27 nödvändighet
786 1372 36 19 äro

64 1405 100 21 förenade
186 1405 48 21 med
257 1405 198 26 affärsspekulation
471 1406 7 21 i
494 1406 42 21 alla
550 1412 82 21 grenar,
648 1405 39 21 och
704 1404 119 21 oberoende

138 1444 215 23 Bevillningsutskottets
366 1445 117 18 betänkande
496 1445 37 18 N:o
547 1446 17 17 1.
