1039 1661
297 82 65 20 Ständ.
378 83 29 20 Sv.
424 92 27 5 —
467 82 54 24 Prop.
537 81 30 21 N:o
581 81 33 21 24.

287 430 135 23 Finlands
438 430 132 23 Ständers
580 429 188 30 underdåniga
778 435 61 17 svar

253 471 8 22 i
282 471 121 28 anledning
418 471 26 22 af
456 471 59 22 Hans
530 471 127 28 Kejserliga
672 470 113 29 Majestäts
800 469 39 24 nå-

256 511 52 29 diga
322 511 138 29 proposition
473 511 49 22 med
538 511 87 29 förslag
638 511 115 29 angående
763 510 76 23 vidare

252 551 214 29 jernvägsbyggnad
480 552 8 22 i
503 551 84 23 landet.

148 615 218 27 Stormäktigste,
383 615 202 27 Allernådigste
601 615 111 27 Kejsare
729 616 46 21 och

372 649 162 22 Storfurste!

152 696 10 21 I
178 696 96 27 enlighet
288 696 49 21 med
352 695 102 22 Finlands
471 695 104 22 Ständers
591 696 36 21 vid
642 698 88 20 senaste
737 695 103 27 landtdag

85 730 79 27 afgifna
186 730 149 27 underdåniga
359 736 49 16 svar
423 729 13 22 å
452 730 41 22 den
509 730 48 22 dem
573 730 112 27 förelagda
699 730 78 27 nådiga
791 736 50 21 pro-

84 765 122 27 positionen
229 765 49 21 med
300 764 80 28 förslag
402 765 33 21 till
458 764 151 22 stambansnät
630 764 33 22 för
678 764 163 28 jernvägarne
831 760 14 36 i

84 800 74 21 landet
172 800 40 21 har
227 800 71 21 Hans
314 799 154 27 Kejserliga
482 799 126 27 Majestät
622 798 112 23 förordnat
749 805 33 15 om
790 799 51 27 byg-

85 833 71 27 gande
175 833 22 22 af
215 839 25 16 en
254 833 90 28 jernväg
359 833 47 21 från
421 833 143 22 Tammerfors
580 833 32 22 till
627 833 136 22 Nikolaistad
778 833 7 21 i
800 833 41 22 den

86 867 23 22 af
127 867 122 22 Ständerna
271 867 86 28 angifna
378 868 100 27 riktning,
503 867 109 22 äfvensom
635 867 49 22 låtit
706 868 91 21 tillsätta
815 873 26 16 en

86 902 146 27 kommission,
256 908 46 15 som
325 901 55 22 efter
394 901 111 22 inhemtad
521 902 115 27 utredning
651 902 7 21 i
674 903 73 20 ämnet
761 901 81 28 afgifvit

86 937 82 26 förslag
184 937 31 21 till
232 937 26 21 de
271 937 260 26 jernvägssträckningar,
547 936 79 27 hvilka,
642 936 85 22 utöfver
738 936 103 22 derintills

87 971 92 27 anlagda
202 971 52 22 eller
272 971 106 26 beslutna,
394 971 150 27 förnämligast
559 977 51 15 vore
626 971 83 27 egnade
724 972 33 20 att
772 971 70 21 säsom

87 1006 125 21 stambanor
226 1005 82 22 utföras
324 1005 32 22 för
372 1007 83 20 statens
470 1005 101 27 räkning;
588 1005 40 22 och
643 1005 40 22 har
697 1005 145 27 EdersKej-

87 1040 103 27 serliga
212 1040 128 27 Majestät
361 1040 32 21 uti
414 1039 78 22 afläten
508 1040 65 27 nädig
588 1040 133 27 proposition
737 1040 32 21 till
784 1040 59 21 inne-

88 1075 93 21 varande
204 1075 110 26 landtdag,
332 1075 68 27 jemte
415 1074 115 27 bifogande
548 1074 23 21 af
586 1074 140 22 omförmälda
743 1075 101 21 kommis-

89 1109 58 21 sions
164 1108 79 28 afgifna
256 1108 138 22 betänkande
409 1109 49 21 med
473 1115 26 15 en
516 1109 70 21 dertill
597 1108 96 22 hörande
704 1108 139 27 reservation,

88 1143 59 21 velat
161 1144 7 20 i
184 1144 66 21 nåder
265 1144 70 21 lemna
350 1143 122 22 Ständermna
488 1143 85 22 tillfälle
588 1145 32 19 att
635 1144 86 21 besluta
737 1150 34 15 om
786 1144 58 26 jern-

88 1179 127 25 vägsnätets
238 1178 74 22 vidare
334 1178 151 26 utsträckning
507 1178 8 21 i
537 1178 80 26 landet,
634 1180 57 20 samt
705 1178 69 21 tillika
788 1177 56 23 före-

89 1212 71 27 slagit:

158 1248 33 20 att
214 1252 26 16 en
260 1247 91 27 jernväg
368 1247 46 21 frän
430 1247 131 21 Davidstads
577 1247 80 21 station
672 1247 32 21 till
720 1247 33 21 S:t
768 1247 78 21 Michel

88 1280 77 23 främst
188 1281 68 22 måtte
279 1282 82 27 byggas
384 1282 40 21 och
441 1282 103 21 arbetena
560 1282 13 20 &
589 1281 69 22 denna
673 1282 57 21 bana
745 1281 99 27 pähbörjas

89 1315 55 22 efter
166 1315 133 23 afslutandet
318 1315 23 22 af
354 1316 312 22 Tammertors—Nikolaistad
679 1316 168 27 jernvägsbygg-

89 1350 49 27 nad,
154 1350 7 21 i
177 1350 42 22 den
234 1350 49 22 män
299 1350 78 22 sädant
391 1350 117 27 lämpligen
522 1350 73 22 kunde
610 1350 50 26 ske;
