1031 1664
228 111 26 20 10
444 113 21 20 U.
481 113 19 20 B.
517 124 28 3 —
560 113 54 24 Prop.
630 113 31 20 N:o
676 113 31 20 81.

197 176 135 28 föreningen,
352 178 25 20 är
392 177 25 22 af
430 178 42 22 den
486 178 156 28 beskaffenhet,
666 179 34 21 att
715 178 38 22 det
767 178 107 28 nägonsin
888 178 69 22 skulle

197 210 75 22 kunna
286 211 38 22 hos
335 212 77 22 endast
426 219 28 15 en
469 213 35 22 del
522 213 25 22 af
562 213 139 27 föreningens
723 213 102 30 delegare
839 214 117 26 uttaxeras,

198 244 46 23 dels
259 245 66 23 äfven
341 248 34 20 att
389 247 103 28 samtliga
507 247 102 28 delegare
624 248 7 21 i
642 247 128 28 föreningen
785 248 58 27 gjort
857 248 34 27 sig
901 247 57 27 skyl-

199 279 50 29 dige
263 280 35 22 till
313 281 26 21 sä
353 281 123 28 betydande
492 282 118 22 afvikelser
631 282 50 22 frän
703 282 148 28 reglementet,
875 283 33 21 att
930 281 28 22 de

197 314 49 22 med
269 314 40 23 allt
329 316 49 22 skäl
399 316 74 22 kunna
496 323 62 16 anses
580 318 135 26 gemensamt
738 316 115 28 ansvarige
867 316 34 22 för
915 315 43 23 för-

197 349 105 28 eningens
324 350 149 23 förbindelser.
502 352 36 21 Då
560 351 72 22 tillika
646 351 9 22 i
669 351 146 22 betraktande
833 353 71 26 tages.
916 352 40 26 att,

198 384 69 28 enligt
281 384 183 24 Bankutskottets
486 386 127 28 beräkning,
639 385 140 29 föreningens
797 386 78 28 deficit,
901 386 57 22 efter

198 418 79 29 afdrag
292 418 23 23 af
330 420 27 22 de
371 422 93 26 587,720
479 421 62 21 mark
556 422 28 20 30
599 420 72 28 penni,
695 426 46 16 som
761 420 128 28 regeringen
912 420 45 22 dels

197 453 68 22 redan
280 454 66 28 gifvit
361 454 45 23 dels
420 455 70 22 utfäst
505 455 24 22 ät
543 454 137 29 föreningen,
697 456 40 21 och
751 455 27 22 de
789 457 91 26 600,000
888 456 68 26 mark,

197 487 86 23 hvilkas
303 488 183 24 efterskänkande
500 491 75 21 senast
590 489 131 23 församlade
736 490 89 22 ständer
840 490 53 22 stält
907 490 7 22 i
925 492 32 20 ut-

197 522 50 28 sigt,
271 524 66 27 utgör
359 524 57 22 blott
430 526 92 26 464,939
538 525 63 21 mark
616 526 27 20 87
659 524 72 28 penni,
756 525 26 21 sä
803 525 40 21 har
857 524 38 23 det
908 524 50 22 icke

196 557 85 22 kunnat
295 558 75 28 undgä
385 560 34 21 att
432 560 39 22 hos
486 560 115 22 Utskottet
615 559 117 23 framkalla
746 560 73 27 nägon
833 559 123 27 förundran,

197 593 34 21 att
245 592 52 22 frän
311 592 138 29 föreningens
465 594 48 22 sida
527 594 57 22 intet
606 594 113 28 allvarligt
734 594 132 22 bemödande
881 594 75 28 gjorts,

197 629 35 19 att
245 627 87 28 reglera
347 628 49 22 dess
411 628 105 28 ställning
525 629 9 21 i
544 629 42 22 den
600 628 25 23 af
638 630 87 21 senaste
740 629 106 28 landtdag
860 628 98 28 antydda

198 661 105 29 riktning.
333 662 48 22 Den
396 663 113 28 betydliga
524 670 82 15 summa
620 664 27 22 af
663 665 114 26 1,100,000
791 664 68 27 mark,
875 670 44 15 som
934 663 26 21 af

197 695 142 23 förenämnda
360 698 209 22 subventionsmedel
591 698 70 22 skulle
681 698 86 22 komma
781 697 128 29 föreningen
923 697 35 23 till

198 730 35 22 del
247 731 105 23 särskildt
365 732 35 22 för
415 734 34 20 att
464 733 93 22 betäcka
572 732 131 23 förlusterna
713 733 8 21 i
731 733 27 21 de
773 732 99 28 nordliga
886 733 70 27 länen,

197 771 65 21 synes
284 766 53 22 böra
356 768 54 26 göra
425 767 38 22 det
476 768 43 22 lätt
540 769 34 20 att
589 768 97 27 utjemna
706 768 41 22 den
763 767 138 22 återstående
915 766 42 22 bri-

197 802 54 26 sten,
267 807 45 15 som
328 801 55 22 dock
398 801 52 29 föga
465 802 62 22 torde
542 802 121 28 öfverstiga
676 802 38 22 det
729 802 83 28 belopp,
823 802 34 22 för
867 802 90 27 hvilket,

196 835 30 27 pä
241 836 46 21 sätt
301 835 66 23 ofvan
381 836 137 28 framhällits,
533 836 138 28 föreningens
687 836 103 28 samtliga
805 836 100 28 delegare
920 838 38 20 äro

197 870 124 28 ansvarige.
350 870 51 23 Med
416 871 122 28 fördelning
553 872 30 26 pä
593 871 141 28 föreningens
749 871 128 22 utestående
892 877 67 15 amor-

197 904 128 28 teringslån,
340 911 45 16 som
394 905 120 29 öfverstiga
524 908 129 25 17,000,000
663 906 69 27 mark,
743 906 70 21 skulle
823 905 34 22 för
866 905 92 22 bristens

199 938 98 28 fyllande
319 939 108 23 erfordras
449 946 27 16 en
499 940 126 28 uttaxering
646 940 26 22 af
692 940 99 28 omkring
806 940 41 27 22/;
863 941 95 26 procent,

197 978 45 16 som
256 974 69 22 under
339 974 74 28 loppet
428 974 25 22 af
465 981 40 21 par
519 976 34 21 tre
568 975 26 21 år
609 976 54 21 utan
677 974 114 28 svårighet
805 974 66 22 borde
885 974 75 22 kunna

198 1007 115 23 inbetalas.
343 1009 151 27 Ihogkommas
509 1010 40 21 bör
564 1011 40 26 att,
623 1016 34 15 om
671 1011 75 21 staten
760 1009 49 22 icke
823 1008 60 22 trädt
897 1008 63 22 emel-

199 1042 42 28 lan,
264 1043 51 22 hela
329 1043 83 23 bristen
433 1044 69 22 likväl
516 1044 50 22 icke
586 1044 85 22 kunnat
690 1043 66 29 fyllas
771 1043 25 22 af
809 1043 128 28 delegarene
952 1043 8 21 i

199 1076 26 22 de
239 1077 102 28 nordliga
355 1078 70 28 länen,
449 1078 65 23 äfven
537 1085 33 15 om
586 1078 26 22 de
627 1078 78 28 bragts
725 1078 34 22 till
780 1078 55 27 ruin,
858 1080 53 19 utan
926 1079 34 21 att

199 1111 130 29 delegarene
343 1112 9 22 i
367 1113 27 21 de
409 1113 87 28 sydliga
517 1113 65 22 länen
596 1113 8 22 i
618 1113 82 22 sådant
715 1112 39 22 fall
772 1113 70 21 skulle
857 1112 103 22 drabbats

199 1146 25 21 af
237 1152 27 16 en
279 1146 52 22 vida
345 1148 116 27 strängare
475 1147 127 28 uttaxering
616 1149 29 20 än
661 1147 42 22 den
718 1153 30 15 nu
761 1146 125 29 ifrågsatta.
912 1146 48 22 Den

198 1181 65 27 vinst,
279 1187 45 16 som
338 1181 139 29 föreningens
492 1182 43 22 alla
550 1182 103 28 delegare
663 1181 68 23 hafva
741 1181 68 28 deraf,
825 1183 34 20 att
869 1181 91 22 förenin-

198 1221 55 21 gens
277 1216 105 27 ställning
406 1216 148 22 konsolideras
576 1217 40 21 och
638 1216 127 27 förstärkes,
790 1216 40 21 bör
852 1215 108 22 dessutom

198 1249 66 23 äfven
279 1253 59 25 väga
351 1252 67 27 tungt
431 1251 9 22 i
454 1251 128 28 vågskålen.

268 1285 115 22 Utskottet
398 1291 64 16 anser
475 1285 35 28 sig
523 1286 31 27 på
568 1285 72 28 grund
649 1285 25 22 af
683 1285 38 22 det
736 1285 93 22 anförda
837 1285 48 22 icke
894 1285 67 22 hafva

199 1319 48 22 skäl
262 1321 35 20 att
311 1319 112 28 tillstyrka
437 1321 73 27 någon
525 1319 130 28 förändring
668 1319 26 22 af
707 1319 27 22 de
743 1319 77 28 vilkor,
835 1321 75 20 senast
918 1319 43 22 för-

199 1353 97 23 samlade
318 1354 95 28 ständer,
436 1355 30 27 på
488 1354 126 23 dåvarande
630 1354 158 22 Statsutskotts
803 1353 88 28 förslag,
908 1353 52 22 fast-

199 1388 54 22 stält
274 1388 35 23 för
331 1388 132 29 afskrifning
483 1389 27 22 af
522 1388 255 29 Hypoteksföreningens
794 1388 38 22 lån
847 1388 49 22 från
911 1388 50 22 Fin-

201 1423 54 22 ands
271 1423 70 22 Bank.
371 1423 87 22 Samma
479 1423 71 23 vilkor
572 1423 120 22 återfinnas
708 1423 66 22 äfven
787 1423 9 21 i
810 1423 152 22 Bankutskot-

270 1463 151 18 Statsutskottets
434 1463 117 18 betänkande
563 1464 37 17 N:o
614 1464 28 17 17.
