1020 1664
116 211 12 26 8
143 210 33 22 29.

116 397 12 26 $
143 398 33 21 31.

107 966 63 26 885.

102 1247 12 26 8
130 1248 33 21 38.

113 581 11 26 s
133 563 39 40 33.

230 151 26 20 14
434 152 102 24 USB
553 136 116 53 Rrdp.-N:0
681 136 46 53 25)

265 208 13 22 TF
292 210 14 20 '4
316 211 73 20 mom.
400 210 47 29 af
441 204 10 40 8
463 209 82 25 What
564 204 237 40 vtskottätpjort-den
813 213 95 27 ändring,
924 209 41 26 att?

197 244 184 27 ursprungsbevis;
392 239 113 39 certifikat.
514 239 43 39 vel
565 246 170 28 förpåssningar:
744 247 53 22 böra
802 247 103 27 upptaga
919 248 45 21 kö"

196 284 88 20 parens
289 279 53 20 eller
356 278 163 30 emöltagarens
523 278 78 30 namb,
610 282 96 21 hvarvid
720 277 106 27 utskottet
840 273 64 39 afsett
919 282 36 21 det

196 312 44 26 fall;
264 312 42 22 då::
313 312 99 23 bränvin:
412 308 105 53 afsändes
529 316 24 40 af
561 308 138 50 tillverkårö'
702 316 33 47 aa
749 317 53 21 dess
795 363 2 2 v
812 312 151 57 Törsäljningge:

196 346 63 22 ställd
270 347 44 27 pä
315 352 71 18 annin
402 346 81 24 okt;'ili'

242 392 35 23 "I
297 382 76 35 tion.
383 382 25 40 ä
419 383 33 47 EN
468 387 19 31 51
602 426 2 2 |
640 381 57 50 säi
691 388 8 30 i
708 392 76 45 Prop...
791 386 44 39 "har
850 396 113 26 utskottet”

195 399 57 56 gjört
268 425 46 25 den
324 423 110 33 ändring;
435 425 32 26 att
491 425 87 33 Orpassii
615 424 27 28 i
652 431 50 28 stad
715 427 57 30 skall,
784 422 69 37 såsom
870 425 91 38 härtills"

194 462 98 22 utfärdas
307 463 23 21 af
343 463 156 32 stadsfiskalen,
507 437 94 66 hvilke
617 455 85 47 annars.
710 466 84 27 komme
809 468 33 19 att
856 466 97 22 beröfvas

194 503 26 15 en
239 491 52 27 iecke'
308 491 139 42 obetydande
461 482 38 38 del
507 490 26 30 af
550 496 46 38 sina
615 490 155 43 löneförmåner
785 502 56 28 samt
852 500 79 29 jemväl
946 501 7 21 i

194 531 65 27 öfrigt
275 536 63 23 synes
351 526 58 28 våra
417 525 120 36 lämpligast
553 529 41 27 att
598 528 73 28 handh
688 541 41 31 iva,
729 528 67 41 detta
804 523 105 52 göromål.

206 595 35 7 oc
265 578 41 26 Till
321 578 61 31 $,33,:
394 581 83 25 motsv,
492 581 64 26 8:36
571 581 13 24 i:
590 586 70 22 Prop
673 565 51 39 har.
730 565 106 48 utskottet
848 581 59 27 gjort
922 583 31 20 ett

193 608 85 42 tillägg,
291 613 9 28 i
313 592 94 60 enlighet
418 624 8 16 .
433 615 41 26 med
491 616 163 26 :stadgandet
661 616 56 26 i:$:66
729 616 27 22 af
768 616 55 24 1865
834 616 126 25 ärs:brän;;

193 647 177 29 vinsförordning,
388 648 48 25 för.
449 650 36 27 att;
497 652 60 24 göra
565 650 44 25 det.
621 643 79 39 möjligt
711 650 35 24 för
754 656 77 18 annan
844 652 29 22 än
887 651 66 27 parti-

193 682 106 28 handlare
312 684 32 20 att
354 683 76 27 någon
441 684 73 27 gång:
524 684 114 25 innehafva
656 685 193 27 mera;spritväror,
866 678 32 38 än:
904 690 55 18 som.

193 716 88 27 belöper.
296 717 31 27 sig
340 718 107 26 .på,.hans
469 718 84 26 hushäll
572 719 56 24 efter
640 719 118 27 beräkning
776 719 26 22 af:
817 720 49 26 2:1/;
880 720 81 23 kanna:

192 750 28 28 pä
234 757 88 21 person...
341 752 44 24 .Då
397 746 101 40 nemligen
514 746 123 40 utländska
659 754 301 27 spritdrycker.
818 746 58 40 falla.
884 754 76 27 under

192 791 85 18 samma.
288 796 2 18 ;
295 786 341 30 bestämningar,
468 782 10 38 .
484 782 56 38 som:
546 786 90 30 bränvin,
646 788 31 25 så.
691 788 93 24 kan.:det.
799 788 45 23 ofta
858 788 103 28 inträffa,

191 822 33 26 att
239 820 79 28 någon,
336 822 68 31 t..ex.
417 822 78 26 för:en,
508 824 66 24 större
591 823 140 27 tillställning,
746 823 97 23 kommer
860 825 31 21 att
908 823 50 23 :till--

190 854 102 28 fälligtvis
302 856 114 26 innehafva:
430 858 68 23 större
507 858 110 26 .qvantitet
632 858 24 21 af
669 858 95 26 bränvin,
779 858 92 27 kognak,
885 858 71 24 arrak.

190 895 52 17 0.8.
259 896 19 15 V.
300 886 162 62 sammanlaggt
473 893 40 19 än
523 892 77 43 honom
622 888 96 59 sajt
714 892 82 23 denna:
798 892 24 28 8:
827 898 50 16 vore
891 892 68 22 med-!

189 920 72 36 gifvet.
359 932 27 20 JA
957 938 3 3 i

259 964 42 22 Vid
315 934 175 63 hestämihandot
497 966 32 21 af:
516 936 1 3 n
534 932 155 66 fängeltstraft
696 940 35 48 för
716 936 92 62 tredje
816 939 54 60 eller
879 942 80 57 oftare:

188 999 112 27 begängen
315 999 71 28 oloflig
407 1000 224 28 bränvinsförsäljning
645 1001 44 21 har:
695 1001 110 22 utskottet
810 998 70 24 ansett
891 1002 55 26 dom,

188 1034 69 21 stolen
273 1034 53 21 böra
340 1034 249 27 möedgifvas:en'latitud
604 1035 25 21 af
639 1036 34 20 till
683 1033 45 24 öck
741 1036 47 21 med
799 1035 34 22 ett
843 1036 29 21 år.
895 1036 63 21 Der-'

185 1067 67 27 jemte
275 1069 46 22 -har:
335 1070 116 21 utskottet::
466 1069 41 22 icke
520 1069 73 22 funnit
608 1070 46 21 skäl
670 1068 163 23 att'inskränka:
847 1066 111 30 beloppet:

187 1102 23 22 af.
231 1104 37 21 det
291 1104 80 28 beslag.
382 1104 157 22 underkastade:
558 1104 217 22 bränvinet:till::100'
790 1104 88 27 kannor,
894 1106 52 20 enär

187 1138 36 21 det
246 1140 64 25 synts:
325 1138 107 22 utskottet
445 1139 74 27 nödigt
529 1134 45 37 att:
578 1134 86 37 strängt
679 1138 111 22 efterhålla
805 1139 40 21 den
861 1138 84 28 olofliga

186 1173 156 28 utminutering
352 1173 26 22 af
391 1173 84 28 färgadt
489 1174 95 25 bränvin,
592 1180 45 15 som
652 1169 77 60 tyvärr
737 1175 60 20 ännu
811 1173 47 22 icke
873 1175 24 20 är
912 1175 41 19 ut-:

186 1207 63 22 rotad
265 1208 8 20 i
286 1208 108 21 städerma.
428 1221 23 4 sine
501 1217 2 4 +
528 1215 2 10 i
957 1218 2 2 i

227 1259 2 2 +
255 1248 34 21 Dä
303 1248 69 27 något
383 1243 106 26 bestämdt
503 1248 52 27 prof
566 1248 18 27 ej
590 1241 93 28 kunnat
693 1218 140 62 föreskrifvas
840 1247 33 22 för
882 1247 63 22 brän-

183 1282 70 21 vinets
276 1282 75 22 renhet
372 1281 56 23 från
420 1275 11 39 '
434 1279 127 31 finkelolja,
567 1281 46 23 'har
628 1282 108 22 utskottet
743 1283 77 21 ansett
834 1279 117 30 olämpligt:

183 1317 33 20 att
229 1316 94 27 för:den,
334 1321 46 18 som
387 1311 100 33 försäljer
497 1310 125 34 spritdryck,
633 1317 87 21 hvilken
728 1316 96 22 befinnes
834 1315 47 23 icke
891 1322 52 15 vara

184 1351 20 25 si
220 1351 120 28 väsendtlig
356 1345 68 28 'mån"
446 1351 109 27 finkelfri,
567 1351 77 28 stadga
663 1351 77 22 förlust
755 1350 23 23 af
792 1349 151 28 destillerings-

182 1373 53 33 eller
250 1385 186 28 försäljningsrätt,
451 1386 56 21 helst
521 1386 124 28 försäljaren
662 1385 46 22 ofta
721 1385 41 22 kan
777 1391 53 15 vara
844 1385 7 21 i
861 1384 95 22 mindre”

182 1419 52 27 grad
250 1418 84 29 skyldig
349 1419 33 22 till
396 1418 207 30 lagöfverträdelsen,
619 1420 77 21 medan
712 1419 142 27 tillverkaren,
868 1419 14 21 å
891 1418 52 22 hvil-

181 1453 42 22 ken
239 1454 37 21 det
289 1449 76 37 tyngre
378 1449 100 37 ansvaret
492 1455 67 21 borde
574 1455 56 27 falla,
646 1454 73 22 kunde
732 1454 72 27 undgå
819 1453 64 22 straff.
895 1453 60 22 Ut-"

181 1488 82 21 skottet
278 1489 40 21 har
333 1489 83 22 derföre
431 1490 7 21 i
453 1489 72 22 stället
543 1489 109 28 föreslagit
670 1489 66 27 högre
750 1488 67 22 böter
827 1488 33 21 för
874 1488 69 27 tredje

250 1528 193 19 Ekonomiutskottets
455 1529 116 18 betänkande
584 1529 36 18 N:o
632 1529 18 17 5.

585 346 23 20 så
