1031 1664
254 118 27 19 94
451 117 24 22 U.
491 117 23 22 B.
531 130 27 2 —
574 117 65 29 Prop.
655 117 38 22 N:o
710 115 35 23 24.

225 181 51 22 drift
289 182 84 22 kunnat
389 185 52 25 säga
457 185 34 20 att
504 183 30 28 på
549 183 74 22 Saima
638 184 90 20 vattnen
743 188 29 16 nu
787 182 68 22 finnas
870 185 32 19 ett
912 182 68 23 sextio

223 216 32 22 tal
278 216 111 28 ångbåtar,
411 220 61 19 utom
494 218 93 27 pråmar,
610 217 74 22 hvilka
705 216 117 23 fullastade
841 217 104 27 bogseras
960 216 24 23 af

224 251 139 27 ångbåtarne.

293 286 67 22 Detta
378 286 86 22 bevisar
482 286 29 28 på
525 286 87 22 hvilken
631 286 43 28 hög
689 286 135 27 ståndpunkt
838 285 90 23 trafiken
943 286 37 22 be-

223 320 68 22 finner
311 320 34 28 sig
365 320 13 22 å
397 321 83 22 Saimas
504 321 155 27 månggreniga
679 320 261 27 kommunikationsleder,
956 320 25 22 sä

223 357 33 19 att
270 361 50 15 man
340 355 47 22 icke
402 355 7 22 i
424 357 111 21 närmaste
553 355 88 22 framtid
660 354 104 23 behöfver
782 355 102 28 bekymra
898 355 34 26 sig
946 361 34 16 om

223 389 148 23 förbättrande
387 390 23 22 af
423 390 115 22 desamma.

292 424 40 22 Om
347 431 49 15 man
413 428 62 24 tager
489 425 6 21 i
511 425 144 22 betraktande
667 424 282 23 kommunikationsmedlen
960 424 22 22 af

223 458 58 22 olika
304 459 53 27 slag,
377 460 24 21 så
419 459 68 30 finner
505 466 49 15 man
574 462 33 19 att
621 459 103 22 behofvet
739 459 79 28 skapar
832 459 147 22 kommunika-

222 494 71 21 tioner
309 494 40 21 och
369 496 32 19 att
420 496 91 20 tvertom
530 495 65 21 dessa
609 494 115 22 framkalla
738 500 42 21 nya
794 494 70 22 behof.
894 493 85 28 Nybyg-

223 534 65 21 garen
304 531 24 19 är
344 530 94 26 tvungen
453 532 32 19 att
500 529 86 22 komma
601 529 33 22 till
649 530 60 21 rätta
720 529 49 21 med
780 529 132 27 gångstigen.
931 528 48 22 Den

221 563 82 22 minsta
321 563 28 28 by
362 563 102 22 behöfver
484 570 26 15 en
525 564 100 27 kärrväg,
647 563 112 28 kyrkobyn
775 563 41 22 och
830 563 107 27 köpingen
953 569 26 16 en

223 604 26 15 en
264 597 110 28 landsväg,
395 599 76 21 staden
487 599 40 22 och
547 599 50 22 hela
612 599 127 21 landsdelen
754 598 44 27 sjö-
814 598 52 22 eller
877 598 101 27 jernvägs

221 632 131 23 förbindelse
372 639 19 16 o.
408 639 15 16 s.
440 640 19 15 v.
490 634 101 21 Tvertom
613 633 93 28 uppstår
724 633 36 22 vid
780 633 118 27 kärrvägen
918 633 59 27 byar,

221 667 36 21 vid
273 667 131 28 landsvägen
425 668 105 27 köpingar
551 669 40 21 och
606 669 35 21 vid
658 668 43 27 sjö-
718 667 52 22 eller
782 667 197 28 jernvägskommu-

224 702 121 21 nikationer
368 703 80 27 städer,
473 703 38 22 der
533 703 96 22 vilkoren
649 703 33 22 för
703 703 110 21 desamma
831 702 97 27 föröfrigt
944 704 36 19 äro

225 743 128 21 gynsamma.

293 771 40 22 Till
354 771 27 22 de
403 772 64 22 bästa
485 772 285 23 kommunikationsmedlen
789 772 78 21 räknas
888 771 94 28 sjöleder

225 806 40 21 och
285 807 121 27 jernvägar.
436 807 123 22 Hvarderas
583 807 103 22 inverkan
710 807 38 27 går
767 806 77 22 radielt
863 806 46 21 från
924 812 57 21 resp.

221 840 148 28 hamnplatser
385 841 39 22 och
440 843 106 21 stationer
561 843 33 20 till
604 841 134 26 landsdelen,
749 841 63 27 längs
823 841 71 26 elfvar,
905 840 73 22 lands-

221 877 66 26 vägar
303 875 40 22 och
358 876 123 22 tillochmed
493 877 131 27 gångstigar,
635 877 54 21 fram
701 876 40 22 och
752 876 53 21 åter.
825 876 68 21 Desto
903 875 74 27 längre

221 910 70 22 denna
314 911 81 21 rörelse
418 912 97 22 sträcker
537 912 34 26 sig
590 912 7 21 i
617 912 87 21 radiens
725 910 95 28 riktning
838 910 61 27 längs
915 910 66 23 dessa

220 944 132 28 långsamma
367 945 129 27 trafikleder,
513 946 62 22 desto
591 952 91 22 svagare
698 946 42 21 blir
756 945 47 27 den,
819 944 83 28 tillfölje
917 943 23 23 af
948 946 34 20 att

222 980 234 27 transportkostnaden
472 981 59 21 ökas.
563 980 90 22 Derföre
668 980 68 22 lefver
752 979 62 23 äfven
824 979 156 27 befolkningen,

222 1020 46 15 som
288 1016 25 20 är
332 1015 87 27 mycket
441 1014 95 28 aflägsen
559 1014 47 22 från
625 1016 73 20 bättre
719 1014 214 26 kommunikationer,
950 1015 32 19 ett

221 1049 94 27 tynande
337 1048 25 22 lif
383 1049 40 22 och
445 1050 44 21 lida
511 1050 56 21 brist
586 1050 29 27 på
634 1049 73 22 lifvets
730 1048 102 27 nödtorft,
852 1050 22 26 ty
889 1054 35 15 om
940 1047 41 22 den

221 1083 56 21 hade
293 1085 33 20 att
346 1083 80 28 afyttra
445 1084 66 27 något
530 1090 46 16 som
591 1085 40 21 har
646 1084 66 22 värde
728 1083 29 27 på
771 1082 209 26 verldsmarknaden,

222 1118 43 21 kan
281 1118 38 22 det
332 1118 49 22 icke
397 1118 92 28 förytras
503 1119 7 21 i
525 1119 56 21 brist
595 1119 29 27 på
639 1118 197 22 kommunikations
847 1116 76 23 medel.
940 1116 40 22 Om

220 1158 50 16 man
293 1154 90 26 antager
406 1155 33 19 att
459 1160 26 15 en
502 1153 91 27 jernväg
615 1153 102 21 inverkar
736 1152 29 28 på
784 1158 65 15 zoner
866 1150 22 22 af
904 1153 13 19 2
932 1151 48 21 mils

221 1187 75 26 bredd,
313 1188 70 21 måste
399 1188 60 22 detta
477 1188 58 27 gälla
550 1188 62 22 äfven
627 1187 34 22 för
676 1186 303 28 sjökommunikationsleden;

222 1221 41 21 den
279 1220 58 22 förra
353 1224 24 19 är
391 1222 126 27 visserligen
528 1222 107 22 snabbare
646 1222 42 22 och
698 1228 60 15 mera
768 1220 152 28 regelbunden,
932 1226 48 15 men

222 1255 41 22 den
279 1262 78 16 senare
373 1258 25 20 är
412 1256 99 28 billigare
529 1256 32 22 för
576 1258 77 26 tyngre
668 1256 62 28 gods.
762 1255 39 22 Om
817 1262 48 15 man
880 1255 48 21 icke
942 1254 38 21 be-

221 1289 63 22 aktar
300 1290 67 27 detta,
376 1291 41 21 kan
429 1291 77 27 hända,
519 1293 34 19 att
565 1298 49 15 man
624 1291 50 22 med
686 1292 61 20 stora
755 1289 145 28 uppoffringar
908 1288 72 22 åstad-

220 1325 98 21 kommer
332 1325 66 27 något
413 1332 47 15 som
475 1328 92 19 naturen
582 1325 67 22 redan
664 1324 68 28 gifvit.

291 1359 40 22 Om
350 1360 21 21 vi
389 1362 52 25 taga
456 1360 95 22 -framför
571 1366 36 16 oss
627 1360 49 21 vårt
690 1359 63 22 lands
769 1359 69 25 karta,
854 1357 39 22 och
910 1358 70 26 öppna

221 1400 27 15 en
265 1394 66 21 cirkel
347 1393 33 23 för
395 1401 27 15 en
437 1395 64 27 längd
518 1395 22 21 af
554 1396 13 20 2
581 1395 38 22 mil
635 1397 57 19 samt
703 1393 89 22 dermed
803 1393 66 26 draga
879 1392 25 21 så
912 1391 68 22 breda

220 1428 74 22 bälten
317 1428 53 22 eller
388 1435 67 16 zoner
473 1429 61 27 längs
553 1429 80 22 Finska
653 1429 42 21 och
716 1427 116 22 Bottniska
850 1427 74 21 vikens
940 1425 40 22 och

289 1467 191 24 Jernvägsutskottets
493 1468 116 18 betänkande
621 1468 37 18 N:o
670 1469 18 16 1.
