1025 1661
265 119 81 22 Ständ.
362 119 38 22 Sv.
418 131 23 2 —
458 119 73 26 Prop.
547 119 40 20 N:o
603 117 36 22 28.
791 117 13 19 3

281 183 69 26 säges,
367 181 114 28 efterhand
495 180 106 28 indragas
615 180 38 21 och
664 179 99 28 upphöra
773 179 9 21 i
792 179 40 21 den

281 217 52 20 män
344 216 156 27 postanstalter
512 215 49 21 med
569 215 66 27 nödig
643 215 106 26 postgång
759 214 9 21 i
778 213 54 22 kom-

281 257 106 15 munerna
406 251 33 26 pä
460 249 137 22 staisverkets
619 248 113 22 bekostnad
750 248 82 21 komma

283 284 34 22 till
330 284 72 26 stånd,
422 285 26 20 sä
462 286 32 19 att
508 283 230 27 häradspostföringen
754 282 78 27 derige-

282 325 49 14 nom
346 318 77 28 Dblifver
438 318 108 28 obehöflig.

533 382 16 27 $
563 383 22 21 2.

351 422 32 21 Så
398 425 62 19 snart
472 422 131 27 postanstali
617 421 28 28 af
657 423 28 20 ett
698 421 51 22 eller
763 423 69 20 annat

281 457 47 27 slag
344 457 70 26 blifvit
428 457 9 21 i
451 457 75 26 hvarje
541 457 99 21 kommun
654 456 29 28 af
689 457 64 26 något
762 455 71 22 härad

281 491 103 25 inrättad,
399 491 57 22 skall
470 491 230 28 häradsposiföringen
710 491 8 20 i
728 491 57 21 detta
794 490 37 21 hä-

281 525 43 22 vad
345 525 105 27 upphöra,
470 525 53 22 dock
540 525 94 22 sälunda
654 527 37 24 att,
710 525 38 21 der
761 525 72 26 nägon

278 560 33 26 pä
321 560 144 26 entreprenad
478 560 69 27 åtagit
555 560 35 27 sig
600 559 96 22 nämnda
701 558 131 28 postföring,

282 594 80 22 dennes
376 595 44 20 rätt
434 594 21 26 ej
465 594 137 27 förnärmas.

531 657 16 28 $
563 658 20 20 3.

351 696 80 22 Derest
441 697 154 27 postanstalier
610 697 76 21 endast
699 697 9 21 i
722 698 70 26 några
808 696 28 27 af

282 731 101 21 häradets
405 732 123 21 kommuner
549 731 87 21 kommit
655 731 34 21 till
702 730 70 27 ständ,
788 730 44 22 kan

282 766 37 20 vid
332 766 72 21 sädan
417 773 122 20 gemensam
553 766 218 25 kommunalstämma,
786 772 44 14 som

282 801 9 19 i
313 800 16 27 $
348 802 32 20 20
399 800 29 28 af
434 800 166 28 förordningen,
616 800 110 27 angäende
741 799 91 21 kommu-

282 834 199 27 nalförvaltningen
490 835 35 26 pä
540 834 77 25 landet,
631 833 74 28 gifven
717 833 41 22 den
768 835 14 19 6
791 833 41 21 Fe-

282 869 76 21 bruari
379 870 66 25 1865,
465 869 142 27 omförmäles,
619 868 71 28 fråga
702 868 78 21 väckas
795 867 37 22 och

282 903 67 22 beslut
372 903 72 27 fattas
468 903 108 21 huruvida
600 901 230 29 häradspostföringen

281 938 66 27 äfven
361 938 9 20 i
385 938 57 21 detta
455 937 43 27 fall
511 938 37 20 mä
557 938 58 21 inom
624 937 48 21 hela
681 937 90 21 häradet
779 942 53 21 upp-

282 972 54 22 höra
350 972 51 22 eller
416 973 9 20 i
440 972 56 21 hvad
510 972 52 21 män
577 972 40 21 den
631 973 59 20 ännu
704 971 62 21 borde
777 970 55 28 fort-

277 1007 71 27 fara;
370 1006 36 22 och
426 1006 56 22 skall
496 1006 80 22 sådant
590 1006 72 26 beslut,
677 1006 9 21 i
701 1005 101 28 afseende
818 1006 14 20 å

278 1040 109 28 pröfning
408 1041 38 21 och
464 1040 145 28 stadfästelse,
626 1040 106 22 insändas
747 1040 33 21 till
793 1046 37 21 gu-

281 1076 110 26 vernören,
407 1082 45 15 som
466 1076 10 20 i
490 1075 67 21 saken
567 1075 107 21 meddelar
683 1074 77 27 utslag,
770 1073 61 22 hvar-

283 1109 59 26 öfver
364 1109 74 22 besvär
453 1109 30 27 få
500 1110 9 20 i
524 1109 73 27 vanlig
611 1109 91 26 ordning
717 1107 91 28 anföras
823 1107 9 21 i

282 1143 106 22 Senatens
402 1143 267 28 Ekonomiedepartement.

533 1206 15 27 $
563 1208 22 19 4.

350 1246 52 22 Har
419 1247 32 20 uti
467 1247 34 20 det
520 1247 4 20 i
539 1246 15 28 $
569 1248 15 19 3
599 1245 129 22 omnämnda
742 1244 43 27 fall
798 1251 33 21 ge-

281 1287 48 14 nom
351 1281 77 27 utslag,
451 1287 45 15 som
518 1281 77 20 vunnit
613 1281 49 26 laga
681 1279 65 28 kraft,
762 1279 71 27 blifvit

276 1315 140 27 förordnadt,
442 1317 32 19 att
496 1315 236 27 häradspostföringen,
758 1313 69 21 antin-

279 1356 42 20 gen
335 1350 10 20 i
359 1349 48 22 hela
421 1349 91 22 häradet
526 1349 50 21 eller
591 1349 57 21 inom
662 1349 71 26 nägon
743 1347 34 22 del
786 1347 46 20 der-

281 1384 31 27 af,
327 1383 58 21 skall
399 1384 45 21 tills
458 1384 74 20 vidare
543 1383 104 27 fortfara,
659 1383 37 21 bör
703 1383 65 26 sagde
772 1383 58 25 post-

276 1417 80 28 Jöring
370 1418 161 27 upprätthållas
544 1425 75 20 genom
633 1417 136 22 densammas
779 1422 53 20 upp-

281 1453 87 22 lätande
379 1453 34 26 pä
428 1452 147 27 entreprenad,
586 1452 37 22 och
633 1451 117 22 kostnaden
759 1449 72 22 bestri-
