1025 1664
243 142 28 19 22
430 142 28 22 U.
472 142 29 22 B.
515 154 22 4 —
553 142 73 28 Prop.
641 143 48 22 N:o.
698 142 38 25 21.

216 203 37 22 vid
272 204 158 27 försäljningen
449 204 23 22 af
485 205 154 27 maltdrycker,
655 205 63 22 torde
733 205 25 21 så
772 204 86 27 mycket
872 205 85 22 mindre

215 243 53 16 vara
285 238 28 27 på
328 238 34 21 sin
378 238 65 27 plats,
458 245 46 15 som
520 239 140 26 temmeligen
675 239 136 22 verksamma
826 239 131 22 bestämnin-

215 277 40 22 gar
279 272 8 21 i
310 273 78 26 antydt
404 273 58 26 syfte
478 272 111 22 allaredan
605 273 53 26 ingå
673 273 33 21 uti
721 273 93 21 nämnda
828 273 128 27 förordning

216 312 36 15 om
267 306 312 27 maltdryckers-försäljande.
610 307 61 21 Allra
688 307 66 21 minst
768 307 33 21 lär
816 313 26 16 en
853 307 60 27 dylik
924 307 31 22 åt-

218 340 55 27 gärd
294 339 74 22 kunna
390 340 110 22 försvaras
522 341 39 21 der
575 340 127 22 densamma
716 341 91 26 menligt
821 341 70 21 skulle
906 347 45 16 ver-

218 373 29 22 ka
264 374 93 22 tillbaka
372 374 29 27 på
416 374 77 27 sjelfva
507 374 155 27 bevillningen,
677 374 86 22 hvilket
771 376 52 23 utan
834 374 75 22 tvifvel
918 375 40 21 här

216 407 73 22 blefve
312 407 68 23 fallet.
410 408 31 27 Ty
457 408 37 22 det
510 410 24 20 är
549 408 65 27 klart,
631 410 33 20 att
680 408 27 22 de
722 409 84 23 mindre
821 409 135 27 bryggerier-

216 448 35 19 na,
272 441 75 22 hvilka
362 443 38 20 äro
416 443 97 26 tvungne
528 444 33 21 att
576 442 99 22 anskaffa
690 448 26 16 en
733 442 24 21 så
772 442 80 27 dyrbar
866 444 92 26 apparat

215 481 47 16 som
285 475 152 23 maltometern
460 476 39 22 och
517 476 64 22 äfven
597 482 81 16 annars
693 475 66 22 hafva
773 477 33 20 att
821 476 94 21 uthärda
930 482 26 15 en

216 509 51 22 svår
281 509 139 22 konkurrens
435 510 49 21 med
500 510 27 21 de
542 511 71 20 större
628 509 184 27 inrättningarna,
827 509 36 22 vid
878 509 79 22 sådant

216 543 138 22 förhållande
375 543 69 22 måste
466 544 103 27 antingen
592 543 27 27 gå
641 543 71 22 under
731 543 53 22 eller
799 543 75 22 arbeta
889 543 68 22 under

219 577 122 27 synnerligt
355 577 97 27 betryck,
468 577 140 27 naturligtvis
623 577 49 21 icke
687 572 33 26 tM
734 577 71 27 någon
815 577 80 22 bätnad
903 578 54 21 eller

215 611 104 22 säkerhet
333 611 35 22 för
383 611 41 22 den
440 611 66 27 skatt,
521 612 28 21 de
564 613 38 19 äro
618 611 104 27 skyldiga
736 613 33 20 att
784 613 83 25 utgöra.

283 645 32 21 På
332 646 65 21 dessa
412 646 95 27 grunder
522 646 41 21 och
578 645 49 21 med
643 645 103 21 afseende
759 645 82 27 jemväl
856 645 53 22 derå
923 647 34 19 att

215 679 168 27 ifrågavarande
399 680 136 27 bestämning
550 679 92 22 innebär
657 680 33 20 ett
704 678 72 28 afsteg
785 679 48 21 från
842 680 41 21 den
892 678 63 22 otvif-

216 713 109 27 velaktigt
339 713 82 28 riktiga
435 714 7 21 i
458 714 12 28 $
486 715 12 20 1
513 714 24 21 af
551 713 150 22 betänkandet
716 713 98 22 uttalade
828 714 83 26 princip
923 714 33 20 att

215 747 120 27 bevillning
352 748 55 21 skall
423 748 99 27 erläggas
538 748 56 21 efter
610 748 182 26 tillverkningens
807 747 98 27 verkliga
919 748 36 21 be-

215 781 59 27 lopp,
290 781 55 27 våga
359 782 178 21 undertecknade
552 782 111 21 vördsamt
678 781 80 22 föreslå

353 818 30 18 att
396 816 16 27 $
426 817 16 19 2
457 816 9 20 i
483 816 106 21 Utskottets
605 816 122 20 betänkande
740 815 60 20 måtte
814 815 51 25 utgå.

335 910 56 25 Otto
408 911 96 25 Wrede.
642 912 23 24 T.
682 911 21 24 J.
718 910 118 26 Aminoff.

476 972 47 27 Elis
539 972 161 32 Furuhjelm.

281 1506 200 23 Bevillningsutskottets
494 1506 104 17 betänkande
610 1506 35 17 N:o
657 1506 17 17 3.
