1028 1661
277 105 28 22 U.
321 105 27 22 B:
367 117 23 3 —
407 102 73 30 Prop.
496 104 42 22 N:o
553 103 36 23 29.
763 101 25 21 Al

201 167 170 29 ofvanbestämda
391 166 130 29 persontalet
544 167 25 20 är
587 167 86 27 tjenare,
689 164 81 22 hvilken
785 164 33 21 sä-

200 209 42 14 som
266 201 50 21 kusk
339 201 87 28 åtföljer
442 201 39 21 den
496 200 94 27 resande,
604 207 46 14 men
665 199 19 28 ej
700 199 39 21 den
753 198 64 28 skjut-

201 235 64 22 sande
280 235 128 28 inbegripen.

271 269 45 21 Två
333 269 52 21 barn
401 269 52 27 från
469 269 52 28 fyra
536 268 35 21 till
585 268 43 28 tolf
640 268 36 20 års
692 267 60 21 ålder
762 273 58 14 anses

203 303 44 21 lika
268 303 47 21 med
336 310 24 14 en
375 301 95 30 fullvåxt
482 309 86 22 person,
583 308 45 15 men
644 304 27 19 ett
686 301 52 21 barn
754 300 66 21 under

200 338 51 28 fyra
267 338 26 20 år
307 340 56 25 tages
379 336 77 21 härvid
472 337 20 28 ej
506 338 9 19 i
527 336 120 28 beräkning.

269 372 45 20 Der
329 370 106 22 särskilda
450 370 195 29 ortsförhållanden
660 369 72 22 dertill
747 369 73 29 föran-

207 406 54 26 leda,
276 405 70 21 kunna
361 405 83 21 sådana
467 404 61 30 ifrån
543 404 145 28 stadgandena
702 404 9 20 i
725 404 68 20 denna
807 403 14 27 $

205 439 116 29 afvikande
343 439 152 21 bestämmelser
516 439 27 28 af
556 438 90 22 Senaten
658 438 33 28 på
706 437 114 28 ansökning

204 473 111 27 meddelas,
330 480 43 14 som
389 473 59 21 dessa
462 472 152 29 förhållanden
624 472 93 28 skäligen
722 471 97 29 påkalla.

408 548 15 27 $
438 547 39 21 29.

272 593 102 27 Resande,
389 599 43 15 som
448 593 106 28 begagnar
569 592 71 29 skjuts,
656 599 49 14 vare
720 593 20 27 ej
755 591 66 21 berät-

205 627 60 29 tigad
287 630 31 18 att
338 627 137 28 framfärdas
497 627 47 21 med
559 627 64 20 större
638 626 102 28 hastighet
756 626 27 20 än
798 632 23 14 en

205 664 54 19 verst
271 661 32 28 på
318 661 34 28 sju
366 662 98 24 minuter,
480 661 39 21 den
535 660 39 28 tid,
589 668 43 14 som
646 660 35 29 för
696 659 127 29 hästombyte

205 695 116 28 erfordras,
336 695 46 21 deri
397 694 43 22 icke
455 694 142 26 inberäknad;
613 694 37 22 och
665 694 62 27 skall,
743 694 37 21 der
787 694 36 20 två

206 729 107 28 fullväxta
335 736 105 21 personer,
459 730 65 27 jemte
539 728 120 29 skjutskarl,
674 729 42 20 åka
731 727 52 29 efter
798 734 24 14 en

207 763 36 22 och
268 771 80 13 samma
369 763 54 27 häst,
446 762 131 28 hastigheten
602 762 123 21 inskränkas
750 761 33 21 till
798 769 23 14 en

206 800 53 18 verst
272 797 31 29 på
318 798 35 20 nio
367 797 97 21 minuter.
492 797 41 21 Vid
548 797 90 27 menföre
653 796 92 21 minskas
755 796 67 21 denna

207 831 109 28 hastighet,
332 831 51 28 efter
397 831 109 28 väglagets
522 831 142 28 beskaffenhet,
674 831 24 20 så
710 832 30 19 att
748 829 74 29 skjuts-

207 865 46 21 häst
268 866 21 26 ej
302 864 82 29 utöfver
399 865 56 20 hvad
470 864 79 29 skäligt
565 866 25 20 är
605 866 121 27 anstränges
740 864 36 28 för
784 864 39 21 den

207 899 95 30 resandes
316 898 175 30 framskaffande.

275 932 77 29 Bryter
369 932 87 22 resande
471 932 101 28 häremot,
585 932 67 28 pligte
668 932 57 21 ända
740 931 35 22 till
789 932 34 28 fy-

209 967 54 21 ratio
278 966 66 22 mark.
378 966 130 29 Uppehäller
523 966 115 29 skjutskarl
652 966 86 22 resande
753 966 14 21 å
782 967 41 27 väg

209 1002 72 29 längre
305 1001 32 21 tid
359 1001 27 21 än
409 1001 8 20 i
432 1000 128 29 föregående
574 995 60 27 mom.
650 1001 26 20 är
692 1000 68 29 sagdt,
775 1008 49 13 vare

205 1035 79 29 jemväl
298 1035 35 22 till
348 1034 112 23 enahanda
475 1042 79 14 ansvar
568 1034 108 29 förfallen.

413 1110 14 26 $
442 1108 40 22 30.
683 1126 2 2 :

277 1154 72 22 Skulle
364 1154 113 29 skjutshäst
492 1155 80 21 tröttna
582 1154 49 22 eller
639 1154 56 28 eljest
702 1154 43 22 icke
754 1154 71 22 mäkta

209 1189 49 30 föra
272 1189 59 28 fram
345 1189 39 21 den
399 1189 88 21 resande
502 1188 35 22 till
552 1188 91 22 bestämd
659 1192 39 23 ort,
714 1188 50 22 eller
779 1188 46 21 kör-

210 1223 121 28 redskapen,
346 1230 32 14 om
393 1223 39 21 den
448 1224 20 26 ej
484 1223 26 20 är
524 1223 38 21 den
578 1223 96 21 resandes
689 1230 55 20 egen,
760 1222 66 21 under

210 1257 75 28 färden
299 1258 29 27 gå
343 1257 73 21 sönder
432 1257 38 21 och
485 1256 69 29 blifva
569 1256 111 27 obrukbar,
695 1256 81 29 åligger
792 1256 33 21 det

211 1290 242 29 lägenhetsinnehafvare
468 1291 10 20 i
492 1291 105 21 närmaste
613 1290 25 29 by
653 1290 49 22 eller
715 1290 64 28 gård,
790 1290 36 21 vid

211 1324 33 22 bot
269 1324 27 29 af
315 1325 60 28 tjugu
397 1324 69 28 mark,
489 1327 31 27 att
542 1324 100 22 resanden
662 1324 113 29 foriskafa
790 1324 37 21 och

211 1358 96 29 uppbäre
322 1358 27 28 af
361 1358 100 22 resanden
472 1358 48 22 hela
532 1359 40 20 den
580 1358 120 29 skjutslega,
710 1365 44 15 som
760 1358 67 21 skulle

212 1393 38 21 den
265 1392 120 29 skjutsande
399 1392 103 29 tillfallit,
518 1399 33 14 om
566 1392 42 21 han
622 1391 141 30 skjutsningen
772 1391 55 28 full-

210 1427 63 28 gjort.
303 1426 78 28 Någon
396 1426 107 28 betalning
518 1425 34 22 till
568 1426 63 21 denne
645 1426 35 28 för
695 1426 33 21 det
743 1425 84 28 tillryg-

147 1466 126 18 Sammansatta
285 1466 44 23 Lag-
342 1466 29 17 och
383 1465 177 18 Ekonomiutskottets
573 1465 104 18 betänkande
688 1465 33 18 N:o
734 1465 16 18 4.
