1020 1661
306 137 23 23 U.
345 137 23 23 B.
383 148 31 7 —
429 137 62 29 Prop.
506 138 38 22 N:o
559 137 38 23 26.
783 138 12 20 7

65 193 27 29 ja
107 194 8 21 i
131 194 27 21 de
173 194 67 22 flesta
254 194 42 22 fall
311 194 145 30 fullkomligt
475 194 99 29 stridiga
589 197 62 20 emot
666 194 58 22 dem.
754 194 71 22 Detta

69 227 188 23 betraktelsesätt
271 228 42 22 har
327 228 126 22 utskottets
468 228 76 22 flertal
559 227 130 23 emellertid
702 228 52 22 icke
768 228 59 22 kun-

70 264 42 20 nat
133 262 131 29 godkänna,
287 262 99 22 hvarvid
408 262 37 22 till
467 262 54 22 stöd
542 262 37 22 för
601 270 30 15 en
652 265 97 20 motsatt
765 262 62 29 äsigt

69 295 148 29 framhällits,
240 296 108 22 hurusom
364 304 29 14 en
415 296 64 22 stads
501 296 129 30 näringslif
649 297 43 22 och
710 296 67 23 deraf
788 296 39 22 be-

68 330 88 23 roende
172 331 149 22 ekonomiska
336 330 120 23 förkofran
471 331 51 22 icke
537 331 46 22 kan
605 333 72 20 annat
698 335 30 18 än
743 330 84 23 skörda

71 372 31 15 en
126 365 77 22 direkt
226 365 63 22 vinst
318 365 26 22 af
371 365 46 22 den
445 365 182 29 kringliggande
655 365 172 29 landsbygdens

71 399 210 22 framätskridande
296 400 8 21 i
319 399 81 22 kultur
415 399 44 22 och
474 399 68 22 deraf
554 399 125 29 betingade
693 399 74 22 ökade
782 399 46 22 för-

69 435 71 28 mäga
155 436 35 19 att
204 433 142 30 frambringa
362 434 44 22 och
420 433 118 23 förbruka.

140 468 122 23 Utskottet
275 468 42 22 har
331 467 65 30 förty
417 469 9 21 i
448 468 84 30 frågan
554 475 38 16 om
615 469 118 22 städernas
755 468 73 22 delta-
843 471 14 26 $
872 470 20 21 9.

72 503 78 29 gande
171 503 9 21 i
202 503 266 28 länsrepresentationen
489 503 98 22 instämt
612 503 35 22 uti
676 503 45 22 den
742 502 87 29 nädiga

72 537 181 29 propositionen,
269 545 53 13 men
337 537 103 21 deremot
454 537 145 22 beträffande
614 538 83 21 mättet
712 537 27 22 af
750 537 79 22 dessas

71 572 185 28 representativa
270 571 88 23 krafter
372 571 42 22 vid
435 572 141 28 länstingen,
599 572 8 21 i
623 571 145 23 förhällande
791 571 38 22 till

73 606 90 22 antalet
177 606 148 28 fullmäktige
340 606 37 22 för
391 606 187 29 landsbyggden,
600 608 94 20 stannat
709 606 9 22 i
733 614 29 14 en
776 605 53 22 frän

73 640 175 29 propositionen
258 640 125 22 afvikande
393 640 160 30 uppfattning,
564 648 49 14 som
624 640 76 22 berott
710 640 25 22 af
743 642 86 20 tvänne

72 674 75 22 andra
170 674 9 22 i
203 674 151 30 lagförslaget
378 674 93 22 införda
495 675 138 29 principiela
661 674 168 29 förändringar.

69 708 58 22 Den
141 708 73 22 första
228 708 27 23 af
274 709 66 22 dessa
364 709 77 22 bestär
466 709 78 22 deruti
568 712 35 19 att
627 709 143 22 valomrädet
794 708 37 22 för

73 742 170 29 landsbygden,
267 751 48 14 som
330 743 75 29 enligt
419 744 176 28 propositionen
610 743 71 22 borde
701 746 94 26 utgöras
807 742 26 22 af

75 777 135 29 tingslaget,
233 777 94 22 ändrats
342 777 38 22 till
394 777 104 22 häradet.
528 778 47 22 Till
590 777 53 23 stöd
657 777 36 23 för
711 777 64 22 detta
790 777 41 22 sitt

74 811 89 29 förslag
185 811 37 22 fär
243 812 115 22 utskottet
379 812 81 29 pävisa
482 812 46 22 den
549 815 62 19 stora
633 812 87 22 olikhet
741 812 9 21 i
772 811 59 22 folk-

74 845 286 29 mängdsförhällandena,
383 854 49 14 som
447 846 77 22 skilda
539 847 104 29 tingslag
657 847 79 21 kunna
757 846 74 22 förete

75 879 46 23 och
135 880 152 29 hvarigenom
301 883 35 19 ett
350 880 104 30 tingslag
470 881 53 21 med
538 884 93 19 ettusen
652 888 119 22 personers
793 880 40 22 be-

73 913 112 29 folkning
199 914 85 29 kunde,
300 922 37 15 om
352 914 155 30 lagförslaget
522 916 9 21 i
546 915 77 22 denna
637 915 38 22 del
685 914 76 23 blefve
773 914 60 22 oför-

74 948 108 28 ändradt,
204 949 92 22 komma
316 952 34 20 att
366 949 82 23 utöfva
462 950 50 22 lika
534 950 95 28 mycket
650 948 128 30 inflytande
802 948 31 30 pä

74 982 141 30 länstingets
230 983 76 23 beslut
320 991 50 15 som
385 986 33 20 ett
433 984 55 22 med
502 992 30 14 en
546 984 34 22 tio
594 984 89 29 gänger
692 984 72 28 högre
774 983 60 22 folk-

76 1017 93 29 mängd,
185 1017 30 22 dä
231 1018 103 22 deremot
348 1026 38 14 om
396 1018 98 22 häradet
504 1018 104 22 kommer
618 1021 35 19 att
663 1018 126 22 fastställas
799 1018 35 21 sä-

75 1058 52 15 som
142 1051 45 22 den
205 1052 76 28 enhet,
303 1052 97 22 hvilken
422 1052 41 22 vid
485 1052 130 30 länstinget
636 1053 42 21 bör
698 1051 135 29 företrädas,

77 1085 56 23 vida
147 1086 90 22 mindre
253 1087 114 22 olikheter
382 1088 8 20 i
406 1087 85 28 antydt
506 1087 109 22 afseende
631 1091 38 18 äro
692 1089 35 19 att
747 1086 87 27 befara,

75 1123 59 18 enär
147 1120 64 22 inom
227 1121 28 22 de
270 1121 62 22 olika
346 1121 131 22 häraderna
492 1129 30 14 en
536 1121 118 29 betydligt
669 1124 72 19 större
760 1120 76 29 jemn-

77 1153 42 23 het
133 1155 9 21 i
157 1154 108 23 afseende
281 1156 13 21 &
308 1155 329 29 folkmängdsförhällandena
651 1155 130 22 förefinnes.

144 1189 52 22 Den
211 1189 73 22 andra
298 1189 27 22 af
337 1190 97 22 berörda
448 1190 165 29 förändringar
627 1190 84 22 hänför
726 1189 35 29 sig
784 1189 49 22 der-
849 1191 13 27 $
878 1190 35 22 48.

77 1226 64 19 emot
162 1224 38 21 till
214 1224 132 29 grunderna
368 1225 37 21 för
427 1223 46 23 den
501 1225 158 28 beskattning,
681 1224 152 29 hvarigenom
845 1226 22 27 ($
877 1224 45 27 44.)

77 1257 76 22 medel
168 1258 39 21 till
221 1259 75 22 länets
311 1266 173 22 gemensamma
505 1259 99 29 utgifter
626 1259 65 22 skola
713 1258 123 27 anskaffas,

77 1291 78 23 derest
170 1293 77 28 tinget
261 1293 101 22 beslutat
376 1293 38 22 till
429 1293 67 22 deras
510 1293 232 29 sammanbringande
752 1299 85 22 genom

79 1327 141 29 uttaxering.
250 1327 83 29 Enligt
356 1327 65 22 detta
442 1328 91 28 förslag
554 1328 42 22 bör
618 1327 46 22 den
685 1327 152 28 erforderliga

78 1368 108 14 summan
199 1361 101 23 fördelas
315 1362 63 29 uppä
393 1362 76 22 länets
489 1362 109 29 samtliga
621 1362 64 22 säväl
700 1361 73 22 stads-
788 1366 50 16 som

79 1394 206 23 landskommuner
300 1395 59 22 efter
374 1395 66 22 deras
456 1396 110 22 inbördes
581 1395 144 29 folkmängd,
750 1394 37 22 för
805 1397 35 19 att

79 1429 73 22 sedan
167 1429 42 22 hos
225 1429 28 22 de
269 1430 172 29 skattskyldige
457 1430 65 22 inom
537 1430 81 29 hvarje
629 1430 109 22 kommun
748 1431 91 20 uttaxe-

79 1470 46 21 ras,
148 1464 75 29 enligt
237 1464 133 29 grunderna
386 1464 37 22 för
443 1465 83 28 vanlig
547 1463 294 29 kommunalbeskattning.

153 1503 142 19 Sammansatta
307 1504 51 23 Lag-
371 1504 33 18 och
415 1504 195 19 Ekonomiutskottets
623 1504 116 19 betänkande
750 1509 31 12 n:o
794 1504 17 17 8.
