1031 1661
220 114 28 20 22

385 113 81 24 Ständ.
482 114 39 23 Sv.
537 127 27 4 —
579 115 73 28 Prop.
668 115 40 22 N:o
723 113 36 23 29.

398 184 90 14 munens
503 177 196 28 skjutsningsdygn
710 177 42 28 för
767 177 48 21 året
821 177 104 27 fördelas
936 177 14 21 &

398 218 26 14 en
439 211 55 22 hvar
509 212 30 27 af
551 212 26 21 de
592 211 239 29 skjutsningsskyldige
845 211 56 28 efter
911 211 39 21 de-

397 252 38 15 ras
458 246 161 25 innehafvande
634 246 92 25 mantal,
741 246 48 21 med
804 245 144 28 iakttagande

398 282 33 18 att
453 280 50 26 den,
521 280 43 27 för
586 280 87 21 hvilken
687 279 199 29 skjutsningstiden
902 278 47 22 icke

398 314 87 28 uppgär
499 314 36 21 till
550 316 29 20 ett
594 314 44 21 helt
653 315 65 27 dygn,
735 314 66 21 alltid
812 312 92 29 päjöres
919 315 30 19 ett

398 348 70 28 dygn;
489 351 34 18 att
545 349 8 20 i
575 348 26 22 de
610 348 55 28 fall,
682 349 29 21 dä
726 348 61 22 tiden
802 348 146 27 öfverskjuter

396 384 67 25 jemnt
485 384 65 28 dygn,
566 383 145 28 öfverskottet,
731 384 4 20 i
749 384 41 21 den
805 384 51 21 män
871 383 36 21 det
921 385 29 19 är

397 420 71 19 större
483 418 54 21 eller
551 418 92 26 mindre,
659 418 106 28 antingen
780 418 52 21 ökas
848 418 35 21 till
898 419 51 19 när-

398 454 67 19 maste
481 452 48 21 hela
546 453 32 20 tal
593 453 55 21 eller
663 452 122 28 bortfaller,
801 453 25 20 sä
841 454 33 19 att
889 452 60 21 kom-

398 493 90 15 munens
503 487 168 27 sammanlagda
686 486 195 28 skjutsningsdygn
890 485 58 22 kom-

397 528 35 14 ma
455 523 33 19 att
503 521 70 21 under
589 522 48 20 äret
647 522 74 26 jemnt
735 522 102 26 utgörus;
852 522 33 20 att
900 520 48 26 den,

396 554 67 22 hvars
483 555 262 28 skjutsningsskyldighet
767 555 22 28 ej
811 555 86 27 uppgår
913 554 36 21 till

397 596 59 15 mera
472 591 29 19 än
513 589 48 27 fem
577 589 65 28 dygn,
659 589 120 28 berättigas
794 591 33 19 att
841 589 71 20 under
922 595 27 14 en

397 623 85 22 hålltur
501 623 106 28 fullgöra
633 624 136 25 densamma;
789 625 56 19 samt
867 625 33 18 att
922 623 27 20 de

397 657 236 29 skjutsningsskyldige
652 658 87 21 indelas
759 658 14 20 &
788 657 26 21 de
828 656 120 29 gästgifve-

397 694 52 24 rier,
464 699 51 20 som,
531 693 49 20 med
595 692 86 28 hänsyn
697 692 36 21 till
748 691 99 28 billighet
861 691 37 21 och
911 687 37 37 för

397 727 110 21 vinnande
529 727 31 27 af
578 727 122 27 möjligaste
713 725 100 28 jemnhet
827 726 9 20 i
851 725 97 22 besväret

398 761 47 21 dem
460 761 98 26 emellan,
573 763 40 19 äro
628 761 26 21 de
669 761 145 27 lämpligaste.

466 795 49 21 Den
537 795 93 28 speciela
651 794 168 29 skjutslängden
834 794 113 26 öfverlem-

398 836 40 14 nas
461 829 54 21 derå
531 829 30 27 af
571 829 214 21 kronolänsmannen
801 828 36 20 till
851 828 94 20 kommu-

396 863 159 21 nalstämmans
573 862 138 29 granskning
729 862 38 21 och
781 862 104 21 insändes
901 862 45 20 till-

397 897 46 21 lika
465 898 49 20 med
529 897 26 21 de
567 897 156 27 påminnelser,
738 903 45 15 som
797 896 37 21 vid
849 896 97 21 nämnda

395 931 138 28 granskning
547 931 85 21 kunnat
646 933 73 26 göras,
729 930 32 28 af
766 930 180 21 kronolänsman-

397 972 48 19 nen,
462 966 67 27 jemte
551 968 46 25 eget
611 965 110 28 yttrande,
739 965 35 21 till
789 964 157 28 kronofogden,

396 1006 44 15 som
457 1006 48 22 eger
520 1000 34 27 sig
569 1000 9 20 i
592 999 67 21 saken
673 999 73 21 utlåta
762 998 38 22 och
810 998 89 21 ärendet
910 998 36 21 till

395 1036 146 25 guvernörens
555 1034 148 27 fastställelse
723 1033 144 27 öfverlemna;
881 1032 64 22 hvar-

395 1068 56 28 efter
465 1068 166 28 skjutslängden
647 1068 36 21 till
697 1067 171 21 vederbörandes
879 1067 67 27 efter-

395 1103 88 20 rättelse
505 1103 106 27 kungöres
634 1103 9 19 i
657 1101 118 29 kyrkorna,
791 1101 109 27 äfvensom
915 1103 31 18 ett

395 1137 82 27 utdrag
493 1136 68 27 deraf
572 1136 38 21 bör
625 1136 37 21 vid
677 1135 76 27 hvarje
767 1134 131 29 gästgifveri
907 1134 39 22 och

395 1171 140 27 socknestuga
547 1171 78 27 finnas
641 1172 33 19 att
690 1170 71 27 tillgå.

639 1234 15 27 $
668 1234 34 20 16.

463 1273 51 21 Har
537 1274 36 21 det
594 1272 138 28 föreskrifna
747 1272 84 21 antalet
845 1272 99 27 skjutsar

395 1308 74 28 blifvit
484 1309 47 20 med
547 1308 25 21 de
588 1308 37 21 vid
639 1307 133 28 gästgifveri
787 1306 109 27 anslagna
905 1306 38 21 hä-

393 1346 48 18 star
456 1342 126 26 verkstäldt,
599 1342 53 21 eller
666 1341 117 27 erfordras
791 1347 59 14 mera
859 1340 83 25 hästar,

393 1380 29 17 ån
439 1378 35 19 vid
489 1376 152 29 gästgifveriet
656 1378 40 18 äro
712 1378 33 18 att
761 1374 71 28 tillgå,
844 1374 58 21 skall
909 1381 34 14 re-

393 1411 68 20 sande
476 1417 54 14 vara
546 1410 124 27 berättigad
687 1411 39 22 att,
741 1411 55 18 emot
811 1407 132 28 erläggande

393 1445 30 27 af
438 1445 76 21 dubbel
534 1445 54 27 lega,
605 1443 86 22 erhålla
706 1443 125 27 skjutsning
842 1442 58 27 från
917 1441 27 21 de
