1020 1661
225 112 28 21 20

437 111 23 23 U.
477 111 21 23 B.
515 123 30 6 —
561 112 63 29 Prop,
640 111 39 24 N:o
694 111 37 24 26.

334 172 79 18 männa
435 169 164 28 hushållningen,
617 169 137 28 jordbrukets
773 169 38 22 och
827 170 71 21 andra
912 173 41 18 nä-

334 204 84 27 ringars
437 203 120 28 utveckling,
573 204 296 21 kommunikationsväsendets
883 203 70 30 befor-

334 238 87 25 drande,
436 238 107 21 allmänna
558 239 251 27 undsättningsåtgärder,
825 238 127 29 sparbanks-

334 272 36 22 och
396 272 232 28 försäkringsväsendet,
653 273 118 25 helsovärd,
795 273 157 28 undervisning,

333 306 81 22 allmän
436 307 104 28 sedlighet,
563 308 92 27 ordnina
671 307 37 21 och
723 307 94 21 säkerhet
833 308 47 20 med
894 314 58 14 mera

334 341 70 29 dylikt,
426 342 24 20 sä
469 342 44 20 vidt
529 342 108 21 desamma
651 342 43 21 icke
710 342 64 27 enligt
788 341 100 29 gällande
900 341 52 29 för-

331 376 120 28 fattningar
471 378 31 27 pä
517 376 92 28 offentlig
625 376 193 29 embetsmyndighet
833 376 118 25 ankomma,

333 411 106 28 äfvensom
455 414 32 17 att
496 412 39 28 för
550 411 83 21 sådana
648 411 100 20 ändamål
762 415 99 18 uttaxera
876 411 75 28 bidrag

333 445 35 21 och
383 446 8 20 i
406 446 64 28 öfrigt
486 446 72 26 utöfva
574 446 39 20 den
629 445 120 28 befogenhet,
765 453 43 13 som
817 453 74 20 genom
902 448 49 18 sär-

332 479 67 22 skilda
417 480 133 29 föreskrifter
564 480 121 29 framdeles
700 480 41 21 kan
756 481 23 20 åt
794 479 109 29 länstinget
918 480 33 27 öf-

333 513 119 22 verlemnas.

402 549 106 27 Länsting
523 548 37 21 bör
570 549 82 27 jemväl
669 549 84 28 afgifva
769 549 106 21 utlåtande
886 549 8 21 i
904 549 46 27 frå-

330 590 46 20 gor,
393 583 38 21 der
446 583 88 21 Senaten
552 582 47 21 eller
609 582 134 22 Guvernören
755 584 35 20 det
800 584 70 20 äskar.
893 583 57 22 Der-

328 618 64 27 jemte
408 625 46 20 eger
469 617 110 28 länstinget
594 619 49 24 rätt,
659 620 29 18 att
702 617 35 21 hos
754 618 62 21 Hans
833 617 117 29 Kejserliga

332 651 103 28 Majestät
452 652 125 28 framställa
595 652 155 28 önskningsmål
764 653 8 20 i
787 652 91 22 ärenden
893 653 57 20 inom

331 686 95 21 området
441 688 26 26 af
480 688 74 26 tingets
569 686 125 29 befogenhet.

606 769 16 24 $
637 767 35 21 31.

399 805 61 21 Lika
483 805 53 22 med
556 807 14 26 8
585 807 27 21 35
628 806 8 21 i
651 805 174 30 propositionen
839 806 54 22 med
906 813 42 15 un-

332 838 87 30 dantag
444 839 68 22 deraf
533 841 35 20 att
582 840 67 22 ordet
663 840 166 29 ,länsutskottet”
844 848 28 14 ur
886 848 62 15 mom

332 874 19 20 1.
376 874 69 28 utgår
468 874 44 22 och
536 876 35 20 att
595 874 99 22 emellan
719 874 72 22 orden
806 875 142 26 ,densamma”

331 907 43 22 och
400 908 168 29 ordföranden?
592 908 9 22 i
625 916 63 14 mom
712 910 19 20 2.
748 910 61 28 (pag.
826 910 25 21 11
874 909 74 23 första

330 941 80 29 raden)
425 942 112 29 inskjutes
553 942 65 22 ordet
633 942 168 30 ,Guvernören.”

604 1023 12 28 s
631 1023 37 21 32.

396 1062 61 21 Lika
478 1062 52 22 med
546 1064 12 26 $
574 1064 27 20 36
617 1062 8 22 i
640 1062 175 30 propositionen
830 1062 53 22 med
897 1065 50 20 ute-

330 1095 122 22 lemnande
468 1096 26 21 af
506 1096 72 22 orden
593 1097 156 28 ,länsutskottet
765 1097 67 21 eller.”

601 1177 14 26 $
630 1177 35 21 33.

396 1215 32 28 Ej
450 1217 36 19 mä
509 1217 77 20 ärende
607 1218 108 26 företagas
739 1216 30 21 till
788 1217 158 28 öfverläggning

328 1248 46 21 eller
396 1249 70 28 beslut,
489 1251 37 20 der
545 1251 40 20 icke
600 1251 64 21 minst
679 1252 34 19 två
729 1251 129 28 tredjedelar
872 1252 28 28 af
912 1253 34 21 det

328 1283 60 21 antal
408 1283 137 29 fullmäktige,
567 1292 43 14 som
627 1286 56 29 från
698 1285 196 29 länstingsområdet
909 1294 36 14 en-

328 1317 37 29 ligt
381 1319 69 21 denna
466 1318 35 28 lag
516 1319 36 21 bör
567 1320 74 27 väljas,
657 1322 39 18 äro
712 1320 106 22 tillstädes.

600 1405 15 27 $
630 1405 35 21 34.

394 1443 60 21 Lika
468 1443 52 22 med
536 1445 12 26 $
565 1445 26 20 38
607 1444 8 21 i
630 1444 182 29 propositionen.

256 1483 141 17 Sammansatta
410 1485 48 21 Lag-
470 1483 33 18 och
515 1483 192 19 Ekonomiutskottets
720 1484 118 18 betänkande
850 1489 30 15 n:o
892 1485 18 18 8.
