1025 1661
253 128 82 23 Ständ.
352 128 38 23 Sv.
406 141 26 4 —
447 128 73 28 Prop.
535 128 41 22 N:o
591 127 34 22 18.

344 378 131 25 Finlands
511 378 136 25 Ständers
686 377 141 26 underdå-

274 419 67 29 niga
363 425 68 18 svar
449 419 7 24 i
475 418 119 31 anledning
612 419 26 24 af
654 417 58 26 Hans
730 418 95 31 Kejser-

274 458 47 31 liga
339 458 117 31 Majestäts
486 457 81 31 nådiga
590 458 147 32 proposition,
756 457 70 32 angå-

275 498 56 24 ende
350 497 120 32 bevillning
487 498 37 25 för
544 498 45 25 fast
608 497 106 32 egendom
733 498 39 25 och
792 498 33 25 in-

275 537 80 25 komst.

129 610 252 28 Stormäktigste,
400 609 227 28 Allernådigste
645 610 125 28 Kejsare

324 644 52 22 och
396 644 179 22 Storfurstel

137 702 44 21 För
195 701 195 22 åstadkommande
405 701 25 21 af
442 702 27 20 de
484 701 123 28 tillgångar,
625 708 46 14 som
687 701 139 21 erfordrades

68 736 18 28 ej
104 736 85 21 mindre
203 736 8 21 i
226 736 54 28 följd
295 736 25 21 af
331 736 93 22 vakans-
439 736 41 21 och
495 735 270 28 passevolansafgifternas
775 735 50 21 ifrå-

67 772 88 26 gasatta
177 770 152 28 upphörande,
353 771 28 20 än
403 770 41 22 ock
466 770 34 21 till
517 770 136 21 betäckande
667 770 25 21 af
705 770 27 21 de
746 776 79 21 genom

68 804 163 28 värnepligtens
251 804 115 22 införande
388 804 70 22 ökade
480 804 121 28 utgifterna
617 804 35 22 för
665 804 87 22 landets
771 804 56 21 mili-

67 839 138 25 tärväsende,
221 838 87 21 anhöllo
323 840 73 19 senast
411 838 132 22 församlade
558 838 92 22 Ständer
660 838 7 21 i
677 838 148 27 underdänig-

67 872 38 21 het
120 872 67 22 bland
202 874 75 25 annat,
293 874 33 20 att
340 872 37 23 vid
392 872 126 28 päföljande
531 872 106 28 landtdag
645 873 68 21 mätte
725 872 102 27 framläg-

68 913 39 20 gas
128 906 83 27 förslag
232 907 34 21 till
288 913 29 21 ny
331 906 142 28 beskattning
488 906 25 22 af
523 907 157 27 jordegendom
695 907 41 21 och
751 913 75 15 annan

67 940 161 28 förmögenhet;
251 941 120 28 hvarjemte
391 941 123 22 Ständerna
528 941 135 22 beträffande
678 941 147 27 bevillningen

68 975 99 22 uttalade
190 975 43 22 den
254 975 92 26 önskan,
362 977 32 20 att
410 975 93 22 revision
518 975 25 22 af
555 977 69 20 redan
638 975 113 28 befintliga
767 976 60 21 stad-

69 1010 88 27 ganden
171 1009 8 22 i
194 1011 74 20 ämnet
282 1010 69 21 måtte
366 1009 33 22 till
414 1011 67 26 sagde
496 1009 106 28 landtdag
612 1010 128 22 verkställas
751 1010 74 22 äfven=

70 1051 47 14 som
138 1050 44 21 nya
203 1045 96 26 grunder
319 1044 36 22 för
376 1044 130 27 bevillnings
520 1045 121 27 utgörande
655 1045 113 21 utarbetas
783 1044 42 21 och

68 1077 124 22 Ständerna
206 1078 8 21 i
229 1079 68 21 näder
316 1078 128 28 föreläggas.
476 1079 47 22 Och
542 1079 40 22 har
596 1079 92 21 Eders
707 1079 120 27 Kejser-

67 1111 63 28 liga
148 1112 144 28 Majestät
305 1112 8 22 i
329 1113 117 27 anledning
468 1112 67 22 häraf
554 1113 51 21 låtit
619 1112 102 22 utarbeta
736 1112 40 22 och
791 1112 35 22 till

67 1152 30 14 nu
111 1145 132 23 församlade
265 1146 105 22 Ständers
391 1146 165 29 handläggning
569 1147 8 21 i
591 1148 68 20 nåder
681 1146 146 23 öfverlemnat

68 1181 32 20 ett
115 1179 81 28 förslag
211 1180 34 22 till
260 1180 134 28 förordning,
409 1182 114 26 angående
534 1181 117 28 bevillning
662 1181 34 22 för
706 1181 44 21 fast
760 1187 69 21 egen-

68 1214 51 21 dom
134 1214 41 21 och
189 1214 103 22 inkomst.

137 1248 73 22 Sedan
225 1248 134 23 Ständernas
374 1249 145 23 Statsutskott
534 1250 120 21 emellertid
667 1250 33 21 uti
716 1249 37 21 sitt
764 1248 59 23 öfver

68 1282 147 22 Statsverkets
238 1283 118 28 tillgångar
371 1284 40 21 och
426 1284 69 22 behof
507 1284 83 28 afgifna
604 1284 140 22 betänkande
759 1283 67 22 fram-

68 1316 52 22 stält
142 1317 118 28 utredning
284 1318 80 26 derom,
388 1320 33 20 att
442 1319 73 27 någon
537 1318 125 28 förhöjning
677 1318 25 22 af
714 1318 114 22 bevillnin-

69 1357 69 21 garna
152 1350 50 23 icke
217 1358 51 15 vore
283 1352 34 22 för
332 1353 123 21 stundande
470 1352 148 28 finansperiod
633 1352 127 28 erforderlig
770 1352 62 21 utöf-

67 1391 38 15 ver
122 1385 26 21 de
164 1385 89 28 afgifter
267 1385 35 22 för
315 1386 134 27 importerad
465 1387 68 22 tobak
548 1387 41 21 och
603 1386 34 22 för
652 1386 143 27 tillverkning
805 1385 25 22 af

67 1418 155 29 maltdrycker,
244 1419 75 22 hvilka
341 1420 124 22 Ständerna
480 1421 70 28 åtagit
565 1421 39 27 sig,
619 1420 47 26 har,
683 1420 68 28 enligt
766 1420 68 21 Stän-

68 1453 78 21 dernas
161 1453 64 28 åsigt,
240 1453 34 22 för
289 1455 137 21 närvarande
441 1455 49 22 skäl
504 1455 49 22 icke
568 1454 135 22 förefunnits
718 1454 34 23 för
767 1455 67 22 bevil-
