1020 1664
229 143 27 21 16

434 143 23 23 U.
473 143 23 23 B.:
513 156 23 4 —
554 143 62 30 Prop.
632 143 40 24 N:o
687 144 39 23 26.

406 201 61 21 Från
487 201 140 28 skyldigheten
652 205 34 19 att
708 205 41 18 utse
772 201 183 29 länsfullmäktige

336 237 39 19 äro
398 235 127 22 innevänare
544 237 4 20 i
563 235 166 30 Lappmarkens
751 235 70 22 härad
836 235 119 30 frikallade

336 273 60 22 samt,
420 270 66 21 derest
501 270 177 29 länsfullmäktige
694 271 46 21 icke
755 274 58 24 utses,
826 270 78 27 jemväl
919 271 35 20 be-

333 304 72 28 friade
425 305 57 28 från
503 304 137 29 skyldigheten
662 309 31 17 att
706 306 32 27 pä
753 305 70 28 grund
837 305 27 26 af
876 309 79 16 uttare-

335 339 48 27 ring
398 339 8 20 i
420 338 66 22 länets
499 347 155 20 gemensamma
670 339 89 29 utgifter
774 339 90 28 deltaga.

611 405 16 24 $
642 402 36 23 10.

405 441 147 23 Oförändrad
574 444 65 20 utom
656 444 55 20 näst
733 442 58 22 sista
804 449 75 20 mom.,
904 449 49 15 som

335 475 165 30 omredigerats
515 476 108 23 sälunda:

404 511 41 21 den
467 518 43 14 som
532 511 88 29 afträdt
643 512 33 21 sin
693 512 98 27 egendom
807 511 32 22 till
852 511 100 28 borgenä-

335 553 45 14 rers
392 546 130 27 förnöjande
537 546 35 21 ock
587 546 21 28 ej
621 547 87 27 jörmär
723 547 44 20 visa
787 547 30 27 sig
833 554 52 13 vara
900 546 51 26 frän

334 579 62 22 deras
412 580 51 27 kraf
474 580 97 28 befriad,

557 643 32 29 $$
602 644 30 21 11
645 642 35 23 och
696 643 37 21 12.

562 682 169 22 Oförändrade.

366 763 2 5 s
610 749 18 24 $
643 746 34 22 13.

319 798 11 8 N
402 786 194 29 Länsfullmäktige
616 787 39 29 för
680 786 88 25 häradet
793 790 54 18 utses
871 786 80 22 medelst

333 820 59 22 inom
414 820 75 28 hvarje
504 821 70 21 dertill
590 821 94 22 hörande
702 821 98 21 kommun
814 821 82 22 skeende
912 821 38 26 val,

332 854 62 22 hvika
403 856 51 28 före
475 855 39 21 den
530 857 11 20 1
559 854 49 30 Maj
627 857 105 27 förrättas
750 856 37 20 vid
800 855 79 21 allmän
894 856 57 20 kom-

333 889 170 25 munalstämma,
519 889 88 21 hvarvid
622 889 161 29 röstberättigad
797 890 86 21 medlem
894 893 57 17 näm-

332 930 38 14 ner
380 931 101 21 personer
495 923 33 22 till
544 924 36 21 det
598 923 161 29 sammanlagda
779 924 58 20 antal
854 924 97 25 fullmäk-

332 958 39 28 tige
387 958 36 21 och
437 958 140 29 suppleanter,
600 966 44 14 som
657 959 38 27 för
710 958 88 22 häradet
819 958 38 21 bör
879 959 71 27 väljas.

333 992 105 22 Rösterna
454 992 103 22 beräknas
573 994 50 27 efter
638 992 113 30 hufvudtal
774 992 36 22 och
825 992 126 29 hopsumme-

332 1033 36 15 ras
383 1028 37 20 vid
431 1028 162 27 förrättningen.
624 1028 44 21 Det
684 1027 89 21 sålunda
788 1027 107 21 tillkomna
906 1027 44 21 val-

330 1062 131 28 protokollet,
476 1062 73 22 hvilket
564 1063 38 21 bör
617 1066 97 25 upptaga
724 1062 81 28 jemväl
820 1063 24 20 de
859 1063 92 21 nämnde

330 1104 138 22 personernas
483 1098 125 27 boningsort,
629 1096 55 22 skall
700 1098 58 20 inom
781 1097 81 27 fjorton
884 1097 67 29 dagar

332 1132 102 27 insändas
448 1132 31 21 till
495 1132 144 24 Guvernören,
662 1139 52 18 som,
729 1133 52 25 efter
795 1132 33 21 det
841 1132 109 28 protokol-

329 1166 36 22 len
378 1166 57 29 från
449 1166 44 22 hela
516 1167 89 21 häradet
627 1167 117 23 inkommit,
767 1168 115 27 upprättar
899 1166 50 28 för-

328 1200 97 28 teckning
439 1201 60 29 öfver
515 1202 54 25 dem,
591 1208 43 14 som
650 1201 37 21 vid
707 1200 58 22 valen
780 1200 82 22 erhållit
877 1204 71 18 röster.

400 1236 36 28 Af
449 1236 57 21 dessa
519 1243 102 21 personer
636 1239 40 18 äro
691 1236 31 25 de,
745 1242 44 14 som
804 1234 96 22 tilldelats
924 1236 26 20 de

325 1269 65 30 flesta
411 1273 100 24 rösterna,
537 1274 30 17 att
595 1277 59 15 anses
680 1272 69 19 såsom
774 1269 176 29 länsfullmäktige

329 1307 56 18 samt
400 1304 33 24 de,
449 1304 69 21 hvilka
533 1307 38 19 äro
587 1305 47 21 dem
650 1307 98 18 närmast
757 1299 12 37 ti
780 1303 87 28 röstetal,
882 1305 68 20 såsom

329 1337 140 29 suppleanter.
500 1338 99 23 Emellan
614 1339 42 22 lika
672 1338 89 23 röstetal
774 1338 63 29 afgör
852 1337 68 22 lotten.

606 1405 16 24 $
637 1402 36 22 14.

398 1441 63 22 Inom
475 1443 80 26 fjorton
570 1443 70 28 dagar
659 1443 53 28 efter
726 1442 40 23 det
788 1441 160 30 valprotokollen

325 1475 56 29 från
397 1476 65 21 länets
477 1477 99 28 samtliga
592 1477 125 21 kommuner
736 1477 115 24 inkommit,
874 1475 75 28 åligger

257 1515 144 20 Sammansatta
414 1519 47 20 Lag-
474 1517 32 18 och
518 1517 195 18 Ekanomiutskottets
726 1516 117 19 betänkande
855 1520 29 14 n:o
898 1516 17 17 8.
