1020 1661
222 129 29 22 20

425 129 22 23 U.
464 129 22 23 B.
502 140 30 6 —
548 129 62 29 Prop.
627 129 36 23 N:o
680 129 37 22 25.

399 187 55 22 2—5
475 186 43 22 lika
534 186 47 22 med
596 185 149 23 motsvarande
760 192 62 16 mom.
838 185 8 22 i
861 185 11 28 $
888 186 28 21 30
930 185 23 23 af

331 221 165 28 propositionen.

571 273 31 27 $$
615 273 94 21 32—33.

400 312 54 23 Lika
468 312 49 23 med
532 312 26 29 $8
574 313 24 21 31
616 312 40 22 och
672 312 26 22 32
713 311 8 22 i
735 312 163 28 propositionen.

608 376 16 27 $
639 376 34 21 34.

399 416 78 22 Första
498 416 111 27 meningen
627 416 44 22 lika
686 415 48 22 med
749 421 81 16 samma
845 415 84 27 mening
943 415 8 21 i

331 452 11 25 $
358 451 27 22 33
400 450 23 23 af
435 451 164 28 propositionen.

400 485 102 28 Derefter
522 486 56 27 ligge
596 486 13 20 A
626 483 271 28 bränneriinnehafvarens
911 490 39 15 an-

330 527 51 15 svar
396 527 19 15 o.
431 526 15 16 s.
463 527 18 15 v.
497 526 46 16 som
558 520 6 21 i
580 519 163 29 propositionen.

570 583 30 27 $$
614 584 46 20 35-
673 583 34 20 40.

399 624 54 22 Lika
468 624 48 22 med
532 624 22 26 $$
570 624 83 21 34—39
669 623 6 21 i
690 622 165 28 propositionen.

568 720 141 24 Art..V.

331 772 52 23 Om
405 779 106 16 ansvar
527 774 48 26 för
593 773 215 27 öfverträdelser
826 773 34 21 af
874 773 74 26 före-

400 808 151 27 skrifterne
565 808 13 22 i
592 808 94 22 denna
697 808 178 26 förordning.

604 865 15 27 $
634 866 36 20 41.

398 906 18 20 1.
446 905 55 27 Den,
524 912 46 14 som
587 908 54 18 utan
656 905 74 21 dertill
746 904 91 22 erhället
852 904 96 28 behörigt

328 939 101 21 tillstånd
444 939 112 21 tillverkar
571 940 52 21 eller
637 940 57 21 låter
706 939 107 27 tillverka,
824 940 124 20 destillerar

327 974 52 20 eller
401 974 56 21 läter
478 974 110 21 destillera
607 974 92 21 bränvin
721 974 47 21 med
783 974 57 21 hvad
854 973 93 28 redskap

327 1008 36 21 det
377 1010 29 19 än
421 1015 53 15 vara
490 1010 42 26 mä,
548 1009 45 21 böte
601 1008 77 28 första
691 1009 85 27 gängen
781 1008 60 28 frän
851 1008 38 21 och
900 1008 48 21 med

327 1042 117 22 etthundra
460 1044 34 20 till
509 1043 39 21 och
563 1044 48 21 med
626 1042 199 28 tvähundrafemtio
836 1043 62 21 mark
909 1043 38 21 och

326 1077 72 21 andra
413 1084 64 15 resan
486 1077 59 27 från
561 1078 38 21 och
612 1078 48 21 med
671 1078 123 21 tvåhundra
805 1078 35 21 till
850 1077 39 21 och
899 1078 48 21 med

323 1110 134 27 femhundra
472 1112 68 21 mark.
568 1113 70 28 Begäs
653 1113 72 21 sådan
740 1111 128 29 förbrytelse
881 1114 66 25 ytter-

325 1145 77 28 ligare,
417 1153 51 14 vare
481 1147 86 28 straffet
576 1147 104 28 fängelse
684 1146 59 28 från
754 1149 30 19 ett
793 1146 60 28 halft
863 1147 34 21 till
908 1147 39 21 och

326 1180 48 21 med
389 1183 29 18 ett
433 1181 37 21 års
485 1181 38 22 tid.
554 1181 49 22 Den
619 1181 111 28 brottslige
744 1181 59 22 skall
817 1181 39 21 ock
871 1181 76 28 hvarje

324 1215 60 27 gång
408 1215 74 22 dömas
500 1215 110 28 förlustig
632 1217 21 26 ej
676 1216 84 21 mindre
784 1215 163 26 innehafvande

324 1248 141 28 mäskförråd
480 1250 38 21 och
529 1251 99 27 olofligen
645 1250 125 21 tillverkadt
786 1251 52 20 eller
852 1251 94 21 destille-

323 1283 52 21 radt
390 1283 97 29 bränvin,
503 1287 29 19 än
546 1285 37 21 vid
593 1285 144 28 beredningen
748 1285 89 21 använd
846 1285 99 28 redskap.

381 1318 12 22 2
411 1318 40 22 och
466 1320 12 21 3
494 1319 145 23 oförändrade.

597 1383 16 27 $
629 1384 37 20 42.

393 1422 18 20 1.
441 1421 54 22 Lika
509 1422 49 22 med
572 1429 62 16 mom.
639 1417 13 38 1
661 1424 1 20 i
686 1422 11 29 $
711 1423 25 21 41
748 1423 22 22 af
778 1423 165 27 propositionen.

389 1455 19 21 2.
440 1455 75 22 Skulle
539 1457 35 20 det
600 1457 103 28 olofiigen
729 1457 128 22 tillverkade
880 1457 65 22 brän-

255 1493 193 20 Ekonomiutskottets
460 1495 116 19 betänkande
587 1497 36 18 N:o
636 1497 18 18 5.
