1020 1661
392 109 34 22 N:o
442 109 35 22 26.
772 109 12 20 9

60 177 48 27 ting
124 177 135 28 ordförande,
275 178 64 21 hvars
355 177 123 27 befattning
493 177 78 22 fortfar
586 177 57 22 intill
659 179 59 20 nästa
726 173 88 36 lagtima

61 212 175 21 sammankomst.

134 246 139 21 Guvernören
296 246 55 21 låter
374 246 7 21 i
404 246 59 21 länet
478 247 104 26 kungöra,
602 246 61 21 hvem
684 253 44 14 som
744 245 70 22 blifvit

62 280 35 21 till
113 280 128 21 ordförande
256 280 122 21 förordnad.

408 349 11 27 &
438 350 34 20 28.

135 389 41 21 Vid
186 389 106 27 länstings
301 389 69 21 första
380 390 161 21 sammanträde
552 389 108 27 företager
671 389 144 22 ordföranden

64 430 82 21 upprop
162 424 23 21 af
206 423 100 27 samtliga
328 423 138 21 valomräden
487 423 6 22 i
509 424 66 27 länet,
592 424 75 21 dervid
682 424 27 21 de
724 423 91 21 utsedde

64 459 105 21 ombuden
186 459 61 20 skola
262 458 47 21 sina
324 458 125 21 fullmakter
464 458 75 21 förete.

136 493 139 21 Framställes
298 493 142 26 anmärkning
465 495 56 19 emot
537 493 89 21 ombuds
642 493 127 26 behörighet
784 494 32 19 att

65 528 6 21 i
87 528 118 26 länstinget
228 530 50 24 taga
301 527 91 27 inträde,
417 534 40 20 ega
480 528 26 21 de
526 527 190 27 länsfullmäktige,
732 527 83 21 hvilkas

65 562 124 20 fullmakter
211 562 70 20 blifvit
303 562 124 27 godkända,
449 564 38 25 att,
512 562 55 21 efter
588 562 121 20 fulländadt
727 567 89 21 upprop,

65 596 99 22 deröfver
179 596 91 27 besluta,
286 596 39 21 och
340 597 36 20 mä
392 596 79 21 sädant
486 596 71 22 beslut
573 596 18 27 ej
608 596 141 27 öfverklagas.

410 671 11 27 8
437 672 34 20 29.

137 706 31 26 Är
190 711 128 21 ordförande
341 710 35 22 vid
398 711 131 27 länstingets
551 711 77 27 början
651 711 18 26 ej
693 710 122 27 förordnad,

67 745 53 21 eller
143 747 24 19 är
188 745 43 21 han
250 745 28 21 dä
295 746 18 26 ej
330 745 114 27 tillstädes,
461 745 46 21 före
523 746 41 20 den
580 745 176 26 länsfullmäktig,
773 750 44 15 som

66 780 41 20 har
122 780 26 20 de
159 780 63 21 flesta
232 780 144 26 lefnadsären,
388 780 61 21 ordet
458 780 34 21 till
504 780 49 21 dess
564 780 175 21 viceordförande
748 778 71 22 blifvit

65 814 56 21 vald.
152 814 181 22 Viceordförande
348 816 60 19 utses
424 814 23 21 af
461 814 120 27 länstinget
595 815 28 26 pä
634 814 67 21 första
712 819 105 16 samman-

66 849 79 21 trädet.

412 884 10 26 8
439 884 33 20 30.

139 922 139 22 Guvernören
301 925 24 19 är
348 923 101 27 obetaget
471 925 40 25 att,
533 923 7 21 i
563 923 58 21 kraft
640 923 22 21 af
676 923 38 21 sitt
729 922 89 24 embete,

67 958 196 26 länsfullmäktiges
286 958 175 21 sammanträden
485 958 119 27 öfvervara,
623 958 38 21 och
677 958 7 20 i
700 957 119 27 öfverlägg-

67 992 112 27 ningarna,
195 998 49 15 men
260 992 18 27 ej
295 992 6 21 i
320 992 99 21 besluten
439 992 93 27 deltaga.
563 992 10 21 I
589 992 150 21 Guvernörens
755 991 63 21 ställe

67 1026 131 22 tillkommer
214 1026 198 22 landssekreterare
429 1027 113 21 enahanda
557 1026 135 27 befogenhet.

413 1096 11 27 8
440 1097 34 20 31.

139 1136 128 27 Länstinget
282 1138 89 25 antager
387 1137 143 26 sekreterare,
543 1137 124 20 kamrerare
684 1137 55 20 samt
750 1141 70 14 annan

69 1170 65 27 nödig
149 1170 118 28 betjening.
297 1171 42 21 Det
354 1177 50 20 eger
416 1171 47 20 dem
475 1171 41 21 ock
525 1171 115 26 entlediga.
671 1170 66 27 Afgår
749 1169 72 21 sekre-

68 1206 86 20 teraren
178 1205 52 21 eller
253 1206 139 21 kamreraren
414 1206 69 21 under
507 1206 61 21 tiden
584 1205 91 22 emellan
689 1205 131 26 länstingen,

71 1245 50 20 eger
144 1239 155 22 länsutskottet
321 1240 102 21 förordna
442 1247 72 14 annan
529 1246 86 21 person,
632 1241 31 20 att
678 1240 94 27 tjensten
788 1239 33 20 till

69 1275 63 20 nästa
147 1274 95 28 länsting
258 1275 120 27 uppehålla.

414 1343 11 27 8
441 1344 34 20 32.

141 1382 153 21 Sekreteraren
311 1383 82 26 åligger
409 1385 32 18 att
456 1383 49 21 föra
520 1384 131 25 protokollet
665 1383 35 21 vid
716 1388 106 16 samman-

69 1417 97 26 trädena,
183 1419 103 24 uppsätta
301 1417 39 21 och
356 1417 116 26 expediera
483 1417 105 27 besluten,
600 1417 48 21 föra
655 1417 168 26 brefvexlingen,
