1031 1664
214 100 11 20 8
521 100 34 21 N:o
571 100 36 21 25.

186 168 101 21 bränvins
305 169 75 21 renhet
399 169 46 21 från
465 169 108 26 finkelolja
587 169 66 26 jemte
672 168 133 26 beskrifning
822 175 33 14 om
872 170 66 20 sättet

184 202 34 22 för
234 203 67 26 sagda
316 203 173 27 undersöknings
505 203 141 21 anställande.

257 238 42 20 För
323 238 65 26 öfrigt
411 238 141 21 öfverlemnas
576 238 32 20 till
630 237 132 21 Ständernas
780 237 157 27 handläggning

186 272 62 21 ofvan
268 272 94 27 antydda
381 272 81 27 förslag
483 273 32 21 till
531 272 353 26 bränvinstillverkningsskattens
902 278 35 14 an-

186 307 111 21 vändande
314 307 39 21 och
369 307 130 27 fördelning;
517 306 93 22 varande
627 307 100 26 samtliga
744 307 62 20 dessa
821 306 80 26 förslag
918 305 22 21 af

185 340 94 28 följande
295 342 91 26 lydelse:

450 404 127 34 Förslag
589 404 42 26 till
644 404 153 33 förordning,
811 404 125 33 angående

389 444 114 27 vilkoren
521 444 38 27 för
578 444 169 34 tillverkning
766 444 43 27 och
828 444 108 27 destille-

390 485 57 34 ring
467 485 27 26 af
510 485 115 27 bränvin.

509 561 60 27 Art.
589 561 20 26 1.

325 618 35 23 Om
377 619 101 28 rättighet
494 619 31 23 till
542 619 254 27 bränvinstillverkning.

536 683 11 27 8
566 685 15 18 1.

259 724 16 19 1.
308 723 91 20 Bränvin
423 723 34 21 mä
477 724 111 20 tillverkas
608 724 23 20 af
648 731 24 13 en
694 723 54 21 hvar
768 723 54 20 finsk
838 723 98 21 medbor-

184 763 57 20 gare,
259 763 45 15 som
325 764 50 19 eger
393 758 40 26 god
454 758 54 26 frejd
529 760 54 19 samt
603 759 58 25 gjort
677 758 33 25 sig
727 758 56 20 känd
801 758 31 20 för
849 757 87 20 redbart

184 791 141 26 förhällande,
343 794 56 19 emot
415 793 128 26 erläggande
559 793 23 20 af
597 793 58 20 skatt
666 793 40 20 och
719 792 68 21 under
798 792 137 25 iakttagande

184 825 23 22 af
221 826 26 21 de
264 826 69 25 öfriga
350 826 140 21 föreskrifter,
507 827 70 20 denna
593 827 127 26 förordning
737 826 39 21 och
788 827 102 20 särskildt
903 827 33 20 ut-

184 860 76 21 färdad
285 861 180 26 ordningsstadga
489 861 32 20 för
545 861 257 20 bränvinshrännerierna
822 861 113 20 innehälla.

256 896 19 20 2.
306 889 97 27 Ästunda
423 895 50 21 flere
493 896 31 20 till
542 895 242 27 bränvinstillverkning
800 895 136 27 berättigade

183 928 75 22 förena
275 930 32 25 sig
326 936 33 14 om
380 930 137 21 bedrifvande
537 931 6 19 i
563 937 82 14 samma
664 930 101 20 bränneri
782 930 22 20 af
818 930 58 26 dylik
893 930 42 20 till-

183 963 111 27 verkning,
318 966 100 24 upprätte
443 965 71 20 derom
539 965 94 25 skriftlig
657 964 175 26 bolagsordning.
866 963 70 21 Hafva

184 998 62 20 desse
270 998 84 20 bildadt
373 999 129 26 aktiebolag,
522 1005 49 15 vare
592 999 97 21 aktierne
706 998 114 21 utfärdade
836 998 12 20 &
864 1004 72 14 namn-

183 1032 70 26 gifven
271 1032 89 26 behörig
375 1039 84 20 person.

255 1068 19 19 3.
305 1067 104 21 Ledamot
432 1068 5 20 i
461 1068 83 20 landets
565 1068 97 26 styrelse,
682 1067 132 27 prokurator
834 1067 37 21 och
888 1072 48 21 pro-

183 1100 191 28 kuratorsadjoint,
399 1101 68 21 öfver-
490 1102 38 20 och
549 1102 162 25 underdomare,
733 1103 112 24 guvernör,
864 1101 71 20 lands-

183 1135 135 21 sekreterare
334 1136 39 20 och
389 1136 128 23 kamrerare,
534 1136 140 26 kronofogde,
691 1136 105 24 länsman,
813 1136 71 20 lands-
896 1135 39 21 och

182 1169 131 26 stadsfiskal,
338 1170 48 20 bro-
406 1170 38 20 och
464 1170 125 26 skallfogde,
610 1170 160 27 polismästare,
790 1165 145 31 polisbetjent,

182 1204 147 20 ecklesiastik-
352 1204 108 20 äfvensom
485 1204 130 21 skolstatens
635 1205 94 20 embets-
746 1204 38 20 och
801 1204 135 26 tjenstemän,

181 1238 172 26 kyrkobetjente,
377 1238 184 26 folkskolelärare,
581 1239 126 20 tullstatens
728 1238 99 26 embets-,
848 1238 88 26 tjenste-

181 1274 48 18 män
247 1272 38 21 och
302 1272 101 27 betjente,
420 1273 79 25 läkare,
517 1273 24 21 de
557 1273 38 21 der
612 1273 62 21 hafva
691 1273 111 26 sjukvård,
820 1273 116 26 apotekare

182 1306 110 21 äfvensom
309 1307 67 20 andra
391 1313 108 20 personer,
515 1308 78 25 hvilka,
605 1308 6 20 i
623 1308 52 27 följd
687 1307 23 21 af
721 1307 127 21 ombetrodd
859 1307 76 26 syssla,

181 1340 73 21 kunna
270 1341 86 20 komma
376 1343 32 19 att
427 1341 85 27 deltaga
531 1342 6 20 i
555 1342 70 21 beslut
641 1348 33 15 om
692 1342 246 25 bränvinstillverkning.

181 1375 52 21 eller
256 1381 40 20 ega
319 1376 123 20 densamma
465 1376 122 26 öfvervaka,
611 1377 35 20 mä
665 1376 57 21 dock
742 1376 47 21 icke
805 1375 81 22 befatta
902 1376 32 24 sig

180 1409 48 21 med
244 1409 60 27 dylik
320 1410 146 27 tillverkning.
