1031 1661
383 133 56 22 N:o
454 132 53 23 80.

349 508 68 24 Hans
434 508 154 29 Kejserliga
599 507 139 29 Majestäts
749 506 78 30 nädiga

280 544 129 28 proposition
432 544 31 23 tili
481 544 101 23 Finlands
604 543 93 29 Ständer,
717 540 110 31 angäende

279 578 134 29 tillämpning
429 578 23 23 af
464 578 150 29 förordningen
625 578 39 23 den
674 578 27 23 20
714 577 41 29 Maj
767 577 59 28 1878,

280 619 32 17 om
328 613 118 29 utgörande
462 613 23 23 af
499 613 58 24 skatt
571 613 34 23 för
619 613 86 24 hundar.

146 689 61 20 Hans
230 688 122 27 Kejserliga
373 688 104 27 Majestät
500 688 45 26 har,
565 689 7 20 i
588 688 114 27 anledning
719 688 62 21 deraf
795 689 32 20 att

74 723 38 22 fall
128 723 24 21 af
165 723 152 22 vattenskräck
333 723 38 21 hos
388 723 85 21 hundar
489 723 7 21 i
511 723 53 21 flera
579 723 60 21 delar
655 723 22 21 af
691 723 91 21 Finland
796 723 32 20 in-

75 758 79 26 träffat,
172 758 33 21 till
226 758 120 21 Ständerna
361 758 36 20 vid
413 758 115 21 sisthällna
544 758 102 26 landtdag
662 757 86 27 afgifvit
763 757 65 26 nädig

75 793 135 27 proposition
221 793 48 21 med
282 793 81 26 förslag
376 793 32 20 till
421 793 130 26 författning
559 799 34 14 om
605 793 120 26 utgörande
737 792 23 21 af
769 792 60 21 skatt

75 827 33 21 för
129 827 74 27 dylika
218 827 97 27 husdjur,
333 828 38 20 och
388 827 66 21 sedan
470 828 99 20 nämnda
579 827 134 27 proposition
729 827 23 21 af
766 827 62 21 Stän-

76 862 67 20 derna
164 862 7 20 i
195 861 122 21 hufvudsak
341 862 101 26 antagits,
463 864 25 18 är
507 862 64 26 nädig
591 862 125 26 förordning
735 862 6 20 i
757 862 72 20 ämnet

76 896 40 21 den
137 896 27 21 20
184 896 44 27 Maj
250 897 54 20 1878
320 896 108 21 utfärdad.
459 896 76 21 Ehuru
551 896 67 26 sagda
633 896 125 26 förordning
774 896 54 20 säle-

76 930 38 22 des
134 931 76 21 endast
229 937 26 15 en
274 931 51 21 kort
340 931 31 21 tid
388 931 127 27 tillämpats,
531 937 64 21 synes
610 931 65 21 likväl
691 937 26 15 en
734 930 95 27 betydlig

76 965 125 27 minskning
223 966 6 20 i
253 966 81 20 antalet
353 965 84 21 hundar
455 966 14 20 &
488 966 58 21 vissa
562 968 58 19 orter
635 966 28 26 pä
677 966 74 21 landet
765 965 64 21 hafva

75 1000 84 21 inträdt
182 1000 71 21 säsom
276 1002 109 19 närmaste
408 1000 54 27 följd
478 1000 23 21 af
515 1000 92 22 berörda
623 1000 143 26 beskattning.
796 999 34 21 Dä

77 1034 37 22 det
136 1034 72 22 tillika
230 1034 76 22 medan
330 1034 155 27 förordningen
505 1035 56 22 varit
579 1035 8 21 i
603 1035 97 27 gällande
716 1034 58 22 kraft
790 1034 39 21 och

77 1069 7 20 i
100 1069 116 27 synnerhet
232 1069 67 22 under
316 1071 85 20 senaste
416 1070 32 21 tid
462 1069 52 22 flere
525 1070 80 27 gänger
616 1070 95 21 inträffat
721 1070 28 27 pä
759 1069 71 22 lands-

77 1103 84 27 bygden
177 1105 7 19 i
200 1104 26 21 de
242 1105 114 26 sydvestra
370 1104 88 21 delarne
475 1105 23 20 af
512 1105 79 25 landet,
607 1107 31 19 att
655 1105 52 21 barn
723 1104 72 21 blifvit
809 1103 23 21 af

76 1144 53 20 varg
146 1138 90 26 dödade,
253 1140 56 19 samt
324 1138 108 22 särskilda
448 1138 23 22 af
487 1139 109 27 Styrelsen
613 1139 32 21 till
656 1138 175 22 förekommande

77 1172 23 22 af
122 1172 81 22 sådana
226 1173 113 27 olycksfall
362 1174 103 26 vidtagna
480 1174 102 26 åtgärder
598 1174 55 21 visat
669 1174 32 26 sig
716 1174 114 25 fruktlösa,

77 1213 49 15 men
149 1208 47 20 skäl
219 1207 67 21 finnes
307 1210 34 19 att
360 1210 79 24 antaga
455 1208 37 21 det
508 1209 73 27 dylika
596 1209 144 26 tilldragelser
755 1208 77 21 ätmin-

78 1243 62 19 stone
162 1242 7 20 i
193 1242 71 26 nägon
283 1242 49 21 män
353 1242 71 22 kunde
444 1242 95 28 afvärjas
558 1249 76 21 genom
650 1244 131 20 allmännare
797 1243 35 20 be-

77 1276 113 27 gagnande
213 1276 23 22 af
257 1277 90 26 hundar,
368 1283 46 15 som
433 1278 123 21 varskodde
577 1278 150 26 befolkningen
747 1278 33 20 för
796 1284 36 14 an-

77 1310 108 22 nalkande
206 1311 90 27 rofdjur,
317 1311 40 21 har
372 1312 116 26 anledning
504 1314 82 19 ansetts
602 1318 51 15 vara
668 1312 117 22 förhanden
802 1313 32 19 att

78 1344 54 22 söka
148 1346 124 20 underlätta
287 1346 180 21 underhällandet
484 1346 23 21 af
521 1347 58 21 hund
594 1346 28 28 pä
637 1347 78 21 landet.

150 1380 61 21 Hans
230 1380 123 27 Kejserliga
372 1380 105 27 Majestät
496 1382 39 20 har
551 1382 84 21 derföre
650 1382 57 21 velat
722 1382 33 20 till
772 1380 61 21 Stän-

79 1414 67 21 derna
162 1414 132 21 öfverlemna
308 1416 34 19 att
360 1415 111 27 samtycka
489 1416 78 25 dertill,
584 1417 32 20 att
630 1415 152 27 förordningen
793 1415 41 20 den

79 1449 27 20 20
126 1448 43 27 Maj
192 1449 61 26 1878,
274 1455 33 14 om
324 1449 122 26 utgörande
465 1449 24 21 af
504 1449 59 22 skatt
578 1449 33 22 för
626 1450 89 26 hundar,
733 1449 61 26 skall,
811 1449 24 20 sä
