1034 1661
266 129 80 22 Ständ.
362 129 54 22 Skr.
434 141 21 4 —
475 129 72 28 Prop.
564 129 40 22 N:o
619 129 35 22 24.

356 435 126 24 Finlands
501 435 135 24 Ständers
661 434 171 25 underdåni-

286 482 33 25 ga
340 475 162 24 skrifvelse
521 477 7 22 i
547 475 118 30 anledning
684 475 26 24 af
727 475 36 24 det
776 473 56 26 utlå-

286 515 73 31 tande,
378 522 44 17 som
443 515 103 31 afgifvits
565 515 26 24 af
607 515 40 24 den
663 515 35 24 för
708 514 123 25 undersök-

286 555 51 30 ning
356 555 25 24 af
397 554 222 32 statsjernvägarnes
633 554 135 31 trafikering
782 553 49 25 från

286 594 79 25 affärs-
384 595 39 24 och
442 594 91 25 teknisk
552 594 110 32 synpunkt
680 593 87 33 nådigst
786 594 44 24 till-

286 636 59 22 satta
363 634 89 25 komité.

142 707 243 27 Stormäktigste,
405 707 223 27 Allernådigste
651 707 121 28 Kejsare

333 742 51 20 och
407 742 175 20 Storfurste!

148 804 78 22 Senast
240 804 130 22 församlade
381 804 93 22 Ständer
485 804 87 22 anhöllo
583 805 31 21 uti
624 804 135 27 underdånig
770 804 62 20 skrif-

78 837 57 22 velse
158 845 35 14 om
217 839 143 20 nedsättande
379 839 24 20 af
415 845 27 14 en
458 839 81 21 komité
554 839 50 20 utaf
617 839 83 20 erfarne
716 837 116 22 affärsmän

78 872 41 21 och
141 873 123 26 ingeniörer
285 873 34 21 för
341 875 38 23 att,
403 873 53 21 efter
478 873 137 27 omsorgsfull
635 872 160 27 undersökning
811 872 24 21 af

78 907 66 20 sättet
166 906 34 22 för
220 907 155 27 jernvägarnes
395 907 127 28 trafikering
538 907 48 22 från
601 907 74 22 affärs-
691 907 39 21 och
746 906 87 21 teknisk

78 941 118 27 synpunkt,
212 941 81 28 afgifva
307 942 112 21 utlåtande
435 943 94 20 rörande
545 943 26 20 de
587 942 157 25 förhållanden,
759 940 74 22 hvilka

78 974 109 22 föranledt
202 977 34 20 att
250 976 184 21 nettoinkomsten
449 976 24 21 af
484 977 145 27 jernvägarne
644 977 55 21 varit
713 976 51 21 vida
779 975 53 21 min-

78 1010 44 25 dre,
146 1011 28 20 än
190 1010 25 21 af
235 1010 92 21 trafiken
343 1011 13 20 å
371 1011 110 21 desamma
504 1011 96 27 skäligen
616 1011 84 20 kunnat
716 1009 116 28 påräknas,

78 1046 56 19 samt
148 1044 80 21 föreslå
242 1045 70 20 medel
327 1045 33 21 till
375 1045 140 27 aflägsnande
532 1045 24 22 af
569 1047 62 20 dessa
646 1045 158 21 förhållanden.

148 1078 71 22 Sedan
236 1086 26 14 en
278 1079 58 28 dylik
351 1080 87 27 komité,
453 1080 8 21 i
476 1080 96 27 enlighet
587 1081 48 20 med
652 1079 133 22 Ständernas
795 1085 39 14 un-

77 1112 119 28 derdåniga
212 1113 90 26 önskan,
318 1114 157 21 tillförordnats
492 1117 56 19 samt
563 1114 8 21 i
586 1115 90 20 ärendet
687 1114 103 21 aflemnat
801 1114 31 19 ett

77 1146 135 22 omfattande
227 1148 120 26 utlåtande,
363 1148 113 22 hvaröfver
485 1148 210 28 jernvägsstyrelsen
705 1147 85 28 afgifvit
801 1146 32 21 in-

76 1180 99 22 fordradt
190 1182 146 28 underdånigt
351 1184 107 26 yttrande,
474 1183 66 22 hafva
555 1184 93 20 berörda
663 1183 112 21 utlåtande
792 1181 40 21 och

75 1216 103 26 yttrande
194 1217 122 21 sedermera
330 1218 108 26 delgifvits
456 1218 130 26 Ständerna,
602 1224 53 19 som,
670 1218 54 20 efter
738 1218 37 20 det
791 1216 42 21 frå-

74 1256 44 20 gan
132 1250 81 27 jemväl
228 1250 70 22 blifvit
313 1252 25 20 af
351 1252 90 21 allmänt
456 1252 86 22 utskott
556 1252 122 25 förberedd,
694 1251 95 22 förehaft
799 1257 33 15 sa-

75 1283 54 26 ken;
146 1285 41 21 och
202 1285 22 21 få
239 1285 124 22 Ständerna
377 1294 29 13 nu
421 1286 40 22 hos
476 1286 92 22 Eders
584 1286 171 28 Kejserliga
775 1285 58 21 Ma-

72 1318 92 27 jestät
180 1319 7 21 i
203 1320 152 27 underdånigh
362 1323 21 19 et
399 1321 93 26 anmäla,

339 1385 33 18 att
389 1383 134 25 Ständerna,
547 1384 56 26 efter
626 1386 64 25 tagen
710 1382 123 21 kännedom

283 1423 32 14 om
343 1417 104 21 komiténs
469 1418 121 25 utlåtande,
610 1418 80 27 funnit
714 1417 120 21 detsamma

277 1450 98 28 Jörtjent
399 1453 28 27 af
439 1452 282 28 jernvägsförvaltningens
744 1457 88 22 synner-
