1034 1661
259 124 81 23 Ständ.
357 125 55 22 Skr.
429 137 26 3 —
471 125 72 27 Prop.
560 125 40 22 N:o
614 125 36 22 24.
792 126 13 20 3

74 187 60 21 såväl
156 187 33 21 för
204 194 150 20 passagerare-
369 194 46 14 som
430 187 92 27 godståg
538 187 70 21 skulle
623 188 103 21 minskas.
756 188 76 21 Ehuru

74 221 64 22 äfven
158 221 209 28 jernvägsstyrelsen
382 220 119 28 medgifvit,
518 223 33 19 att
566 228 27 14 en
609 222 125 27 minskning
749 222 25 21 af
787 222 46 27 tåg-

74 250 146 32 hastigheten'
236 262 50 15 vore
309 256 91 26 liktydig
423 256 50 21 med
495 262 27 15 en
542 256 128 27 reducering
686 256 24 21 af
723 256 110 27 åtskilliga

75 289 64 22 deraf
152 289 107 22 beroende
275 289 160 26 omkostnader,
451 289 40 21 har
504 289 209 28 jernvägsstyrelsen
730 290 55 21 dock
796 297 36 14 an-

76 326 49 23 sett,
149 326 31 19 att
204 331 49 14 man
276 325 49 20 med
347 323 84 28 hänsyn
450 323 33 22 till
499 324 44 21 alla
560 325 26 20 de
602 326 64 25 post-,
682 324 94 21 lefnads-
793 324 39 21 och

75 359 70 20 andra
160 357 157 26 förhållanden,
333 358 73 21 hvilka
421 358 32 21 uti
469 365 27 14 en
512 358 121 21 verldsstad
649 365 46 14 som
706 359 31 20 S:t
749 359 83 20 Peters-

75 393 55 26 burg
152 392 48 21 icke
225 392 43 21 läte
291 392 129 27 omgestalta
435 393 32 26 sig
483 392 55 21 efter
554 393 26 20 de
596 393 75 25 vilkor,
687 399 47 15 som
749 393 33 21 för
797 400 37 15 en-

76 427 50 21 dast
148 427 42 20 den
212 426 71 21 finska
296 427 119 26 jernvägen
431 433 50 15 vore
497 427 151 27 fördelaktiga,
665 427 55 21 skall
735 427 60 22 finna
811 428 24 21 så

76 463 60 20 stora
158 461 139 27 olägenheter
320 461 24 21 af
357 463 32 19 att
405 461 28 27 på
448 462 70 26 vägen
534 461 92 21 emellan
643 461 134 28 Helsingfors
794 462 39 21 och

77 495 32 22 S:t
131 495 129 28 Petersburg
283 496 100 20 använda
406 502 59 15 mera
481 497 28 20 än
526 496 98 27 omkring
640 496 81 21 femton
738 496 93 25 timmar,

77 532 33 19 att
126 530 107 21 komiténs
248 529 80 27 förslag
343 537 35 14 om
393 530 187 26 tåghastighetens
596 531 123 26 minskning
735 531 56 21 visar
802 531 32 26 sig

77 564 129 21 outförbart.
236 564 122 20 Ständerna
381 570 52 14 anse
455 565 73 20 denna
549 564 61 27 fråga
626 571 52 14 vara
692 564 24 21 af
730 565 41 20 den
787 571 48 20 syn-

78 598 84 27 nerliga
184 598 50 27 vigt,
258 600 31 19 att
313 599 124 20 densamma
462 598 104 27 förtjenar
589 599 41 20 den
651 598 183 28 omsorgsfullaste

79 632 103 33 pröfning
198 632 49 21 från
263 632 136 27 regeringens
415 628 54 43 sida.

148 666 68 22 Afven
232 666 69 27 öfriga
316 666 23 21 af
353 666 95 21 komitén
459 667 77 26 gjorda
547 666 80 28 förslag
638 674 64 20 synas
713 667 124 21 Ständerna

78 701 68 22 värda
162 701 29 21 all
206 700 197 27 uppmärksamhet,
420 701 126 26 isynnerhet
562 701 69 21 såvidt
648 702 25 20 de
690 701 23 21 af
723 702 111 26 jernvägs-

78 735 105 27 styrelsen
199 735 70 21 blifvit
285 736 153 23 understödda,
455 735 40 20 och
511 735 71 21 tillåta
597 735 33 26 sig
646 735 122 21 Ständerna
785 735 48 20 här-

78 770 37 21 vid
130 769 102 21 särskildt
248 770 115 20 omnämna
374 776 26 14 en
412 769 61 27 fråga
484 769 23 21 af
518 770 46 20 icke
576 770 86 20 teknisk
673 770 117 27 betydelse,
802 770 31 19 in-

79 804 135 27 dragningen
228 803 24 22 af
260 804 258 27 gensdarmkomnandot
527 805 33 20 vid
568 805 118 26 jeravägen
698 805 58 20 ina
768 803 65 21 finskt

80 839 94 25 område,
198 838 86 22 hvilken
305 838 62 21 äfven
381 838 209 27 jernvägsstyrelsen
606 841 71 18 ansett
693 839 31 26 sig
740 839 24 19 så
779 844 56 21 myc-

80 872 37 21 ket
140 872 67 21 hellre
229 872 75 21 kunna
326 872 114 28 tillstyrka,
463 879 46 14 som
526 874 12 19 å
554 874 26 19 de
596 874 68 19 större
680 873 134 21 stationerna
830 872 7 20 i

80 906 41 22 och
136 907 34 20 för
185 907 130 26 ordningens
338 906 193 28 upprätthållande
546 907 70 21 finnas
632 906 203 27 stationsinspekto-

80 948 63 14 rerne
166 941 32 21 till
221 942 84 20 biträde
327 941 100 21 anstälde
450 941 24 21 af
492 942 120 26 jernvägen
628 941 99 21 aflönade
744 940 91 28 polisbe-

82 976 75 26 tjente.

151 1010 114 21 Dessutom
281 1010 38 21 har
335 1010 38 20 hos
389 1010 123 21 Ständerna
528 1011 70 19 såsom
615 1017 26 14 en
658 1010 52 20 brist
729 1010 36 21 vid
778 1010 59 26 jern-

81 1044 163 27 vägsstationen
258 1044 8 20 i
282 1044 30 21 S:t
335 1044 128 27 Petersburg
486 1044 136 25 framhållits,
640 1047 31 18 att
691 1045 65 26 något
771 1043 67 27 lämp-

82 1079 39 27 ligt
137 1079 212 27 nederlagsmagasin
360 1079 47 21 icke
417 1079 77 24 finnes,
506 1081 86 19 hvarest
603 1078 153 22 inkommande
767 1078 71 21 landt-

82 1114 52 20 män
149 1113 73 20 kunde
238 1113 91 21 förevisa
344 1113 47 20 sina
407 1119 62 15 varor
485 1112 33 21 för
533 1113 119 25 kunderna,
668 1113 7 20 i
691 1113 53 27 följd
764 1112 78 21 hvaraf

83 1148 27 20 de
125 1148 37 20 äro
178 1149 96 25 tvungne
290 1149 31 19 att
336 1150 77 24 genast
428 1147 98 21 bortföra
541 1148 111 20 dosamma
663 1147 46 21 från
721 1148 115 24 stationen,

83 1181 42 22 och
148 1181 84 21 derföre
255 1183 48 19 med
319 1181 101 21 afseende
437 1182 12 20 å
465 1182 50 20 dem
530 1181 75 21 härvid
620 1181 146 28 tillskyndade
782 1181 58 20 kost-

84 1217 68 20 nader
168 1216 67 21 redan
251 1215 66 22 delvis
333 1215 71 28 börjat
419 1215 83 21 afhälla
518 1216 32 27 sig
566 1216 46 21 från
628 1216 111 21 anlitande
750 1215 21 22 af
781 1216 57 26 jern-

84 1251 76 25 vägen.
185 1249 130 26 Ständerna,
332 1257 46 14 som
392 1249 48 22 icke
455 1249 85 22 kunnat
555 1250 65 21 vinna
636 1250 64 21 säker
717 1250 124 21 kännedom

84 1284 56 21 haru
164 1284 89 21 härmed
277 1283 110 28 verkligen
409 1285 36 20 må
467 1284 94 21 förhålla
583 1285 38 26 sig,
637 1284 83 27 hoppas
736 1286 32 19 att
783 1284 58 27 jern-

84 1317 220 28 vägsförvaltningen,
321 1318 219 27 uppmärksamgjord
556 1319 28 26 på
598 1318 74 25 saken,
689 1318 46 21 icke
751 1318 91 21 förbiser

84 1352 34 21 till
134 1352 31 21 S:t
181 1352 128 27 Petersburg
324 1353 115 20 inresande
457 1352 125 21 landtmäns
598 1352 69 21 fördel
683 1352 39 21 och
738 1352 102 26 beqväm-

87 1385 75 28 lighet.

154 1420 10 20 I
172 1419 102 22 afseende
285 1420 13 21 å
314 1414 37 27 Åbo
357 1419 333 22 —Tammerfors—Tavastehus
701 1422 55 19 samt
767 1418 74 28 Hangö

86 1453 126 28 —Hyvinge
232 1454 117 27 jernvägar
370 1453 90 28 utbedja
483 1454 32 27 sig
532 1453 122 22 Ständerna
670 1455 76 20 endast
762 1455 33 19 att
810 1453 33 21 till
