1025 1661
409 111 35 21 N:o
460 111 37 22 25.
774 112 26 19 29

420 178 10 27 8
448 181 33 19 61.
598 177 6 6 N

146 219 30 20 Af
198 219 67 25 böter,
289 225 45 14 som
354 219 66 26 enligt
440 219 71 21 denna
531 219 126 26 förordning
673 219 96 26 ädömas,
785 219 43 21 till-

74 251 50 22 falle
140 253 36 20 två
191 253 130 26 tredjedelar
341 253 115 27 åklagaren
479 254 38 21 och
533 260 25 15 en
575 253 104 27 tredjedel
696 253 131 27 angifvaren,

74 286 28 21 dä
124 287 26 20 de
173 288 132 25 gemensamt
327 288 58 20 ätala
403 287 152 27 förbrytelsen,
575 294 47 14 men
643 288 115 26 äklagaren
779 288 49 20 ode-

74 320 52 26 ladt,
142 321 6 20 i
166 321 101 21 händelse
283 322 41 20 han
341 328 71 14 ensam
429 322 60 20 utför
504 322 72 21 mälet.
607 322 31 20 Pä
657 322 112 21 enahanda
785 323 44 19 sätt

74 354 92 22 förfares
189 355 62 21 äfven
274 356 48 20 med
345 356 75 20 värdet
443 356 12 20 &
481 356 194 27 bränneriredskap
699 356 39 21 och
758 362 69 15 annan

74 389 110 26 egendom,
208 396 46 15 som
278 390 115 21 förklarats
417 391 119 26 förbruten,
556 391 6 20 i
582 391 82 21 hvilket
683 391 101 21 afseende
800 391 28 21 all

74 423 66 21 sådan
164 424 102 26 egendom
290 425 39 20 bör
351 431 75 20 genom
450 425 128 26 åklagarens
597 425 86 27 försorg
703 425 13 21 å
732 425 96 26 offentlig

74 458 89 21 auktion
186 458 99 27 försäljas
309 462 55 18 samt
384 460 133 27 protokollet
536 459 99 22 deröfver
651 460 39 21 hos
707 460 121 21 domstolen

74 492 87 26 företes,
177 493 28 26 pä
226 493 36 21 det
279 494 218 27 auktionsskillingen
516 495 35 20 mä
567 494 74 21 kunna
656 495 6 20 i
679 494 150 27 saköresläng-

74 527 40 20 den
131 527 32 20 till
181 527 137 27 redovisning
334 530 112 25 upptagas.

421 603 11 27 8
449 604 34 20 62.

148 650 62 21 Hvad
227 650 22 21 af
263 650 68 25 böter,
348 655 45 15 som
410 650 6 20 i
432 650 70 25 grund
519 649 22 21 af
555 649 24 27 $$
596 650 34 25 41,
647 650 26 20 42
689 649 39 21 och
739 650 27 20 43
778 648 51 21 ädö-

74 691 52 19 mas,
150 684 48 22 icke
221 684 69 26 utgår,
315 684 55 20 skall
392 684 125 20 förvandlas
537 684 33 20 till
590 683 96 27 fängelse
705 684 69 20 under
790 683 39 21 föl-

72 719 65 27 jande
153 719 42 21 tid:

74 770 34 21 för
124 770 62 21 böter
201 770 33 21 till
251 770 38 21 och
305 770 48 21 med
369 770 73 20 femtio
459 770 79 20 mark.
571 786 3 4 .
606 786 4 4 .
642 786 3 4 .
677 786 3 4 .
714 771 25 19 14
756 769 72 26 dagar.

75 804 47 21 från
138 804 74 21 femtio
229 804 32 21 till
278 804 38 20 och
332 804 47 20 med
396 804 118 20 etthundra
529 804 60 20 mark
610 818 1 5 .
643 820 3 4 .
678 820 4 4 .
714 804 26 20 20
784 819 9 11 >

90 855 9 10 n
138 839 117 20 etthundra
265 839 32 20 till
309 838 39 21 och
360 838 47 21 med
421 838 193 21 etthundrafemtio
623 838 60 21 mark
714 838 26 21 30
785 854 8 10 ,

88 890 10 10 n
135 873 116 21 etthundra
260 873 73 21 femtio
342 873 33 20 till
384 872 38 22 och
435 873 49 20 med
494 873 121 21 tvähundra
644 889 9 10 ,
713 873 26 20 40
783 888 10 10 ,

89 924 9 10 n
136 907 121 21 —tvähundra
265 908 32 20 till
309 907 39 21 och
359 907 47 21 med
418 907 197 21 tvähundrafemtio
646 923 9 10 ,
713 908 27 20 50
784 922 9 10 ,

88 958 10 10 n»
135 942 195 20 —tvähundrafemtio
342 942 33 20 till
386 941 38 21 och
436 942 49 20 med
497 941 118 21 trehundra
645 958 8 9 ,
712 942 27 20 60
783 957 9 10 ,

89 992 9 11 »
136 976 119 20 trehundra
270 976 32 20 till
319 976 38 20 och
373 976 48 20 med
437 975 136 27 fyrahundra
645 992 9 10 a
712 976 28 20 80
785 991 8 11 >

89 1026 9 11 »
136 1010 132 26 fyrahundra
283 1010 33 20 till
333 1010 38 20 och
387 1010 47 20 med
451 1009 129 21 fembundra
619 1014 35 22 >»,
700 1010 40 20 100
785 1025 9 10 ,

91 1061 9 10 n
138 1044 127 22 femhundra
281 1044 32 21 till
329 1044 40 21 och
384 1044 47 21 med
448 1044 125 20 sexhundra
645 1060 9 11 »
700 1045 39 19 120
784 1060 9 10 ;

90 1095 9 10 »
137 1079 123 21 sexhundra
275 1079 32 21 till
324 1079 39 21 och
379 1079 47 21 med
443 1078 120 26 sjuhundra
647 1095 8 10 »
701 1079 39 20 140
785 1094 8 10 ,

90 1129 9 10 n
137 1113 119 26 Sjuhundra
271 1113 32 20 till
321 1113 38 21 och
375 1113 48 21 med
440 1113 133 20 ättahundra
645 1129 9 10 »
700 1113 40 20 160
785 1128 8 10 ,

89 1163 10 11 n
136 1147 131 21 ättahundra
283 1148 32 20 till
331 1147 40 21 och
386 1147 48 21 med
450 1147 122 21 niohundra
645 1164 8 10 »
700 1148 39 20 180
784 1163 9 9 ,

90 1198 9 10 »
136 1182 122 21 —Diohundra
273 1182 32 21 till
322 1182 38 21 och
377 1182 47 21 med
440 1183 87 20 ettusen
647 1198 8 10 »
699 1182 41 21 200
785 1197 8 10 ,

75 1233 39 22 och
130 1234 73 21 vidare
221 1234 7 20 i
249 1240 82 15 samma
350 1233 135 21 förhällande
506 1233 33 21 till
555 1235 30 19 ett
601 1233 30 26 är,
648 1239 44 15 som
708 1235 121 19 motsvarar

75 1267 62 22 böter
160 1268 85 21 utöfver
267 1270 86 19 ettusen
372 1267 123 22 niohundra
514 1267 60 22 mark
594 1268 39 21 och
649 1269 23 20 är
688 1267 40 21 den
744 1267 85 27 längsta

75 1302 39 26 tid,
130 1302 122 22 hvarunder
267 1302 70 27 nägon
353 1302 34 22 för
402 1302 74 27 dylika
493 1302 62 26 böter
571 1302 35 21 mä
621 1303 6 20 i
643 1302 95 27 fängelse
753 1302 76 20 hällas.

421 1371 11 27 8
449 1372 34 20 63.

148 1417 42 20 Det
206 1417 77 26 belopp
301 1416 22 21 af
338 1416 69 27 öfriga
422 1417 6 20 i
444 1417 73 20 denna
532 1416 125 27 förordning
673 1415 103 27 stadgade
792 1415 37 21 bö-
