1025 1661
302 127 25 22 U.
342 127 24 22 B.
382 139 27 3 —
425 126 66 29 Prop.
507 126 40 23 N:o
563 125 36 23 24.
777 129 26 20 41

72 193 40 22 och
132 193 159 23 trafikinkomst
309 193 98 22 kommer
427 194 33 20 att
478 192 66 22 blifva
559 193 72 21 större
646 192 29 27 pä
689 193 146 22 bansträckan

71 227 85 28 Kuopio
187 227 119 22 Davidstad
322 229 27 20 än
364 227 29 28 pä
407 227 73 22 banan
496 227 228 27 Uleäborg—-Nurmo.

141 263 130 26 Ytterligare
286 262 60 22 bevis
362 262 74 21 härför
452 262 93 21 erhälles
562 268 35 15 om
611 268 49 15 man
670 262 79 26 jemför
760 268 75 21 expor-

73 299 36 19 ten
125 297 41 22 och
181 297 109 27 importen
305 296 47 22 frän
367 296 41 22 och
424 296 32 22 till
473 296 28 22 de
515 296 82 27 städer,
609 302 46 16 som
666 296 99 28 betjenas
777 295 23 23 af
809 296 26 21 de

72 331 56 22 båda
142 332 103 21 banorna.
263 331 31 22 Ur
308 331 73 27 bilaga
394 331 28 21 II.
438 331 24 21 A.
479 330 96 28 framgår
590 332 33 20 att
639 337 83 16 summa
737 330 67 23 värde
815 329 22 23 af

73 367 102 26 exporten
191 365 33 23 för
239 366 48 22 året
303 367 54 20 1878
373 365 47 21 från
436 366 105 21 städerna
556 365 130 28 Nykarleby,
706 364 129 27 Jakobstad,

74 400 171 28 Gamlakarleby,
265 400 122 22 Brahestad
407 400 40 21 och
469 400 112 27 Uleäborg
600 400 100 27 utgjorde
720 400 113 26 4,478,501

74 435 48 27 mp.
152 435 69 22 Deraf
241 435 107 27 utgjorde,
372 435 65 27 enligt
460 434 49 22 från
531 435 187 22 Tulldirektionen
740 434 96 22 erhållna

74 469 115 28 uppgifter,
209 472 98 19 trävaror
326 469 33 22 för
375 471 31 20 ett
422 470 65 21 värde
503 469 24 22 af
541 471 114 25 3,436,728
671 470 50 26 Sy,
736 469 99 27 hvarige-

74 510 48 15 nom
139 505 76 21 värdet
231 504 22 21 af
268 504 27 22 de
310 510 68 21 varor,
390 511 46 15 som
447 505 88 21 komma
545 506 34 20 att
589 504 89 22 influera
688 504 29 27 pä
724 504 111 27 jernvägs-

74 538 91 22 trafiken
186 539 117 21 reduceras
319 539 33 21 till
369 541 112 25 1,041,773
499 539 48 27 xc.
580 539 166 27 Sammanlagda
760 544 76 20 expor-

76 576 35 19 ten
130 572 47 22 frän
197 573 86 27 Kuopio
304 574 40 21 och
363 574 87 27 Nyslott
469 574 102 27 utgjorde
587 574 67 26 enligt
669 579 81 16 samma
765 572 72 27 bilaga

76 609 113 26 1,636,148
201 608 49 26 Sy,
262 608 67 27 hvari,
346 608 72 22 såsom
434 614 25 16 ur
474 608 97 22 tabellen
588 614 71 22 synes,
673 608 51 28 inga
738 609 99 20 trävaror

74 642 56 28 ingä,
148 642 91 22 emedan
255 643 65 21 dessa
335 642 137 22 tullklareras
490 643 1 21 i
501 643 97 27 Wiborg.
621 643 48 21 Den
680 643 87 21 senaste
779 647 57 16 sum-

75 683 49 15 man
143 677 83 22 utvisar
241 677 56 21 dock
312 678 78 21 endast
405 684 27 15 en
448 678 36 21 del
499 677 23 22 af
535 678 160 26 totalexporten
710 676 47 22 frän
772 676 65 21 dessa

76 711 80 27 städer,
173 714 22 25 ty
209 718 27 16 en
251 712 121 28 betydande
389 712 35 22 del
440 712 22 21 af
477 712 64 22 äfven
556 712 68 22 andra
633 718 63 16 varor
706 710 130 28 ingär
778 706 13 38 i
800 710 36 28 Wi-

75 746 64 28 borgs
156 748 81 26 export.
256 746 76 22 Denna
348 747 60 21 stads
425 749 77 25 export
518 746 101 22 omfattar
635 746 73 22 vidare
723 745 28 22 all
762 746 75 26 export

74 781 47 21 från
138 781 34 21 S:t
186 781 79 22 Michel
281 782 40 21 och
337 781 43 22 alla
393 782 199 24 landskommuner,
609 781 71 22 såsom
698 779 137 29 Leppävirta,

75 815 78 26 Jorois,
169 816 141 26 Rautasalmi,
327 816 94 21 Sulkava
436 822 27 15 m.
480 815 21 22 fl.

145 850 70 27 Tages
239 850 106 27 importen
368 849 32 22 för
423 856 84 15 samma
527 850 24 21 är
571 856 25 15 ur
615 849 77 27 Bilaga
710 849 27 21 II.
755 848 33 26 B.,
805 849 33 20 ut-

76 884 74 27 gjorde
166 884 41 21 den
223 883 33 22 för
271 885 27 20 de
314 884 94 22 nämnda
423 885 174 21 österbottniska
610 884 102 21 städerna
722 883 21 22 in
754 888 84 16 summa

77 920 113 25 7,540,063
216 919 51 26 Sy,
295 919 40 22 och
358 919 33 22 för
413 919 94 27 Kuopio,
531 919 88 28 Nyslott
641 919 39 21 och
704 918 33 22 S:t
759 916 79 23 Michel

76 955 114 24 2,912,855
214 953 49 27 Fry.
295 953 182 28 Obetydligheten
498 953 23 22 af
542 953 41 22 den
601 959 76 16 senare
693 957 98 17 summan
806 950 33 22 får

76 987 117 28 förklaring
207 987 62 22 deraf
283 990 32 19 att
331 988 26 21 de
372 987 64 22 flesta
450 988 191 21 landtkommuner
657 987 84 22 direkte
759 986 80 27 impor-

76 1024 47 20 tera
144 1023 47 21 sina
210 1029 64 15 varor
295 1022 40 22 och
351 1022 87 22 förtulla
454 1022 51 22 dem
521 1023 7 21 i
543 1023 90 26 Wiborg
649 1022 40 21 och
704 1021 34 22 S:t
752 1021 86 21 Peters-

76 1057 60 27 burg.
158 1057 77 22 Säsom
250 1057 108 22 utskottet
374 1057 38 22 har
428 1057 33 27 sig
477 1057 90 25 bekant,
583 1059 24 20 är
618 1057 60 21 detta
689 1061 76 17 senare
777 1053 62 23 äfven

75 1091 61 21 fallet
151 1091 34 22 för
201 1091 32 22 S:t
247 1091 82 22 Michet
344 1092 40 22 och
396 1092 111 21 sannolikt
518 1092 33 21 till
561 1094 47 19 stor
619 1091 34 22 del
664 1091 62 21 äfven
736 1090 34 21 för
780 1089 59 21 Kuo-

74 1125 36 27 pio
130 1125 42 23 och
193 1126 95 28 Nyslott.
319 1126 75 22 Redan
414 1132 14 16 a
447 1126 69 28 priori
531 1126 72 22 kunde
619 1132 50 15 man
684 1125 58 21 sluta
756 1123 35 22 till
806 1124 33 20 att

76 1160 108 27 importen
199 1160 32 22 till
247 1160 104 22 städerna
367 1161 40 21 och
422 1160 222 22 landskommunerna
658 1160 8 21 i
681 1158 111 23 mellersta
802 1157 37 22 de-

75 1194 36 22 len
127 1194 22 22 af
162 1194 81 27 landet,
259 1195 89 22 hvarom
364 1202 29 15 nu
409 1197 24 20 är
448 1195 70 27 fräga,
535 1198 24 18 är
569 1196 71 20 större
651 1196 26 20 än
689 1194 33 21 till
732 1194 27 21 de
770 1194 70 20 öster-

75 1229 112 22 bottniska
203 1229 108 27 städerna,
327 1232 23 25 ty
366 1230 41 21 den
418 1229 58 22 förra
487 1230 71 21 mäste
568 1228 158 23 tillfredsställa
734 1234 27 15 en
769 1228 71 20 större

75 1263 132 27 folkmängd,
224 1269 49 16 men
289 1264 60 22 detta
364 1264 124 27 antagande
504 1264 42 21 blir
560 1264 90 26 visshet,
667 1263 29 22 dä
710 1268 50 16 man
773 1260 66 22 beak-

76 1300 34 19 tar
125 1299 34 21 att
174 1298 163 27 sammanlagda
352 1298 76 22 värdet
443 1298 23 22 af
479 1298 109 28 importen
603 1298 34 22 för
653 1298 41 21 alla
707 1296 76 23 städer
793 1294 48 22 frän

75 1332 115 22 Nådendal
205 1332 33 22 till
254 1333 41 21 och
310 1333 50 21 med
370 1333 85 22 Torneå
465 1333 96 22 nämnda
569 1334 25 20 år
601 1332 100 28 utgjorde
713 1331 127 27 17,335,245

76 1367 49 27 g,
141 1374 49 15 men
207 1368 98 21 deremot
319 1368 34 21 för
368 1368 95 26 Wiborg,
480 1368 35 21 S:t
531 1368 85 26 Michel,
632 1367 88 27 Nyslott
730 1365 41 22 och
782 1364 59 21 Kuo-

75 1401 36 27 pio
135 1402 128 26 32,097,237
287 1402 50 26 Si.
372 1401 169 28 Sammanlagda
560 1401 78 22 värdet
653 1400 23 23 af
690 1401 104 26 exporten
809 1397 33 22 för

76 1436 66 21 dessa
151 1438 78 20 tvenne
240 1442 95 21 grupper
346 1435 22 22 af
378 1436 74 22 städer
462 1437 104 27 utgjorde
577 1435 123 28 respektive
713 1433 127 28 16,156,439

144 1475 192 24 Jernvägsutskottets
349 1475 117 19 betänkande
478 1477 39 17 N:o
530 1477 16 17 1.
