1020 1664
220 128 26 20 72
523 128 34 21 N:o
573 128 35 22 25.

191 197 57 26 ligen
272 199 98 25 uppmätt
389 198 107 26 kannetal,
517 198 93 21 skenbar
630 198 81 27 styrka,
732 198 133 26 värmegrad,
882 198 60 20 alko-

190 232 114 26 holmängd
322 232 34 20 vid
372 232 81 21 femton
469 233 76 26 grader
562 232 82 22 Celsius
661 232 39 22 och
712 232 33 21 till
757 232 72 21 femtio
842 234 98 25 procents

191 266 75 27 styrka
281 266 35 21 vid
332 267 132 21 sistnämnde
481 267 125 27 värmegrad
623 267 131 21 reducerade
770 266 108 26 kannetal,
889 266 53 20 böra

191 301 115 21 antecknas
330 301 6 20 i
360 301 40 21 den
420 302 97 25 ordning,
539 302 24 20 de
580 302 67 20 under
663 301 158 26 förrättningen
838 300 103 26 erhållits,

191 335 108 21 hvarefter
320 336 129 26 summering
468 336 126 20 verkställes
614 336 23 20 af
655 336 26 20 de
701 338 93 18 omsatta
814 335 127 21 kannetalen

192 370 38 20 och
248 370 36 20 det
303 370 95 21 erhållna
417 370 100 27 beloppet
537 370 79 21 införes
636 371 5 20 i
662 370 198 21 summakolumnen
867 366 12 36 i
899 370 42 20 till-

192 404 234 26 verkningsjournalen.

264 440 18 20 2.
313 438 160 22 Ofvannämnde
497 439 115 27 uträkning
637 439 128 21 verkställes
785 438 22 21 af
823 439 120 21 kontrollör

193 473 39 22 och
248 474 67 21 vittne
332 476 55 19 samt
402 474 63 26 skall,
481 474 27 27 pä
524 476 43 19 sätt
583 474 39 21 här
638 474 64 21 ofvan
718 474 6 21 i
740 474 11 27 $
771 475 24 20 13
811 474 94 26 stadgas,
921 473 24 22 af

192 507 207 22 öfverkontrollören
416 509 35 20 vid
468 509 47 20 dess
533 509 65 20 besök
614 509 12 20 &
642 508 125 21 bränneriet
778 508 114 25 granskas;
904 508 38 21 och

192 545 24 18 är
232 543 146 20 kontrollören
395 543 76 26 pligtig
491 543 97 20 meddela
604 542 255 21 bränneriinnehafvaren
876 543 67 20 resul-

192 579 56 18 tatet
263 577 23 20 af
300 577 147 26 uträkningen,
465 584 32 14 om
514 577 67 21 denne
598 577 77 21 sädant
691 577 87 20 önskar.

536 641 11 26 8
563 642 32 19 28.

266 681 16 20 1.
312 679 70 22 Sedan
398 681 115 26 uträkning
529 681 70 21 blifvit
614 681 63 27 gjord
694 681 38 20 och
745 681 127 25 inskrifning
883 681 6 20 i
901 681 42 20 till-

192 715 227 26 verkningsjournalen
436 715 115 26 verkstäld,
564 716 75 21 teckne
650 715 230 22 bränvinstillverkare
892 715 51 21 eller

192 749 49 20 dess
265 749 78 21 ombud
364 750 39 21 och
422 750 146 21 kontrollören
588 753 76 23 genast
685 750 108 21 derunder
809 751 47 20 sina
873 756 70 14 namn.

192 783 74 21 Vittne
284 783 99 27 hestyrke
399 785 68 20 under
481 784 57 26 edlig
557 785 135 26 förpligtelse
713 785 6 20 i
736 784 207 26 tillverkningsjour-

192 817 62 21 nalen
274 818 128 26 riktigheten
422 818 23 21 af
463 819 136 26 uppgifterna
619 825 31 14 om
673 819 37 20 det
730 821 112 24 uppmätta
859 818 84 21 bränvi-

192 854 48 19 nets
256 852 107 26 kannetal,
380 853 126 26 värmegrad
522 853 37 20 och
577 853 105 20 skenbara
700 853 79 26 styrka.
808 853 82 26 Vägrar
901 853 42 20 till-

192 886 89 21 verkare
297 887 52 21 eller
360 887 49 21 dess
421 887 77 21 ombud
510 889 32 19 att
553 887 157 27 inskrifningen
722 887 152 26 underteckna,
886 887 55 21 skall

192 921 141 26 anledningen
357 922 71 20 dertill
446 922 23 20 af
486 922 119 21 kontrollör
624 923 7 19 i
648 922 115 26 journalen
780 922 87 20 införas.
898 922 45 20 Har

191 955 124 21 tillverkare
332 956 51 20 eller
399 956 78 21 ombud
493 957 18 26 ej
528 957 56 20 varit
603 957 34 20 vid
654 957 159 26 förrättninger
829 956 116 26 tillstädes,

191 996 51 15 vare
258 990 76 21 sädant
350 990 39 21 ock
405 991 6 20 i
424 991 112 26 journalen
553 991 136 21 antecknadt.

264 1026 19 19 2.
313 1024 108 27 Radering
437 1025 6 20 i
460 1026 113 25 journalen
592 1026 34 20 mä
642 1026 18 26 ej
682 1025 45 25 ske,
745 1027 50 19 utan
812 1025 54 21 skall
882 1025 62 21 miss-

192 1058 107 28 skrifning
315 1059 39 21 och
370 1059 119 27 felräkning
505 1066 76 20 genom
596 1060 131 26 anteckning
743 1060 45 20 deri
806 1062 72 18 rättas.

536 1123 11 27 8
563 1124 33 20 29.

266 1164 18 20 1.
317 1162 101 22 Kommer
441 1163 18 27 ej
483 1164 227 20 bränvinstillverkare
733 1164 53 20 eller
809 1162 78 22 ombud
911 1162 33 21 för

192 1196 79 21 honom
288 1197 106 21 tillstädes
410 1198 35 20 vid
465 1198 6 20 i
483 1198 177 26 nästföregäende
671 1198 11 27 &
695 1198 141 20 omförmälda
847 1199 97 25 uppmät-

191 1231 52 26 ning
259 1231 38 21 och
313 1231 107 27 profning,
436 1232 35 20 mä
486 1232 156 26 förrättningen
659 1232 65 21 deraf
738 1232 18 26 ej
774 1232 131 26 uppehällas.

264 1266 19 20 2.
312 1266 11 20 1
339 1266 101 21 händelse
460 1266 66 21 vittne
546 1266 114 22 uteblifver
680 1266 48 21 frän
748 1266 94 21 berörda
857 1266 86 20 förrätt-

191 1300 57 26 ning,
266 1300 54 20 skall
336 1300 148 21 kontrollören
499 1306 70 15 annan
585 1301 88 27 lämplig
690 1307 79 20 person
790 1300 70 21 säsom
877 1300 67 20 vittne

191 1335 99 20 tillkalla.

535 1363 11 27 8
563 1365 33 19 30.

266 1405 18 19 1.
314 1403 125 22 Kontrollör
456 1403 53 22 skall
525 1403 125 22 förmedelst
665 1404 89 26 dagliga
770 1404 146 26 besigtningar
932 1403 12 22 å

191 1437 26 22 de
233 1437 24 21 af
270 1438 78 21 honom
364 1438 93 21 tillsatta
472 1438 31 21 läs
519 1438 38 21 och
573 1438 146 27 förseglingar
736 1438 111 27 öfvertyga
864 1438 32 26 sig
912 1440 31 19 att
