1025 1661
269 139 82 24 Ständ.
367 139 37 22 Sv.
420 151 28 4 —
463 139 71 27 Prop.
550 139 41 22 N:o
605 139 34 21 21.
780 140 25 21 11

344 196 78 33 Öfriga
447 201 130 21 hithörande
592 201 104 25 ärenden,
712 208 34 14 om
761 201 74 21 hvilka

283 235 44 21 icke
350 237 8 19 i
375 235 137 28 föregående
529 236 30 27 $$
575 237 27 19 är
617 235 141 21 annorlunda
774 235 60 21 stad-

282 269 60 27 gadt,
366 269 92 27 afgöras
482 269 30 27 af
531 269 159 21 vederbörande
715 271 119 25 guvernör,

282 303 65 21 kvars
368 304 74 27 utslag
460 304 77 20 länder
553 303 36 21 till
604 303 152 27 efterrättelse,
773 302 61 21 intill

283 338 47 20 dess
353 338 96 27 ändring
472 338 47 20 deri
541 337 90 21 vunnits
652 344 76 20 genom
752 336 81 25 besvär,

281 378 45 14 som
348 371 76 21 kunna
446 372 9 20 i
475 372 74 25 vanlig
573 371 94 27 ordning
685 371 93 26 anföras
794 371 38 20 hos

284 405 104 21 Senatens
402 405 273 27 Ekonomiedepartement.

339 439 34 22 På
384 440 96 20 nämnda
492 440 147 27 departement
649 439 125 21 ankommer
784 439 48 21 der-

275 475 67 26 jemte
364 476 33 19 att
416 474 96 26 utfärda
528 474 25 20 de
568 476 102 18 närmare
680 473 151 28 föreskrifter,

281 515 44 14 som
341 509 8 19 i
364 507 102 28 afseende
482 509 13 19 ä
511 508 154 27 bevillningens
681 507 100 28 uppbörd
793 507 38 21 och

281 541 120 28 debitering
412 543 53 19 eller
475 544 9 18 i
494 542 69 27 öfrigt
574 542 45 21 visa
631 542 33 26 sig
675 541 155 27 erforderliga.

520 600 15 26 $
549 600 36 20 23.

342 644 85 28 Utdrag
449 645 31 26 af
491 645 71 21 denna
573 644 145 28 förordning,
734 644 96 27 innefat-

280 679 64 21 tande
366 679 25 21 de
413 680 115 26 vigtigaste
545 678 138 28 paragrafer
698 679 53 25 deri,
767 678 62 21 skola

278 712 98 28 ständigt
394 713 85 27 finnas,
495 714 7 20 i
518 713 85 27 tryckta
618 714 110 26 exemplar
740 714 32 26 på
783 712 47 28 fin-

278 747 40 21 ska
334 748 37 20 och
386 747 92 21 svenska
492 748 100 27 språken,
605 748 32 27 på
654 748 106 27 lämpliga
775 747 54 21 stäl-

279 782 34 20 len
329 782 58 20 inom
402 782 123 27 bryggeriet
541 782 116 27 anslagna.

521 839 14 26 $
551 839 36 21 24.

335 884 79 21 Denna
425 884 139 27 förordning
579 884 58 21 skall
652 885 112 26 tillämpas
770 884 58 27 frän

278 919 41 20 den
336 919 12 19 1
363 918 99 21 Januari
477 919 58 21 1883
550 919 39 20 och
603 919 71 27 gäller
686 919 35 20 till
732 919 38 20 och
780 919 48 20 med

278 953 26 20 år
319 954 64 20 1865.

140 1003 102 23 Finlands
259 1004 90 23 Ständer
364 1004 120 22 framhärda
500 1008 38 19 etc.

139 1049 140 30 Helsingfors,
297 1051 39 21 den
352 1051 12 21 3
380 1051 55 22 Juni
452 1052 61 21 1882.

190 1475 117 23 Helsingfors,
321 1476 16 17 J.
352 1477 66 17 Simelii
431 1478 98 22 arfvingars
541 1479 82 22 tryckeri,
640 1480 42 17 1882
