1025 1661
288 118 25 22 U.
329 118 23 22 B.
368 131 29 3 -—
412 118 66 29 Prop.
493 118 38 22 N:o
547 118 36 23 24.
764 121 26 20 19

128 187 41 20 4:0.
189 184 118 28 Sydvestra
322 184 128 22 stambanan
465 184 48 22 frän
528 184 72 27 nägon
615 184 71 28 punkt
700 184 29 28 pä
744 179 76 28 Äbo—

59 219 83 28 Toijala
161 220 71 22 banan
249 219 63 27 längs
330 219 115 27 Loimijoki
460 218 42 23 och
517 219 71 21 Kumo
605 218 91 23 elfdalar
710 219 33 22 till
758 219 62 27 Björ-

60 254 256 27 neborg—Kristinestad
332 254 42 22 och
388 254 72 26 nägon
476 253 71 27 punkt
561 254 29 27 pä
603 254 67 22 Wasa
685 254 78 22 banan.

130 291 40 20 5:0.
192 288 135 22 Nordvestra
342 288 128 22 stambanan
486 287 48 22 frän
548 288 71 27 nägon
634 288 71 27 punkt
720 288 23 23 af
754 288 68 22 Wasa

60 323 71 22 banan
151 323 62 27 längs
230 318 154 27 Österbottens
400 323 106 22 slättland
520 322 34 22 till
568 323 116 27 Uleåborg,
700 322 122 23 berörande

62 358 26 21 de
108 358 171 22 österbottniska
299 358 103 21 städerna
420 358 103 27 antingen
543 357 71 22 direkt
629 357 52 23 eller
697 363 78 22 genom
789 357 33 22 bi-

60 393 74 21 banor.

131 429 41 20 6:0.
191 427 85 22 Torneå
290 427 71 22 banan
376 426 48 22 från
439 427 110 27 Uleåborg
564 427 33 21 till
612 427 85 22 Torneå
712 427 40 22 och
768 426 54 23 slut-

62 462 57 27 ligen

132 499 40 20 7:0.
190 496 288 28 Sammanbindningsbanan
490 496 47 22 från
547 497 72 27 någon
628 497 70 27 punkt
707 496 29 28 på
746 496 76 22 Wasa-

64 531 70 22 banan
149 537 76 21 genom
240 531 116 27 Jyväskylä
372 533 46 20 mot
434 531 33 22 S:t
482 531 87 22 Michel.

134 662 41 22 Vid
191 661 162 29 öfverläggning
369 668 34 16 om
420 662 41 22 den
476 664 100 20 närmare
591 662 152 28 sträckningen
759 661 23 23 af
794 668 30 15 nu

65 696 140 28 uppräknade
221 696 131 27 stambanor,
367 696 41 22 har
422 696 111 22 utskottet
547 696 145 22 beträffande:

135 733 33 19 1:0
185 731 40 21 den
241 732 60 21 östra
316 731 129 22 stambanan
459 731 50 21 från
523 731 90 27 Wiborg
629 730 58 23 öfver
699 731 82 21 Imatra
790 730 34 21 till

64 765 105 27 Joensuu,
191 765 49 22 med
257 765 91 22 bibanor
367 765 33 22 till
419 765 105 22 Harakka
542 765 142 28 lastageplats
702 765 35 22 vid
752 765 74 22 Saima

65 800 40 22 och
121 800 33 21 till
168 799 154 28 Lahdenpohja
336 799 123 28 hamnplats
475 800 37 22 vid
525 800 96 27 Ladoga,
636 799 29 28 på
681 800 27 21 de
725 799 23 22 af
764 799 60 22 kom-

64 834 117 22 missionen
203 834 90 22 anförda
315 834 54 26 skäl,
390 836 88 20 stannat
500 834 37 22 vid
557 835 41 21 den
618 834 23 22 af
656 834 168 22 kommissionen

65 868 122 28 föreslagna
199 868 129 28 riktningen.

133 902 138 23 Beträffande
289 905 34 20 2:0
343 904 42 22 den
400 904 67 22 södra
482 904 64 22 delen
562 904 23 22 af
598 904 118 22 melllersta
730 903 96 23 stamba-

66 944 48 20 nan,
134 938 39 22 har
190 938 57 22 inom
265 938 110 22 utskottet
393 938 92 22 uttalats
505 940 33 20 att
556 938 42 22 den
616 938 23 22 af
656 938 170 22 kommissionen

65 972 115 23 förordade
201 973 193 27 utgångspunkten
416 973 122 22 Davidstad
560 973 101 27 möjligen
679 973 18 27 ej
717 979 51 16 vore
784 973 42 21 den

66 1007 142 28 lämpligaste,
224 1008 90 22 emedan
329 1008 254 27 terrängförhållandena
599 1007 94 23 derifrån
702 1009 77 21 norrut
789 1009 37 20 äro

64 1041 157 29 jemförelsevis
236 1042 159 28 ofördelaktiga
410 1042 41 22 och
466 1042 50 23 icke
531 1042 69 22 heller
617 1041 209 28 befolkningstäthe-

66 1078 37 20 ten
124 1076 41 22 och
183 1077 67 22 andra
269 1076 116 28 afgörande
405 1077 93 22 motiver
517 1077 72 21 kunna
607 1076 85 23 anföras
708 1076 34 22 för
756 1076 72 22 denna

67 1111 132 28 sträckning,
217 1111 100 22 hvarföre
332 1118 27 15 en
374 1113 99 20 närmare
489 1111 161 28 undersökning
665 1117 35 16 om
715 1110 112 28 möjlighe-

67 1147 37 20 ten
123 1145 22 22 af
162 1152 27 16 en
207 1145 165 28 utgångspunkt
389 1148 73 20 vester
482 1146 54 22 eller
555 1147 59 21 öster
627 1152 35 15 om
677 1145 42 22 den
734 1144 95 23 nämnda

67 1181 61 26 synts
146 1181 109 22 utskottet
273 1187 51 16 vara
343 1181 115 22 önskvärd.
489 1181 83 22 Härvid
590 1181 73 22 kunde
682 1179 34 23 för
730 1179 99 28 Kaipiais

68 1215 80 22 station
164 1215 72 22 såsom
251 1215 164 28 utgångspunkt
430 1215 125 22 framhållas
572 1217 33 20 att
619 1215 37 22 vid
671 1215 59 22 valet
744 1213 24 22 af
776 1213 52 22 den-

68 1256 82 16 samma
169 1256 27 16 en
215 1256 27 21 ny
258 1248 148 29 dépötstation
424 1250 49 22 icke
489 1249 72 23 blefve
576 1249 130 28 nödvändig,
722 1250 54 20 utan
792 1253 37 16 en-

68 1285 50 22 dast
134 1291 26 16 en
175 1284 128 28 utvidgning
319 1284 22 23 af
356 1285 41 22 den
414 1284 115 23 derstädes
545 1285 67 21 redan
627 1283 117 28 befintliga.

136 1319 97 22 Emedan
252 1319 55 22 dock
325 1319 53 22 flera
392 1319 24 21 af
429 1319 27 22 de
472 1319 135 27 synpunkter
622 1324 46 16 som
683 1318 73 22 kunna
770 1316 60 23 anfö-

68 1360 36 16 ras
120 1354 34 22 för
171 1354 41 22 och
231 1355 58 21 emot
309 1353 41 22 den
370 1359 40 17 ena
428 1353 53 23 eller
497 1354 68 21 andra
579 1353 97 27 punkten
692 1354 38 20 äro
745 1350 23 24 af
781 1352 50 20 rent

68 1388 86 22 teknisk
173 1389 64 20 natur
255 1388 40 21 och
314 1387 42 22 den
372 1387 189 28 omständigheten
577 1389 32 20 att
625 1385 205 28 anslutningspunk-

68 1425 49 19 tens
136 1423 49 27 läge
200 1423 7 21 i
223 1429 41 15 ena
281 1422 62 22 fallet
361 1422 71 22 skulle
448 1421 99 23 förkorta
562 1424 69 25 vägen
647 1421 32 22 till
696 1421 32 22 S:t
743 1420 88 21 Peters-

138 1461 190 24 Jernvägsutskottets
341 1461 117 28 betänkande
471 1463 38 17 N:o
522 1463 15 17 1.
