1025 1661
279 143 29 25 U;
318 144 32 24 'B:
367 144 24 18 —
407 146 72 27 Prop.
497 145 42 23 N:o
551 139 41 41 21.
746 149 28 20 21

59 208 53 21 söka
135 208 93 27 kringgä
243 209 116 21 desamma.
389 208 47 22 Den
452 208 25 22 af
489 203 115 37 Utskottet
616 209 128 27 föreslagna
758 215 44 16 om-

59 243 144 21 redaktionen
219 243 23 21 af
255 243 12 26 $
283 244 13 20 3
311 248 65 21 synes
393 248 35 16 oss
443 244 55 25 göra
513 243 61 21 detta
588 243 150 27 kringgående
754 249 53 22 syti-:

59 277 100 26 nerligen
174 276 42 21 lätt
231 276 40 22 och
287 276 34 21 för
335 276 168 27 lagskipningen
519 276 108 27 knappast
643 276 121 28 ätkomligt.

128 310 32 22 På
185 310 65 22 dessa
271 310 96 27 grunder
390 315 52 16 anse
454 310 32 21 vi
505 307 36 25 oss
557 310 54 22 böra
626 310 118 27 godkänna
759 311 42 21 den

62 344 79 28 nådiga
165 344 174 28 propositionens
364 344 139 27 ordalydelse
524 344 8 21 i
542 344 84 22 denna
648 344 19 28 &,
683 344 55 22 dock
753 344 50 22 med

62 378 137 28 uteslutning
213 378 24 22 af
251 378 112 22 slutorden
379 378 7 21 i
401 378 70 22 förstä
486 380 127 20 momentet:
629 378 54 23 ”och
698 378 48 23 icke
756 378 46 22 häl-

64 413 33 22 les
112 413 34 21 till
161 413 67 25 salu”,
247 410 28 29 pä
289 413 38 21 det
341 412 33 22 att
388 413 129 27 försäljning
532 413 24 21 af
562 412 131 28 hembrygdt
705 413 34 21 för
754 415 51 26 eget

62 446 68 23 behof
149 447 128 22 tillverkadt
298 447 130 27 svagdricka
449 446 49 22 icke
513 447 68 21 måtte
595 453 64 15 anses
675 447 70 27 någon
760 447 45 22 för-

62 480 84 27 menad,
163 487 32 15 om
213 481 66 22 också
295 487 26 16 en
337 481 59 28 dylik
411 481 130 27 försäljning
555 481 48 22 icke
617 481 34 21 får
666 481 90 28 öfvergä
770 481 35 21 till

61 515 205 27 yrkeshandtering.

309 570 30 19 -

119 612 86 24 Victor
220 612 23 24 L.
259 610 131 26 Helander.
496 611 75 25 Wilh.
587 611 159 25 Fredrikson.

293 673 58 25 Karl
368 673 69 25 Ferd.
453 674 125 31 Ignatius.

414 901 42 21 II.

134 958 75 27 Enligt
229 958 12 28 8
259 959 14 21 2
287 958 8 21 i
310 958 125 22 Utskottets
451 959 138 21 betänkande
605 958 56 22 skall
676 959 7 21 i
699 959 56 27 årlig
770 960 36 20 be-

65 992 92 27 villning
172 992 47 21 från
236 992 74 27 hvarje
325 992 102 28 bryggeri
435 993 66 21 minst
513 993 42 21 800
566 992 61 22 mark
637 993 107 27 erläggas,
756 993 50 21 obe-

66 1026 81 22 roende
163 1026 63 21 deraf
241 1032 34 15 om
291 1032 26 16 en
333 1028 71 20 större
418 1026 54 22 eller
487 1027 85 21 mindre
588 1027 108 27 gvantitet
705 1027 53 21 malt
768 1033 41 15 un-

66 1061 38 21 der
120 1060 48 22 året
183 1060 132 22 förbrukats.
346 1060 51 22 Man
413 1060 39 22 har
467 1060 28 28 på
511 1061 62 21 detta
589 1062 44 20 sätt
644 1061 58 21 velat
712 1061 95 27 uppdra-

66 1101 28 20 ga
116 1100 27 15 en
166 1094 100 21 bestämd
289 1096 65 25 gräns
374 1094 91 22 emellan
482 1095 42 20 den
540 1094 130 21 beskattade
685 1094 121 22 fabriksnä-

66 1129 77 26 ringen
167 1128 41 21 och
230 1128 225 27 husbehofsbrygden,
475 1128 34 22 för
525 1130 33 20 att
573 1129 92 21 sålunda
679 1128 127 22 underlätta

67 1161 130 22 kontrollen.
227 1162 34 21 Då
276 1162 126 25 emellertid,
418 1162 68 27 enligt
502 1163 41 21 den
560 1163 111 21 blifvande
681 1163 122 21 förordnin-

67 1202 41 21 gen
134 1196 113 27 angående
273 1196 157 27 maltdryckers
453 1197 140 26 försäljande,
617 1197 132 26 rättigheten
776 1198 33 20 att

67 1230 96 27 föryttra
178 1230 83 21 sådana
276 1230 98 27 drycker,
391 1230 169 27 enkannerligen
577 1231 20 21 öl
613 1231 40 21 och
664 1232 80 26 porter,
752 1230 56 22 före-

69 1266 49 19 nats
143 1264 48 21 med
213 1264 115 28 ovilkorlig
344 1264 125 28 skyldighet
485 1266 33 19 att
534 1264 71 21 såsom
621 1264 189 28 kontrollapparat

70 1299 99 27 begagna
191 1298 143 27 maltometer,
357 1300 24 20 är
404 1299 37 21 det
456 1298 139 27 sannerligen
611 1298 60 22 svårt
687 1300 33 20 att
734 1298 54 26 inse,
803 1298 7 21 i

69 1332 88 22 hvilken
177 1332 49 21 mån
247 1332 70 22 denna
331 1332 97 22 kontroll
443 1332 71 22 skulle
530 1332 136 22 underlättas
681 1338 78 22 genom
775 1332 36 22 be-

69 1366 139 27 stämningen
224 1368 33 19 att
272 1366 249 27 försäljningsrättighet
536 1366 48 22 icke
599 1366 34 21 får
648 1373 40 20 ega
704 1372 54 20 rum,
773 1366 39 21 der

68 1400 49 22 icke
136 1401 67 20 minst
218 1400 25 21 så
257 1401 41 21 och
313 1400 24 21 så
353 1401 86 27 mycket
454 1401 100 26 erlägges
569 1401 7 20 i
592 1400 66 22 skatt.
688 1400 40 21 Att
743 1400 48 21 åter
806 1400 7 21 i

70 1434 72 21 denna
165 1434 260 27 bevillningsförordning
440 1434 73 22 införa
528 1436 33 20 ett
576 1434 128 27 stadgande,
720 1440 46 15 som
782 1433 31 22 af-

71 1473 35 16 ser
126 1467 163 28 förebyggande
304 1468 47 22 icke
367 1468 23 21 af
404 1468 192 27 skatteunderslef,
612 1470 52 19 utan
673 1467 23 22 af
703 1467 110 22 missbruk

139 1507 200 23 Bevillningsutskottets
352 1507 105 18 betänkande
470 1507 35 17 N:o
517 1507 17 17 3.
