1028 1664
286 115 28 23 U.
330 115 29 23 B.
375 127 16 4 —
401 112 84 31 Prop.
500 117 42 22 N:o
558 107 36 32 18.
766 118 26 20 33

67 179 6 18 i
89 180 10 22 $
115 177 12 20 3
144 180 111 25 upptagas,
272 181 86 24 utgöres
369 179 118 28 bevillning
498 180 6 20 i
516 180 132 21 förhållande
658 181 33 20 till
701 181 38 20 det
748 181 73 25 värde,

66 212 85 20 hvartill
168 212 132 27 egendomen
315 213 138 27 uppskattats
466 214 67 27 enligt
548 215 27 20 de
589 215 7 20 i
613 214 69 21 denna
697 215 124 26 förordning

67 246 103 27 stadgade
186 246 97 27 grunder.

135 281 42 20 För
190 281 219 27 jordbruksfastighet
424 284 23 18 är
459 281 219 29 bevillningsafgiften
688 283 53 28 fyra
752 283 69 28 penni,

66 314 33 20 för
121 315 28 20 all
170 321 69 14 annan
259 315 103 27 fastighet
381 316 24 20 sä
423 316 29 27 pä
467 316 74 21 landet
555 323 44 15 som
616 318 6 19 i
638 317 47 21 stad
699 317 45 28 fem
759 317 63 28 penni

67 349 12 20 ä
94 349 74 27 hvarje
183 349 82 31 hundra
280 349 59 31 mark
355 349 24 21 af
392 350 145 27 egendomens
553 351 142 28 uppskattade
711 352 72 21 värde.

414 409 19 24 $
446 409 24 21 2.

135 448 114 25 Bevillning
263 449 34 24 för
311 449 96 26 fastighet
421 449 90 26 erlägges
525 450 26 24 af
560 449 128 26 fastighetens
698 456 63 19 egare,
770 451 52 19 utom

65 482 10 19 i
88 482 88 25 följande
190 483 44 24 fall,
251 483 36 20 der
303 483 105 26 bevillning
422 485 81 44 utgöres
515 484 26 24 af
549 484 128 25 fastighetens
686 484 135 25 innehafvare,

65 517 106 25 nemligen:

134 553 22 23 a)
172 551 34 26 för
221 551 149 21 kronohemman
384 552 35 21 och
435 552 64 21 andra
515 552 177 26 kronolägenheter,
711 552 70 21 hvilka
792 553 30 20 be-

65 586 60 19 sittas
139 579 65 26 under
217 585 86 25 stadgad
317 586 92 25 åborätt
401 582 11 33 ;

136 620 23 26 0)
173 620 34 24 för
217 619 146 25 jordegendom,
379 626 42 14 som
436 620 25 20 är
476 620 91 26 antingen
581 619 32 21 till
629 620 84 20 boställe
727 620 95 26 upplåten

66 654 48 20 eller
134 654 57 25 eljest
209 654 31 25 på
262 654 33 20 lön
311 654 100 26 anslagen,
431 654 103 28 äfvensom
551 655 34 24 för
602 660 64 14 annan
677 653 30 27 på
720 653 102 21 enahanda

65 690 41 18 sätt
121 688 79 20 använd
214 688 101 26 fastighet,
331 688 72 21 såvida
416 685 115 24 densamma
541 690 24 19 är
575 688 22 21 åt
607 695 22 14 en
635 694 76 20 person
721 688 100 26 upplåten.

134 722 121 27 Bevillning
275 722 107 21 debiteras
401 723 40 37 och
461 719 107 54 uppbäres
586 723 6 20 i
612 722 40 21 den
672 725 41 24 ort,
733 722 37 21 der
792 722 30 20 fa-

67 756 107 27 stigheten
190 760 23 16 är
228 756 98 28 belägen.

416 803 53 28 $3.

135 842 55 20 Från
206 843 119 27 utgörande
341 843 24 21 af
379 843 232 28 fastighetsbevillning
626 846 36 18 äro
678 842 108 21 befriade:

134 877 22 28 a)
171 877 78 25 Staten;

135 912 22 25 b)
172 911 126 21 kommuner
314 912 40 20 och
365 912 102 27 kyrkliga
473 912 162 26 församlingar,
645 911 134 25 inrättningar
787 910 36 20 och

65 946 94 24 samfund
178 946 33 24 för
229 946 136 25 befrämjande
382 947 27 24 af
422 946 108 26 vetenskap
549 946 34 20 och
601 946 49 20 skön
664 946 64 23 konst,
745 944 74 20 under-

66 980 154 27 visningsverk,
234 980 155 27 hushällnings-
403 980 43 21 och
454 977 221 29 landtbrukssällskap
687 981 56 19 samt
752 978 69 21 barm-

65 1014 228 27 hertighetsstiftelser,
308 1014 33 21 för
356 1014 81 21 sådana
448 1014 49 21 dem
509 1014 107 27 tillhöriga
626 1013 132 27 byggnader,
769 1015 53 17 tom-

65 1050 32 18 ter
121 1048 40 20 och
186 1048 88 28 platser,
293 1048 74 27 hvilka
382 1052 37 17 äro
431 1049 38 28 för
485 1049 62 20 deras
563 1048 98 20 ändamål
678 1047 89 21 afsedda
782 1046 40 20 och

67 1084 128 25 upptagna;
188 1080 11 34 .

134 1117 20 27 c)
169 1123 64 21 egare
256 1117 24 20 af
301 1117 70 27 kanal,
387 1106 99 44 jernväg,
502 1121 64 17 annan
580 1118 43 24 väg,
638 1116 48 33 far-
696 1115 36 23 och
746 1114 76 26 flottled

67 1152 55 19 samt
137 1150 35 27 kaj
189 1150 40 21 och
244 1150 61 21 hamn
320 1150 31 28 (o.
368 1158 16 14 s.
400 1152 31 24 v.)

136 1184 23 28 4)
173 1184 178 31 (oförändradt);
364 1210 2 4 .
378 1180 10 39 .
405 1206 2 2 .

135 1219 21 27 e)
174 1226 62 18 egare,
257 1219 60 21 åboer
331 1219 36 21 och
381 1202 131 54 inehafvare
526 1213 24 32 af
563 1219 86 21 hemman
664 1215 34 23 och
713 1212 65 46 annan
792 1216 31 24 fa-

64 1253 75 25 stighet
155 1253 19 26 ej
190 1249 82 42 mindre
287 1254 7 19 i
310 1253 41 21 den
366 1253 29 27 (0.
410 1260 22 24 8.
444 1253 33 32 v.)

416 1304 16 27 $
447 1296 24 29 4.

307 1343 56 27 (lika
377 1343 49 21 med
442 1343 49 20 näd.
506 1342 73 27 prop.)

375 1400 110 25 86.

307 1439 55 25 (lika
378 1439 48 20 med
442 1439 50 22 nåd.
507 1438 70 29 prop.)

136 1478 199 22 Bevillningsutskottets
347 1478 108 18 betänkande
468 1478 35 18 N:o
515 1479 18 17 5.
