1025 1661
405 110 39 23 N:o
459 109 35 24 29.
779 113 25 19 15

70 176 103 22 behöfver
196 176 98 27 erläggas
310 176 29 27 på
354 176 98 26 förhand,
468 178 52 20 utan
537 177 13 20 å
566 176 37 21 det
619 176 71 27 ställe,
700 176 32 22 dit
748 175 81 28 skjuts-

71 211 78 26 ningen
172 211 70 26 skett;
268 211 41 21 och
323 211 37 21 må
375 211 13 21 å
402 211 125 27 gästgifveri
543 217 70 15 annan
629 211 50 21 häst
693 211 34 21 till
743 211 41 21 den
799 217 33 14 re-

72 245 66 22 sande
148 245 18 27 ej
177 245 100 27 utgifvas,
285 245 45 22 förr
346 247 27 19 än
388 245 43 21 han
448 245 136 27 skjutslegan
599 244 34 23 för
650 245 41 22 den
706 245 126 27 begagnade

71 279 79 22 hästen
166 279 71 22 betalt
255 281 56 19 samt
326 279 39 21 sitt
380 285 64 16 namn
460 280 41 21 och
517 279 70 27 öfriga
601 279 129 22 föreskrifna
746 278 87 23 anteck-

71 314 76 27 ningar
162 314 7 21 i
185 314 114 27 dagboken
315 314 113 22 inskrifvit.

141 348 108 27 Resande,
273 354 53 21 som,
344 350 50 20 utan
411 350 33 20 att
458 348 66 22 hafva
540 348 79 22 sådant
633 347 101 28 fullgjort,
751 348 81 22 lemnar

72 382 155 28 gästgifveriet,
250 383 69 27 plikte
342 382 57 22 ända
423 383 32 21 till
475 382 77 28 fyratio
567 383 66 21 mark.
664 382 42 22 Vid
721 382 113 22 enahanda

72 418 40 22 bot
126 418 35 21 må
177 418 18 27 ej
212 417 71 27 någon
299 419 60 20 emot
374 417 42 22 den
432 417 141 28 skjutsandes
588 417 51 28 vilja
653 417 49 22 med
712 417 122 28 skjutshäst

72 452 73 23 färdas
161 453 76 26 längre
253 455 27 18 än
295 452 32 21 till
344 453 64 21 nästa
423 452 134 27 gästgifveri,
573 453 27 21 de
616 452 7 21 i
641 451 8 28 $
658 453 26 20 20
693 451 140 28 uppräknade

73 487 39 22 fall
128 487 55 22 dock
198 487 147 27 undantagna.

418 549 10 28 8
446 552 33 19 18.

141 590 78 22 Finnes
235 590 35 22 vid
285 590 102 22 resandes
404 590 100 22 ankomst
519 590 33 22 till
568 590 123 27 gästgifveri
708 592 33 20 att
751 590 81 27 skjuts-

72 625 50 22 häst
141 625 56 27 tagit
220 625 67 21 skada
307 624 53 22 eller
374 626 86 24 störtat,
477 625 40 21 bör
532 624 78 22 hästen
626 624 7 22 i
649 627 90 19 närvaro
755 624 23 22 af
792 624 40 21 den

72 659 92 22 resande
181 659 40 22 och
237 659 90 21 hästens
344 665 65 21 egare
426 659 52 21 eller
494 659 42 22 den
552 659 135 27 skjutsande,
704 665 35 15 om
755 664 78 22 egaren

72 694 48 22 icke
136 696 24 19 är
175 694 114 26 tillstädes,
306 693 22 21 af
342 693 37 22 två
394 693 120 22 tillkallade
530 693 55 27 gode
601 696 50 19 män
666 693 118 27 besigtigas
793 693 41 21 och

74 728 82 22 skadan
179 730 76 20 mätas.
286 728 88 22 Erfares
397 728 83 26 härvid,
504 730 33 20 att
560 728 41 21 den
624 728 91 22 resande
730 728 56 21 varit
801 727 33 21 till

74 763 91 27 olyckan
187 762 106 27 vållande,
317 762 97 22 utbetale
437 763 42 21 han
502 762 58 22 hvad
583 763 81 26 skäligt
679 762 86 27 pröfvas
782 762 52 22 eller

73 798 65 22 ställe
161 798 72 22 derför
255 798 96 27 antaglig
374 797 103 22 säkerhet
499 798 65 21 innan
580 804 70 15 annan
665 797 122 27 skjutshäst
801 796 33 22 får

74 831 33 22 till
122 831 79 22 honom
218 832 111 21 utlemnas.

104 865 3 4 *
142 867 107 26 Resande,
274 873 46 16 som
342 867 67 21 vållat
431 867 69 21 skada
522 867 13 21 å
551 867 41 21 den
608 866 138 27 skjutsandes
762 865 72 22 äkdon

74 901 52 22 eller
148 903 96 25 resetyg,
265 901 36 21 mä
323 901 18 27 ej
359 901 68 22 heller
443 901 82 22 erhälla
540 901 51 22 häst
605 901 34 21 för
653 907 75 15 resans
744 900 88 22 fortsät-

74 936 64 21 tande
161 936 47 21 frän
232 936 148 27 gästgifveriet
396 936 44 22 förr
455 938 27 20 än
498 936 43 22 han
557 936 83 22 skadan
656 936 110 27 godtgjort
782 935 52 22 eller

74 970 32 22 för
122 970 125 22 densamma
261 970 65 27 nödig
342 970 103 22 säkerhet
460 970 60 22 stält.

143 1004 84 22 Skadas
242 1006 103 21 resandes
362 1005 71 21 äkdon
450 1005 52 22 eller
517 1007 88 26 resetyg
620 1011 77 21 genom
713 1004 121 28 skjutskar-

73 1039 47 22 lens
135 1039 139 27 förvällande,
291 1041 82 21 ersätte
390 1040 68 21 denne
475 1040 84 22 skadan
575 1039 55 23 efter
645 1038 187 23 mätismannaord-

142 1074 11 21 1
178 1074 43 21 alla
243 1074 64 22 dessa
321 1073 37 22 fall
374 1074 78 21 stände
469 1074 41 22 den
526 1074 117 27 missnöjde
658 1074 47 21 fritt
720 1075 34 19 att
768 1072 66 22 mälet

73 1108 34 21 till
122 1109 161 26 undersökning
299 1108 40 22 och
354 1108 100 27 pröfning
469 1108 37 22 vid
522 1108 93 21 domstol
630 1108 121 21 instämma.

144 1143 122 28 Skjutskarl
288 1149 51 16 vare
363 1143 85 28 skyldig
471 1145 33 20 att
525 1143 41 22 den
581 1143 92 22 resande
690 1142 80 27 ätfölja,
786 1147 49 16 men

74 1183 39 21 ege
137 1178 19 27 ej
177 1179 44 20 rätt
237 1179 32 20 att
284 1177 50 28 sjelf
348 1178 54 21 köra
417 1178 47 21 sina
479 1178 82 26 hästar,
577 1178 74 21 derest
666 1177 48 22 icke
728 1176 107 22 resanden

74 1211 78 22 sädant
167 1212 86 22 önskar.

420 1275 10 27 8
448 1277 33 19 19.

142 1315 89 22 Enhvar
247 1321 39 21 ege
301 1315 8 22 i
324 1315 50 22 stad
390 1315 53 22 eller
452 1316 29 27 pä
490 1309 63 38 landet
568 1317 45 20 rätt
625 1316 32 20 att
665 1315 81 22 erhälla
754 1313 80 28 skjuts-

74 1349 50 22 häst
140 1349 34 22 för
190 1350 33 27 sig
239 1350 40 21 och
295 1350 47 21 sina
358 1349 147 28 reseeffekter,
522 1356 48 15 men
588 1349 33 22 för
636 1351 111 25 transport
762 1347 23 22 af
798 1354 36 15 va-

73 1390 36 15 ror
132 1384 41 22 och
196 1384 166 28 flyttningsgods
385 1386 57 20 samt
461 1386 67 20 annat
547 1384 68 28 dylikt
629 1384 34 21 mä
679 1384 18 27 ej
714 1383 122 27 skjutshäst

73 1418 105 27 utgifvas;
195 1419 48 22 icke
258 1419 67 22 heller
341 1426 51 15 vare
409 1419 142 28 dryckesrörd
567 1425 80 21 person
664 1417 124 27 berättigad
804 1418 32 20 att

74 1453 67 22 sådan
157 1453 89 22 erhålla.
