1023 1661
382 82 55 23 N:o
452 81 43 24 99.

347 435 67 24 Hans
432 435 153 29 Kejserliga
596 435 139 28 Majestäts
746 434 78 31 nådiga

278 471 130 29 proposition
431 471 31 23 till
479 471 101 23 Finlands
603 471 93 29 Ständer,
716 469 109 30 angående

279 505 162 29 gvarnskattens
457 505 155 30 upphäfvande.

148 570 37 20 Uti
201 569 133 27 underdänig
350 569 113 21 skrifvelse
479 570 23 20 af
516 570 40 20 den
573 570 26 20 26
616 570 60 26 April
694 570 52 21 1877
762 569 64 21 hafva

76 604 102 22 Finlands
202 604 35 21 vid
261 606 85 19 senaste
366 604 103 27 landtdag
489 604 129 22 församlade
635 604 97 26 Ständer,
748 605 8 21 i
772 610 55 15 sam-

76 639 107 26 manhang
202 639 48 21 med
268 639 63 21 deras
350 645 49 15 svar
420 639 12 21 &
451 639 61 21 Hans
528 639 121 27 Kejserliga
664 639 114 27 Majestäts
793 639 35 21 till

78 674 47 20 dem
148 672 80 22 aflätna
251 673 79 27 nädiga
352 674 141 26 proposition,
514 674 109 26 angäende
643 674 129 26 anläggning
788 673 39 21 och

79 708 138 26 beskattning
236 708 22 21 af
275 708 144 27 mjölgvarnar
435 708 38 21 och
490 708 188 27 sädesstampverk
693 708 48 21 med
758 714 70 15 annan

79 742 103 21 drifkraft
197 744 25 19 än
238 744 80 25 vatten,
334 742 119 21 framhällit
468 744 39 25 att,
524 743 67 21 ehuru
607 743 174 27 gvarnindustrin
793 748 35 15 en-

78 778 41 26 ligt
142 777 73 26 regeln
238 782 51 16 vore
312 777 123 26 beskattad,
458 777 138 27 undantagen
619 777 46 21 frän
686 777 70 21 denna
770 777 59 26 regel

80 812 56 20 dock
151 818 51 14 vore
222 812 136 26 synnerligen
378 812 86 25 talrika,
485 813 33 20 att
536 812 102 21 skattfria
660 818 92 20 gvarnar
775 811 55 21 dock

80 846 136 21 fortfarande
234 846 72 21 kunde
321 846 80 27 uppstä
415 846 36 21 vid
467 846 61 21 sidan
545 846 23 21 af
582 846 53 26 dem,
652 852 45 15 som
712 852 52 15 vore
779 852 52 20 gan-

82 881 38 20 ska
135 881 53 26 högt
204 880 134 26 beskattade,
354 880 39 21 och
409 882 33 19 att
457 880 86 21 skatten
559 881 28 26 pä
602 881 26 20 de
644 887 98 20 gvarnar,
758 880 74 21 hvilka

81 915 54 21 bure
158 915 73 26 sädan,
254 921 51 15 vore
323 915 64 26 högst
405 915 81 26 ojemnt
505 915 103 26 fördelad,
629 917 55 19 samt
703 915 6 21 i
725 914 107 22 anseende

82 949 34 22 till
136 949 64 22 dessa
220 949 183 27 omständigheter
423 949 39 22 och
478 949 27 22 de
520 949 7 21 i
543 949 93 22 berörda
650 949 113 21 skrifvelse
778 949 7 21 i
801 949 31 21 öf-

83 985 44 26 rigt
142 984 90 21 anförda
247 984 148 21 förhällanden
410 984 6 21 i
427 984 173 27 underdänighet
609 984 107 26 hemstält,
727 983 107 22 huruvida

82 1019 61 22 Hans
163 1019 121 27 Kejserliga
302 1018 104 27 Majestät
424 1018 48 21 icke
491 1019 65 20 funne
575 1018 46 21 skäl
638 1020 31 19 att
684 1019 6 20 i
706 1018 67 21 näder
788 1017 45 22 vid-

83 1055 52 25 taga
153 1053 36 22 det
208 1053 28 28 pä
255 1053 59 21 Hans
334 1053 121 27 Kejserliga
474 1053 104 27 Majestät
593 1053 155 21 ankommande
763 1053 70 20 initia-

83 1088 30 20 tiv
129 1088 34 20 till
178 1088 166 26 gvarnskattens
359 1087 158 27 upphäfvande.

145 1122 29 22 Af
183 1122 157 22 ofvannämnda
348 1124 74 19 räntor
431 1122 53 21 eller
493 1122 90 26 skatter,
592 1122 88 21 hvarom
687 1122 40 21 här
735 1123 24 19 är
767 1121 67 28 fräga,

82 1158 65 26 utgör
163 1156 142 22 statsverkets
320 1156 100 22 behällna
431 1156 71 28 andel,
514 1156 55 22 efter
583 1157 53 21 1876
649 1156 35 21 ärs
696 1155 139 27 markegäng,

83 1192 78 26 89,513
173 1192 61 20 mark
242 1192 28 21 54
281 1192 71 26 penni.
368 1191 131 21 Derutöfver
507 1193 25 19 är
542 1191 23 21 af
574 1197 81 15 samma
665 1192 62 20 ränta
738 1190 98 27 anslaget

87 1226 46 21 dels
148 1226 7 21 i
170 1226 92 21 kontant
278 1226 45 21 dels
339 1226 7 21 i
362 1226 103 27 spanmä!,
477 1226 48 21 med
536 1225 135 27 förvandling
682 1224 23 24 af
714 1225 124 27 spanmälen

86 1261 33 21 till
135 1261 120 27 penningar
270 1260 55 22 efter
340 1260 138 27 markegäng,
488 1260 33 22 till
538 1262 125 25 augmenter
678 1260 22 21 ät
707 1260 130 26 rusthällen,

88 1296 60 25 1,462
172 1295 62 21 mark
257 1296 27 20 25
303 1296 64 26 penni
387 1295 39 21 och
442 1295 33 21 till
491 1295 159 21 militiestatens
667 1294 93 26 aflöning
776 1295 61 25 5,807

86 1330 61 21 mark
168 1331 27 20 48
214 1330 70 27 penni,
300 1332 56 19 samt
372 1330 77 21 endast
464 1330 7 20 i
488 1330 106 27 spanmäl:
610 1330 32 20 till
658 1329 75 21 vinsäd
749 1329 27 21 39
792 1330 48 19 tun-

88 1370 40 15 nor
145 1364 42 27 33/,
202 1364 91 27 kappar,
309 1364 33 21 till
357 1365 156 26 prostetunnor
529 1365 12 20 6
557 1365 79 20 tunnor
650 1363 40 26 8!'/;
707 1363 89 27 kappar,
807 1362 34 21 till

87 1398 214 27 vederlagsspanmäl
318 1399 24 20 11
360 1399 79 20 tunnor
454 1399 28 20 20
498 1398 89 27 kappar,
603 1397 33 22 till
651 1391 47 28 Åbo
714 1397 40 21 och
768 1396 73 27 Borgå
