1025 1667
231 125 13 20 4
539 126 35 22 N:o
589 126 31 22 21.

275 194 23 26 b)
321 196 68 20 under
408 196 76 26 sjelfva
502 196 165 27 tillverkningen
688 196 51 21 eller
755 196 94 21 derefter
865 196 31 21 till
913 196 40 21 den

202 229 54 26 grad
272 229 96 26 skadats,
388 232 32 19 att
440 230 40 21 den
496 231 67 27 enligt
578 231 125 27 tillförlitlig
718 231 116 26 utredning
850 231 46 21 icke
912 231 41 21 kan

203 263 72 21 såsom
291 264 119 27 maltdryck
426 265 115 21 användas.

555 328 47 28 84.
822 351 4 4 s

274 367 33 21 Dä
329 368 121 27 maltdryck
472 368 47 21 frän
542 370 66 20 annat
630 369 50 21 land
704 369 32 21 till
757 368 91 22 Finland
868 368 87 26 införes,

203 401 55 21 skall
274 402 72 21 derför
362 403 99 26 erläggas
482 404 45 25 tull,
544 404 28 26 pä
588 406 43 19 sätt
647 404 74 21 derom
737 406 24 18 är
778 404 103 20 särskildt
897 404 58 19 stad-

202 435 61 26 gadt;
288 436 53 21 dock
366 439 32 18 att
420 438 66 25 sagde
506 437 62 27 afgift
586 438 47 21 icke
653 438 34 21 mä
703 438 127 26 understiga
846 438 29 20 tio
891 438 65 26 penni

202 469 33 22 för
251 471 74 26 hvarje
341 471 66 27 butelj
424 472 23 21 af
462 479 24 14 en
497 472 114 27 fjerdedels
623 473 81 21 kannas
717 473 60 26 rymd
789 473 39 20 och
839 473 40 20 fem
891 472 64 27 penni

203 505 34 21 för
252 505 47 21 half
315 506 65 27 butelj
398 509 62 24 samt,
476 514 34 15 om
526 514 65 15 varan
607 508 81 21 införes
703 507 28 27 pä
746 507 38 27 fat,
801 508 74 21 trettio
891 507 65 27 penni

203 539 34 22 för
252 540 77 22 kanna.

555 571 11 27 8
583 572 18 20 5.

275 605 86 26 Önskar
376 611 70 26 någon
463 611 31 21 till
510 611 127 27 försäljning
653 611 101 22 tillverka
764 611 125 27 maltdryck,
902 611 54 21 skall

202 643 42 22 han
261 644 39 21 hos
316 644 140 23 Guvernören
472 646 7 21 i
495 647 58 20 länet
568 647 72 20 derom
658 646 85 21 anmäla
759 646 65 21 minst
835 648 32 19 tre
878 645 78 22 veckor

203 678 47 21 före
266 679 178 28 tillverkningens
460 681 135 26 vidtagande.

275 713 75 22 Redan
374 715 122 27 berättigad
518 715 124 22 tillverkare
661 715 23 22 af
702 714 120 28 maltdryck
842 717 24 18 är
879 715 78 26 jemväl

203 747 86 28 skyldig
305 749 32 20 till
354 749 67 21 sådan
438 750 97 21 anmälan
551 750 65 21 minst
632 750 36 21 två
685 750 78 21 veckor
779 750 64 20 innan
859 749 48 26 han,
927 749 29 20 ef-

203 784 33 19 ter
252 783 37 20 det
309 783 69 22 denna
396 783 126 28 förordning
541 785 58 20 trädt
618 785 6 20 i
640 784 101 27 gällande
756 783 65 27 kraft,
837 784 48 21 med
901 783 56 21 utöf-

204 817 69 21 vande
289 818 23 21 af
327 818 33 21 sin
376 819 104 26 rättighet
495 819 97 26 vidtager
608 819 53 21 eller
676 819 120 20 fortsätter.

275 851 147 28 Tillverkning
437 859 62 15 anses
515 853 90 22 fortfara
620 853 39 22 och
675 853 117 26 bevillning
809 853 39 20 bör
858 853 99 26 erläggas

203 886 57 21 intill
277 887 48 20 dess
342 887 125 22 tillverkare
486 894 33 15 om
539 888 106 21 rörelsens
665 887 140 27 upphörande
822 887 80 21 anmält
917 887 40 20 hos

203 920 139 23 Guvernören
367 922 7 21 i
397 923 64 26 länet,
481 923 84 20 hvilken
586 923 35 20 det
641 923 83 26 åligger
740 924 32 19 att
788 928 34 15 om
838 922 67 21 sådan
921 928 36 14 an-

203 955 70 21 mälan
285 956 127 22 underrätta
423 957 158 22 vederbörande
592 957 122 22 kontrollör
724 957 40 21 och
772 956 185 27 kronobetjening.

559 1019 10 28 8
586 1021 17 20 6.

276 1059 42 21 Vid
334 1059 122 22 beredande
472 1060 22 21 af
508 1060 119 27 maltdryck
643 1061 34 20 må
693 1060 47 21 icke
756 1060 154 26 maltsurrogat
921 1065 35 15 an-

204 1093 81 22 vändas
301 1094 7 21 i
325 1095 73 21 stället
413 1094 33 21 för
462 1095 57 21 malt.

559 1158 11 28 8
587 1159 18 20 7.

276 1199 43 20 Det
337 1199 33 21 för
390 1199 164 27 tillverkningen
573 1199 143 26 erforderliga
734 1199 102 26 beloppet
857 1198 52 21 malt
926 1197 33 21 mä

204 1233 87 21 skrotas
311 1233 78 21 endast
408 1234 31 20 uti
460 1240 24 14 en
504 1234 6 20 i
530 1234 98 26 bryggeri
645 1234 53 20 eller
715 1233 129 21 dithörande
861 1232 99 27 byggnad

203 1268 109 26 uppstäld,
335 1268 48 21 med
406 1268 130 21 automatisk
559 1268 137 21 maltmätare
721 1268 87 20 försedd
825 1273 66 20 qvarn
907 1266 52 21 eller

203 1302 70 25 kross,
298 1308 46 15 som
362 1302 55 21 efter
436 1302 52 22 derå
506 1302 31 21 till
558 1302 141 22 Guvernören
715 1302 7 21 i
739 1302 59 21 länet
813 1301 94 27 ingifven
924 1301 37 20 be-

204 1336 107 27 skrifning
334 1336 71 22 blifvit
428 1337 23 21 af
472 1337 76 21 honom
571 1337 34 21 för
627 1336 125 22 ändamålet
776 1336 107 27 godkänd.
918 1334 43 22 Gu-

204 1372 77 20 vernör
305 1371 83 27 åligger
410 1374 38 24 att,
469 1372 55 21 inom
545 1372 36 21 två
600 1372 79 21 veckor
696 1372 55 21 efter
767 1372 37 20 det
819 1370 120 26 ansökning
955 1370 6 20 i

204 1405 79 21 sådant
305 1406 56 27 syfte
384 1406 34 22 till
441 1406 77 22 honom
541 1407 120 26 inlemnats,
683 1407 34 25 sig
736 1406 60 21 öfver
816 1404 146 26 ansökningen

206 1440 75 20 utlåta.
