1025 1661
226 116 26 20 16
533 113 38 23 N:o
588 112 34 24 29.

266 179 118 22 Städernas
407 180 101 22 invånare
528 180 40 21 och
585 180 55 26 dem,
657 186 48 16 som
720 180 39 21 der
773 180 82 26 näring,
872 180 85 21 embete

197 214 52 21 eller
264 214 67 27 tjenst
346 214 70 27 hafva,
433 215 52 21 eller
500 214 64 28 eljest
579 216 37 20 äro
632 215 95 26 bosatte,
744 221 51 15 vare
805 214 109 28 förbjudet
924 216 33 20 att

196 248 33 22 för
244 254 61 15 resor
319 248 47 22 från
382 249 78 21 staden
475 250 97 26 begagna
588 250 128 27 skjutshäst,
737 250 25 20 så
777 249 65 21 framt
857 249 18 27 ej
892 254 65 16 resan

197 282 51 22 sker
270 283 32 21 till
325 283 184 28 gästgifvaregård
525 284 29 27 på
569 284 75 21 landet
659 284 54 21 eller
728 284 41 21 ock
784 284 7 21 i
807 284 149 25 embetsange-

196 317 128 28 lägenheter
338 319 135 21 verkställes.

266 353 54 25 Den,
336 359 47 15 som
400 355 24 20 är
438 353 29 27 på
481 353 74 22 landet
570 353 81 26 bosatt,
667 359 52 15 vare
734 353 48 21 icke
791 353 121 27 berättigad
924 354 33 20 att

197 386 73 22 fordra
286 387 122 27 skjutshäst
423 387 33 22 för
471 387 47 22 färd
532 387 47 22 från
596 388 32 21 sin
643 387 79 22 bostad
735 388 32 21 till
776 389 109 20 närmaste
896 389 59 25 gäst-

198 421 82 28 gifveri,
297 422 48 22 icke
361 423 68 21 heller
443 423 47 21 från
506 423 61 21 detta
582 423 31 21 till
630 423 65 21 ställe
710 423 57 21 invid
783 423 52 21 eller
850 422 29 27 på
894 422 62 21 sidan

198 462 35 15 om
254 458 69 25 vägen
347 457 90 22 emellan
456 458 105 21 bostaden
578 457 40 22 och
633 459 68 20 annat
715 457 132 27 gästgifveri,
864 457 31 21 dit
909 456 47 21 från

200 490 37 22 det
251 491 149 22 förstnämnda
416 492 96 27 skjutsas
527 492 46 27 bör,
590 492 74 22 derest
679 492 43 21 han
737 492 219 21 ickeiembetsären-

200 525 40 22 den
256 532 50 15 resa
320 525 115 28 företager,
452 527 7 21 i
474 527 83 21 hvilket
571 526 37 22 fall
624 527 107 21 resanden
740 527 39 21 bör
787 526 32 21 till
829 525 127 28 skjutsande

198 560 89 27 erlägga
302 560 101 22 faststäld
418 561 49 27 lega
483 560 59 23 äfven
562 561 33 22 för
611 561 41 21 den
668 563 42 25 väg
726 561 69 21 denne
810 560 146 28 tillryggalagt

198 594 32 22 för
244 596 34 20 att
292 596 108 21 resanden
415 595 101 22 afhemta.

267 630 107 26 Resande,
391 636 47 15 som
453 636 77 16 annars
545 630 47 22 från
609 630 126 28 gästgifveri
751 630 48 22 icke
810 630 36 20 vill
854 629 103 22 fortsätta

196 663 76 22 färden
288 664 74 27 längre
377 666 28 20 än
420 665 33 21 till
469 666 65 26 något
548 665 59 22 invid
622 667 69 25 vägen
707 667 98 19 närmare
820 666 27 19 än
862 664 94 27 följande

198 697 126 28 gästgifveri
339 699 88 29 beläget
443 699 69 27 ställe,
529 700 40 21 bör
584 699 33 22 för
632 700 80 21 sådant
727 699 100 21 ändamål
836 698 121 27 skjutshäst

198 732 92 27 erhålla;
306 733 71 22 likaså
392 734 32 21 till
441 734 62 21 ställe
518 735 29 26 på
562 734 62 21 sidan
640 740 35 15 om
691 736 76 24 vägen,
783 733 90 22 såframt
887 734 69 25 vägen

198 766 32 22 dit
245 769 25 19 är
285 767 72 22 farbar
373 768 39 21 och
429 768 109 22 afståndet
553 769 47 21 icke
616 768 69 22 heller
700 769 64 26 utgör
779 774 46 15 mer
841 770 25 19 än
875 767 81 22 femton

198 801 39 22 och
252 801 7 22 i
274 803 161 26 undantagsfall
450 803 55 21 ända
520 803 34 21 till
570 803 61 28 tjugu
646 804 66 25 verst,
729 803 7 20 i
751 803 87 20 hvilken
853 802 103 21 händelse

198 835 80 22 dubbel
293 836 49 27 lega
358 836 99 28 erlägges
473 836 33 22 för
520 837 56 22 hvad
592 843 47 15 som
649 836 144 28 öfverskjuter
801 836 80 22 femton
889 837 66 20 verst.

542 899 12 28 8
570 902 34 19 20.

266 939 32 21 På
321 940 60 21 släde
405 940 53 22 eller
480 941 164 21 sommaråkdon
668 940 56 22 efter
746 946 27 16 en
788 940 121 27 skjutskäst
923 939 33 21 får

198 973 76 27 läggas
290 974 57 21 ända
362 974 33 21 till
409 975 62 27 tjugu
485 975 93 27 lispund,
594 975 87 22 hvilken
697 975 67 27 tyngd
779 974 33 22 för
827 974 72 27 hvarje
907 974 51 21 häst

197 1008 125 22 derutöfver
340 1008 34 22 får
389 1010 53 20 ökas
457 1010 49 21 med
520 1010 82 21 femton
616 1010 94 27 lispund.
740 1009 61 21 Efter
817 1015 25 15 en
858 1009 50 21 häst
922 1009 35 21 mä

198 1042 18 27 ej
226 1042 42 22 åka
276 1042 53 22 flera
340 1045 27 19 än
382 1044 37 21 två
433 1050 103 21 personer
550 1044 50 22 med
615 1044 84 27 bagage
708 1044 23 21 af
736 1044 65 26 högst
809 1043 42 22 fem
859 1044 98 26 lispunds

196 1077 46 27 vigt
258 1077 52 21 eller
326 1084 27 15 en
367 1084 78 20 person
469 1078 48 22 med
539 1079 66 27 högst
623 1078 40 22 tolf
677 1078 100 27 lispunds
792 1078 90 26 bagage,
899 1080 57 19 samt

196 1110 55 22 efter
273 1111 37 21 två
332 1111 77 22 hästar
431 1113 19 26 ej
469 1112 51 22 flere
543 1115 27 19 än
592 1114 34 20 tre
640 1119 106 20 personer
761 1112 49 21 med
826 1112 82 27 bagage
924 1112 33 21 till

196 1145 48 21 åtta
259 1145 106 28 lispunds,
381 1147 37 21 två
433 1153 103 20 personer
551 1147 50 22 med
616 1147 87 27 bagage
718 1147 33 21 till
761 1146 82 22 femton
851 1147 105 26 lispunds,

196 1179 53 22 eller
272 1186 27 15 en
320 1187 79 20 person
421 1182 50 21 med
494 1182 84 27 bagage
601 1182 32 21 till
656 1181 108 28 tjugufem
783 1181 98 27 lispunds
904 1181 52 27 vigt,

195 1214 41 21 och
259 1215 25 21 så
306 1215 81 26 vidare,
408 1222 48 15 men
479 1216 109 27 begagnar
610 1216 93 21 resande
727 1217 50 25 eget
791 1215 112 28 fyrhjuligt
919 1217 37 26 öp-

194 1250 39 25 pet
256 1249 73 21 åkdon
352 1249 53 22 eller
427 1251 119 26 täcksläde,
571 1250 39 27 får,
633 1250 91 22 såframt
740 1250 134 21 annorlunda
889 1251 18 27 ej
925 1250 31 22 öf-

193 1283 184 28 verenskommes,
394 1283 55 23 efter
465 1291 26 15 en
505 1285 51 21 häst
571 1285 18 27 ej
607 1285 42 21 åka
664 1285 53 21 flera
732 1287 28 18 än
776 1291 26 15 en
810 1284 89 22 fullväxt
906 1291 50 21 per-

192 1323 40 15 son
253 1317 69 28 jemte
342 1320 33 20 ett
388 1319 55 21 barn
459 1319 39 22 och
514 1320 84 26 bagage
614 1319 32 22 till
661 1319 44 22 fem
720 1319 98 27 lispunds
834 1319 50 27 vigt.
914 1320 43 21 För

192 1350 109 23 halftäckt
316 1358 55 21 vagn
387 1352 23 22 af
423 1354 78 21 lättare
516 1353 150 22 beskaffenbet
682 1360 51 15 vare
748 1353 100 27 resande,
865 1354 28 20 då
907 1359 49 21 per-

193 1386 96 22 sontalet
312 1387 41 21 och
376 1387 105 28 bagagets
504 1388 46 27 vigt
574 1388 17 27 ej
616 1387 135 23 öfverskrida
765 1387 57 22 hvad
837 1387 40 22 här
892 1387 63 22 ofvan

192 1420 108 27 stadgats,
323 1421 49 21 icke
391 1422 79 27 pligtig
485 1424 33 19 att
531 1423 98 26 begagna
644 1422 54 22 ffera
714 1424 27 19 än
757 1421 38 22 två
809 1422 81 26 hästar,
907 1428 49 15 men

191 1453 34 22 för
248 1457 77 25 tyngre
348 1455 113 28 halftäckt,
482 1457 110 22 äfvensom
606 1457 34 22 för
654 1457 99 22 heltäckt
768 1463 56 20 vagn
839 1457 60 26 böra,
916 1457 40 21 der
