1023 1661
280 135 24 21 U.
320 134 24 22 B.
359 147 28 3 —
403 134 65 28 Prop.
483 135 38 22 N:o
537 133 33 23 27.

259 463 238 24 Statsutskottets
521 464 175 23 betänkande
719 465 37 22 N:o
773 463 13 22 2
801 465 8 21 i

190 498 120 29 anledning
332 498 25 23 af
377 499 58 22 Hans
455 499 128 29 Kejserliga
597 499 115 29 Majestäts
727 499 82 28 nådiga

190 533 138 29 proposition
343 533 114 29 angående
467 534 172 28 qvarnskattens
647 533 161 29 upphäfvande.

124 596 104 28 Samtliga
242 597 92 21 stånden
349 597 63 22 hafva
428 597 140 23 öfverlemnat
584 598 69 21 denna
668 597 78 27 nådiga
761 604 49 21 pro-

54 631 93 28 position
170 631 33 21 till
226 631 181 22 Statsutskottets
431 632 140 28 behandling;
588 632 40 22 och
643 632 39 21 har
698 632 112 22 Utskottet

54 666 28 27 på
104 666 94 26 begäran
221 666 85 21 erhållit
329 666 34 21 del
383 666 22 22 af
427 667 26 21 de
469 667 35 21 vid
520 667 100 21 ärendets
636 666 117 27 beredning
768 666 42 21 till-

54 700 78 22 komna
154 700 128 27 handlingar
304 700 48 22 med
376 701 99 21 anmälan
495 703 33 20 att
542 701 71 27 någon
629 702 132 26 omröstning
776 701 35 21 vid

55 735 77 21 sakens
149 734 151 28 föredragning
315 735 7 20 i
338 735 121 28 Kejserliga
475 735 95 22 Senaten
586 736 46 21 icke
649 737 35 25 egt
699 742 53 15 rum.

124 832 66 22 Detta
211 833 79 21 ärende
306 833 40 21 har
361 834 67 21 redan
443 834 36 21 vid
496 834 26 21 de
538 835 78 20 tvenne
631 833 179 27 nästföregående

55 867 156 27 landtdagarne
234 868 54 26 tagit
310 868 128 22 ständernas
463 868 191 27 uppmärksamhet
678 868 6 21 i
710 868 99 26 anspråk.

56 902 40 21 Vid
120 903 54 20 1872
196 902 35 21 års
254 902 102 28 landtdag
378 902 152 22 framkallades
553 902 74 28 frågan
642 909 77 21 genom
734 904 78 20 tvenne

56 936 190 27 petitionsförslag,
263 936 23 22 af
296 936 74 23 hvilka
385 938 37 20 det
437 944 41 14 ena
493 937 97 28 åsyftade
599 939 153 25 qvarnräntans
763 936 48 22 full-

58 971 92 27 komliga
165 970 138 28 afskaffande,
320 972 38 22 det
373 972 66 21 andra
455 972 48 22 åter
518 972 114 22 förordade
652 972 41 21 alla
708 977 102 21 qvarnars

58 1006 166 27 skattläggning,
241 1006 69 28 begge
326 1006 56 22 dock
397 1006 50 22 med
463 1007 37 21 det
516 1012 156 22 gemensamma
692 1006 121 28 syftemålet

57 1042 38 26 att,
106 1046 33 16 om
148 1041 39 21 ock
203 1041 27 27 på
239 1042 57 21 olika
304 1044 72 24 vägar,
391 1041 96 27 aflägsna
503 1042 27 20 de
543 1040 206 27 missförhållanden,
766 1046 46 16 som

58 1076 40 21 den
107 1076 99 26 gällande
214 1076 164 27 lagstiftningen
386 1082 35 16 om
429 1082 94 21 qvarnar
532 1076 39 22 och
582 1076 62 22 deras
654 1075 160 27 skattläggning

58 1109 126 27 framkallat,
202 1110 39 21 och
258 1110 122 28 dymedelst
401 1110 106 28 befrämja
522 1110 143 27 uppkomsten
681 1109 21 22 af
716 1116 26 15 en
758 1111 55 19 star-

58 1145 51 21 kare
128 1145 166 27 qvarnindustri.
327 1145 109 22 Ehuruväl
453 1145 119 22 ständerna
586 1145 66 21 redan
668 1145 27 20 dä
710 1145 7 20 i
732 1143 81 28 princip

59 1179 94 22 erkände
176 1180 37 21 det
234 1180 136 27 berättigade
390 1180 32 21 uti
437 1180 107 27 yrkandet
559 1179 29 28 pä
604 1179 164 27 gvarnskattens
784 1177 30 22 af-

59 1213 117 28 skaffande,
193 1215 81 26 ansågo
291 1215 26 21 de
334 1214 55 22 dock
405 1215 48 21 icke
469 1215 72 20 denna
556 1214 40 21 sak
611 1220 51 15 vara
676 1213 24 22 så
716 1212 98 28 maktpå-

59 1249 107 28 liggande,
182 1251 33 19 att
230 1249 41 22 den
286 1248 34 23 för
336 1248 93 22 tillfället
443 1249 69 21 borde
528 1247 66 23 blifva
608 1248 88 21 föremål
711 1247 33 22 för
751 1247 63 21 fram-

60 1283 108 27 ställning,
184 1285 51 20 utan
252 1283 84 22 beslöto
351 1283 7 21 i
374 1283 74 22 stället
463 1285 34 19 att
512 1283 50 26 ingå
577 1283 49 21 med
637 1281 132 28 underdånig
779 1287 37 22 pe-

60 1318 62 21 tition
145 1318 80 26 derom,
249 1319 33 20 att
304 1324 27 15 en
346 1317 92 22 revision
454 1317 23 22 af
490 1317 98 28 gällande
604 1317 133 27 stadganden
752 1316 65 27 angå-

61 1352 54 22 ende
131 1352 145 28 mjölgvarnar
291 1352 41 22 och
348 1352 123 27 stampverk
485 1351 71 22 blefve
571 1351 101 27 vidtagen
687 1351 7 21 i
710 1351 37 21 det
762 1349 56 28 syfte

61 1388 33 19 att
102 1387 27 21 de
138 1386 116 27 omgångar
262 1386 40 21 och
310 1386 134 21 kostsamma
449 1385 162 28 förrättningar,
622 1391 46 16 som
684 1384 134 23 erfordrades

61 1420 33 22 för
110 1422 32 20 att
157 1420 119 27 berättigas
292 1420 32 21 till
339 1420 72 27 dylika
426 1420 63 21 verks
507 1420 129 27 anläggning
652 1419 39 22 och
705 1419 34 21 för
748 1420 32 20 att
798 1417 22 22 få

62 1455 111 22 desamma
188 1455 126 26 skattlagda
330 1456 56 20 samt
401 1455 127 27 isynnerhet
543 1454 33 21 för
591 1455 33 20 att
639 1453 80 22 erhålla
729 1453 92 22 förmed-

113 1494 149 18 Statsutskottets
276 1493 119 18 betänkande
408 1494 36 17 N:o
456 1495 17 17 2.
