1028 1661
423 131 35 22 N:o
474 131 30 22 31.
789 131 12 20 3

153 201 58 21 Enär
234 201 90 26 mången
347 201 97 20 afhållits
468 200 47 21 från
537 202 32 19 att
589 200 52 21 söka
656 199 85 21 inträde
757 199 5 20 i
778 199 56 21 före-

82 237 79 25 ningen
178 235 22 21 af
214 235 87 21 fruktan
317 237 33 19 att
366 235 33 21 stå
414 235 6 20 i
432 235 139 26 ansvarighet
581 235 34 20 för
625 234 138 26 föreningens
773 233 60 20 äldre

82 271 41 25 lån,
140 276 48 14 men
204 276 26 14 en
246 270 54 20 ökad
317 270 98 25 utlåning
431 276 52 14 vore
498 269 122 26 nödvändig
636 269 33 20 för
685 270 33 19 att
728 270 51 18 utan
791 267 43 21 del-

82 310 104 20 egarenes
210 304 107 20 särskilda
337 304 136 25 betungande
494 304 72 20 kunna
586 303 67 21 samla
668 309 25 15 en
710 301 124 22 reservfond

82 339 33 20 till
136 338 100 21 mötande
260 338 22 20 af
300 337 129 21 inträffande
449 338 108 25 förluster,
580 338 38 20 har
634 337 124 26 föreningen
775 336 6 21 i
797 342 39 14 un-

83 373 142 26 derdånighet
244 373 78 21 ansökt
341 379 34 14 om
397 372 66 21 sådan
484 372 22 21 af
521 372 109 27 Styrelsen
647 372 122 20 sedermera
781 371 53 27 jem-

84 408 33 20 väl
135 407 85 21 bifallen
237 408 90 25 ändring
343 407 22 21 af
379 407 138 26 föreningens
533 407 136 26 reglemente,
686 409 33 18 att
729 406 107 26 delegare,

83 442 75 20 hvilka
174 442 54 20 efter
244 442 107 26 utgången
369 441 22 21 af
406 442 23 20 år
447 442 52 20 1877
521 442 82 20 inträdt
618 441 6 20 i
641 441 132 25 föreningen,
789 439 47 21 icke

85 482 92 15 ansvara
196 476 33 21 för
248 476 80 21 sådana
348 476 108 25 förluster,
478 482 46 15 som
544 476 46 21 före
607 476 68 20 denna
690 475 31 21 tid
738 474 100 27 uppstått

86 511 53 21 eller
155 511 126 26 ytterligare
298 511 72 21 kunna
385 511 80 26 uppstå
476 511 12 20 å
499 511 137 25 föreningens
647 510 138 20 derförinnan
795 508 43 22 för-

86 545 68 20 fallna
170 546 38 20 och
224 545 89 21 utsökta
329 545 128 26 fordringar,
475 546 46 19 häri
537 545 65 20 likväl
618 545 47 20 icke
677 544 124 26 inbegripne
812 543 26 20 de

85 585 110 21 personer,
212 586 45 14 som
278 579 70 21 blifvit
368 579 99 26 delegare
489 580 5 20 i
511 579 127 26 föreningen
654 585 76 20 genom
747 577 91 21 öfverta-

86 614 70 26 gande
172 614 23 21 af
209 614 45 21 före
270 614 66 26 sagde
351 614 32 21 tid
401 614 106 26 beviljade
524 614 41 20 lån.

158 648 133 27 Föreningen
311 649 39 20 har
370 649 100 25 bestämt,
490 651 33 18 att
542 648 134 26 utgifvandet
695 647 24 20 af
733 647 25 20 de
774 652 65 15 nuva-

86 683 67 21 rande
172 684 12 20 5
204 685 100 24 procents
324 683 172 26 obligationerna
517 683 53 20 skall
594 683 102 26 upphöra,
715 683 55 19 samt
785 681 54 20 att
827 677 15 38 i

87 717 73 21 stället
176 717 142 26 obligationer
334 720 45 18 mot
395 720 61 18 ränta
472 717 23 21 af
509 718 41 26 41/,
566 719 89 25 procent
670 717 52 20 eller
733 715 107 21 derunder

87 752 61 21 skola
172 752 103 25 utfärdas,
299 752 109 21 äfvensom
430 754 38 23 att,
489 752 66 21 sedan
575 751 77 21 sådant
668 751 63 25 skett;
748 750 23 21 af
785 750 26 20 de
826 751 13 19 6

86 788 96 25 procent,
200 792 45 15 som
265 786 111 26 låntagare
396 786 100 21 förbinda
515 786 33 26 sig
567 788 33 19 att
620 786 12 20 å
648 786 46 20 sina
709 785 34 20 lån
759 784 82 27 årligen

89 821 103 25 inbetala,
209 821 12 20 5
237 823 89 24 procent
342 821 61 20 skola
418 820 108 21 beräknas
538 820 71 20 såsom
620 822 68 23 ränta,
700 820 26 26 3/;
737 819 45 21 dels
793 824 49 20 pro-

89 856 48 19 cent
154 855 70 20 säsom
242 855 75 26 bidrag
332 855 32 20 till
381 854 156 21 reservfonden
554 855 39 20 och
612 853 230 27 förvaltningskostna-

89 889 52 21 dens
165 889 138 21 bestridande
326 891 56 19 samt
404 889 138 21 äterstäende
561 889 26 26 %
598 889 44 20 dels
662 890 89 25 procent
771 887 70 21 säsom

89 924 138 26 amortering,
237 930 75 20 genom
322 924 86 20 hvilken
417 924 121 26 anordning
546 924 203 26 amorteringstiden
758 922 33 20 till
800 922 42 20 för-

89 958 49 20 män
154 958 33 20 för
203 958 128 26 läntagande
344 958 95 27 kommer
453 960 32 19 att
499 958 110 21 nedsättas
622 958 47 20 frän
682 959 26 19 56
721 957 25 21 är
754 956 33 21 till
799 962 43 15 om-

90 992 63 26 kring
164 994 27 19 45
198 992 29 26 år,
239 998 47 15 men
298 993 40 20 den
350 992 83 21 skilnad
443 993 22 20 af
478 992 24 26 '/>
511 994 89 25 procent
609 992 88 21 emellan
707 992 136 25 föreningens

90 1033 55 20 upp-
156 1027 39 21 och
206 1027 179 26 utlåningsränta,
398 1033 44 15 som
455 1029 74 20 senast
539 1027 128 21 förefunnits
679 1026 38 21 och
728 1026 23 20 af
758 1025 85 21 hvilken

91 1061 86 21 skilnad
193 1062 138 26 möjligheten
353 1064 32 18 att
404 1062 6 20 i
431 1062 116 21 framtiden
566 1062 72 20 kunna
654 1061 58 21 bilda
728 1067 25 14 en
771 1059 73 28 betyd-

91 1095 67 26 ligare
174 1096 125 20 reservfond
325 1096 32 20 till
378 1098 81 18 största
475 1096 61 20 delen
553 1096 69 24 beror,
639 1096 64 20 likväl
720 1094 124 22 bibehålles.

163 1129 105 27 Slutligen
287 1130 38 21 har
346 1130 241 27 Hypoteksföreningen
606 1130 85 26 nyligen
710 1130 36 20 vid
766 1129 78 20 allmän

91 1164 170 26 bolagsstämma
285 1165 6 20 i
315 1164 134 26 väsendtliga
473 1164 60 21 delar
552 1164 96 26 godkänt
667 1166 31 18 ett
718 1164 27 20 då
760 1163 33 21 till
810 1163 35 21 be-

93 1198 104 26 handling
213 1199 108 21 förehafdt
337 1199 80 26 förslag
440 1199 33 20 till
494 1199 107 21 särskilda
622 1198 115 26 ändringar
755 1198 5 20 i
777 1197 69 26 regle-

92 1235 88 23 mentet,
204 1233 73 21 hvilka
299 1233 46 21 afse
364 1233 138 26 reglerandet
522 1234 20 19 af
563 1233 109 26 åtskilliga
687 1232 158 25 förvaltningen

91 1267 95 21 rörande
202 1267 73 27 frågor
291 1268 39 20 och
346 1270 31 18 ett
392 1268 127 26 ytterligare
536 1267 124 21 befästande
676 1266 22 21 af
708 1266 137 26 föreningens

93 1302 114 26 ställning;
224 1308 53 19 men,
299 1302 6 20 i
321 1302 95 26 enlighet
438 1302 48 21 med
506 1302 151 26 reglementets
673 1300 118 25 föreskrift,
808 1300 38 20 har

93 1335 60 21 detta
176 1336 80 27 förslag
282 1336 117 21 förklarats
421 1336 102 20 hvilande
541 1336 33 20 till
595 1338 62 18 nästa
672 1336 174 25 bolagsstämma,

93 1370 28 20 då
137 1370 37 20 det
190 1370 55 21 först
261 1370 41 21 kan
319 1370 106 21 definitivt
441 1373 96 23 antagas.

165 1404 10 20 I
192 1405 93 26 enlighet
300 1405 49 20 med
365 1404 132 21 Ständernas
517 1403 156 22 ofvanberörda
695 1403 100 20 anhållan
811 1401 37 21 vill

93 1438 61 21 Hans
170 1438 122 27 Kejserliga
307 1439 106 26 Majestät
429 1439 124 26 härigenom
570 1438 33 20 till
620 1437 130 21 Ständernas
766 1436 82 27 ytterli-
