1028 1661
270 114 28 23 U.
312 115 29 22 B.
358 124 23 6 —
399 115 73 27 Prop.
488 114 40 23 N:o
538 115 44 22 :29.
769 116 27 19 45

315 418 274 39 Reservationer.

148 487 59 22 Enär
222 487 290 28 skjutsningsskyldigheten
534 487 8 22 i
560 487 83 27 princip
658 488 19 27 ej
693 487 64 22 torde
771 493 52 16 vara

82 521 72 27 någon
166 521 111 28 jordskatt
292 521 41 22 och
349 521 27 22 då
391 521 168 28 lagstiftningen
573 521 102 22 hitintills
686 523 73 20 ansett
769 521 52 22 den-

80 561 83 15 samma
184 557 28 19 än
233 555 72 22 såsom
327 562 27 15 en
376 555 98 27 tillfällig
489 555 78 26 fördel,
583 557 27 19 än
625 555 71 23 såsom
711 562 28 15 en
752 557 70 25 tunga

81 589 89 21 hvilken
184 590 8 20 i
207 590 58 21 olika
280 590 61 21 delar
355 589 24 22 af
392 589 49 22 vårt
456 590 52 21 land
521 589 75 22 träffat
604 589 217 28 jordegendomarne,

80 625 53 19 utan
148 625 33 20 att
194 624 77 26 jorden
287 624 123 26 derigenom
418 620 81 25 'blifvit
514 624 66 21 ställd
595 624 7 20 i
614 624 66 27 något
690 624 91 22 allmänt
790 624 31 21 el-

79 658 32 20 ler
134 658 111 27 regleradt
259 657 136 22 förhållande
410 660 112 24 gentemot
537 658 141 26 lägenhetens
693 658 81 22 mantal
790 658 30 21 el-

82 692 32 21 ler
129 692 68 27 något
211 694 66 20 annat
292 692 72 26 värde,
380 698 63 15 anser
457 692 39 27 jag
507 692 54 21 det
552 688 10 36 i
572 692 59 21 såväl
640 692 123 27 principielt
775 698 46 15 som

80 725 117 22 historiskt
218 726 102 21 afseende
339 725 71 22 såsom
426 728 33 19 ett
473 725 160 27 inkonseqvent
647 725 125 22 förfarande
788 727 33 20 att

79 765 49 16 man
143 766 36 20 nu,
196 760 27 21 då
238 760 71 21 denna
323 760 125 27 skyldighet
463 760 70 21 under
551 765 76 16 senare
642 760 58 21 tider
715 759 34 22 till
764 759 54 27 följd

79 793 24 21 af
116 800 27 15 en
158 794 92 27 lifligare
265 794 128 21 samfärdsel
404 794 40 21 och
455 795 33 20 ett
499 793 149 28 nedåtgående
658 793 160 28 peningevärde

79 827 28 27 på
129 834 27 15 en
178 828 35 21 del
235 828 78 21 ställen
336 828 8 21 i
358 828 49 21 vårt
426 828 53 22 land
494 828 74 21 blifvit
582 834 27 15 en
624 827 198 27 oproportionerlig

79 863 69 25 tunga
162 860 35 22 för
211 861 160 27 kommunerne,
386 861 75 27 börjar
472 860 125 28 öfverflytta
607 861 212 27 skjutsningsbesvä-

81 896 34 20 ret
138 895 48 21 från
209 896 41 21 den
273 902 41 15 ena
326 895 133 23 kommunen
475 895 28 27 på
518 896 42 21 den
575 895 68 22 andra
657 895 28 28 på
700 895 44 27 det,
759 895 59 22 förra

81 929 135 22 förhållande
231 930 148 21 omstörtande
393 931 50 25 sätt,
459 936 48 15 som
522 930 7 20 i
545 930 42 21 den
603 929 23 22 af
639 930 108 22 utskottet
761 929 57 21 före-

80 964 76 27 slagna
171 964 11 28 $
199 964 11 20 3
225 964 136 22 bestämmes.
391 964 34 22 Dä
440 964 111 27 nämligen
566 964 102 23 häradets
678 964 49 22 hela
738 964 81 26 skjuts-

78 998 190 28 ningsskyldighet
282 998 95 22 fördelas
393 998 56 22 efter
464 998 106 22 mantalet
581 998 71 27 jemnt
666 998 92 25 emellan
777 998 44 21 alla

79 1032 59 22 inom
160 1032 91 22 häradet
272 1032 114 28 befintliga
407 1032 135 27 kommuner,
564 1032 43 23 blir
621 1032 163 22 bibehållandet
799 1032 23 21 af

80 1066 27 22 de
122 1066 127 22 nuvarande
263 1066 136 28 skjutslagen
409 1066 93 22 alldeles
510 1066 105 28 omöjligt,
622 1069 23 25 ty
653 1066 63 22 alltid
725 1066 96 22 kommer

78 1100 25 27 ju
125 1100 72 27 någon
219 1100 102 22 kommun
336 1102 33 20 att
383 1100 66 22 hafva
464 1100 71 22 fördel
550 1100 23 21 af
587 1100 41 22 den
643 1107 43 20 nya
699 1100 118 23 fördelnin-

78 1139 41 21 gen
142 1133 41 22 och
205 1133 34 22 för
257 1133 132 28 jordegaren
403 1133 93 28 uppstår
511 1139 77 22 genom
604 1133 60 22 detta
678 1133 140 23 häradsmed-

79 1167 128 23 lemmarnes
223 1167 124 23 öfvervälde
361 1167 50 22 med
426 1168 163 27 nödvändighet
604 1174 27 16 en
646 1174 28 21 ny
689 1168 60 21 skatt
763 1167 56 23 utöf-

79 1207 38 16 ver
131 1202 28 21 de
174 1202 65 21 förra.
268 1202 31 21 På
313 1208 84 16 samma
410 1201 58 28 gång
483 1201 115 22 förändras
613 1201 63 23 äfven
690 1202 72 22 denna
775 1201 43 22 till-

77 1235 52 22 ökta
151 1236 251 27 skjutningsskyldighet
423 1236 140 27 ohjelpligen,
578 1236 131 22 åtminstone
723 1236 28 27 på
765 1235 53 22 flere

76 1269 80 22 ställen
170 1270 9 21 i
192 1270 50 22 vårt
255 1270 58 27 land,
328 1270 35 21 till
378 1276 27 15 en
414 1276 40 16 ren
465 1269 175 28 penningeskatt,
656 1270 28 21 då
693 1270 126 21 densamma

75 1303 99 22 kommer
188 1306 33 20 att
231 1304 106 27 fullgöras
347 1304 28 27 på
384 1303 53 23 flere
447 1304 51 22 mils
509 1304 88 22 afstånd
607 1304 57 21 inom
676 1305 69 21 andra
756 1304 61 21 sock-

78 1344 46 15 nar.
154 1337 76 23 Såsom
252 1338 168 27 penningeskatt
443 1338 49 21 åter
506 1337 93 22 förlorar
615 1338 124 25 densamma
753 1337 65 22 onek-

78 1371 59 27 ligen
152 1372 50 21 hela
217 1372 33 21 sin
265 1372 154 27 ursprungliga
433 1373 68 20 natur
515 1372 40 21 och
569 1372 42 21 bör
625 1372 28 21 då
667 1372 80 21 ordnas
762 1371 56 22 efter

78 1405 47 22 helt
139 1406 70 21 andra
223 1406 101 27 grunder,
339 1407 28 20 än
383 1405 56 22 efter
454 1405 75 22 hvilka
544 1405 42 22 den
601 1405 33 22 för
649 1405 135 22 närvarande
795 1406 25 19 är

80 1439 84 22 ordnad
187 1439 41 22 och
246 1446 47 15 som
307 1439 34 22 för
356 1439 127 22 densamma
497 1439 34 21 för
545 1439 116 22 framtiden
676 1445 29 16 nu
720 1438 99 23 föreslås.

146 1479 126 18 Sammansatta
283 1479 45 22 Lag-
341 1479 30 18 och
383 1478 176 18 Ekonomiutskottets
571 1479 105 17 betänkande
687 1479 35 18 N:o
734 1480 18 17 4.

543 1536 5 9 i
