<?xml version="1.0" encoding="UTF-8"?>
<alto xmlns="http://www.loc.gov/standards/alto/ns-v3#" xmlns:xlink="http://www.w3.org/1999/xlink" xmlns:xsi="http://www.w3.org/2001/XMLSchema-instance" xsi:schemaLocation="http://www.loc.gov/standards/alto/ns-v3# http://www.loc.gov/alto/v3/alto-3-0.xsd">
	<Description>
		<MeasurementUnit>pixel</MeasurementUnit>
		<sourceImageInformation>
			<fileName>/tmp/tess_ifoznwmv_input.PNG</fileName>
		</sourceImageInformation>
		<OCRProcessing ID="OCR_0">
			<ocrProcessingStep>
				<processingSoftware>
					<softwareName>tesseract 5.3.4</softwareName>
				</processingSoftware>
			</ocrProcessingStep>
		</OCRProcessing>
	</Description>
	<Layout>
		<Page WIDTH="1023" HEIGHT="1661" PHYSICAL_IMG_NR="0" ID="page_0">
			<PrintSpace HPOS="0" VPOS="0" WIDTH="1023" HEIGHT="1661">
				<ComposedBlock ID="cblock_0" HPOS="292" VPOS="129" WIDTH="497" HEIGHT="30">
					<TextBlock ID="block_0" HPOS="292" VPOS="129" WIDTH="497" HEIGHT="30">
						<TextLine ID="line_0" HPOS="292" VPOS="129" WIDTH="497" HEIGHT="30">
							<String ID="string_0" HPOS="292" VPOS="129" WIDTH="23" HEIGHT="23" WC="0.93" CONTENT="U."/><SP WIDTH="17" VPOS="129" HPOS="315"/>
							<String ID="string_1" HPOS="332" VPOS="129" WIDTH="23" HEIGHT="24" WC="0.92" CONTENT="B."/><SP WIDTH="16" VPOS="129" HPOS="355"/>
							<String ID="string_2" HPOS="371" VPOS="141" WIDTH="30" HEIGHT="6" WC="0.92" CONTENT="—"/><SP WIDTH="15" VPOS="141" HPOS="401"/>
							<String ID="string_3" HPOS="416" VPOS="129" WIDTH="61" HEIGHT="30" WC="0.96" CONTENT="Prop."/><SP WIDTH="18" VPOS="129" HPOS="477"/>
							<String ID="string_4" HPOS="495" VPOS="129" WIDTH="37" HEIGHT="24" WC="0.96" CONTENT="N:o"/><SP WIDTH="16" VPOS="129" HPOS="532"/>
							<String ID="string_5" HPOS="548" VPOS="130" WIDTH="37" HEIGHT="23" WC="0.96" CONTENT="25."/><SP WIDTH="176" VPOS="130" HPOS="585"/>
							<String ID="string_6" HPOS="761" VPOS="132" WIDTH="28" HEIGHT="20" WC="0.96" CONTENT="41"/>
						</TextLine>
					</TextBlock>
				</ComposedBlock>
				<ComposedBlock ID="cblock_1" HPOS="56" VPOS="186" WIDTH="771" HEIGHT="1333">
					<TextBlock ID="block_1" HPOS="56" VPOS="186" WIDTH="765" HEIGHT="478">
						<TextLine ID="line_1" HPOS="56" VPOS="186" WIDTH="762" HEIGHT="29">
							<String ID="string_7" HPOS="56" VPOS="186" WIDTH="56" HEIGHT="22" WC="0.95" CONTENT="bruk"/><SP WIDTH="16" VPOS="186" HPOS="112"/>
							<String ID="string_8" HPOS="128" VPOS="186" WIDTH="22" HEIGHT="22" WC="0.96" CONTENT="af"/><SP WIDTH="13" VPOS="186" HPOS="150"/>
							<String ID="string_9" HPOS="163" VPOS="188" WIDTH="74" HEIGHT="21" WC="0.93" CONTENT="starka"/><SP WIDTH="19" VPOS="188" HPOS="237"/>
							<String ID="string_10" HPOS="256" VPOS="187" WIDTH="89" HEIGHT="28" WC="0.92" CONTENT="drycker"/><SP WIDTH="15" VPOS="187" HPOS="345"/>
							<String ID="string_11" HPOS="360" VPOS="187" WIDTH="39" HEIGHT="22" WC="0.96" CONTENT="och"/><SP WIDTH="16" VPOS="187" HPOS="399"/>
							<String ID="string_12" HPOS="415" VPOS="188" WIDTH="26" HEIGHT="21" WC="0.93" CONTENT="de"/><SP WIDTH="16" VPOS="188" HPOS="441"/>
							<String ID="string_13" HPOS="457" VPOS="187" WIDTH="91" HEIGHT="28" WC="0.92" CONTENT="menliga"/><SP WIDTH="14" VPOS="187" HPOS="548"/>
							<String ID="string_14" HPOS="562" VPOS="187" WIDTH="82" HEIGHT="28" WC="0.90" CONTENT="följder,"/><SP WIDTH="18" VPOS="187" HPOS="644"/>
							<String ID="string_15" HPOS="662" VPOS="187" WIDTH="61" HEIGHT="23" WC="0.92" CONTENT="deraf"/><SP WIDTH="12" VPOS="187" HPOS="723"/>
							<String ID="string_16" HPOS="735" VPOS="188" WIDTH="83" HEIGHT="27" WC="0.92" CONTENT="uppstä."/>
						</TextLine>
						<TextLine ID="line_2" HPOS="57" VPOS="221" WIDTH="763" HEIGHT="28">
							<String ID="string_17" HPOS="57" VPOS="221" WIDTH="123" HEIGHT="22" WC="0.92" CONTENT="Utskottets"/><SP WIDTH="22" VPOS="221" HPOS="180"/>
							<String ID="string_18" HPOS="202" VPOS="221" WIDTH="69" HEIGHT="22" WC="0.94" CONTENT="flertal"/><SP WIDTH="18" VPOS="221" HPOS="271"/>
							<String ID="string_19" HPOS="289" VPOS="222" WIDTH="39" HEIGHT="21" WC="0.93" CONTENT="har"/><SP WIDTH="19" VPOS="222" HPOS="328"/>
							<String ID="string_20" HPOS="347" VPOS="222" WIDTH="61" HEIGHT="21" WC="0.92" CONTENT="äfven"/><SP WIDTH="14" VPOS="222" HPOS="408"/>
							<String ID="string_21" HPOS="422" VPOS="221" WIDTH="61" HEIGHT="28" WC="0.92" CONTENT="gifvit"/><SP WIDTH="14" VPOS="221" HPOS="483"/>
							<String ID="string_22" HPOS="497" VPOS="222" WIDTH="137" HEIGHT="21" WC="0.92" CONTENT="erkännande"/><SP WIDTH="15" VPOS="222" HPOS="634"/>
							<String ID="string_23" HPOS="649" VPOS="223" WIDTH="22" HEIGHT="20" WC="0.96" CONTENT="ät"/><SP WIDTH="16" VPOS="223" HPOS="671"/>
							<String ID="string_24" HPOS="687" VPOS="223" WIDTH="40" HEIGHT="21" WC="0.93" CONTENT="den"/><SP WIDTH="15" VPOS="223" HPOS="727"/>
							<String ID="string_25" HPOS="742" VPOS="222" WIDTH="78" HEIGHT="27" WC="0.92" CONTENT="nädiga"/>
						</TextLine>
						<TextLine ID="line_3" HPOS="58" VPOS="255" WIDTH="762" HEIGHT="29">
							<String ID="string_26" HPOS="58" VPOS="255" WIDTH="160" HEIGHT="28" WC="0.96" CONTENT="propositionen"/><SP WIDTH="15" VPOS="255" HPOS="218"/>
							<String ID="string_27" HPOS="233" VPOS="255" WIDTH="40" HEIGHT="22" WC="0.90" CONTENT="isä"/><SP WIDTH="11" VPOS="255" HPOS="273"/>
							<String ID="string_28" HPOS="284" VPOS="257" WIDTH="73" HEIGHT="26" WC="0.91" CONTENT="mätto,"/><SP WIDTH="16" VPOS="257" HPOS="357"/>
							<String ID="string_29" HPOS="373" VPOS="258" WIDTH="33" HEIGHT="20" WC="0.93" CONTENT="att"/><SP WIDTH="14" VPOS="258" HPOS="406"/>
							<String ID="string_30" HPOS="420" VPOS="256" WIDTH="106" HEIGHT="22" WC="0.93" CONTENT="utskottet"/><SP WIDTH="15" VPOS="256" HPOS="526"/>
							<String ID="string_31" HPOS="541" VPOS="257" WIDTH="35" HEIGHT="21" WC="0.93" CONTENT="vid"/><SP WIDTH="15" VPOS="257" HPOS="576"/>
							<String ID="string_32" HPOS="591" VPOS="257" WIDTH="147" HEIGHT="27" WC="0.92" CONTENT="uppgörandet"/><SP WIDTH="14" VPOS="257" HPOS="738"/>
							<String ID="string_33" HPOS="752" VPOS="257" WIDTH="23" HEIGHT="21" WC="0.96" CONTENT="af"/><SP WIDTH="8" VPOS="257" HPOS="775"/>
							<String ID="string_34" HPOS="783" VPOS="256" WIDTH="37" HEIGHT="22" WC="0.96" CONTENT="sitt"/>
						</TextLine>
						<TextLine ID="line_4" HPOS="58" VPOS="289" WIDTH="761" HEIGHT="29">
							<String ID="string_35" HPOS="58" VPOS="289" WIDTH="79" HEIGHT="28" WC="0.96" CONTENT="förslag"/><SP WIDTH="15" VPOS="289" HPOS="137"/>
							<String ID="string_36" HPOS="152" VPOS="290" WIDTH="33" HEIGHT="21" WC="0.93" CONTENT="till"/><SP WIDTH="10" VPOS="290" HPOS="185"/>
							<String ID="string_37" HPOS="195" VPOS="289" WIDTH="169" HEIGHT="29" WC="0.63" CONTENT="försäljningslag"/><SP WIDTH="9" VPOS="289" HPOS="364"/>
							<String ID="string_38" HPOS="373" VPOS="290" WIDTH="8" HEIGHT="22" WC="0.93" CONTENT="i"/><SP WIDTH="9" VPOS="290" HPOS="381"/>
							<String ID="string_39" HPOS="390" VPOS="290" WIDTH="86" HEIGHT="22" WC="0.93" CONTENT="formelt"/><SP WIDTH="10" VPOS="290" HPOS="476"/>
							<String ID="string_40" HPOS="486" VPOS="290" WIDTH="100" HEIGHT="22" WC="0.96" CONTENT="afseende"/><SP WIDTH="10" VPOS="290" HPOS="586"/>
							<String ID="string_41" HPOS="596" VPOS="290" WIDTH="47" HEIGHT="28" WC="0.96" CONTENT="följt"/><SP WIDTH="9" VPOS="290" HPOS="643"/>
							<String ID="string_42" HPOS="652" VPOS="290" WIDTH="167" HEIGHT="28" WC="0.96" CONTENT="propositionen,"/>
						</TextLine>
						<TextLine ID="line_5" HPOS="58" VPOS="324" WIDTH="762" HEIGHT="29">
							<String ID="string_43" HPOS="58" VPOS="331" WIDTH="49" HEIGHT="15" WC="0.93" CONTENT="men"/><SP WIDTH="15" VPOS="331" HPOS="107"/>
							<String ID="string_44" HPOS="122" VPOS="324" WIDTH="52" HEIGHT="22" WC="0.92" CONTENT="derä"/><SP WIDTH="23" VPOS="324" HPOS="174"/>
							<String ID="string_45" HPOS="197" VPOS="324" WIDTH="94" HEIGHT="28" WC="0.90" CONTENT="inympat"/><SP WIDTH="22" VPOS="324" HPOS="291"/>
							<String ID="string_46" HPOS="313" VPOS="325" WIDTH="166" HEIGHT="27" WC="0.92" CONTENT="grundsatserna"/><SP WIDTH="13" VPOS="325" HPOS="479"/>
							<String ID="string_47" HPOS="492" VPOS="325" WIDTH="48" HEIGHT="22" WC="0.93" CONTENT="frän"/><SP WIDTH="15" VPOS="325" HPOS="540"/>
							<String ID="string_48" HPOS="555" VPOS="325" WIDTH="127" HEIGHT="27" WC="0.92" CONTENT="nugällande"/><SP WIDTH="15" VPOS="325" HPOS="682"/>
							<String ID="string_49" HPOS="697" VPOS="325" WIDTH="123" HEIGHT="28" WC="0.93" CONTENT="förordning"/>
						</TextLine>
						<TextLine ID="line_6" HPOS="58" VPOS="358" WIDTH="762" HEIGHT="29">
							<String ID="string_50" HPOS="58" VPOS="358" WIDTH="23" HEIGHT="23" WC="0.96" CONTENT="af"/><SP WIDTH="13" VPOS="358" HPOS="81"/>
							<String ID="string_51" HPOS="94" VPOS="360" WIDTH="25" HEIGHT="21" WC="0.96" CONTENT="år"/><SP WIDTH="19" VPOS="360" HPOS="119"/>
							<String ID="string_52" HPOS="138" VPOS="360" WIDTH="61" HEIGHT="22" WC="0.91" CONTENT="1873."/><SP WIDTH="31" VPOS="360" HPOS="199"/>
							<String ID="string_53" HPOS="230" VPOS="359" WIDTH="109" HEIGHT="23" WC="0.93" CONTENT="Huruvida"/><SP WIDTH="23" VPOS="359" HPOS="339"/>
							<String ID="string_54" HPOS="362" VPOS="360" WIDTH="122" HEIGHT="27" WC="0.91" CONTENT="derigenom"/><SP WIDTH="22" VPOS="360" HPOS="484"/>
							<String ID="string_55" HPOS="506" VPOS="360" WIDTH="85" HEIGHT="22" WC="0.96" CONTENT="vunnits"/><SP WIDTH="23" VPOS="360" HPOS="591"/>
							<String ID="string_56" HPOS="614" VPOS="362" WIDTH="70" HEIGHT="25" WC="0.95" CONTENT="annat,"/><SP WIDTH="17" VPOS="362" HPOS="684"/>
							<String ID="string_57" HPOS="701" VPOS="362" WIDTH="27" HEIGHT="20" WC="0.96" CONTENT="än"/><SP WIDTH="15" VPOS="362" HPOS="728"/>
							<String ID="string_58" HPOS="743" VPOS="366" WIDTH="26" HEIGHT="16" WC="0.93" CONTENT="en"/><SP WIDTH="16" VPOS="366" HPOS="769"/>
							<String ID="string_59" HPOS="785" VPOS="366" WIDTH="35" HEIGHT="16" WC="0.92" CONTENT="en-"/>
						</TextLine>
						<TextLine ID="line_7" HPOS="58" VPOS="393" WIDTH="762" HEIGHT="28">
							<String ID="string_60" HPOS="58" VPOS="393" WIDTH="60" HEIGHT="22" WC="0.92" CONTENT="klare"/><SP WIDTH="16" VPOS="393" HPOS="118"/>
							<String ID="string_61" HPOS="134" VPOS="394" WIDTH="39" HEIGHT="21" WC="0.93" CONTENT="och"/><SP WIDTH="14" VPOS="394" HPOS="173"/>
							<String ID="string_62" HPOS="187" VPOS="394" WIDTH="84" HEIGHT="21" WC="0.92" CONTENT="klarare"/><SP WIDTH="22" VPOS="394" HPOS="271"/>
							<String ID="string_63" HPOS="293" VPOS="394" WIDTH="143" HEIGHT="27" WC="0.90" CONTENT="uppställning"/><SP WIDTH="20" VPOS="394" HPOS="436"/>
							<String ID="string_64" HPOS="456" VPOS="394" WIDTH="43" HEIGHT="21" WC="0.96" CONTENT="kan"/><SP WIDTH="16" VPOS="394" HPOS="499"/>
							<String ID="string_65" HPOS="515" VPOS="394" WIDTH="54" HEIGHT="22" WC="0.96" CONTENT="dock"/><SP WIDTH="16" VPOS="394" HPOS="569"/>
							<String ID="string_66" HPOS="585" VPOS="394" WIDTH="49" HEIGHT="22" WC="0.96" CONTENT="med"/><SP WIDTH="14" VPOS="394" HPOS="634"/>
							<String ID="string_67" HPOS="648" VPOS="394" WIDTH="47" HEIGHT="22" WC="0.93" CONTENT="skäl"/><SP WIDTH="15" VPOS="394" HPOS="695"/>
							<String ID="string_68" HPOS="710" VPOS="394" WIDTH="110" HEIGHT="27" WC="0.92" CONTENT="ifrägasät-"/>
						</TextLine>
						<TextLine ID="line_8" HPOS="58" VPOS="428" WIDTH="761" HEIGHT="27">
							<String ID="string_69" HPOS="58" VPOS="429" WIDTH="40" HEIGHT="26" WC="0.96" CONTENT="tas,"/><SP WIDTH="16" VPOS="429" HPOS="98"/>
							<String ID="string_70" HPOS="114" VPOS="429" WIDTH="28" HEIGHT="21" WC="0.93" CONTENT="dä"/><SP WIDTH="22" VPOS="429" HPOS="142"/>
							<String ID="string_71" HPOS="164" VPOS="428" WIDTH="105" HEIGHT="22" WC="0.96" CONTENT="utskottet"/><SP WIDTH="20" VPOS="428" HPOS="269"/>
							<String ID="string_72" HPOS="289" VPOS="429" WIDTH="47" HEIGHT="22" WC="0.96" CONTENT="icke"/><SP WIDTH="22" VPOS="429" HPOS="336"/>
							<String ID="string_73" HPOS="358" VPOS="429" WIDTH="81" HEIGHT="21" WC="0.93" CONTENT="kunnat"/><SP WIDTH="22" VPOS="429" HPOS="439"/>
							<String ID="string_74" HPOS="461" VPOS="435" WIDTH="51" HEIGHT="16" WC="0.96" CONTENT="enas"/><SP WIDTH="23" VPOS="435" HPOS="512"/>
							<String ID="string_75" HPOS="535" VPOS="435" WIDTH="35" HEIGHT="16" WC="0.96" CONTENT="om"/><SP WIDTH="15" VPOS="435" HPOS="570"/>
							<String ID="string_76" HPOS="585" VPOS="430" WIDTH="32" HEIGHT="21" WC="0.79" CONTENT="att"/><SP WIDTH="15" VPOS="430" HPOS="617"/>
							<String ID="string_77" HPOS="632" VPOS="429" WIDTH="7" HEIGHT="20" WC="0.79" CONTENT="i"/><SP WIDTH="14" VPOS="429" HPOS="639"/>
							<String ID="string_78" HPOS="653" VPOS="429" WIDTH="37" HEIGHT="22" WC="0.96" CONTENT="sitt"/><SP WIDTH="15" VPOS="429" HPOS="690"/>
							<String ID="string_79" HPOS="705" VPOS="428" WIDTH="114" HEIGHT="27" WC="0.96" CONTENT="lagförslag"/>
						</TextLine>
						<TextLine ID="line_9" HPOS="58" VPOS="462" WIDTH="761" HEIGHT="29">
							<String ID="string_80" HPOS="58" VPOS="462" WIDTH="104" HEIGHT="29" WC="0.92" CONTENT="inrymma"/><SP WIDTH="22" VPOS="462" HPOS="162"/>
							<String ID="string_81" HPOS="184" VPOS="463" WIDTH="56" HEIGHT="27" WC="0.96" CONTENT="plats"/><SP WIDTH="23" VPOS="463" HPOS="240"/>
							<String ID="string_82" HPOS="263" VPOS="469" WIDTH="36" HEIGHT="16" WC="0.96" CONTENT="ens"/><SP WIDTH="22" VPOS="469" HPOS="299"/>
							<String ID="string_83" HPOS="321" VPOS="463" WIDTH="32" HEIGHT="22" WC="0.93" CONTENT="för"/><SP WIDTH="15" VPOS="463" HPOS="353"/>
							<String ID="string_84" HPOS="368" VPOS="463" WIDTH="80" HEIGHT="22" WC="0.92" CONTENT="sädana"/><SP WIDTH="14" VPOS="463" HPOS="448"/>
							<String ID="string_85" HPOS="462" VPOS="463" WIDTH="8" HEIGHT="21" WC="0.96" CONTENT="i"/><SP WIDTH="15" VPOS="463" HPOS="470"/>
							<String ID="string_86" HPOS="485" VPOS="463" WIDTH="159" HEIGHT="28" WC="0.93" CONTENT="propositionen"/><SP WIDTH="15" VPOS="463" HPOS="644"/>
							<String ID="string_87" HPOS="659" VPOS="463" WIDTH="104" HEIGHT="27" WC="0.89" CONTENT="ingäende"/><SP WIDTH="14" VPOS="463" HPOS="763"/>
							<String ID="string_88" HPOS="777" VPOS="463" WIDTH="42" HEIGHT="22" WC="0.92" CONTENT="för-"/>
						</TextLine>
						<TextLine ID="line_10" HPOS="58" VPOS="497" WIDTH="761" HEIGHT="28">
							<String ID="string_89" HPOS="58" VPOS="497" WIDTH="126" HEIGHT="28" WC="0.93" CONTENT="bättringar,"/><SP WIDTH="23" VPOS="497" HPOS="184"/>
							<String ID="string_90" HPOS="207" VPOS="497" WIDTH="71" HEIGHT="22" WC="0.92" CONTENT="hvilka"/><SP WIDTH="22" VPOS="497" HPOS="278"/>
							<String ID="string_91" HPOS="300" VPOS="498" WIDTH="33" HEIGHT="22" WC="0.96" CONTENT="väl"/><SP WIDTH="15" VPOS="498" HPOS="333"/>
							<String ID="string_92" HPOS="348" VPOS="498" WIDTH="82" HEIGHT="21" WC="0.96" CONTENT="kunnat"/><SP WIDTH="14" VPOS="498" HPOS="430"/>
							<String ID="string_93" HPOS="444" VPOS="497" WIDTH="60" HEIGHT="28" WC="0.96" CONTENT="fogas"/><SP WIDTH="15" VPOS="497" HPOS="504"/>
							<String ID="string_94" HPOS="519" VPOS="498" WIDTH="32" HEIGHT="21" WC="0.93" CONTENT="till"/><SP WIDTH="16" VPOS="498" HPOS="551"/>
							<String ID="string_95" HPOS="567" VPOS="497" WIDTH="159" HEIGHT="23" WC="0.92" CONTENT="föreskrifterna"/><SP WIDTH="14" VPOS="497" HPOS="726"/>
							<String ID="string_96" HPOS="740" VPOS="498" WIDTH="7" HEIGHT="21" WC="0.96" CONTENT="i"/><SP WIDTH="17" VPOS="498" HPOS="747"/>
							<String ID="string_97" HPOS="764" VPOS="498" WIDTH="55" HEIGHT="21" WC="0.96" CONTENT="1873"/>
						</TextLine>
						<TextLine ID="line_11" HPOS="58" VPOS="531" WIDTH="762" HEIGHT="28">
							<String ID="string_98" HPOS="58" VPOS="532" WIDTH="36" HEIGHT="22" WC="0.96" CONTENT="års"/><SP WIDTH="14" VPOS="532" HPOS="94"/>
							<String ID="string_99" HPOS="108" VPOS="531" WIDTH="130" HEIGHT="28" WC="0.89" CONTENT="förordning."/><SP WIDTH="31" VPOS="531" HPOS="238"/>
							<String ID="string_100" HPOS="269" VPOS="532" WIDTH="28" HEIGHT="22" WC="0.96" CONTENT="Sä"/><SP WIDTH="17" VPOS="532" HPOS="297"/>
							<String ID="string_101" HPOS="314" VPOS="532" WIDTH="41" HEIGHT="22" WC="0.91" CONTENT="har"/><SP WIDTH="21" VPOS="532" HPOS="355"/>
							<String ID="string_102" HPOS="376" VPOS="533" WIDTH="112" HEIGHT="26" WC="0.96" CONTENT="utskottet,"/><SP WIDTH="23" VPOS="533" HPOS="488"/>
							<String ID="string_103" HPOS="511" VPOS="532" WIDTH="33" HEIGHT="22" WC="0.96" CONTENT="för"/><SP WIDTH="15" VPOS="532" HPOS="544"/>
							<String ID="string_104" HPOS="559" VPOS="534" WIDTH="32" HEIGHT="20" WC="0.93" CONTENT="att"/><SP WIDTH="15" VPOS="534" HPOS="591"/>
							<String ID="string_105" HPOS="606" VPOS="535" WIDTH="77" HEIGHT="19" WC="0.96" CONTENT="nämna"/><SP WIDTH="15" VPOS="535" HPOS="683"/>
							<String ID="string_106" HPOS="698" VPOS="533" WIDTH="76" HEIGHT="21" WC="0.96" CONTENT="endast"/><SP WIDTH="15" VPOS="533" HPOS="774"/>
							<String ID="string_107" HPOS="789" VPOS="534" WIDTH="31" HEIGHT="19" WC="0.96" CONTENT="ett"/>
						</TextLine>
						<TextLine ID="line_12" HPOS="60" VPOS="565" WIDTH="761" HEIGHT="29">
							<String ID="string_108" HPOS="60" VPOS="566" WIDTH="101" HEIGHT="28" WC="0.93" CONTENT="exempel,"/><SP WIDTH="16" VPOS="566" HPOS="161"/>
							<String ID="string_109" HPOS="177" VPOS="565" WIDTH="47" HEIGHT="23" WC="0.96" CONTENT="från"/><SP WIDTH="15" VPOS="565" HPOS="224"/>
							<String ID="string_110" HPOS="239" VPOS="566" WIDTH="158" HEIGHT="28" WC="0.93" CONTENT="propositionen"/><SP WIDTH="15" VPOS="566" HPOS="397"/>
							<String ID="string_111" HPOS="412" VPOS="568" WIDTH="130" HEIGHT="20" WC="0.92" CONTENT="utmönstrat"/><SP WIDTH="14" VPOS="568" HPOS="542"/>
							<String ID="string_112" HPOS="556" VPOS="569" WIDTH="12" HEIGHT="23" WC="0.86" CONTENT="$"/><SP WIDTH="12" VPOS="569" HPOS="568"/>
							<String ID="string_113" HPOS="580" VPOS="567" WIDTH="33" HEIGHT="27" WC="0.96" CONTENT="15,"/><SP WIDTH="11" VPOS="567" HPOS="613"/>
							<String ID="string_114" HPOS="624" VPOS="573" WIDTH="76" HEIGHT="21" WC="0.93" CONTENT="genom"/><SP WIDTH="11" VPOS="573" HPOS="700"/>
							<String ID="string_115" HPOS="711" VPOS="567" WIDTH="63" HEIGHT="21" WC="0.92" CONTENT="hvars"/><SP WIDTH="11" VPOS="567" HPOS="774"/>
							<String ID="string_116" HPOS="785" VPOS="573" WIDTH="36" HEIGHT="15" WC="0.93" CONTENT="an-"/>
						</TextLine>
						<TextLine ID="line_13" HPOS="58" VPOS="600" WIDTH="762" HEIGHT="28">
							<String ID="string_117" HPOS="58" VPOS="600" WIDTH="93" HEIGHT="28" WC="0.92" CONTENT="tagande"/><SP WIDTH="15" VPOS="600" HPOS="151"/>
							<String ID="string_118" HPOS="166" VPOS="602" WIDTH="33" HEIGHT="20" WC="0.96" CONTENT="ett"/><SP WIDTH="14" VPOS="602" HPOS="199"/>
							<String ID="string_119" HPOS="213" VPOS="600" WIDTH="88" HEIGHT="22" WC="0.93" CONTENT="allmänt"/><SP WIDTH="14" VPOS="600" HPOS="301"/>
							<String ID="string_120" HPOS="315" VPOS="601" WIDTH="147" HEIGHT="27" WC="0.92" CONTENT="öfverklagadt"/><SP WIDTH="15" VPOS="601" HPOS="462"/>
							<String ID="string_121" HPOS="477" VPOS="601" WIDTH="106" HEIGHT="22" WC="0.92" CONTENT="missbruk"/><SP WIDTH="15" VPOS="601" HPOS="583"/>
							<String ID="string_122" HPOS="598" VPOS="602" WIDTH="81" HEIGHT="21" WC="0.93" CONTENT="kunnat"/><SP WIDTH="14" VPOS="602" HPOS="679"/>
							<String ID="string_123" HPOS="693" VPOS="600" WIDTH="74" HEIGHT="28" WC="0.93" CONTENT="stäfjas"/><SP WIDTH="13" VPOS="600" HPOS="767"/>
							<String ID="string_124" HPOS="780" VPOS="600" WIDTH="40" HEIGHT="22" WC="0.96" CONTENT="och"/>
						</TextLine>
						<TextLine ID="line_14" HPOS="59" VPOS="635" WIDTH="501" HEIGHT="29">
							<String ID="string_125" HPOS="59" VPOS="635" WIDTH="93" HEIGHT="27" WC="0.81" CONTENT="gärdfari"/><SP WIDTH="15" VPOS="635" HPOS="152"/>
							<String ID="string_126" HPOS="167" VPOS="636" WIDTH="78" HEIGHT="21" WC="0.96" CONTENT="handel"/><SP WIDTH="16" VPOS="636" HPOS="245"/>
							<String ID="string_127" HPOS="261" VPOS="636" WIDTH="47" HEIGHT="22" WC="0.93" CONTENT="med"/><SP WIDTH="15" VPOS="636" HPOS="308"/>
							<String ID="string_128" HPOS="323" VPOS="636" WIDTH="88" HEIGHT="22" WC="0.96" CONTENT="bränvin"/><SP WIDTH="15" VPOS="636" HPOS="411"/>
							<String ID="string_129" HPOS="426" VPOS="636" WIDTH="134" HEIGHT="28" WC="0.96" CONTENT="förebyggas."/>
						</TextLine>
					</TextBlock>
					<TextBlock ID="block_2" HPOS="58" VPOS="670" WIDTH="767" HEIGHT="717">
						<TextLine ID="line_15" HPOS="128" VPOS="670" WIDTH="692" HEIGHT="28">
							<String ID="string_130" HPOS="128" VPOS="670" WIDTH="42" HEIGHT="22" WC="0.93" CONTENT="Vid"/><SP WIDTH="22" VPOS="670" HPOS="170"/>
							<String ID="string_131" HPOS="192" VPOS="670" WIDTH="76" HEIGHT="22" WC="0.92" CONTENT="sädant"/><SP WIDTH="21" VPOS="670" HPOS="268"/>
							<String ID="string_132" HPOS="289" VPOS="670" WIDTH="131" HEIGHT="22" WC="0.92" CONTENT="förhällande"/><SP WIDTH="23" VPOS="670" HPOS="420"/>
							<String ID="string_133" HPOS="443" VPOS="670" WIDTH="40" HEIGHT="22" WC="0.96" CONTENT="och"/><SP WIDTH="23" VPOS="670" HPOS="483"/>
							<String ID="string_134" HPOS="506" VPOS="671" WIDTH="28" HEIGHT="21" WC="0.96" CONTENT="dä"/><SP WIDTH="22" VPOS="671" HPOS="534"/>
							<String ID="string_135" HPOS="556" VPOS="670" WIDTH="37" HEIGHT="22" WC="0.93" CONTENT="det"/><SP WIDTH="18" VPOS="670" HPOS="593"/>
							<String ID="string_136" HPOS="611" VPOS="677" WIDTH="62" HEIGHT="21" WC="0.92" CONTENT="synes"/><SP WIDTH="15" VPOS="677" HPOS="673"/>
							<String ID="string_137" HPOS="688" VPOS="677" WIDTH="35" HEIGHT="15" WC="0.96" CONTENT="oss"/><SP WIDTH="15" VPOS="677" HPOS="723"/>
							<String ID="string_138" HPOS="738" VPOS="670" WIDTH="82" HEIGHT="27" WC="0.96" CONTENT="ganska"/>
						</TextLine>
						<TextLine ID="line_16" HPOS="58" VPOS="704" WIDTH="763" HEIGHT="28">
							<String ID="string_139" HPOS="58" VPOS="704" WIDTH="107" HEIGHT="28" WC="0.95" CONTENT="vanskligt"/><SP WIDTH="18" VPOS="704" HPOS="165"/>
							<String ID="string_140" HPOS="183" VPOS="706" WIDTH="33" HEIGHT="20" WC="0.96" CONTENT="att"/><SP WIDTH="14" VPOS="706" HPOS="216"/>
							<String ID="string_141" HPOS="230" VPOS="704" WIDTH="33" HEIGHT="22" WC="0.74" CONTENT="för"/><SP WIDTH="9" VPOS="704" HPOS="263"/>
							<String ID="string_142" HPOS="272" VPOS="712" WIDTH="26" HEIGHT="14" WC="0.96" CONTENT="en"/><SP WIDTH="10" VPOS="712" HPOS="298"/>
							<String ID="string_143" HPOS="308" VPOS="706" WIDTH="24" HEIGHT="20" WC="0.93" CONTENT="så"/><SP WIDTH="14" VPOS="706" HPOS="332"/>
							<String ID="string_144" HPOS="346" VPOS="704" WIDTH="133" HEIGHT="28" WC="0.91" CONTENT="tvifvelaktig"/><SP WIDTH="14" VPOS="704" HPOS="479"/>
							<String ID="string_145" HPOS="493" VPOS="704" WIDTH="76" HEIGHT="28" WC="0.96" CONTENT="fördel,"/><SP WIDTH="16" VPOS="704" HPOS="569"/>
							<String ID="string_146" HPOS="585" VPOS="712" WIDTH="46" HEIGHT="15" WC="0.93" CONTENT="som"/><SP WIDTH="15" VPOS="712" HPOS="631"/>
							<String ID="string_147" HPOS="646" VPOS="705" WIDTH="117" HEIGHT="21" WC="0.93" CONTENT="utskottets"/><SP WIDTH="16" VPOS="705" HPOS="763"/>
							<String ID="string_148" HPOS="779" VPOS="704" WIDTH="42" HEIGHT="22" WC="0.93" CONTENT="för-"/>
						</TextLine>
						<TextLine ID="line_17" HPOS="58" VPOS="738" WIDTH="763" HEIGHT="28">
							<String ID="string_149" HPOS="58" VPOS="739" WIDTH="47" HEIGHT="27" WC="0.96" CONTENT="slag"/><SP WIDTH="14" VPOS="739" HPOS="105"/>
							<String ID="string_150" HPOS="119" VPOS="738" WIDTH="33" HEIGHT="22" WC="0.93" CONTENT="till"/><SP WIDTH="15" VPOS="738" HPOS="152"/>
							<String ID="string_151" HPOS="167" VPOS="738" WIDTH="169" HEIGHT="28" WC="0.90" CONTENT="försäljningslag"/><SP WIDTH="22" VPOS="738" HPOS="336"/>
							<String ID="string_152" HPOS="358" VPOS="739" WIDTH="105" HEIGHT="27" WC="0.91" CONTENT="erbjuder,"/><SP WIDTH="16" VPOS="739" HPOS="463"/>
							<String ID="string_153" HPOS="479" VPOS="739" WIDTH="63" HEIGHT="22" WC="0.96" CONTENT="kasta"/><SP WIDTH="14" VPOS="739" HPOS="542"/>
							<String ID="string_154" HPOS="556" VPOS="739" WIDTH="59" HEIGHT="22" WC="0.93" CONTENT="öfver"/><SP WIDTH="14" VPOS="739" HPOS="615"/>
							<String ID="string_155" HPOS="629" VPOS="739" WIDTH="54" HEIGHT="22" WC="0.93" CONTENT="bord"/><SP WIDTH="15" VPOS="739" HPOS="683"/>
							<String ID="string_156" HPOS="698" VPOS="746" WIDTH="26" HEIGHT="14" WC="0.93" CONTENT="en"/><SP WIDTH="15" VPOS="746" HPOS="724"/>
							<String ID="string_157" HPOS="739" VPOS="738" WIDTH="82" HEIGHT="22" WC="0.91" CONTENT="förord-"/>
						</TextLine>
						<TextLine ID="line_18" HPOS="58" VPOS="773" WIDTH="762" HEIGHT="28">
							<String ID="string_158" HPOS="58" VPOS="774" WIDTH="58" HEIGHT="27" WC="0.93" CONTENT="ning,"/><SP WIDTH="15" VPOS="774" HPOS="116"/>
							<String ID="string_159" HPOS="131" VPOS="774" WIDTH="92" HEIGHT="27" WC="0.95" CONTENT="hvilken,"/><SP WIDTH="16" VPOS="774" HPOS="223"/>
							<String ID="string_160" HPOS="239" VPOS="774" WIDTH="67" HEIGHT="22" WC="0.96" CONTENT="ehuru"/><SP WIDTH="14" VPOS="774" HPOS="306"/>
							<String ID="string_161" HPOS="320" VPOS="774" WIDTH="101" HEIGHT="22" WC="0.96" CONTENT="behäftad"/><SP WIDTH="15" VPOS="774" HPOS="421"/>
							<String ID="string_162" HPOS="436" VPOS="774" WIDTH="49" HEIGHT="21" WC="0.93" CONTENT="med"/><SP WIDTH="14" VPOS="774" HPOS="485"/>
							<String ID="string_163" HPOS="499" VPOS="774" WIDTH="145" HEIGHT="27" WC="0.89" CONTENT="hvarjehanda"/><SP WIDTH="16" VPOS="774" HPOS="644"/>
							<String ID="string_164" HPOS="660" VPOS="774" WIDTH="85" HEIGHT="26" WC="0.96" CONTENT="brister,"/><SP WIDTH="10" VPOS="774" HPOS="745"/>
							<String ID="string_165" HPOS="755" VPOS="773" WIDTH="65" HEIGHT="21" WC="0.96" CONTENT="likväl"/>
						</TextLine>
						<TextLine ID="line_19" HPOS="59" VPOS="808" WIDTH="762" HEIGHT="27">
							<String ID="string_166" HPOS="59" VPOS="808" WIDTH="8" HEIGHT="21" WC="0.94" CONTENT="i"/><SP WIDTH="15" VPOS="808" HPOS="67"/>
							<String ID="string_167" HPOS="82" VPOS="808" WIDTH="117" HEIGHT="22" WC="0.95" CONTENT="allmänhet"/><SP WIDTH="22" VPOS="808" HPOS="199"/>
							<String ID="string_168" HPOS="221" VPOS="808" WIDTH="60" HEIGHT="22" WC="0.96" CONTENT="torde"/><SP WIDTH="16" VPOS="808" HPOS="281"/>
							<String ID="string_169" HPOS="297" VPOS="808" WIDTH="152" HEIGHT="22" WC="0.96" CONTENT="tillfredsställa"/><SP WIDTH="14" VPOS="808" HPOS="449"/>
							<String ID="string_170" HPOS="463" VPOS="808" WIDTH="75" HEIGHT="27" WC="0.96" CONTENT="billiga"/><SP WIDTH="14" VPOS="808" HPOS="538"/>
							<String ID="string_171" HPOS="552" VPOS="808" WIDTH="92" HEIGHT="27" WC="0.96" CONTENT="anspråk"/><SP WIDTH="15" VPOS="808" HPOS="644"/>
							<String ID="string_172" HPOS="659" VPOS="808" WIDTH="40" HEIGHT="22" WC="0.93" CONTENT="och"/><SP WIDTH="15" VPOS="808" HPOS="699"/>
							<String ID="string_173" HPOS="714" VPOS="808" WIDTH="107" HEIGHT="27" WC="0.91" CONTENT="uppbäras"/>
						</TextLine>
						<TextLine ID="line_20" HPOS="61" VPOS="842" WIDTH="760" HEIGHT="27">
							<String ID="string_174" HPOS="61" VPOS="842" WIDTH="22" HEIGHT="22" WC="0.92" CONTENT="af"/><SP WIDTH="13" VPOS="842" HPOS="83"/>
							<String ID="string_175" HPOS="96" VPOS="842" WIDTH="200" HEIGHT="27" WC="0.91" CONTENT="folkmedvetandet,"/><SP WIDTH="15" VPOS="842" HPOS="296"/>
							<String ID="string_176" HPOS="311" VPOS="842" WIDTH="106" HEIGHT="22" WC="0.96" CONTENT="förefaller"/><SP WIDTH="16" VPOS="842" HPOS="417"/>
							<String ID="string_177" HPOS="433" VPOS="843" WIDTH="36" HEIGHT="21" WC="0.96" CONTENT="det"/><SP WIDTH="10" VPOS="843" HPOS="469"/>
							<String ID="string_178" HPOS="479" VPOS="849" WIDTH="35" HEIGHT="15" WC="0.96" CONTENT="oss"/><SP WIDTH="10" VPOS="849" HPOS="514"/>
							<String ID="string_179" HPOS="524" VPOS="843" WIDTH="7" HEIGHT="20" WC="0.96" CONTENT="i"/><SP WIDTH="11" VPOS="843" HPOS="531"/>
							<String ID="string_180" HPOS="542" VPOS="843" WIDTH="77" HEIGHT="26" WC="0.93" CONTENT="många"/><SP WIDTH="15" VPOS="843" HPOS="619"/>
							<String ID="string_181" HPOS="634" VPOS="842" WIDTH="112" HEIGHT="23" WC="0.92" CONTENT="afseenden"/><SP WIDTH="8" VPOS="842" HPOS="746"/>
							<String ID="string_182" HPOS="754" VPOS="842" WIDTH="67" HEIGHT="27" WC="0.92" CONTENT="lämp-"/>
						</TextLine>
						<TextLine ID="line_21" HPOS="60" VPOS="877" WIDTH="761" HEIGHT="27">
							<String ID="string_183" HPOS="60" VPOS="877" WIDTH="67" HEIGHT="27" WC="0.95" CONTENT="ligare"/><SP WIDTH="22" VPOS="877" HPOS="127"/>
							<String ID="string_184" HPOS="149" VPOS="879" WIDTH="33" HEIGHT="20" WC="0.96" CONTENT="att"/><SP WIDTH="21" VPOS="879" HPOS="182"/>
							<String ID="string_185" HPOS="203" VPOS="877" WIDTH="97" HEIGHT="27" WC="0.96" CONTENT="gällande"/><SP WIDTH="22" VPOS="877" HPOS="300"/>
							<String ID="string_186" HPOS="322" VPOS="877" WIDTH="131" HEIGHT="27" WC="0.95" CONTENT="lagstiftning"/><SP WIDTH="14" VPOS="877" HPOS="453"/>
							<String ID="string_187" HPOS="467" VPOS="877" WIDTH="8" HEIGHT="21" WC="0.96" CONTENT="i"/><SP WIDTH="16" VPOS="877" HPOS="475"/>
							<String ID="string_188" HPOS="491" VPOS="879" WIDTH="71" HEIGHT="20" WC="0.96" CONTENT="ämnet"/><SP WIDTH="15" VPOS="879" HPOS="562"/>
							<String ID="string_189" HPOS="577" VPOS="883" WIDTH="29" HEIGHT="15" WC="0.96" CONTENT="nu"/><SP WIDTH="14" VPOS="883" HPOS="606"/>
							<String ID="string_190" HPOS="620" VPOS="877" WIDTH="47" HEIGHT="22" WC="0.96" CONTENT="icke"/><SP WIDTH="15" VPOS="877" HPOS="667"/>
							<String ID="string_191" HPOS="682" VPOS="877" WIDTH="139" HEIGHT="22" WC="0.96" CONTENT="underkastas"/>
						</TextLine>
						<TextLine ID="line_22" HPOS="61" VPOS="907" WIDTH="762" HEIGHT="32">
							<String ID="string_192" HPOS="61" VPOS="912" WIDTH="70" HEIGHT="27" WC="0.96" CONTENT="någon"/><SP WIDTH="15" VPOS="912" HPOS="131"/>
							<String ID="string_193" HPOS="146" VPOS="911" WIDTH="129" HEIGHT="28" WC="0.96" CONTENT="förändring."/><SP WIDTH="23" VPOS="911" HPOS="275"/>
							<String ID="string_194" HPOS="298" VPOS="907" WIDTH="66" HEIGHT="26" WC="0.96" CONTENT="Äfven"/><SP WIDTH="16" VPOS="907" HPOS="364"/>
							<String ID="string_195" HPOS="380" VPOS="918" WIDTH="35" HEIGHT="15" WC="0.96" CONTENT="om"/><SP WIDTH="14" VPOS="918" HPOS="415"/>
							<String ID="string_196" HPOS="429" VPOS="911" WIDTH="85" HEIGHT="22" WC="0.96" CONTENT="landets"/><SP WIDTH="14" VPOS="911" HPOS="514"/>
							<String ID="string_197" HPOS="528" VPOS="912" WIDTH="89" HEIGHT="21" WC="0.96" CONTENT="ständer"/><SP WIDTH="14" VPOS="912" HPOS="617"/>
							<String ID="string_198" HPOS="631" VPOS="911" WIDTH="68" HEIGHT="22" WC="0.96" CONTENT="skulle"/><SP WIDTH="10" VPOS="911" HPOS="699"/>
							<String ID="string_199" HPOS="709" VPOS="911" WIDTH="114" HEIGHT="26" WC="0.96" CONTENT="godkänna"/>
						</TextLine>
						<TextLine ID="line_23" HPOS="62" VPOS="945" WIDTH="762" HEIGHT="29">
							<String ID="string_200" HPOS="62" VPOS="947" WIDTH="26" HEIGHT="21" WC="0.96" CONTENT="de"/><SP WIDTH="15" VPOS="947" HPOS="88"/>
							<String ID="string_201" HPOS="103" VPOS="946" WIDTH="143" HEIGHT="27" WC="0.95" CONTENT="grundsatser,"/><SP WIDTH="23" VPOS="946" HPOS="246"/>
							<String ID="string_202" HPOS="269" VPOS="947" WIDTH="102" HEIGHT="27" WC="0.96" CONTENT="styrelsen"/><SP WIDTH="22" VPOS="947" HPOS="371"/>
							<String ID="string_203" HPOS="393" VPOS="946" WIDTH="46" HEIGHT="27" WC="0.94" CONTENT="följt"/><SP WIDTH="22" VPOS="946" HPOS="439"/>
							<String ID="string_204" HPOS="461" VPOS="946" WIDTH="36" HEIGHT="22" WC="0.93" CONTENT="vid"/><SP WIDTH="22" VPOS="946" HPOS="497"/>
							<String ID="string_205" HPOS="519" VPOS="947" WIDTH="147" HEIGHT="26" WC="0.92" CONTENT="uppgörandet"/><SP WIDTH="21" VPOS="947" HPOS="666"/>
							<String ID="string_206" HPOS="687" VPOS="945" WIDTH="22" HEIGHT="22" WC="0.96" CONTENT="af"/><SP WIDTH="13" VPOS="945" HPOS="709"/>
							<String ID="string_207" HPOS="722" VPOS="945" WIDTH="102" HEIGHT="27" WC="0.96" CONTENT="förslaget"/>
						</TextLine>
						<TextLine ID="line_24" HPOS="61" VPOS="979" WIDTH="761" HEIGHT="30">
							<String ID="string_208" HPOS="61" VPOS="981" WIDTH="33" HEIGHT="21" WC="0.96" CONTENT="till"/><SP WIDTH="15" VPOS="981" HPOS="94"/>
							<String ID="string_209" HPOS="109" VPOS="981" WIDTH="124" HEIGHT="27" WC="0.96" CONTENT="förordning"/><SP WIDTH="14" VPOS="981" HPOS="233"/>
							<String ID="string_210" HPOS="247" VPOS="987" WIDTH="34" HEIGHT="16" WC="0.94" CONTENT="om"/><SP WIDTH="14" VPOS="987" HPOS="281"/>
							<String ID="string_211" HPOS="295" VPOS="981" WIDTH="123" HEIGHT="27" WC="0.94" CONTENT="försäljning"/><SP WIDTH="15" VPOS="981" HPOS="418"/>
							<String ID="string_212" HPOS="433" VPOS="981" WIDTH="22" HEIGHT="22" WC="0.96" CONTENT="af"/><SP WIDTH="12" VPOS="981" HPOS="455"/>
							<String ID="string_213" HPOS="467" VPOS="981" WIDTH="152" HEIGHT="28" WC="0.96" CONTENT="spritdrycker,"/><SP WIDTH="10" VPOS="981" HPOS="619"/>
							<String ID="string_214" HPOS="629" VPOS="981" WIDTH="91" HEIGHT="22" WC="0.96" CONTENT="återstår"/><SP WIDTH="10" VPOS="981" HPOS="720"/>
							<String ID="string_215" HPOS="730" VPOS="980" WIDTH="22" HEIGHT="22" WC="0.93" CONTENT="af"/><SP WIDTH="9" VPOS="980" HPOS="752"/>
							<String ID="string_216" HPOS="761" VPOS="979" WIDTH="61" HEIGHT="22" WC="0.92" CONTENT="Stän-"/>
						</TextLine>
						<TextLine ID="line_25" HPOS="62" VPOS="1014" WIDTH="761" HEIGHT="29">
							<String ID="string_217" HPOS="62" VPOS="1015" WIDTH="76" HEIGHT="22" WC="0.92" CONTENT="dernas"/><SP WIDTH="15" VPOS="1015" HPOS="138"/>
							<String ID="string_218" HPOS="153" VPOS="1022" WIDTH="147" HEIGHT="15" WC="0.91" CONTENT="sammanvaro"/><SP WIDTH="15" VPOS="1022" HPOS="300"/>
							<String ID="string_219" HPOS="315" VPOS="1022" WIDTH="88" HEIGHT="15" WC="0.96" CONTENT="numera"/><SP WIDTH="14" VPOS="1022" HPOS="403"/>
							<String ID="string_220" HPOS="417" VPOS="1016" WIDTH="24" HEIGHT="21" WC="0.96" CONTENT="så"/><SP WIDTH="14" VPOS="1016" HPOS="441"/>
							<String ID="string_221" HPOS="455" VPOS="1015" WIDTH="62" HEIGHT="28" WC="0.96" CONTENT="ringa"/><SP WIDTH="15" VPOS="1015" HPOS="517"/>
							<String ID="string_222" HPOS="532" VPOS="1015" WIDTH="37" HEIGHT="27" WC="0.96" CONTENT="tid,"/><SP WIDTH="17" VPOS="1015" HPOS="569"/>
							<String ID="string_223" HPOS="586" VPOS="1017" WIDTH="32" HEIGHT="20" WC="0.96" CONTENT="att"/><SP WIDTH="15" VPOS="1017" HPOS="618"/>
							<String ID="string_224" HPOS="633" VPOS="1015" WIDTH="48" HEIGHT="22" WC="0.96" CONTENT="med"/><SP WIDTH="10" VPOS="1015" HPOS="681"/>
							<String ID="string_225" HPOS="691" VPOS="1015" WIDTH="62" HEIGHT="22" WC="0.93" CONTENT="dessa"/><SP WIDTH="14" VPOS="1015" HPOS="753"/>
							<String ID="string_226" HPOS="767" VPOS="1014" WIDTH="56" HEIGHT="27" WC="0.93" CONTENT="prin-"/>
						</TextLine>
						<TextLine ID="line_26" HPOS="62" VPOS="1049" WIDTH="761" HEIGHT="28">
							<String ID="string_227" HPOS="62" VPOS="1049" WIDTH="58" HEIGHT="28" WC="0.92" CONTENT="ciper"/><SP WIDTH="22" VPOS="1049" HPOS="120"/>
							<String ID="string_228" HPOS="142" VPOS="1049" WIDTH="228" HEIGHT="22" WC="0.91" CONTENT="öfverensstämmande"/><SP WIDTH="22" VPOS="1049" HPOS="370"/>
							<String ID="string_229" HPOS="392" VPOS="1052" WIDTH="47" HEIGHT="25" WC="0.95" CONTENT="nytt"/><SP WIDTH="21" VPOS="1052" HPOS="439"/>
							<String ID="string_230" HPOS="460" VPOS="1049" WIDTH="137" HEIGHT="22" WC="0.96" CONTENT="betänkande"/><SP WIDTH="18" VPOS="1049" HPOS="597"/>
							<String ID="string_231" HPOS="615" VPOS="1051" WIDTH="6" HEIGHT="20" WC="0.96" CONTENT="i"/><SP WIDTH="21" VPOS="1051" HPOS="621"/>
							<String ID="string_232" HPOS="642" VPOS="1051" WIDTH="71" HEIGHT="20" WC="0.96" CONTENT="ämnet"/><SP WIDTH="22" VPOS="1051" HPOS="713"/>
							<String ID="string_233" HPOS="735" VPOS="1055" WIDTH="88" HEIGHT="15" WC="0.96" CONTENT="numera"/>
						</TextLine>
						<TextLine ID="line_27" HPOS="61" VPOS="1083" WIDTH="759" HEIGHT="29">
							<String ID="string_234" HPOS="61" VPOS="1084" WIDTH="47" HEIGHT="22" WC="0.96" CONTENT="icke"/><SP WIDTH="15" VPOS="1084" HPOS="108"/>
							<String ID="string_235" HPOS="123" VPOS="1084" WIDTH="42" HEIGHT="22" WC="0.96" CONTENT="kan"/><SP WIDTH="15" VPOS="1084" HPOS="165"/>
							<String ID="string_236" HPOS="180" VPOS="1084" WIDTH="32" HEIGHT="22" WC="0.95" CONTENT="fås"/><SP WIDTH="15" VPOS="1084" HPOS="212"/>
							<String ID="string_237" HPOS="227" VPOS="1084" WIDTH="32" HEIGHT="22" WC="0.96" CONTENT="till"/><SP WIDTH="15" VPOS="1084" HPOS="259"/>
							<String ID="string_238" HPOS="274" VPOS="1085" WIDTH="68" HEIGHT="21" WC="0.93" CONTENT="stånd."/><SP WIDTH="24" VPOS="1085" HPOS="342"/>
							<String ID="string_239" HPOS="366" VPOS="1085" WIDTH="68" HEIGHT="26" WC="0.92" CONTENT="Tager"/><SP WIDTH="15" VPOS="1085" HPOS="434"/>
							<String ID="string_240" HPOS="449" VPOS="1091" WIDTH="50" HEIGHT="15" WC="0.96" CONTENT="man"/><SP WIDTH="15" VPOS="1091" HPOS="499"/>
							<String ID="string_241" HPOS="514" VPOS="1084" WIDTH="123" HEIGHT="28" WC="0.96" CONTENT="ytterligare"/><SP WIDTH="15" VPOS="1084" HPOS="637"/>
							<String ID="string_242" HPOS="652" VPOS="1085" WIDTH="81" HEIGHT="27" WC="0.92" CONTENT="hänsyn"/><SP WIDTH="11" VPOS="1085" HPOS="733"/>
							<String ID="string_243" HPOS="744" VPOS="1083" WIDTH="76" HEIGHT="26" WC="0.92" CONTENT="dertill,"/>
						</TextLine>
						<TextLine ID="line_28" HPOS="62" VPOS="1116" WIDTH="760" HEIGHT="30">
							<String ID="string_244" HPOS="62" VPOS="1120" WIDTH="33" HEIGHT="20" WC="0.96" CONTENT="att"/><SP WIDTH="15" VPOS="1120" HPOS="95"/>
							<String ID="string_245" HPOS="110" VPOS="1119" WIDTH="26" HEIGHT="21" WC="0.96" CONTENT="de"/><SP WIDTH="15" VPOS="1119" HPOS="136"/>
							<String ID="string_246" HPOS="151" VPOS="1118" WIDTH="7" HEIGHT="22" WC="0.96" CONTENT="i"/><SP WIDTH="15" VPOS="1118" HPOS="158"/>
							<String ID="string_247" HPOS="173" VPOS="1119" WIDTH="78" HEIGHT="27" WC="0.96" CONTENT="nådiga"/><SP WIDTH="14" VPOS="1119" HPOS="251"/>
							<String ID="string_248" HPOS="265" VPOS="1118" WIDTH="157" HEIGHT="28" WC="0.96" CONTENT="propositionen"/><SP WIDTH="16" VPOS="1118" HPOS="422"/>
							<String ID="string_249" HPOS="438" VPOS="1118" WIDTH="31" HEIGHT="22" WC="0.96" CONTENT="uti"/><SP WIDTH="16" VPOS="1118" HPOS="469"/>
							<String ID="string_250" HPOS="485" VPOS="1120" WIDTH="37" HEIGHT="21" WC="0.96" CONTENT="två"/><SP WIDTH="14" VPOS="1120" HPOS="522"/>
							<String ID="string_251" HPOS="536" VPOS="1118" WIDTH="105" HEIGHT="22" WC="0.96" CONTENT="särskilda"/><SP WIDTH="14" VPOS="1118" HPOS="641"/>
							<String ID="string_252" HPOS="655" VPOS="1118" WIDTH="114" HEIGHT="27" WC="0.93" CONTENT="lagförslag"/><SP WIDTH="10" VPOS="1118" HPOS="769"/>
							<String ID="string_253" HPOS="779" VPOS="1116" WIDTH="43" HEIGHT="22" WC="0.92" CONTENT="för-"/>
						</TextLine>
						<TextLine ID="line_29" HPOS="62" VPOS="1152" WIDTH="760" HEIGHT="28">
							<String ID="string_254" HPOS="62" VPOS="1153" WIDTH="76" HEIGHT="22" WC="0.96" CONTENT="delade"/><SP WIDTH="14" VPOS="1153" HPOS="138"/>
							<String ID="string_255" HPOS="152" VPOS="1152" WIDTH="159" HEIGHT="23" WC="0.96" CONTENT="föreskrifterna"/><SP WIDTH="14" VPOS="1152" HPOS="311"/>
							<String ID="string_256" HPOS="325" VPOS="1160" WIDTH="35" HEIGHT="14" WC="0.96" CONTENT="om"/><SP WIDTH="15" VPOS="1160" HPOS="360"/>
							<String ID="string_257" HPOS="375" VPOS="1153" WIDTH="137" HEIGHT="27" WC="0.96" CONTENT="tillverkning"/><SP WIDTH="14" VPOS="1153" HPOS="512"/>
							<String ID="string_258" HPOS="526" VPOS="1153" WIDTH="40" HEIGHT="21" WC="0.93" CONTENT="och"/><SP WIDTH="16" VPOS="1153" HPOS="566"/>
							<String ID="string_259" HPOS="582" VPOS="1152" WIDTH="129" HEIGHT="28" WC="0.90" CONTENT="destillering"/><SP WIDTH="10" VPOS="1152" HPOS="711"/>
							<String ID="string_260" HPOS="721" VPOS="1153" WIDTH="56" HEIGHT="21" WC="0.94" CONTENT="samt"/><SP WIDTH="10" VPOS="1153" HPOS="777"/>
							<String ID="string_261" HPOS="787" VPOS="1158" WIDTH="35" HEIGHT="14" WC="0.96" CONTENT="om"/>
						</TextLine>
						<TextLine ID="line_30" HPOS="62" VPOS="1185" WIDTH="762" HEIGHT="30">
							<String ID="string_262" HPOS="62" VPOS="1187" WIDTH="130" HEIGHT="27" WC="0.93" CONTENT="försäljning,"/><SP WIDTH="23" VPOS="1187" HPOS="192"/>
							<String ID="string_263" HPOS="215" VPOS="1187" WIDTH="88" HEIGHT="27" WC="0.91" CONTENT="forsling"/><SP WIDTH="19" VPOS="1187" HPOS="303"/>
							<String ID="string_264" HPOS="322" VPOS="1187" WIDTH="39" HEIGHT="22" WC="0.96" CONTENT="och"/><SP WIDTH="15" VPOS="1187" HPOS="361"/>
							<String ID="string_265" HPOS="376" VPOS="1187" WIDTH="78" HEIGHT="28" WC="0.96" CONTENT="upplag"/><SP WIDTH="15" VPOS="1187" HPOS="454"/>
							<String ID="string_266" HPOS="469" VPOS="1187" WIDTH="24" HEIGHT="22" WC="0.96" CONTENT="af"/><SP WIDTH="12" VPOS="1187" HPOS="493"/>
							<String ID="string_267" HPOS="505" VPOS="1187" WIDTH="90" HEIGHT="22" WC="0.96" CONTENT="bränvin"/><SP WIDTH="14" VPOS="1187" HPOS="595"/>
							<String ID="string_268" HPOS="609" VPOS="1187" WIDTH="32" HEIGHT="27" WC="0.96" CONTENT="sig"/><SP WIDTH="16" VPOS="1187" HPOS="641"/>
							<String ID="string_269" HPOS="657" VPOS="1187" WIDTH="89" HEIGHT="21" WC="0.96" CONTENT="emellan"/><SP WIDTH="15" VPOS="1187" HPOS="746"/>
							<String ID="string_270" HPOS="761" VPOS="1185" WIDTH="63" HEIGHT="22" WC="0.96" CONTENT="hafva"/>
						</TextLine>
						<TextLine ID="line_31" HPOS="62" VPOS="1221" WIDTH="763" HEIGHT="29">
							<String ID="string_271" HPOS="62" VPOS="1228" WIDTH="28" HEIGHT="16" WC="0.96" CONTENT="en"/><SP WIDTH="15" VPOS="1228" HPOS="90"/>
							<String ID="string_272" HPOS="105" VPOS="1222" WIDTH="78" HEIGHT="27" WC="0.93" CONTENT="mängd"/><SP WIDTH="22" VPOS="1222" HPOS="183"/>
							<String ID="string_273" HPOS="205" VPOS="1222" WIDTH="239" HEIGHT="28" WC="0.92" CONTENT="anknytningspunkter,"/><SP WIDTH="23" VPOS="1222" HPOS="444"/>
							<String ID="string_274" HPOS="467" VPOS="1222" WIDTH="109" HEIGHT="22" WC="0.96" CONTENT="äfvensom"/><SP WIDTH="21" VPOS="1222" HPOS="576"/>
							<String ID="string_275" HPOS="597" VPOS="1224" WIDTH="32" HEIGHT="19" WC="0.96" CONTENT="att"/><SP WIDTH="15" VPOS="1224" HPOS="629"/>
							<String ID="string_276" HPOS="644" VPOS="1221" WIDTH="105" HEIGHT="22" WC="0.93" CONTENT="utskottet"/><SP WIDTH="14" VPOS="1221" HPOS="749"/>
							<String ID="string_277" HPOS="763" VPOS="1226" WIDTH="62" HEIGHT="21" WC="0.93" CONTENT="grun-"/>
						</TextLine>
						<TextLine ID="line_32" HPOS="64" VPOS="1256" WIDTH="760" HEIGHT="28">
							<String ID="string_278" HPOS="64" VPOS="1256" WIDTH="37" HEIGHT="22" WC="0.96" CONTENT="dat"/><SP WIDTH="14" VPOS="1256" HPOS="101"/>
							<String ID="string_279" HPOS="115" VPOS="1256" WIDTH="38" HEIGHT="22" WC="0.96" CONTENT="sitt"/><SP WIDTH="14" VPOS="1256" HPOS="153"/>
							<String ID="string_280" HPOS="167" VPOS="1256" WIDTH="79" HEIGHT="28" WC="0.96" CONTENT="förslag"/><SP WIDTH="14" VPOS="1256" HPOS="246"/>
							<String ID="string_281" HPOS="260" VPOS="1256" WIDTH="33" HEIGHT="22" WC="0.96" CONTENT="till"/><SP WIDTH="14" VPOS="1256" HPOS="293"/>
							<String ID="string_282" HPOS="307" VPOS="1256" WIDTH="35" HEIGHT="28" WC="0.96" CONTENT="lag"/><SP WIDTH="15" VPOS="1256" HPOS="342"/>
							<String ID="string_283" HPOS="357" VPOS="1263" WIDTH="35" HEIGHT="15" WC="0.96" CONTENT="om"/><SP WIDTH="14" VPOS="1263" HPOS="392"/>
							<String ID="string_284" HPOS="406" VPOS="1256" WIDTH="137" HEIGHT="28" WC="0.95" CONTENT="tillverkning"/><SP WIDTH="15" VPOS="1256" HPOS="543"/>
							<String ID="string_285" HPOS="558" VPOS="1257" WIDTH="28" HEIGHT="27" WC="0.96" CONTENT="på"/><SP WIDTH="15" VPOS="1257" HPOS="586"/>
							<String ID="string_286" HPOS="601" VPOS="1256" WIDTH="40" HEIGHT="22" WC="0.96" CONTENT="den"/><SP WIDTH="16" VPOS="1256" HPOS="641"/>
							<String ID="string_287" HPOS="657" VPOS="1256" WIDTH="76" HEIGHT="27" WC="0.93" CONTENT="nådiga"/><SP WIDTH="15" VPOS="1256" HPOS="733"/>
							<String ID="string_288" HPOS="748" VPOS="1260" WIDTH="76" HEIGHT="22" WC="0.91" CONTENT="propo-"/>
						</TextLine>
						<TextLine ID="line_33" HPOS="63" VPOS="1288" WIDTH="761" HEIGHT="30">
							<String ID="string_289" HPOS="63" VPOS="1291" WIDTH="98" HEIGHT="27" WC="0.91" CONTENT="sitionen,"/><SP WIDTH="23" VPOS="1291" HPOS="161"/>
							<String ID="string_290" HPOS="184" VPOS="1297" WIDTH="49" HEIGHT="16" WC="0.95" CONTENT="men"/><SP WIDTH="21" VPOS="1297" HPOS="233"/>
							<String ID="string_291" HPOS="254" VPOS="1291" WIDTH="99" HEIGHT="27" WC="0.93" CONTENT="uppgjort"/><SP WIDTH="19" VPOS="1291" HPOS="353"/>
							<String ID="string_292" HPOS="372" VPOS="1290" WIDTH="197" HEIGHT="28" WC="0.92" CONTENT="försäljningslagen"/><SP WIDTH="16" VPOS="1290" HPOS="569"/>
							<String ID="string_293" HPOS="585" VPOS="1290" WIDTH="6" HEIGHT="22" WC="0.92" CONTENT="i"/><SP WIDTH="16" VPOS="1290" HPOS="591"/>
							<String ID="string_294" HPOS="607" VPOS="1288" WIDTH="217" HEIGHT="24" WC="0.90" CONTENT="öfverensstämmelse"/>
						</TextLine>
						<TextLine ID="line_34" HPOS="64" VPOS="1324" WIDTH="760" HEIGHT="28">
							<String ID="string_295" HPOS="64" VPOS="1325" WIDTH="50" HEIGHT="22" WC="0.96" CONTENT="med"/><SP WIDTH="15" VPOS="1325" HPOS="114"/>
							<String ID="string_296" HPOS="129" VPOS="1326" WIDTH="55" HEIGHT="21" WC="0.96" CONTENT="1873"/><SP WIDTH="23" VPOS="1326" HPOS="184"/>
							<String ID="string_297" HPOS="207" VPOS="1326" WIDTH="34" HEIGHT="21" WC="0.96" CONTENT="års"/><SP WIDTH="22" VPOS="1326" HPOS="241"/>
							<String ID="string_298" HPOS="263" VPOS="1325" WIDTH="130" HEIGHT="27" WC="0.96" CONTENT="förordning,"/><SP WIDTH="16" VPOS="1325" HPOS="393"/>
							<String ID="string_299" HPOS="409" VPOS="1331" WIDTH="50" HEIGHT="16" WC="0.96" CONTENT="anse"/><SP WIDTH="15" VPOS="1331" HPOS="459"/>
							<String ID="string_300" HPOS="474" VPOS="1325" WIDTH="21" HEIGHT="21" WC="0.96" CONTENT="vi"/><SP WIDTH="16" VPOS="1325" HPOS="495"/>
							<String ID="string_301" HPOS="511" VPOS="1331" WIDTH="35" HEIGHT="16" WC="0.96" CONTENT="oss"/><SP WIDTH="14" VPOS="1331" HPOS="546"/>
							<String ID="string_302" HPOS="560" VPOS="1324" WIDTH="54" HEIGHT="22" WC="0.96" CONTENT="böra"/><SP WIDTH="14" VPOS="1324" HPOS="614"/>
							<String ID="string_303" HPOS="628" VPOS="1324" WIDTH="32" HEIGHT="22" WC="0.96" CONTENT="till"/><SP WIDTH="15" VPOS="1324" HPOS="660"/>
							<String ID="string_304" HPOS="675" VPOS="1324" WIDTH="83" HEIGHT="22" WC="0.93" CONTENT="landets"/><SP WIDTH="16" VPOS="1324" HPOS="758"/>
							<String ID="string_305" HPOS="774" VPOS="1324" WIDTH="50" HEIGHT="25" WC="0.92" CONTENT="hög-"/>
						</TextLine>
						<TextLine ID="line_35" HPOS="64" VPOS="1358" WIDTH="761" HEIGHT="29">
							<String ID="string_306" HPOS="64" VPOS="1359" WIDTH="72" HEIGHT="28" WC="0.79" CONTENT="lofliga"/><SP WIDTH="16" VPOS="1359" HPOS="136"/>
							<String ID="string_307" HPOS="152" VPOS="1360" WIDTH="88" HEIGHT="21" WC="0.93" CONTENT="ständer"/><SP WIDTH="22" VPOS="1360" HPOS="240"/>
							<String ID="string_308" HPOS="262" VPOS="1358" WIDTH="154" HEIGHT="23" WC="0.92" CONTENT="vördsammast"/><SP WIDTH="22" VPOS="1358" HPOS="416"/>
							<String ID="string_309" HPOS="438" VPOS="1359" WIDTH="130" HEIGHT="22" WC="0.92" CONTENT="öfverlemna"/><SP WIDTH="21" VPOS="1359" HPOS="568"/>
							<String ID="string_310" HPOS="589" VPOS="1360" WIDTH="48" HEIGHT="20" WC="0.96" CONTENT="vårt"/><SP WIDTH="14" VPOS="1360" HPOS="637"/>
							<String ID="string_311" HPOS="651" VPOS="1358" WIDTH="79" HEIGHT="27" WC="0.95" CONTENT="förslag"/><SP WIDTH="15" VPOS="1358" HPOS="730"/>
							<String ID="string_312" HPOS="745" VPOS="1358" WIDTH="80" HEIGHT="25" WC="0.96" CONTENT="derom,"/>
						</TextLine>
					</TextBlock>
					<TextBlock ID="block_3" HPOS="203" VPOS="1392" WIDTH="624" HEIGHT="29">
						<TextLine ID="line_36" HPOS="203" VPOS="1392" WIDTH="624" HEIGHT="29">
							<String ID="string_313" HPOS="203" VPOS="1396" WIDTH="34" HEIGHT="19" WC="0.93" CONTENT="att"/><SP WIDTH="10" VPOS="1396" HPOS="237"/>
							<String ID="string_314" HPOS="247" VPOS="1393" WIDTH="61" HEIGHT="28" WC="0.90" CONTENT="Kejs."/><SP WIDTH="11" VPOS="1393" HPOS="308"/>
							<String ID="string_315" HPOS="319" VPOS="1393" WIDTH="168" HEIGHT="28" WC="0.96" CONTENT="Förordningen"/><SP WIDTH="12" VPOS="1393" HPOS="487"/>
							<String ID="string_316" HPOS="499" VPOS="1393" WIDTH="112" HEIGHT="28" WC="0.95" CONTENT="angående"/><SP WIDTH="8" VPOS="1393" HPOS="611"/>
							<String ID="string_317" HPOS="619" VPOS="1392" WIDTH="146" HEIGHT="27" WC="0.92" CONTENT="tillverkning,"/><SP WIDTH="8" VPOS="1392" HPOS="765"/>
							<String ID="string_318" HPOS="773" VPOS="1397" WIDTH="54" HEIGHT="22" WC="0.91" CONTENT="upp-"/>
						</TextLine>
					</TextBlock>
					<TextBlock ID="block_4" HPOS="203" VPOS="1425" WIDTH="622" HEIGHT="30">
						<TextLine ID="line_37" HPOS="203" VPOS="1425" WIDTH="622" HEIGHT="30">
							<String ID="string_319" HPOS="203" VPOS="1429" WIDTH="38" HEIGHT="26" WC="0.96" CONTENT="lag"/><SP WIDTH="22" VPOS="1429" HPOS="241"/>
							<String ID="string_320" HPOS="263" VPOS="1427" WIDTH="38" HEIGHT="21" WC="0.93" CONTENT="och"/><SP WIDTH="16" VPOS="1427" HPOS="301"/>
							<String ID="string_321" HPOS="317" VPOS="1427" WIDTH="101" HEIGHT="28" WC="0.89" CONTENT="forsling"/><SP WIDTH="21" VPOS="1427" HPOS="418"/>
							<String ID="string_322" HPOS="439" VPOS="1427" WIDTH="28" HEIGHT="27" WC="0.96" CONTENT="af"/><SP WIDTH="20" VPOS="1427" HPOS="467"/>
							<String ID="string_323" HPOS="487" VPOS="1427" WIDTH="100" HEIGHT="27" WC="0.92" CONTENT="bränvin,"/><SP WIDTH="14" VPOS="1427" HPOS="587"/>
							<String ID="string_324" HPOS="601" VPOS="1427" WIDTH="74" HEIGHT="28" WC="0.92" CONTENT="gifven"/><SP WIDTH="14" VPOS="1427" HPOS="675"/>
							<String ID="string_325" HPOS="689" VPOS="1427" WIDTH="41" HEIGHT="21" WC="0.96" CONTENT="den"/><SP WIDTH="15" VPOS="1427" HPOS="730"/>
							<String ID="string_326" HPOS="745" VPOS="1427" WIDTH="14" HEIGHT="20" WC="0.96" CONTENT="9"/><SP WIDTH="12" VPOS="1427" HPOS="759"/>
							<String ID="string_327" HPOS="771" VPOS="1425" WIDTH="54" HEIGHT="28" WC="0.96" CONTENT="juni"/>
						</TextLine>
					</TextBlock>
					<TextBlock ID="block_5" HPOS="134" VPOS="1459" WIDTH="691" HEIGHT="60">
						<TextLine ID="line_38" HPOS="205" VPOS="1459" WIDTH="620" HEIGHT="30">
							<String ID="string_328" HPOS="205" VPOS="1463" WIDTH="59" HEIGHT="20" WC="0.96" CONTENT="1873"/><SP WIDTH="9" VPOS="1463" HPOS="264"/>
							<String ID="string_329" HPOS="273" VPOS="1462" WIDTH="69" HEIGHT="27" WC="0.93" CONTENT="jemte"/><SP WIDTH="17" VPOS="1462" HPOS="342"/>
							<String ID="string_330" HPOS="359" VPOS="1462" WIDTH="74" HEIGHT="21" WC="0.92" CONTENT="dertill"/><SP WIDTH="15" VPOS="1462" HPOS="433"/>
							<String ID="string_331" HPOS="448" VPOS="1461" WIDTH="104" HEIGHT="27" WC="0.96" CONTENT="hörande,"/><SP WIDTH="16" VPOS="1461" HPOS="552"/>
							<String ID="string_332" HPOS="568" VPOS="1461" WIDTH="79" HEIGHT="26" WC="0.96" CONTENT="efteråt"/><SP WIDTH="16" VPOS="1461" HPOS="647"/>
							<String ID="string_333" HPOS="663" VPOS="1461" WIDTH="113" HEIGHT="21" WC="0.91" CONTENT="tillkomna"/><SP WIDTH="16" VPOS="1461" HPOS="776"/>
							<String ID="string_334" HPOS="792" VPOS="1459" WIDTH="33" HEIGHT="26" WC="0.91" CONTENT="öf-"/>
						</TextLine>
						<TextLine ID="line_39" HPOS="134" VPOS="1501" WIDTH="404" HEIGHT="18">
							<String ID="string_335" HPOS="134" VPOS="1501" WIDTH="191" HEIGHT="18" WC="0.78" CONTENT="Ekonomiutskottets"/><SP WIDTH="13" VPOS="1501" HPOS="325"/>
							<String ID="string_336" HPOS="338" VPOS="1501" WIDTH="116" HEIGHT="17" WC="0.96" CONTENT="betänkande"/><SP WIDTH="15" VPOS="1501" HPOS="454"/>
							<String ID="string_337" HPOS="469" VPOS="1501" WIDTH="39" HEIGHT="18" WC="0.95" CONTENT="N:o"/><SP WIDTH="13" VPOS="1501" HPOS="508"/>
							<String ID="string_338" HPOS="521" VPOS="1501" WIDTH="17" HEIGHT="16" WC="0.95" CONTENT="5."/>
						</TextLine>
					</TextBlock>
				</ComposedBlock>
			</PrintSpace>
		</Page>
	</Layout>
</alto>
