1025 1661
432 115 39 22 N:o
486 113 35 24 29.
812 117 12 20 5

94 181 41 27 dag
156 181 79 27 afgifna
255 181 170 28 propositionen,
441 181 93 22 likasom
550 181 67 21 också
633 181 121 22 Ständerna
768 181 7 21 i
791 181 62 22 deras

94 215 52 22 derå
160 215 99 22 lemnade
275 215 149 27 underdåniga
439 221 50 16 svar
504 215 33 22 till
554 215 49 22 dem
618 215 55 28 tagit
688 215 89 28 hänsyn.

161 250 72 22 Jemte
254 250 37 21 det
310 250 61 21 Hans
390 249 122 28 Kejserliga
531 250 104 27 Majestät
653 250 65 21 alltså
732 249 70 22 funnit
816 249 38 22 be-

93 284 65 22 rörda
179 284 22 22 af
219 284 97 22 komitén
334 284 124 27 föreslagna
478 283 153 28 hufvudgrund
650 284 33 22 för
698 284 120 27 utgörande
833 282 22 23 af

93 318 163 28 ifrågavarande
275 318 79 22 besvär
370 318 49 22 icke
434 318 74 22 kunna
523 318 134 27 godkännas,
673 318 40 22 har
727 318 60 22 Hans
803 318 51 27 Kej-

94 353 79 27 serliga
191 353 103 27 Majestät
313 353 48 21 icke
382 353 68 22 heller
464 353 8 22 i
488 352 66 28 öfrigt
573 355 73 20 ansett
661 353 47 21 skäl
723 352 132 23 förekomma

94 390 33 20 att
146 388 71 22 afvika
235 388 47 21 från
303 388 26 22 de
354 388 142 27 grundsatser
510 388 7 21 i
533 389 80 25 ämnet,
630 387 88 22 hvarom
734 387 121 23 Ständerna

94 423 67 22 redan
181 423 33 27 sig
231 423 91 22 förenat.
354 423 46 22 Och
416 425 24 19 är
454 423 161 26 nedanintagna
629 422 81 28 förslag
725 422 32 22 till
772 422 82 22 förord-

94 457 58 28 ning,
168 457 112 27 angående
296 457 194 28 skjutshållningen
506 457 40 22 och
562 456 185 28 gästgifverierna,
762 456 8 22 i
786 456 69 23 öfver-

96 492 165 22 ensstämmelse
277 492 89 22 dermed
381 493 123 27 uppgjordt,
522 492 92 22 sålunda
627 492 66 21 likväl
708 493 34 20 att
751 499 26 14 ur
788 491 37 22 det
835 490 23 22 af

96 527 123 22 Ständerna
234 529 94 25 antagna
344 526 221 28 författningsförslag
579 526 74 27 utgått
668 526 23 28 $$
708 528 25 19 13
750 526 40 22 och
806 527 27 20 30
848 525 9 21 i

96 562 33 21 sin
151 562 75 21 helhet
248 564 57 19 samt
323 561 24 28 $$
369 564 25 19 14
415 562 41 21 och
478 564 24 19 15
525 562 74 26 delvis,
621 561 72 21 såsom
708 559 148 23 innefattande

97 596 135 27 stadganden
253 596 22 22 af
294 596 158 22 administrativ
470 599 40 24 art,
526 596 75 22 hvilka
616 598 83 20 ansetts
714 596 54 22 böra
782 594 75 28 inflyta

96 631 8 21 i
124 631 37 21 det
179 630 82 28 förslag
281 631 32 21 till
333 631 78 22 allmän
430 631 139 27 kungörelse,
589 637 46 16 som
650 631 48 21 icke
712 630 98 22 kommer
824 631 34 20 att

97 665 144 23 underkastas
256 666 132 22 Ständernas
404 666 165 27 godkännande.

166 700 60 22 Hans
242 700 122 28 Kejserliga
378 701 104 27 Majestät
495 700 36 22 vill
547 701 89 21 härmed
646 700 7 22 i
663 700 68 22 nåder
746 700 32 21 till
794 699 63 22 Stän-

98 734 78 22 dernas
197 736 122 26 antagande
339 734 131 23 öfverlemna
491 735 158 22 ofvannämnda
667 734 81 28 förslag
767 734 33 21 till
815 733 42 22 för-

99 769 96 27 ordning,
206 770 111 26 angående
333 770 195 27 skjutshållningen
545 770 41 22 och
601 769 183 28 gästgifverierna,
795 768 63 22 hvar-

99 803 39 21 hos
154 803 61 23 Hans
225 804 123 28 Kejserliga
358 804 103 28 Majestät
472 805 70 21 tillika
553 805 58 21 velat
621 804 59 22 öfver
690 804 38 22 det
738 803 121 28 uppgjorda

98 837 104 28 förslaget
217 839 33 21 till
265 839 130 27 kungörelse
411 845 34 16 om
461 839 108 22 särskilda
584 839 170 22 administrativa
764 838 95 21 bestäm-

98 872 77 27 ningar
193 873 8 21 i
222 875 73 20 ämnet
316 873 96 22 inhemta
431 873 134 22 Ständernas
585 873 147 27 underdåniga
748 872 111 28 yttrande;

98 907 93 22 varande
207 907 69 27 sagda
291 907 81 28 förslag
388 907 22 23 af
422 908 96 28 följande
533 908 92 28 lydelse:

374 988 110 28 Förslag
500 988 43 23 till
558 988 160 28 förordning,
727 986 133 30 angående

306 1022 239 29 skjutshållningen
561 1023 47 23 och
623 1022 222 29 gästgifverierna.

168 1063 51 22 Med
241 1064 151 27 upphäfvande
414 1064 22 22 af
455 1065 57 21 hvad
531 1065 92 21 rörande
643 1064 143 28 gästgifveri-,
806 1062 55 22 håll-

99 1098 40 21 och
159 1098 226 28 reservskjutsningen
400 1101 58 19 samt
474 1105 34 16 om
524 1099 180 27 gästgifverierna
718 1097 142 24 föreskrifvits

99 1133 32 20 uti
147 1134 27 20 28
190 1133 48 27 kap.
253 1133 26 22 B.
289 1133 32 27 B.,
339 1133 252 28 gästgifvareordningen
605 1133 24 22 af
643 1135 61 25 1734,
716 1132 145 27 förklaringen

99 1166 23 22 af
140 1167 42 22 den
205 1169 23 20 11
251 1168 120 22 December
392 1170 54 20 1766
467 1169 41 21 och
523 1169 78 26 nådiga
616 1168 144 28 kungörelsen
776 1167 42 22 den
834 1167 27 20 30

98 1201 91 22 Januari
205 1203 62 25 1872,
283 1203 49 21 med
348 1202 52 22 flere
415 1203 105 22 utkomna
533 1203 80 27 påbud,
625 1204 24 21 så
659 1203 46 22 vidt
716 1203 27 21 de
754 1202 18 28 ej
784 1207 79 22 genom

100 1236 70 22 denna
185 1236 126 27 författning
327 1236 103 29 förnyats,
447 1238 77 21 varder
539 1237 33 22 för
586 1238 115 21 framtiden
717 1237 102 27 stadgadt
833 1236 30 27 på

99 1272 47 20 sätt
161 1277 47 15 som
223 1271 72 28 följer:

459 1318 47 25 81.

169 1357 156 28 Skyldigheten
341 1360 33 20 att
389 1360 79 26 utgöra
484 1359 115 27 hällskjuts
616 1359 39 22 och
667 1358 126 23 underhälla
804 1359 59 26 gäst-

99 1390 76 28 gifveri
194 1392 30 27 pä
243 1392 74 22 landet
337 1392 82 28 äligger
434 1393 45 22 tills
495 1394 74 22 vidare
585 1394 28 21 all
629 1394 6 21 i
651 1394 81 21 mantal
748 1394 46 20 satt
806 1393 57 27 jord,

99 1432 47 15 som
166 1427 49 21 icke
235 1433 76 21 genom
331 1428 107 27 grundlag
459 1428 53 22 eller
532 1429 67 21 andra
619 1429 141 26 öfverhetliga
774 1427 90 28 stadgar

100 1463 24 19 är
147 1461 94 22 derifrän
262 1462 94 27 befriad;
380 1463 39 21 och
443 1463 99 27 deltager
565 1463 70 22 denna
652 1463 50 28 jord
721 1463 33 21 uti
771 1463 94 21 nämnda
