1020 1664
227 151 13 21 9
394 147 47 21 5
454 147 62 27 RE
531 148 101 32 -4:Pröfä
651 149 96 25 N:0-86.
775 150 9 15 *

197 206 91 23 berörde
310 208 113 27 petitioner
445 208 40 22 och
505 208 124 28 ansökning,
642 209 67 27 jemte
725 208 97 22 deröfver
837 208 121 23 infordrade

198 242 113 27 yttranden
327 242 22 22 af
363 242 157 22 vederbörande
536 242 152 28 myndigheter,
704 243 62 21 hafva
780 242 61 22 äfven
851 243 54 21 varit
915 243 43 21 till-

198 276 99 28 gängliga
311 276 33 22 för
358 278 112 26 utskottet,
486 277 80 22 hvilket
579 278 79 27 jemväl
673 278 53 27 tagit
741 278 119 21 kännedom
877 283 33 16 om
922 277 37 21 det

198 311 87 21 sakrika
299 311 139 28 betänkande,
454 318 46 16 som
515 313 24 21 år
551 313 54 21 1878
621 312 92 28 afgifvits
723 311 23 22 af
754 318 26 16 en
791 312 6 21 i
808 312 85 27 Sverige
903 312 50 21 ned-

197 348 44 20 satt
255 346 81 22 komité
351 346 32 22 för
398 346 139 22 utarbetande
553 346 23 22 af
588 346 80 28 förslag
683 346 32 22 till
730 346 148 28 författningar
896 346 3 22 i
914 348 43 19 äm-

196 382 43 25 net,
256 380 107 23 äfvensom
379 381 103 22 särskilda
497 382 67 21 andra
578 381 74 27 frägan
668 381 90 21 rörande
774 380 96 22 litterära
885 380 70 22 alster.

267 414 33 23 Då
321 415 246 28 husbehofsbränningen
590 416 25 22 år
638 416 55 22 1865
712 414 132 28 afskaffades,
860 414 96 28 utgjorde

196 448 104 23 Finlands
321 450 264 27 folkmängd
451 440 11 42 '
468 450 116 27 1843258!
592 452 112 26 persomer.
736 444 28 27 Är
781 450 54 21 1866
850 449 107 21 tillverka-

197 482 222 30 destfabriksmässigt
426 485 98 26 '312;048-
539 485 83 21 kannor
636 484 96 27 bränvin,
743 484 81 22 hvilket
834 486 38 24 gör
882 483 75 22 endast

192 514 68 37 något
275 518 59 23 öfver
344 519 32 22 ett
386 519 85 27 gvarter
479 519 90 22 bränvit
579 520 27 27 pä
614 519 77 27 hvarje
699 519 133 27 innevånare.
856 518 40 22 Om
906 524 49 15 man

196 552 69 22 också
272 548 75 37 tänker
360 554 44 27 sig,
416 548 35 37 att
467 553 297 28 besparingar:
629 548 54 37 hos.
685 548 25 37 en
722 548 47 37 och
781 559 68 15 annan
864 553 8 21 i
886 552 70 22 lands-

196 588 88 21 artörna
302 590 64 21 ännu:
381 588 75 22 funnos
471 582 51 38 gvar
533 582 65 38 :iirää
620 586 295 28 husbehofsbränningstiden,
931 588 25 20 är

197 622 38 21 det
247 622 65 22 likväl
318 622 118 28 antagligt,
451 624 33 20 att
498 629 27 15 en
540 624 50 20 stori
601 622 33 22 del
643 622 143 28 -af:behöfwet
800 621 32 22 till
843 628 26 15 en
879 621 74 27 början

195 655 76 28 fylldes
293 663 75 21 genom
390 657 151 27 lönbränning
544 651 13 38 :
568 658 37 21 De
616 651 114 38 «derefter!
745 651 88 38 följande
856 655 99 22 missvex-

196 692 62 20 terna
280 690 88 28 bidrogo
391 692 104 21 måhända
515 698 44 15 mer
581 694 27 19 än
631 692 68 26 några
712 690 242 31 lagstiftningsåtgärder

195 724 32 22 till
250 726 115 21 'utrotande:
384 725 21 23 af
426 726 182 27 'lönbränningen;
622 726 91 21 hvilken:
730 725 58 21 inom
800 724 152 28 jemförelsevis

194 759 51 22 kort:
267 760 31 21 tid
318 760 137 22 reducerades
475 760 32 22 till
519 756 195 32 en'öbetydlighet.
746 754 145 32 Öfvergången
902 758 49 22 från

194 793 220 29 husbehofsbränning
424 795 31 21 till
466 790 171 26 fabriksinäustri
647 794 148 28 genomfördes
806 792 87 23 sålunda
899 791 55 23 vida

194 828 79 22 lättare
288 831 26 19 än
329 835 48 15 man
392 829 81 22 kunnat
485 829 103 28 hoppas,
592 825 34 26 då
631 829 114 27 näringen
747 828 67 22 under
824 827 49 23 flere
884 832 69 17 mans-

193 862 74 22 åldrar
289 863 53 22 varit
357 863 87 22 allmänt
459 864 56 21 känd
531 863 48 22 och
585 863 93 22 utöfvad.
709 862 135 34 -Paföljderna
858 861 21 23 af
893 862 60 22 miss-

193 895 101 24 vextären
309 898 51 21 nedt
372 898 62 27 yckte
448 892 213 33 befolkningssiffran,
677 903 45 17 som
737 897 53 21 först
803 897 48 21 med
861 897 24 21 år
896 895 63 23 1872:

192 932 114 27 uppnådde
322 937 82 30 samma
416 932 56 28 höjd,
489 932 39 22 den
543 931 96 23 innehaft
653 933 26 21 &r
690 932 66 26 1865,
764 930 48 23 och
827 928 125 30 försvagade

192 965 85 23 landets
292 965 112 29 ressurser,
418 966 70 22 hvilka
499 961 75 27 endäst
583 967 107 27 långsamt
699 966 79 27 repade
788 962 38 31 sig.
836 957 8 41 :
849 966 36 21 Då
890 965 68 22 tmiss-'

191 1002 101 20 vexterna
307 1007 51 15 voro
374 999 154 34 öfverståndna,
545 995 39 28 och
600 1000 27 23 de
641 1000 141 28 fördelaktiga
797 997 152 24 trädvarukon-

188 1034 143 28 junkturerna
354 1035 104 27 inträdde,
483 1030 46 33 steg
553 1034 245 28 fabrikstillverkningen
820 1034 22 22 af
861 1032 97 24 bränvin'

190 1068 88 28 hastigt,
296 1070 24 22 så
334 1071 33 21 att
382 1070 40 22 den
437 1071 24 21 år
477 1070 56 22 1870
547 1070 98 28 utgjorde
661 1075 26 17 en
702 1070 70 21 kanna
788 1069 39 22 och
843 1069 62 21 1873:
913 1069 36 22 två

189 1103 85 22 kannor
295 1102 27 30 på
344 1104 72 28 hvarje
438 1103 132 23 innevånare.
600 1104 38 23 Sin
660 1104 219 26 kulminationspuikt
897 1109 52 21 upp-

189 1137 71 22 nådde
270 1136 253 30 bränvinsproduktionen
533 1136 25 25 år
569 1139 60 26 1875,
638 1139 28 21 dä
677 1138 41 22 den
728 1138 46 27 steg
784 1138 32 21 till
826 1138 42 27 21',
877 1134 71 25 kanna

188 1173 28 26 pä
232 1172 73 28 hvarje
320 1179 76 21 person
411 1173 7 22 i
433 1173 77 22 landet.
541 1173 46 22 Den
604 1173 92 22 derefter
711 1173 109 21 minskade
836 1172 112 22 arbetsför-

188 1206 93 27 tjensten
304 1203 144 26 motsvarades
469 1207 22 22 af
505 1209 32 21 ett
552 1208 124 27 nedgäende
691 1206 257 28 bränvinstillverknings-

187 1239 86 29 belupp,
296 1242 24 21 sä
340 1243 32 20 att
392 1242 59 21 detta
468 1242 33 22 för
519 1243 24 21 år
564 1242 55 22 1880
639 1242 48 22 icke
701 1241 85 28 mycket
800 1240 105 28 öfversteg
920 1247 26 16 en

186 1274 74 22 kanna
281 1276 27 27 pä
323 1282 82 21 person.
436 1276 49 22 Man
501 1274 91 25 erhåller
602 1277 61 22 dock
677 1276 48 22 icke
739 1276 70 27 någon
824 1275 124 27 fullständig

186 1309 138 28 uppfattning
345 1310 23 22 af
387 1310 265 29 bränvinsförbrukningen
675 1311 8 22 i
704 1310 79 27 landet,
799 1316 34 16 om
849 1315 47 16 man
913 1309 32 21 till

185 1343 70 26 grund
271 1343 31 23 för
317 1344 142 29 beräkningen
475 1346 72 27 lägger
561 1345 136 23 uteslutande
713 1345 40 22 den
763 1345 110 21 inhemska
883 1343 72 28 sprit--

185 1378 221 29 varutillverkningen.
437 1380 32 22 De
491 1375 113 28 utländska
626 1380 150 28 spritdrycker,
792 1386 45 15 som
852 1379 32 22 till
900 1379 44 21 lan-

185 1411 37 21 det
237 1412 79 23 införas
330 1414 68 21 under
412 1421 63 15 namn
491 1415 22 22 af
526 1415 83 22 franskt
623 1415 96 26 bränvin,
734 1415 92 27 kognak,
842 1420 45 15 rom
903 1413 40 22 och

184 1446 83 27 arrack,
283 1449 75 26 utgöra
373 1448 7 21 i
399 1449 72 27 sjelfva
485 1450 75 21 verket
575 1450 75 22 endast
665 1449 94 28 potatis-,
775 1449 101 22 hvitbets-
891 1448 54 22 eller

184 1479 158 30 sädesbränvin,
365 1489 45 15 mer
432 1483 51 22 eller
497 1484 82 22 mindre
593 1484 134 27 fullständigt
742 1484 76 23 renadt
833 1483 39 22 och
888 1483 56 26 ,till-

253 1521 190 20 Ekonomiutskottets
456 1524 116 18 betänkande
584 1520 36 23 N:o
632 1526 18 16 5.
