1020 1661
304 160 22 23 U.
343 161 22 22 B.
382 172 30 5 —
428 160 61 29 Prop,
506 160 37 23 N:o
559 161 38 23 25.
790 162 13 21 5

75 217 143 28 tillverkning,
240 217 129 28 försäljning,
391 218 79 27 upplag
491 219 40 21 och
546 218 88 27 forsling
649 218 23 22 af
684 218 95 27 bränvin,
795 220 37 20 äro

76 251 69 22 denna
159 253 57 26 gäng
230 252 107 22 fördelade
352 253 27 27 pä
394 253 36 21 tvä
444 253 155 27 förordningar,
615 253 41 22 den
671 259 40 15 ena
724 253 109 26 angäende

75 285 95 23 vilkoren
184 286 34 22 för
232 286 141 28 tillverkning,
390 287 38 21 och
439 286 131 28 destillering
579 286 23 22 af
610 286 94 27 bränvin,
716 287 40 21 den
766 286 67 22 andra

76 326 35 16 om
120 320 130 28 försäljning,
260 320 87 28 forsling
357 321 40 21 och
406 321 79 27 upplag
495 320 22 22 af
525 320 89 22 bränvin
626 321 39 21 och
675 321 67 21 andra
751 320 82 22 brända

75 354 52 22 eller
143 354 133 22 destillerade
291 355 148 27 spritdrycker.
463 355 58 22 Enär
536 355 25 21 de
576 354 57 22 förut
644 354 139 23 omförmälda
792 354 41 22 far-

74 388 96 27 hägorna
192 388 33 21 för
247 395 27 15 en
290 388 167 26 ,bränvinsflod*
475 390 54 21 visat
543 390 32 26 sig
590 390 122 26 ogrundade
727 391 55 20 samt
797 389 36 22 det

74 422 8 21 i
98 423 55 22 1873
168 423 35 22 ärs
218 422 122 28 förordning
361 423 103 27 stadgade
482 423 77 28 högsta
574 423 223 28 tillverkningsbelopp
813 423 22 22 af

75 457 114 27 4,300,000
210 457 83 22 kannor
312 457 46 22 icke
374 463 37 16 ens
426 457 67 22 under
508 457 26 22 de
549 459 55 20 mest
618 457 150 22 stimulerande
783 457 50 22 eko-

75 491 96 22 nomiska
190 491 145 22 förhållanden
355 491 69 22 blifvit
438 492 103 27 uppnädt,
557 492 39 21 har
611 492 222 27 maximibegränsnin-

75 532 40 21 gen
138 525 23 23 af
180 525 161 28 tillverkningen
365 527 39 21 och
428 526 36 21 det
479 527 87 21 dermed
581 526 206 27 sammanhängande
801 526 32 21 in-

75 559 101 23 vecklade
198 560 201 28 auktionssystemet
420 560 69 22 blifvit
507 560 131 28 frängänget.
668 560 111 22 Utskottet
793 560 40 22 har

75 594 48 22 med
138 594 59 22 bifall
212 594 98 22 omfattat
329 594 69 22 denna
412 593 127 23 förändrade
555 595 123 27 anordning,
689 597 50 19 enär
749 594 37 22 det
801 600 32 22 sy-

75 635 38 15 nes
128 628 111 24 utskottet,
255 635 45 15 som
310 628 69 22 skulle
394 629 207 27 auktionssystemet,
612 628 114 28 längtifrän
736 630 33 20 att
778 628 55 22 före-

75 663 85 21 komma
176 662 192 28 öfverproduktion,
384 670 86 14 snarare
485 670 51 15 vara
551 664 79 26 egnadt
644 665 32 20 att
687 663 109 22 framkalla
807 670 26 15 en

75 697 72 22 sådan.
171 697 43 21 Det
228 697 82 27 ligger
300 693 12 36 i
322 698 25 21 de
362 697 78 27 utlystä
455 698 141 21 auktionerna
612 704 26 15 en
652 698 42 21 viss
709 697 76 22 retelse
799 697 32 22 till

75 731 141 28 spekulation,
236 732 120 26 derigenom
378 733 33 20 att
433 732 262 22 bränneriinnehafvarene
718 737 115 22 uppmanas

75 765 32 22 till
129 765 65 22 täflan
210 768 31 19 att
258 765 96 23 försäkra
369 766 31 27 sig
415 772 34 16 om
464 766 104 27 rättighet
582 768 32 20 att
629 766 97 21 tillverka
741 765 92 22 tillräck-

75 800 39 27 ligt
135 801 55 21 stort
212 800 83 27 belopp,
319 800 39 22 och
380 800 26 22 dä
421 801 58 21 skatt
494 802 67 20 mäste
577 800 96 28 erläggas
687 800 33 21 för
733 799 50 22 hela
798 800 35 21 det

75 833 103 28 inropade
192 834 106 27 beloppet,
314 834 41 21 blir
371 835 117 21 detsamma
503 834 61 22 äfven
579 834 127 27 tillverkadt,
723 834 67 21 ehuru
805 833 28 22 ef-

75 867 107 28 terfrägan
197 869 27 26 pä
239 868 89 22 bränvin
343 869 167 21 understundom
524 869 47 22 icke
581 869 67 21 skulle
659 868 86 27 inbjuda
756 867 75 22 dertill.

74 902 74 23 Under
170 902 157 28 förutsättning,
343 905 32 20 att
390 903 255 28 maximibegränsningen
660 905 66 20 sättes
741 902 92 21 tillräck-

75 937 39 27 ligt
129 937 58 28 högt,
202 938 71 21 säsom
287 937 137 22 härförinnan
439 938 63 26 skett,
513 938 40 21 har
568 937 199 28 auktionssystemet
781 936 53 21 säle-

76 972 36 21 des
133 978 25 15 en
178 971 90 22 tendens
288 974 32 19 att
341 971 112 28 uppdrifva
474 972 163 27 tillverkningen
652 972 55 21 ända
722 971 32 22 till
769 971 65 21 maxi-

75 1012 63 15 mum.
170 1006 70 22 Sattes
263 1006 253 27 maximibegränsningen
540 1007 96 21 deremot
655 1006 7 21 i
676 1006 70 27 någon
760 1005 74 27 betyd-

75 1040 66 28 ligare
155 1041 49 21 män
219 1041 67 26 lägre,
301 1041 23 21 sä
340 1042 32 20 att
387 1041 35 21 det
437 1041 126 22 tillverkade
578 1040 199 27 bränvinsbeloppet
787 1039 47 22 icke

75 1074 85 22 komme
183 1077 32 19 att
237 1077 107 20 motsvara
366 1074 137 28 efterfrägan,
523 1075 68 22 skulle
606 1075 36 21 det
658 1074 98 27 stegrade
772 1073 62 22 brän-

74 1108 114 27 vinspriset
201 1109 86 21 komma
301 1110 32 20 att
347 1109 102 21 innebära
459 1115 27 15 en
497 1108 80 28 premie
586 1108 33 22 för
628 1107 206 23 bränvinstillverka-

74 1148 51 16 rene
141 1145 55 19 samt
210 1143 111 22 framkalla
336 1143 55 22 ökad
406 1143 79 27 import
501 1143 22 21 af
536 1143 113 21 utländska
664 1142 115 28 spritvaror
795 1141 39 21 och

75 1176 127 28 insmugling
213 1177 23 21 af
243 1177 111 22 utländskt
364 1177 94 22 bränvin.
483 1177 111 22 Utskottet
604 1183 62 15 anser
677 1176 82 22 derföre
769 1175 66 22 maxi-

75 1210 190 28 mibestämningen
287 1212 53 21 böra
362 1211 105 27 afskaffas,
492 1211 120 22 oberoende
636 1210 59 22 deraf
716 1216 33 16 om
764 1210 70 26 nägon

75 1245 66 27 utsigt
156 1247 32 20 att
203 1248 112 25 exportera
328 1246 90 22 bränvin
434 1246 46 22 frän
496 1245 92 22 Finland
602 1246 42 21 kan
659 1244 113 23 förefinnas
783 1243 52 22 eller

75 1280 54 26 icke,
151 1279 103 23 ehuruväl
276 1280 104 22 utskottet
394 1280 47 22 icke
455 1280 84 21 kunnat
554 1279 78 22 förbise
645 1278 77 28 jemväl
738 1278 36 22 det
789 1278 46 21 skäl

75 1314 33 21 för
123 1314 109 28 åtgärden,
248 1316 32 20 att
294 1314 157 28 lagstiftningen
467 1314 19 27 ej
501 1314 40 22 bör
551 1315 24 21 sä
585 1314 83 26 ordnas,
680 1315 31 20 att
720 1313 40 21 den
771 1312 65 27 omöj-

75 1348 69 27 liggör
158 1348 33 22 för
206 1349 41 21 den
262 1348 109 22 inhemska
385 1348 181 22 industriidkaren
581 1350 33 19 att
628 1347 73 22 arbeta
711 1347 33 21 för
755 1348 79 25 export.

145 1383 102 21 Deremot
267 1389 61 15 anser
342 1383 107 21 utskottet
463 1382 48 22 icke
526 1382 77 27 skäligt
618 1384 33 19 att
664 1381 87 22 beröfva
765 1380 70 21 lands-
845 1380 14 25 $
873 1379 20 22 2.

75 1417 153 22 kommunerne
251 1417 41 21 den
313 1416 109 27 rättighet,
439 1417 57 22 1873
511 1417 34 21 års
561 1415 123 27 förordning
698 1413 139 24 tillerkänner

77 1451 107 22 desamma
206 1453 33 20 att
253 1451 97 26 förvägra
372 1451 133 27 anläggande
521 1450 22 22 af
556 1450 99 22 bränneri
670 1449 57 22 inom
742 1449 95 20 kommu-

75 1491 53 16 nens
150 1485 93 22 område.
274 1485 155 27 Landspolisen
448 1485 41 22 hos
505 1491 34 16 oss
555 1487 24 19 är
592 1484 47 22 icke
654 1485 24 21 sä
692 1482 143 28 organiserad,

145 1525 191 18 Ekonomiutskottets
349 1524 117 18 betänkande
479 1525 38 17 N:o
531 1525 17 16 5.
