1028 1664
233 115 28 19 74
440 113 22 22 U.
478 113 23 22 B.
518 125 28 3 —-
562 113 64 29 Prop.
643 113 38 23 N:o
696 112 35 23 24.

203 179 180 22 tionsresultaten
398 179 22 22 af
438 185 26 16 en
485 181 26 20 20
527 179 37 22 mil
579 179 51 28 lång
642 179 97 28 jernväg,
756 185 46 16 som
819 179 144 26 Wasabanan,

204 213 67 22 redan
287 214 6 21 i
310 214 39 22 och
365 214 34 22 för
413 214 34 27 sig
463 217 24 18 är
501 213 24 22 af
537 214 123 27 väsendtlig
674 213 119 28 betydelse,
809 213 33 22 får
852 213 111 23 dessutom

204 249 19 27 ej
239 248 92 23 förbises
347 251 34 19 att
396 249 41 22 den
453 248 162 28 genomgående
631 248 70 27 trafik,
711 254 46 16 som
768 248 124 27 härigenom
903 248 59 22 kom-

203 289 47 16 mer
273 285 33 19 att
324 283 108 22 levereras
451 283 33 21 till
505 283 52 22 våra
575 289 29 16 nu
621 283 69 22 redan
705 282 85 27 färdiga
805 283 72 24 banor,
894 283 69 21 måste

203 317 34 22 för
252 319 33 20 att
300 318 28 21 nå
343 318 34 21 sin
391 318 193 26 bestämmelseort,
601 317 71 22 denna
684 317 35 22 må
729 323 30 16 nu
769 317 67 22 sedan
847 323 51 15 vara
908 311 54 32 Åbo,

204 352 85 27 Hangö,
313 352 133 27 Helsingfors
470 352 52 22 eller
545 352 33 22 S:t
595 352 140 27 Petersburg,
751 352 50 27 löpa
816 351 83 28 ganska
913 351 50 27 lång

203 387 90 21 sträcka
313 387 62 27 längs
395 387 109 22 desamma
523 387 41 22 och
583 387 85 22 således
690 387 19 27 ej
725 387 120 27 obetydligt
859 386 103 27 bidrager

203 421 33 21 till
253 421 62 22 deras
331 421 76 27 trafik;
424 422 76 21 medan
517 422 40 21 den
573 421 162 28 genomgående
745 421 92 22 trafiken
847 420 46 22 från
905 421 59 21 Kuo-

203 455 36 28 pio
263 455 70 22 banan
356 456 97 22 kommer
475 456 78 22 endast
572 456 158 27 jemförelsevis
750 456 64 21 korta
828 455 99 22 sträckor
942 454 24 22 af

204 490 52 22 våra
271 490 68 27 öfriga
353 491 125 22 stambanor
493 491 33 22 till
541 491 64 26 godo.
625 490 88 23 Utföres
729 490 86 22 således
829 489 85 28 Kuopio
926 489 37 22 ba-

203 531 43 15 nan
266 525 33 22 till
318 525 61 26 först,
398 525 42 22 kan
459 532 49 15 man
523 525 75 22 befara
612 527 33 20 att
660 525 186 22 trafikresultaten
862 523 22 23 af
898 523 66 22 Wasa

203 560 72 21 banan
290 560 48 21 icke
354 560 92 22 allenast
461 560 18 27 ej
496 561 128 20 nämnvärdt
637 560 86 21 komme
739 561 33 20 att
788 559 40 22 öka
844 558 119 23 kommuni-

203 594 179 22 kationsfondens
404 595 120 27 tillgångar,
544 596 51 20 utan
612 595 68 22 under
695 600 139 21 ogynsamma
848 593 115 22 förhållan-

202 629 42 22 den
261 629 82 21 kanske
358 631 92 20 tvärtom
465 629 108 28 uppsluka
588 635 26 16 en
630 629 35 22 del
680 627 71 28 deraf;
775 629 76 21 medan
870 634 35 15 om
922 628 40 21 den

203 659 180 26 Österbottniska
401 664 71 21 banan
491 663 55 22 först
566 663 90 27 utföres,
677 669 50 16 man
742 663 49 22 med
805 663 39 22 allt
858 663 48 22 skäl
921 663 42 21 kan

204 698 83 27 hoppas
304 701 33 19 att
353 698 38 22 det
405 698 164 27 trafiktillskott,
579 699 71 21 denna
665 698 86 21 komme
766 699 33 20 att
813 698 71 22 lemna
893 697 33 22 till
937 697 26 22 de

202 733 69 21 andra
287 733 101 26 banorna,
397 733 55 22 skall
468 733 90 27 bidraga
573 733 32 21 till
621 735 33 19 att
669 732 40 22 allt
723 732 106 27 framgent
843 732 51 27 höja
903 731 60 22 kom-

203 767 238 22 munikationsfondens
457 767 67 28 årliga
539 767 129 28 behållning.
700 767 44 22 Det
759 769 24 19 är
798 767 84 22 således
898 767 18 27 ej
933 766 30 21 al-

202 801 72 22 lenast
297 797 152 27 Österbottens
472 803 41 26 väl,
537 804 52 19 utan
612 802 62 22 äfven
695 802 104 22 intresset
819 801 39 22 hos
878 801 42 21 alla
936 801 26 21 de

202 836 131 27 landsdelar,
355 843 47 16 som
420 839 57 20 ännu
493 839 37 20 äro
546 837 7 21 i
569 836 104 23 afsaknad
689 836 23 22 af
722 835 239 29 jernvägsförbindelse,

203 871 82 22 hvilket
299 871 67 22 borde
382 877 63 16 mana
460 871 32 22 till
507 874 34 19 att
555 871 56 22 först
626 867 72 26 utföra
714 871 41 22 den
770 871 62 26 bana,
848 877 46 16 som
909 871 53 21 lem-

203 911 40 16 nar
257 907 83 20 största
355 906 87 27 möjliga
457 906 68 27 utsigt
539 906 34 22 för
588 907 33 20 att
631 905 288 22 kommunikationsfondens
930 906 33 21 in-

203 940 98 22 komster
320 940 62 22 äfven
401 940 107 27 framgent
527 941 62 21 skola
606 941 63 26 stiga,
687 940 40 22 och
744 946 46 15 som
806 940 86 22 således
907 940 7 21 i
930 940 33 21 sin

202 975 51 21 mån
268 975 101 27 bidrager
384 975 33 21 till
433 977 33 20 att
480 975 66 28 rycka
560 977 86 20 närmar
661 975 43 22 den
720 974 47 28 dag,
785 975 28 21 då
826 974 62 22 äfven
898 974 66 22 dessa

203 1009 124 22 landsdelar
350 1009 62 22 skola
431 1009 22 22 få
468 1011 109 26 emottaga
592 1009 97 23 fördelen
705 1009 24 22 af
743 1015 25 16 en
781 1008 182 29 jernvägsförbin-

204 1043 68 22 delse.

273 1077 30 22 Af
315 1078 57 21 hvad
388 1079 21 21 vi
424 1079 7 21 i
447 1079 36 22 det
499 1078 129 28 föregående
644 1078 78 27 anfört,
739 1084 54 16 anse
807 1078 20 21 vi
843 1077 121 28 otvetydigt

202 1112 93 28 framgå:
849 1127 3 3 i

275 1149 32 20 1:0
324 1149 33 20 att
372 1148 98 27 nordliga
485 1148 63 22 delen
564 1147 23 22 af
600 1147 98 27 Finlard,
714 1147 32 21 till
761 1145 53 29 följd
829 1146 23 22 af
860 1147 50 21 dess
920 1147 43 21 iso-

202 1182 74 21 lerade
291 1182 50 27 läge
357 1182 40 22 och
413 1183 54 21 brist
481 1183 28 27 pä
524 1182 217 26 kommunikationer,
757 1180 87 23 framför
859 1181 103 22 Savolaks

202 1218 25 19 är
243 1217 6 21 i
265 1216 67 22 behof
346 1216 23 22 af
379 1217 236 27 jernvägsförbindelse
634 1217 50 22 med
699 1216 38 22 det
752 1215 69 28 öfriga
834 1215 81 26 landet,
931 1215 33 22 för

202 1253 35 19 att
252 1251 125 22 densamma
392 1251 49 22 icke
456 1252 54 21 skall
526 1252 96 21 hämmas
638 1251 8 22 i
661 1251 52 22 dess
729 1250 123 27 utveckling
868 1250 41 22 och
919 1250 7 21 i
937 1255 27 16 en

201 1291 54 15 snar
273 1285 88 22 framtid
378 1285 99 23 beröfvas
493 1288 71 20 större
579 1286 64 22 delen
658 1285 24 22 af
696 1285 51 22 dess
762 1284 202 27 arbetskraftigaste

203 1319 134 28 befolkning;
547 1332 4 3 :

273 1355 34 20 2:0
331 1356 33 19 att
388 1355 71 22 denna
480 1354 132 23 förbindelse
634 1355 87 21 snarast
741 1353 42 22 och
805 1353 95 27 billigast
921 1352 43 21 kan

202 1388 88 33 komma
312 1389 33 21 till
367 1390 64 21 stånd
455 1395 76 22 genom
545 1389 67 22 Wasa
627 1389 84 22 banans
726 1387 145 23 fortsättande
887 1392 77 21 genom

201 1418 147 27 Österbotten
364 1423 33 22 till
413 1424 116 27 Uleåborg;

272 1462 191 23 Jernvägsutskottets
476 1462 117 19 betänkande
605 1463 36 17 N:o
654 1463 16 17 1.
