1028 1667
237 124 25 19 38
428 122 34 22 U.
475 107 30 48 B.
523 135 8 2 -
556 122 72 28 Prop.
642 122 42 22 N:o
701 121 37 23 18:

552 184 14 29 8
579 184 39 22 45.

226 233 4 7 '
414 225 56 26 (lika
485 225 47 21 med
548 225 48 21 nåd.
612 232 59 20 prop.
686 224 14 28 &
714 225 46 25 46.)

552 274 14 30 8
580 275 37 22 46.

407 316 52 26 (lika.
474 316 48 20 med
538 316 112 20 alternativ
666 315 18 20 A
699 314 13 29 &
727 316 45 25 23.)

550 366 13 29 8
577 366 38 22 47.

413 408 53 26 (lika
480 408 48 19 med
544 406 47 21 näd.
607 414 59 20 prop.
682 406 13 28 &
711 407 45 25 48.)

550 457 14 29 8
578 458 38 22 48.

412 500 54 25 (lika
481 498 48 21 med
544 499 47 21 näd.
607 505 59 20 prop.
682 498 13 28 &
710 498 45 26 49.)

551 549 14 29 8
579 549 37 23 49.

414 590 53 27 (lika
482 590 46 21 med
545 590 47 20 näd.
608 596 59 21 prop.
682 589 14 29 &
712 590 42 26 50.)

551 640 13 30 8
578 641 38 22 50.

399 682 53 27 (lika
469 682 47 20 med
532 682 112 20 alternativ
660 682 19 20 A
694 680 14 29 &
722 682 46 24 27.)

550 738 13 29 $
577 738 28 22 51
620 738 58 26 (nåd.
695 745 61 20 prop.
772 737 12 29 &
800 739 39 25 52).

276 792 23 2 —
326 791 22 3 —
375 791 24 4 —
424 791 24 4 —
473 780 46 20 före
537 780 39 20 den
597 779 41 27 dag
662 779 27 20 dä
713 779 244 27 bevillningslängderna

208 814 67 26 enligt
291 813 14 29 &
319 815 30 19 50
363 814 24 20 af
401 814 47 20 dem
464 813 31 21 till
510 809 163 31 Länestyrelsen
691 812 107 28 insändas,
814 813 33 20 för
855 815 30 17 att
895 813 62 20 dessa

206 848 89 26 längder
310 848 90 26 bifogas.

460 887 153 27 (Slutmeningen
627 887 77 27 utgår.)

450 955 22 22 C.
502 955 215 28 Pröfningsnämnd.

546 1006 13 28 8
573 1005 32 23 52
618 1006 59 26 (nåd.
694 1013 60 20 prop.
770 1006 13 28 &
798 1007 43 25 53).

415 1046 87 26 (Första
517 1053 62 14 mom.
595 1046 157 26 oförändradt.)

271 1077 71 23 Äfven
361 1082 50 18 utan
432 1082 32 19 att
481 1080 77 20 besvär
573 1080 51 21 eller
639 1080 166 27 anmärkningar
820 1081 67 26 gjorts
903 1081 52 26 älig-

202 1123 38 19 ger
261 1116 36 20 det
312 1116 216 26 pröfningsnämnden
544 1118 31 19 att
590 1116 47 20 med
652 1116 121 20 hvarandra
785 1116 92 26 jemföra
892 1119 62 17 samt-

202 1150 44 27 liga
261 1150 5 19 i
283 1150 58 20 länet
359 1150 102 20 tillkomna
478 1150 213 26 värderingslängder
712 1162 25 3 —
758 1162 24 4 —
802 1162 19 3 —
843 1162 23 2 —
884 1150 32 20 för
925 1152 31 18 att

203 1185 34 19 vid
253 1184 142 20 nästskeende
410 1184 97 27 taxering
522 1184 87 20 beaktas.

546 1240 12 29 8
566 1240 44 29 53.

270 1282 55 25 (lika
340 1281 49 20 med
405 1281 113 21 alternativ
535 1282 17 19 A
568 1280 12 28 &
595 1280 33 28 30,
646 1281 47 20 med
710 1280 108 27 undantag
834 1280 23 20 af
870 1283 31 17 att
917 1280 38 20 här

202 1317 37 19 bör
254 1316 100 20 hänvisas
371 1316 31 20 till
417 1314 26 29 88
459 1316 101 26 43—50.)

546 1372 14 28 8
574 1372 37 22 54.

269 1413 55 25 (lika
347 1413 48 20 med
414 1413 112 20 alternativ
546 1412 18 20 A
581 1411 14 29 &
612 1412 33 26 31,
669 1412 48 20 med
736 1412 107 26 undantag
864 1412 23 20 af
901 1412 52 19 att
942 1407 15 37 i

202 1447 67 21 andra
283 1454 63 14 mom.
363 1448 38 20 bör
416 1447 99 23 hänvisas
531 1447 31 20 till
576 1446 13 28 &
603 1447 44 25 43.)

271 1486 199 22 Bevillningsutskottets
482 1486 104 18 betänkande
598 1486 33 17 N:o
643 1486 17 17 5.
