1028 1664
236 116 14 19 4
398 114 81 24 Ständ.
494 115 38 23 Sv.
549 128 23 3 --
589 116 71 28 Prop.
677 117 41 22 N:o
733 116 37 22 29.

207 177 49 28 liga.
287 177 122 22 Ständerna
429 178 66 22 hafva
517 179 83 21 derföre
622 181 54 19 trott
692 180 38 21 det
745 186 53 15 vara
812 179 98 28 lämpligt
925 182 32 19 att

205 211 36 22 för
263 214 87 25 postens
371 212 155 22 fortskaffande
540 213 30 27 pä
584 215 58 20 orter
656 215 51 20 med
722 213 110 28 obetydlig
847 213 64 22 trafik
925 214 31 21 in-

206 247 58 20 rätta
286 248 32 19 ett
340 247 101 21 särskildt
455 247 47 28 slag
516 247 26 22 af
553 247 178 28 skjutsanstalter
745 249 70 20 under
827 248 130 27 benämning

206 281 135 27 postgärdar,
363 281 73 22 hvilka
455 281 68 22 skulle
538 281 65 22 hafva
617 282 33 21 till
665 282 103 21 ändamål
784 284 33 20 att
832 282 124 22 frambefor-

206 316 40 20 dra
268 318 49 25 post
339 318 44 19 mot
405 315 62 22 enkel
489 316 54 27 lega.
573 317 10 20 I
601 316 67 22 likhet
684 317 51 21 med
750 317 206 21 reservstationerna

206 349 66 22 borde
294 351 156 26 postgårdarna
472 353 52 19 utan
546 352 112 27 undantag
676 351 105 28 utbjudas
800 352 28 27 på
847 354 108 25 entrepre-

206 385 52 24 nad;
281 384 40 22 och
343 392 52 14 anse
410 385 122 22 Ständerna
546 385 33 22 för
593 385 117 27 sannolikt,
727 388 33 19 att
776 385 179 22 underhållandet

204 418 25 21 af
241 419 50 20 dem
305 419 48 22 icke
368 419 55 22 skall
436 419 34 22 för
484 421 27 20 de
526 420 232 28 skjutsningsskyldige
773 419 97 22 medföra
885 421 68 26 någon

205 454 120 21 nämnvärd
339 453 99 27 kostnad,
453 455 56 21 helst
524 456 175 27 entreprenören,
716 455 7 21 i
734 454 54 28 följd
798 454 63 22 deraf
868 456 32 19 att
911 454 43 21 han

204 488 29 27 på
254 487 93 22 förhand
361 489 40 21 har
415 489 32 27 sig
461 489 81 22 bekant
557 491 40 21 när
611 492 77 25 posten
704 491 26 20 är
745 491 33 19 att
792 489 106 26 förvänta,
914 489 39 22 och

204 522 93 22 sålunda
311 523 48 21 icke
373 523 8 21 i
395 523 103 22 afvaktan
513 525 29 26 på
556 525 126 20 densamma
697 523 104 22 behöfver
815 523 97 28 förspilla
927 530 26 15 en

204 557 45 21 ofta
265 557 79 28 dyrbar
363 558 38 25 tid,
416 558 130 21 åtminstone
561 559 7 20 i
583 559 27 21 de
624 559 64 21 flesta
704 558 39 21 fall
758 559 61 20 torde
834 558 74 21 kunna
922 558 30 21 öf-

202 593 91 26 vertaga
308 593 40 20 den
359 592 79 22 honom
448 593 114 27 åliggande
572 593 149 28 skyldigheten
734 595 57 19 emot
801 592 63 21 enkel
875 592 77 28 skjuts-

202 626 55 27 lega,
272 628 53 19 utan
341 627 71 27 någon
422 627 92 21 särskild
523 627 136 28 godtgörelse
670 627 125 22 derutöfver
804 627 25 21 af
837 627 26 21 de
873 627 78 28 skjuts-

202 660 166 28 ningsskyldige.

269 695 64 22 Hvad
348 695 100 28 slutligen
464 697 66 26 angår
546 697 26 20 de
587 696 111 21 allmänna
713 695 156 28 stråkvägarna
883 696 8 21 i
905 696 46 21 lan-

202 730 42 25 det,
266 729 54 22 böra
335 731 63 20 dessa
412 731 70 20 såsom
497 731 77 21 hittills
588 738 52 14 vara
654 731 104 21 försedda
773 731 49 20 med
837 729 113 28 gästgifve-

201 763 42 22 rier
257 767 56 18 samt
328 764 114 29 hållskjuts
457 765 35 21 vid
507 766 49 20 dem
570 766 87 26 utgöras
672 765 35 21 för
719 764 198 21 frambefordrande
928 765 25 20 af

200 798 60 21 såväl
280 800 91 20 resande
385 806 46 14 som
446 802 54 25 post,
516 806 49 15 men
579 799 168 22 vidkommande
762 798 141 22 samfärdseln
919 799 30 21 äf-

200 839 40 14 ven
263 833 14 20 å
299 834 64 21 dessa
384 835 65 26 vägar
463 834 67 27 gäller
545 835 36 20 det
593 833 184 28 hufvudsakligen
793 835 32 20 att
839 833 63 21 träffa
916 834 33 20 så-

201 867 58 21 dana
274 868 152 27 anordningar,
441 875 76 20 genom
532 869 79 25 hvilka,
628 869 24 20 så
666 869 48 20 vidt
729 868 84 27 möjligt
823 869 31 24 är,
865 869 41 20 den
917 875 31 14 re-

200 902 66 21 sande
281 901 42 22 blir
337 902 78 22 snabbt
430 903 107 27 betjenad,
553 905 53 19 utan
620 905 33 19 att
668 902 86 21 derföre
770 905 31 18 ett
812 902 136 22 öfverdrifvet

199 936 61 21 antal
275 932 86 37 hästari
367 937 32 21 för
413 937 123 21 ändamålet
546 937 100 22 behöfver
656 937 72 21 hållas
738 937 7 20 i
756 936 127 28 beredskap.
905 937 42 20 En-

198 970 41 27 ligt
254 971 43 21 den
313 971 79 27 nådiga
406 972 161 27 propositionen
582 971 73 22 tillhör
670 972 38 21 det
723 972 136 27 guvernören
869 973 32 19 att
912 971 35 21 be-

199 1005 92 21 stämma
313 1006 50 21 med
384 1005 54 22 huru
460 1007 79 26 många
560 1006 74 21 hästar
656 1005 154 28 skjutsningen
824 1005 35 21 vid
873 1005 74 28 hvarje

197 1039 127 27 gästgifveri
338 1039 55 22 skall
408 1040 110 25 bestridas,
534 1040 118 28 hvarjemte
668 1041 40 20 der
723 1039 70 22 tillika
808 1040 93 26 stadgas,
911 1040 36 20 det

198 1073 149 28 skyldigheten
362 1076 33 19 att
409 1075 49 21 med
472 1074 100 26 hällhäst,
587 1081 45 14 som
643 1074 34 21 till
687 1074 71 28 skjuts
768 1075 113 24 användts,
892 1075 55 26 ånyo

196 1107 85 28 skjutsa
295 1109 97 21 inträder
407 1109 89 26 såsnart,
512 1109 54 21 efter
580 1109 86 21 afresan
682 1109 49 20 från
741 1108 153 28 gästgifveriet,
904 1107 43 22 för-

196 1142 63 21 flutet
274 1145 33 18 tre
322 1143 81 27 gånger
418 1143 24 21 så
456 1144 78 26 många
548 1143 92 25 timmar,
656 1150 48 14 som
720 1142 82 21 antalet
818 1142 24 21 af
855 1143 26 20 de
892 1143 13 20 å
915 1148 31 15 se-

196 1179 62 18 naste
281 1177 119 27 skjutsfärd
421 1178 68 21 under
510 1177 63 22 fram-
593 1177 39 22 och
653 1178 113 20 återresan
782 1176 165 28 tillryggalagda

196 1210 47 26 mil;
259 1211 56 21 dock
330 1214 32 18 att
377 1213 49 20 med
441 1219 81 14 samma
536 1211 49 22 häst
600 1212 18 27 ej
634 1211 105 22 behöfver
754 1211 93 28 skjutsas
858 1211 49 20 flere
918 1211 27 20 än

195 1245 38 22 två
246 1246 83 27 gånger
343 1246 7 21 i
365 1247 86 27 dygnet.
474 1246 171 27 Tillämpningen
661 1245 25 22 af
699 1246 146 20 nästnämnda
856 1245 90 21 bestäm-

195 1279 52 28 ning
262 1279 128 22 förutsätter
405 1281 119 21 emellertid
538 1287 27 14 en
579 1280 133 21 åtminstone
722 1279 101 28 temligen
834 1286 111 20 noggrann

195 1313 133 28 anteckning
343 1315 24 21 af
380 1315 88 22 timmen
482 1315 34 21 för
530 1315 85 21 afresan
631 1314 49 21 från
695 1313 148 28 gästgifveriet
858 1313 40 22 och
908 1314 38 21 nå-

194 1350 37 25 got
247 1349 24 20 så
286 1350 41 20 när
341 1349 98 28 pålitliga
454 1357 30 18 ur,
499 1349 88 21 hvarom
602 1348 39 22 allt
656 1348 82 21 mellan
754 1349 41 20 den
806 1349 89 20 resande
905 1347 41 22 och

194 1383 148 27 gästgifvaren
365 1384 104 21 svårlösta
488 1384 75 21 tvister
577 1383 72 21 kunde
665 1383 88 27 uppstå.
783 1381 42 22 Till
839 1382 106 21 förekom-

193 1419 80 20 mande
295 1418 64 21 häraf
378 1418 66 21 hafva
465 1418 120 21 Ständerna
603 1417 80 27 intagit
698 1417 43 20 den
756 1416 141 27 bestämning,
912 1419 33 18 att

194 1451 48 22 från
259 1452 75 28 hvarje
348 1453 124 27 gästgifveri
487 1452 45 25 bör,
548 1452 35 21 vid
597 1451 71 26 behof,
685 1451 53 26 utgå
753 1451 24 21 så
787 1451 78 26 många
876 1451 68 27 skjut-
