1023 1661
229 117 28 22 24

438 115 24 24 U.
478 116 22 23 B.
515 129 29 4 —
560 116 62 29 Prop.
639 115 38 24 N:o
692 115 38 24 26.

614 174 16 28 $
647 173 35 22 48.

410 214 36 22 De
470 214 31 21 till
527 214 122 28 uttaxering
663 213 104 22 beslutade
782 213 80 22 medlen
876 213 86 29 uppdä-

341 256 42 18 ras,
408 249 68 21 under
502 249 124 27 benämning
644 247 121 26 länsmedel,
778 254 75 22 genom
868 247 92 22 kommu-

340 282 146 29 nalstyrelsens
497 283 88 29 försorg
600 282 36 21 och
651 282 123 21 inlevereras
787 282 57 20 inom
859 280 48 22 Juli
916 282 47 20 mä-

338 318 52 24 nad,
400 317 67 28 jemte
481 316 119 24 reversaler,
610 317 127 29 oafkortade
747 316 32 21 till
788 315 172 23 landtränteriet.

615 399 16 24 $
643 397 39 22 49.

413 437 43 22 Vid
480 438 115 28 länstinget
619 437 98 22 anmäler
738 435 134 24 Guvernören
886 443 34 14 om
936 437 26 21 de

339 472 91 30 influtna
445 472 135 23 länsmedlen,

615 549 16 23 $
647 547 34 21 50.

408 586 34 22 Pä
458 587 155 27 ordförandens
622 587 39 29 för
676 586 111 28 länstinget
803 586 26 26 af
846 585 116 22 sekretera-

340 628 35 14 ren
405 622 185 27 kontrasignerade
614 621 113 27 invisning,
752 628 47 20 eger
825 618 136 23 Guvernören

342 656 122 20 utanordna
485 656 25 21 de
525 656 33 20 till
573 655 160 22 landiränteriet
748 654 94 28 influtna
856 654 105 21 länsmed-

340 690 38 26 len,
404 690 74 26 hvilka,
503 691 68 20 sävidt
585 691 34 20 ske
633 690 50 24 kan,
699 690 50 20 böra
764 689 64 28 enligt
842 688 120 28 länstingets

337 724 107 28 föreskrift
458 728 62 25 göras
535 725 156 21 räntebärande
705 724 54 21 intill
774 724 46 22 dess
835 724 24 21 de
870 723 39 29 för
924 722 37 30 af-

338 759 62 21 sedda
416 759 103 21 ändamål
535 759 65 28 blifva
615 758 108 30 behöfliga.

614 841 17 24 $
646 839 36 21 51.

410 877 74 23 Säsom
500 880 115 26 ersättning
630 880 35 19 mä
681 879 8 20 i
703 878 164 22 landtränteriet
878 884 24 15 en
912 876 52 30 half

336 916 88 26 procent
440 913 29 29 af
481 914 105 20 derstädes
596 914 118 28 förvarade
729 912 115 22 länsmedel
862 911 98 21 innehäl-

338 946 40 26 las,
393 950 31 18 att
439 947 42 21 lika
495 948 94 25 fördelas
607 947 87 22 emellan
709 947 200 21 landskamreraren
923 945 38 21 och

339 980 221 24 landiräntmästaren.

614 1050 15 28 $
645 1051 36 21 52.

407 1089 163 30 Likalydande
585 1090 54 21 med
653 1092 13 25 $
683 1091 27 21 56
725 1089 9 22 i
748 1088 182 30 propositionen.

614 1170 15 27 $
645 1170 37 21 53.

408 1209 127 28 Länstinget
557 1213 54 18 utser
634 1209 81 28 årligen
731 1210 33 19 två
780 1209 57 21 inom
852 1209 109 28 länstings-

338 1244 98 21 omrädet
451 1243 78 22 boende
543 1251 98 21 personer
657 1244 34 21 till
706 1245 104 20 revisorer
825 1243 37 22 och
877 1247 27 18 ett
918 1243 42 21 lika

338 1277 58 22 antal
410 1278 143 29 suppleanter,
574 1279 35 28 för
630 1279 130 28 granskning
784 1279 28 28 af
825 1279 31 21 det
871 1278 91 28 löpande

337 1314 55 19 årets
408 1313 143 28 räkenskaper
567 1313 36 21 och
612 1313 162 29 förvaltningen
791 1314 26 25 af
824 1312 136 22 länsmedlen.

337 1346 127 22 Revisionen
488 1348 37 20 bör
549 1354 53 15 vara
616 1349 24 19 sä
656 1348 59 27 tidigt
730 1347 100 28 afslutad,
846 1351 30 17 att
891 1347 69 21 berät-

338 1380 62 22 telsen
423 1382 71 21 derom
518 1383 36 19 mä
578 1384 70 19 kunna
673 1383 56 19 inom
745 1382 39 21 den
800 1384 12 19 1
837 1383 66 26 derpä
914 1380 46 29 föl-

332 1415 68 28 jande
415 1415 51 22 Juli
480 1423 51 14 vara
545 1423 74 20 genom
636 1416 59 28 tryck
710 1415 159 30 offentliggjord
883 1415 37 22 och
930 1415 31 22 lä-

337 1454 43 16 nets
396 1450 215 29 kommunalstyrelser
627 1450 102 21 tillställd.

268 1489 143 18 Sammansatta
424 1492 50 21 Lag-
486 1490 33 18 och
531 1490 192 19 Ekonomiutskottets
736 1491 118 18 betänkande
865 1495 31 14 n:o
908 1491 18 18 8.
