<?xml version="1.0" encoding="UTF-8"?>
<alto xmlns="http://www.loc.gov/standards/alto/ns-v3#" xmlns:xlink="http://www.w3.org/1999/xlink" xmlns:xsi="http://www.w3.org/2001/XMLSchema-instance" xsi:schemaLocation="http://www.loc.gov/standards/alto/ns-v3# http://www.loc.gov/alto/v3/alto-3-0.xsd">
	<Description>
		<MeasurementUnit>pixel</MeasurementUnit>
		<sourceImageInformation>
			<fileName>/tmp/tess_8_1f1v_6_input.PNG</fileName>
		</sourceImageInformation>
		<OCRProcessing ID="OCR_0">
			<ocrProcessingStep>
				<processingSoftware>
					<softwareName>tesseract 5.3.4</softwareName>
				</processingSoftware>
			</ocrProcessingStep>
		</OCRProcessing>
	</Description>
	<Layout>
		<Page WIDTH="1028" HEIGHT="1661" PHYSICAL_IMG_NR="0" ID="page_0">
			<PrintSpace HPOS="0" VPOS="0" WIDTH="1028" HEIGHT="1661">
				<ComposedBlock ID="cblock_0" HPOS="273" VPOS="120" WIDTH="534" HEIGHT="28">
					<TextBlock ID="block_0" HPOS="273" VPOS="120" WIDTH="534" HEIGHT="28">
						<TextLine ID="line_0" HPOS="273" VPOS="120" WIDTH="534" HEIGHT="28">
							<String ID="string_0" HPOS="273" VPOS="120" WIDTH="81" HEIGHT="23" WC="0.90" CONTENT="Ständ."/><SP WIDTH="16" VPOS="120" HPOS="354"/>
							<String ID="string_1" HPOS="370" VPOS="120" WIDTH="38" HEIGHT="23" WC="0.92" CONTENT="Sv."/><SP WIDTH="15" VPOS="120" HPOS="408"/>
							<String ID="string_2" HPOS="423" VPOS="132" WIDTH="28" HEIGHT="4" WC="0.91" CONTENT="—"/><SP WIDTH="15" VPOS="132" HPOS="451"/>
							<String ID="string_3" HPOS="466" VPOS="121" WIDTH="72" HEIGHT="27" WC="0.96" CONTENT="Prop."/><SP WIDTH="15" VPOS="121" HPOS="538"/>
							<String ID="string_4" HPOS="553" VPOS="121" WIDTH="41" HEIGHT="22" WC="0.90" CONTENT="N:o"/><SP WIDTH="16" VPOS="121" HPOS="594"/>
							<String ID="string_5" HPOS="610" VPOS="120" WIDTH="35" HEIGHT="22" WC="0.96" CONTENT="18."/><SP WIDTH="148" VPOS="120" HPOS="645"/>
							<String ID="string_6" HPOS="793" VPOS="121" WIDTH="14" HEIGHT="20" WC="0.95" CONTENT="7"/>
						</TextLine>
					</TextBlock>
				</ComposedBlock>
				<ComposedBlock ID="cblock_1" HPOS="279" VPOS="182" WIDTH="563" HEIGHT="1051">
					<TextBlock ID="block_1" HPOS="279" VPOS="182" WIDTH="560" HEIGHT="574">
						<TextLine ID="line_1" HPOS="283" VPOS="182" WIDTH="552" HEIGHT="29">
							<String ID="string_7" HPOS="283" VPOS="182" WIDTH="221" HEIGHT="28" WC="0.92" CONTENT="häradsskrifvarene"/><SP WIDTH="22" VPOS="182" HPOS="504"/>
							<String ID="string_8" HPOS="526" VPOS="183" WIDTH="126" HEIGHT="28" WC="0.96" CONTENT="uppgjorda"/><SP WIDTH="16" VPOS="183" HPOS="652"/>
							<String ID="string_9" HPOS="668" VPOS="182" WIDTH="98" HEIGHT="28" WC="0.96" CONTENT="förslag,"/><SP WIDTH="25" VPOS="182" HPOS="766"/>
							<String ID="string_10" HPOS="791" VPOS="189" WIDTH="44" HEIGHT="15" WC="0.96" CONTENT="som"/>
						</TextLine>
						<TextLine ID="line_2" HPOS="279" VPOS="216" WIDTH="556" HEIGHT="28">
							<String ID="string_11" HPOS="279" VPOS="216" WIDTH="53" HEIGHT="28" WC="0.79" CONTENT="före"/><SP WIDTH="22" VPOS="216" HPOS="332"/>
							<String ID="string_12" HPOS="354" VPOS="216" WIDTH="109" HEIGHT="22" WC="0.93" CONTENT="Februari"/><SP WIDTH="21" VPOS="216" HPOS="463"/>
							<String ID="string_13" HPOS="484" VPOS="218" WIDTH="93" HEIGHT="20" WC="0.96" CONTENT="månads"/><SP WIDTH="25" VPOS="218" HPOS="577"/>
							<String ID="string_14" HPOS="602" VPOS="218" WIDTH="83" HEIGHT="26" WC="0.85" CONTENT="utgång"/><SP WIDTH="26" VPOS="218" HPOS="685"/>
							<String ID="string_15" HPOS="711" VPOS="216" WIDTH="74" HEIGHT="28" WC="0.95" CONTENT="hvarje"/><SP WIDTH="23" VPOS="216" HPOS="785"/>
							<String ID="string_16" HPOS="808" VPOS="217" WIDTH="27" HEIGHT="20" WC="0.96" CONTENT="är"/>
						</TextLine>
						<TextLine ID="line_3" HPOS="284" VPOS="250" WIDTH="551" HEIGHT="29">
							<String ID="string_17" HPOS="284" VPOS="250" WIDTH="61" HEIGHT="22" WC="0.96" CONTENT="skola"/><SP WIDTH="15" VPOS="250" HPOS="345"/>
							<String ID="string_18" HPOS="360" VPOS="257" WIDTH="54" HEIGHT="15" WC="0.96" CONTENT="vara"/><SP WIDTH="16" VPOS="257" HPOS="414"/>
							<String ID="string_19" HPOS="430" VPOS="250" WIDTH="36" HEIGHT="22" WC="0.93" CONTENT="till"/><SP WIDTH="18" VPOS="250" HPOS="466"/>
							<String ID="string_20" HPOS="484" VPOS="253" WIDTH="136" HEIGHT="26" WC="0.92" CONTENT="guvernören"/><SP WIDTH="12" VPOS="253" HPOS="620"/>
							<String ID="string_21" HPOS="632" VPOS="251" WIDTH="101" HEIGHT="25" WC="0.92" CONTENT="insända,"/><SP WIDTH="12" VPOS="251" HPOS="733"/>
							<String ID="string_22" HPOS="745" VPOS="250" WIDTH="90" HEIGHT="22" WC="0.90" CONTENT="bestäm-"/>
						</TextLine>
						<TextLine ID="line_4" HPOS="284" VPOS="284" WIDTH="551" HEIGHT="28">
							<String ID="string_23" HPOS="284" VPOS="291" WIDTH="45" HEIGHT="14" WC="0.91" CONTENT="mer"/><SP WIDTH="22" VPOS="291" HPOS="329"/>
							<String ID="string_24" HPOS="351" VPOS="286" WIDTH="133" HEIGHT="26" WC="0.96" CONTENT="guvernören"/><SP WIDTH="17" VPOS="286" HPOS="484"/>
							<String ID="string_25" HPOS="501" VPOS="285" WIDTH="59" HEIGHT="20" WC="0.96" CONTENT="tiden"/><SP WIDTH="19" VPOS="285" HPOS="560"/>
							<String ID="string_26" HPOS="579" VPOS="284" WIDTH="42" HEIGHT="27" WC="0.93" CONTENT="för"/><SP WIDTH="15" VPOS="284" HPOS="621"/>
							<String ID="string_27" HPOS="636" VPOS="284" WIDTH="199" HEIGHT="28" WC="0.80" CONTENT="bevillningskomi-"/>
						</TextLine>
						<TextLine ID="line_5" HPOS="285" VPOS="318" WIDTH="550" HEIGHT="29">
							<String ID="string_28" HPOS="285" VPOS="318" WIDTH="85" HEIGHT="21" WC="0.88" CONTENT="téernas"/><SP WIDTH="8" VPOS="318" HPOS="370"/>
							<String ID="string_29" HPOS="378" VPOS="319" WIDTH="185" HEIGHT="25" WC="0.96" CONTENT="sammanträden,"/><SP WIDTH="11" VPOS="319" HPOS="563"/>
							<String ID="string_30" HPOS="574" VPOS="318" WIDTH="92" HEIGHT="21" WC="0.93" CONTENT="hvarvid"/><SP WIDTH="10" VPOS="318" HPOS="666"/>
							<String ID="string_31" HPOS="676" VPOS="318" WIDTH="115" HEIGHT="29" WC="0.92" CONTENT="iakttages,"/><SP WIDTH="12" VPOS="318" HPOS="791"/>
							<String ID="string_32" HPOS="803" VPOS="320" WIDTH="32" HEIGHT="19" WC="0.96" CONTENT="att"/>
						</TextLine>
						<TextLine ID="line_6" HPOS="284" VPOS="352" WIDTH="552" HEIGHT="29">
							<String ID="string_33" HPOS="284" VPOS="352" WIDTH="26" HEIGHT="21" WC="0.96" CONTENT="de"/><SP WIDTH="14" VPOS="352" HPOS="310"/>
							<String ID="string_34" HPOS="324" VPOS="352" WIDTH="46" HEIGHT="21" WC="0.93" CONTENT="icke"/><SP WIDTH="10" VPOS="352" HPOS="370"/>
							<String ID="string_35" HPOS="380" VPOS="353" WIDTH="31" HEIGHT="27" WC="0.91" CONTENT="jå"/><SP WIDTH="15" VPOS="353" HPOS="411"/>
							<String ID="string_36" HPOS="426" VPOS="352" WIDTH="90" HEIGHT="29" WC="0.96" CONTENT="vidtaga"/><SP WIDTH="16" VPOS="352" HPOS="516"/>
							<String ID="string_37" HPOS="532" VPOS="353" WIDTH="95" HEIGHT="27" WC="0.96" CONTENT="tidigare"/><SP WIDTH="11" VPOS="353" HPOS="627"/>
							<String ID="string_38" HPOS="638" VPOS="355" WIDTH="29" HEIGHT="19" WC="0.96" CONTENT="än"/><SP WIDTH="11" VPOS="355" HPOS="667"/>
							<String ID="string_39" HPOS="678" VPOS="353" WIDTH="41" HEIGHT="21" WC="0.96" CONTENT="den"/><SP WIDTH="11" VPOS="353" HPOS="719"/>
							<String ID="string_40" HPOS="730" VPOS="353" WIDTH="28" HEIGHT="20" WC="0.96" CONTENT="15"/><SP WIDTH="10" VPOS="353" HPOS="758"/>
							<String ID="string_41" HPOS="768" VPOS="352" WIDTH="68" HEIGHT="28" WC="0.87" CONTENT="April"/>
						</TextLine>
						<TextLine ID="line_7" HPOS="285" VPOS="385" WIDTH="554" HEIGHT="30">
							<String ID="string_42" HPOS="285" VPOS="386" WIDTH="38" HEIGHT="21" WC="0.96" CONTENT="och"/><SP WIDTH="23" VPOS="386" HPOS="323"/>
							<String ID="string_43" HPOS="346" VPOS="386" WIDTH="53" HEIGHT="21" WC="0.96" CONTENT="böra"/><SP WIDTH="21" VPOS="386" HPOS="399"/>
							<String ID="string_44" HPOS="420" VPOS="393" WIDTH="55" HEIGHT="14" WC="0.93" CONTENT="vara"/><SP WIDTH="15" VPOS="393" HPOS="475"/>
							<String ID="string_45" HPOS="490" VPOS="386" WIDTH="114" HEIGHT="27" WC="0.90" CONTENT="afslutade"/><SP WIDTH="10" VPOS="386" HPOS="604"/>
							<String ID="string_46" HPOS="614" VPOS="386" WIDTH="53" HEIGHT="28" WC="0.96" CONTENT="före"/><SP WIDTH="14" VPOS="386" HPOS="667"/>
							<String ID="string_47" HPOS="681" VPOS="387" WIDTH="112" HEIGHT="28" WC="0.96" CONTENT="utgången"/><SP WIDTH="16" VPOS="387" HPOS="793"/>
							<String ID="string_48" HPOS="809" VPOS="385" WIDTH="30" HEIGHT="28" WC="0.95" CONTENT="af"/>
						</TextLine>
						<TextLine ID="line_8" HPOS="287" VPOS="420" WIDTH="549" HEIGHT="29">
							<String ID="string_49" HPOS="287" VPOS="420" WIDTH="93" HEIGHT="21" WC="0.94" CONTENT="Oktober"/><SP WIDTH="22" VPOS="420" HPOS="380"/>
							<String ID="string_50" HPOS="402" VPOS="421" WIDTH="88" HEIGHT="21" WC="0.93" CONTENT="månad."/><SP WIDTH="34" VPOS="421" HPOS="490"/>
							<String ID="string_51" HPOS="524" VPOS="421" WIDTH="83" HEIGHT="21" WC="0.91" CONTENT="Tillika"/><SP WIDTH="22" VPOS="421" HPOS="607"/>
							<String ID="string_52" HPOS="629" VPOS="421" WIDTH="106" HEIGHT="26" WC="0.93" CONTENT="utfärdar"/><SP WIDTH="25" VPOS="421" HPOS="735"/>
							<String ID="string_53" HPOS="760" VPOS="427" WIDTH="76" HEIGHT="22" WC="0.90" CONTENT="guver-"/>
						</TextLine>
						<TextLine ID="line_9" HPOS="284" VPOS="455" WIDTH="551" HEIGHT="27">
							<String ID="string_54" HPOS="284" VPOS="457" WIDTH="67" HEIGHT="19" WC="0.90" CONTENT="nören"/><SP WIDTH="13" VPOS="457" HPOS="351"/>
							<String ID="string_55" HPOS="364" VPOS="455" WIDTH="77" HEIGHT="27" WC="0.96" CONTENT="påbud"/><SP WIDTH="15" VPOS="455" HPOS="441"/>
							<String ID="string_56" HPOS="456" VPOS="462" WIDTH="34" HEIGHT="14" WC="0.95" CONTENT="om"/><SP WIDTH="14" VPOS="462" HPOS="490"/>
							<String ID="string_57" HPOS="504" VPOS="456" WIDTH="37" HEIGHT="21" WC="0.95" CONTENT="val"/><SP WIDTH="15" VPOS="456" HPOS="541"/>
							<String ID="string_58" HPOS="556" VPOS="456" WIDTH="36" HEIGHT="20" WC="0.96" CONTENT="till"/><SP WIDTH="16" VPOS="456" HPOS="592"/>
							<String ID="string_59" HPOS="608" VPOS="455" WIDTH="117" HEIGHT="21" WC="0.95" CONTENT="ledamöter"/><SP WIDTH="15" VPOS="455" HPOS="725"/>
							<String ID="string_60" HPOS="740" VPOS="455" WIDTH="9" HEIGHT="20" WC="0.91" CONTENT="i"/><SP WIDTH="15" VPOS="455" HPOS="749"/>
							<String ID="string_61" HPOS="764" VPOS="455" WIDTH="71" HEIGHT="20" WC="0.91" CONTENT="bevill-"/>
						</TextLine>
						<TextLine ID="line_10" HPOS="285" VPOS="489" WIDTH="551" HEIGHT="28">
							<String ID="string_62" HPOS="285" VPOS="489" WIDTH="204" HEIGHT="27" WC="0.90" CONTENT="ningskomitéerna,"/><SP WIDTH="23" VPOS="489" HPOS="489"/>
							<String ID="string_63" HPOS="512" VPOS="489" WIDTH="156" HEIGHT="22" WC="0.93" CONTENT="innehållande"/><SP WIDTH="10" VPOS="489" HPOS="668"/>
							<String ID="string_64" HPOS="678" VPOS="489" WIDTH="84" HEIGHT="28" WC="0.91" CONTENT="jemväl"/><SP WIDTH="11" VPOS="489" HPOS="762"/>
							<String ID="string_65" HPOS="773" VPOS="489" WIDTH="63" HEIGHT="27" WC="0.92" CONTENT="före-"/>
						</TextLine>
						<TextLine ID="line_11" HPOS="285" VPOS="522" WIDTH="551" HEIGHT="29">
							<String ID="string_66" HPOS="285" VPOS="523" WIDTH="68" HEIGHT="27" WC="0.96" CONTENT="skrift"/><SP WIDTH="15" VPOS="523" HPOS="353"/>
							<String ID="string_67" HPOS="368" VPOS="530" WIDTH="34" HEIGHT="15" WC="0.96" CONTENT="om"/><SP WIDTH="15" VPOS="530" HPOS="402"/>
							<String ID="string_68" HPOS="417" VPOS="523" WIDTH="57" HEIGHT="22" WC="0.95" CONTENT="hvad"/><SP WIDTH="15" VPOS="523" HPOS="474"/>
							<String ID="string_69" HPOS="489" VPOS="523" WIDTH="30" HEIGHT="28" WC="0.95" CONTENT="af"/><SP WIDTH="10" VPOS="523" HPOS="519"/>
							<String ID="string_70" HPOS="529" VPOS="523" WIDTH="158" HEIGHT="22" WC="0.95" CONTENT="vederbörande"/><SP WIDTH="15" VPOS="523" HPOS="687"/>
							<String ID="string_71" HPOS="702" VPOS="525" WIDTH="27" HEIGHT="19" WC="0.96" CONTENT="är"/><SP WIDTH="10" VPOS="525" HPOS="729"/>
							<String ID="string_72" HPOS="739" VPOS="525" WIDTH="34" HEIGHT="19" WC="0.90" CONTENT="att"/><SP WIDTH="10" VPOS="525" HPOS="773"/>
							<String ID="string_73" HPOS="783" VPOS="523" WIDTH="8" HEIGHT="21" WC="0.90" CONTENT="i"/><SP WIDTH="12" VPOS="523" HPOS="791"/>
							<String ID="string_74" HPOS="803" VPOS="522" WIDTH="33" HEIGHT="28" WC="0.92" CONTENT="af-"/>
						</TextLine>
						<TextLine ID="line_12" HPOS="286" VPOS="556" WIDTH="550" HEIGHT="29">
							<String ID="string_75" HPOS="286" VPOS="558" WIDTH="76" HEIGHT="20" WC="0.93" CONTENT="seende"/><SP WIDTH="23" VPOS="558" HPOS="362"/>
							<String ID="string_76" HPOS="385" VPOS="558" WIDTH="14" HEIGHT="20" WC="0.92" CONTENT="å"/><SP WIDTH="21" VPOS="558" HPOS="399"/>
							<String ID="string_77" HPOS="420" VPOS="558" WIDTH="98" HEIGHT="21" WC="0.91" CONTENT="nämnda"/><SP WIDTH="22" VPOS="558" HPOS="518"/>
							<String ID="string_78" HPOS="540" VPOS="558" WIDTH="103" HEIGHT="20" WC="0.91" CONTENT="komitéer"/><SP WIDTH="22" VPOS="558" HPOS="643"/>
							<String ID="string_79" HPOS="665" VPOS="557" WIDTH="106" HEIGHT="28" WC="0.88" CONTENT="iakttaga."/><SP WIDTH="32" VPOS="557" HPOS="771"/>
							<String ID="string_80" HPOS="803" VPOS="556" WIDTH="33" HEIGHT="22" WC="0.92" CONTENT="På"/>
						</TextLine>
						<TextLine ID="line_13" HPOS="286" VPOS="592" WIDTH="550" HEIGHT="28">
							<String ID="string_81" HPOS="286" VPOS="598" WIDTH="83" HEIGHT="14" WC="0.96" CONTENT="samma"/><SP WIDTH="15" VPOS="598" HPOS="369"/>
							<String ID="string_82" HPOS="384" VPOS="592" WIDTH="59" HEIGHT="28" WC="0.96" CONTENT="gång"/><SP WIDTH="15" VPOS="592" HPOS="443"/>
							<String ID="string_83" HPOS="458" VPOS="592" WIDTH="70" HEIGHT="28" WC="0.96" CONTENT="dylikt"/><SP WIDTH="12" VPOS="592" HPOS="528"/>
							<String ID="string_84" HPOS="540" VPOS="592" WIDTH="77" HEIGHT="28" WC="0.96" CONTENT="påbud"/><SP WIDTH="15" VPOS="592" HPOS="617"/>
							<String ID="string_85" HPOS="632" VPOS="592" WIDTH="9" HEIGHT="20" WC="0.96" CONTENT="i"/><SP WIDTH="14" VPOS="592" HPOS="641"/>
							<String ID="string_86" HPOS="655" VPOS="592" WIDTH="76" HEIGHT="27" WC="0.96" CONTENT="vanlig"/><SP WIDTH="11" VPOS="592" HPOS="731"/>
							<String ID="string_87" HPOS="742" VPOS="592" WIDTH="94" HEIGHT="26" WC="0.95" CONTENT="ordning"/>
						</TextLine>
						<TextLine ID="line_14" HPOS="282" VPOS="625" WIDTH="556" HEIGHT="29">
							<String ID="string_88" HPOS="282" VPOS="625" WIDTH="164" HEIGHT="29" WC="0.95" CONTENT="församlingen"/><SP WIDTH="22" VPOS="625" HPOS="446"/>
							<String ID="string_89" HPOS="468" VPOS="626" WIDTH="115" HEIGHT="24" WC="0.96" CONTENT="meddelas,"/><SP WIDTH="23" VPOS="626" HPOS="583"/>
							<String ID="string_90" HPOS="606" VPOS="626" WIDTH="81" HEIGHT="28" WC="0.96" CONTENT="utlyses"/><SP WIDTH="22" VPOS="626" HPOS="687"/>
							<String ID="string_91" HPOS="709" VPOS="626" WIDTH="9" HEIGHT="20" WC="0.96" CONTENT="i"/><SP WIDTH="23" VPOS="626" HPOS="718"/>
							<String ID="string_92" HPOS="741" VPOS="625" WIDTH="38" HEIGHT="21" WC="0.96" CONTENT="och"/><SP WIDTH="16" VPOS="625" HPOS="779"/>
							<String ID="string_93" HPOS="795" VPOS="625" WIDTH="43" HEIGHT="25" WC="0.95" CONTENT="för"/>
						</TextLine>
						<TextLine ID="line_15" HPOS="286" VPOS="659" WIDTH="552" HEIGHT="23">
							<String ID="string_94" HPOS="286" VPOS="660" WIDTH="57" HEIGHT="21" WC="0.93" CONTENT="valet"/><SP WIDTH="15" VPOS="660" HPOS="343"/>
							<String ID="string_95" HPOS="358" VPOS="661" WIDTH="14" HEIGHT="20" WC="0.87" CONTENT="å"/><SP WIDTH="16" VPOS="661" HPOS="372"/>
							<String ID="string_96" HPOS="388" VPOS="660" WIDTH="74" HEIGHT="21" WC="0.96" CONTENT="landet"/><SP WIDTH="15" VPOS="660" HPOS="462"/>
							<String ID="string_97" HPOS="477" VPOS="661" WIDTH="83" HEIGHT="21" WC="0.93" CONTENT="allmän"/><SP WIDTH="10" VPOS="661" HPOS="560"/>
							<String ID="string_98" HPOS="570" VPOS="660" WIDTH="218" HEIGHT="21" WC="0.91" CONTENT="kommunalstämma"/><SP WIDTH="11" VPOS="660" HPOS="788"/>
							<String ID="string_99" HPOS="799" VPOS="659" WIDTH="39" HEIGHT="21" WC="0.96" CONTENT="och"/>
						</TextLine>
						<TextLine ID="line_16" HPOS="287" VPOS="694" WIDTH="551" HEIGHT="27">
							<String ID="string_100" HPOS="287" VPOS="695" WIDTH="8" HEIGHT="19" WC="0.95" CONTENT="i"/><SP WIDTH="15" VPOS="695" HPOS="295"/>
							<String ID="string_101" HPOS="310" VPOS="694" WIDTH="50" HEIGHT="21" WC="0.95" CONTENT="stad"/><SP WIDTH="22" VPOS="694" HPOS="360"/>
							<String ID="string_102" HPOS="382" VPOS="694" WIDTH="170" HEIGHT="22" WC="0.96" CONTENT="sammankomst"/><SP WIDTH="18" VPOS="694" HPOS="552"/>
							<String ID="string_103" HPOS="570" VPOS="694" WIDTH="61" HEIGHT="27" WC="0.96" CONTENT="inför"/><SP WIDTH="17" VPOS="694" HPOS="631"/>
							<String ID="string_104" HPOS="648" VPOS="694" WIDTH="145" HEIGHT="27" WC="0.93" CONTENT="magistraten"/><SP WIDTH="16" VPOS="694" HPOS="793"/>
							<String ID="string_105" HPOS="809" VPOS="694" WIDTH="29" HEIGHT="20" WC="0.91" CONTENT="el-"/>
						</TextLine>
						<TextLine ID="line_17" HPOS="290" VPOS="728" WIDTH="231" HEIGHT="28">
							<String ID="string_106" HPOS="290" VPOS="729" WIDTH="31" HEIGHT="20" WC="0.93" CONTENT="ler"/><SP WIDTH="15" VPOS="729" HPOS="321"/>
							<String ID="string_107" HPOS="336" VPOS="728" WIDTH="185" HEIGHT="28" WC="0.91" CONTENT="ordningsrätten."/>
						</TextLine>
					</TextBlock>
					<TextBlock ID="block_2" HPOS="288" VPOS="760" WIDTH="554" HEIGHT="473">
						<TextLine ID="line_18" HPOS="345" VPOS="760" WIDTH="493" HEIGHT="29">
							<String ID="string_108" HPOS="345" VPOS="762" WIDTH="191" HEIGHT="27" WC="0.89" CONTENT="Röstberättigade"/><SP WIDTH="22" VPOS="762" HPOS="536"/>
							<String ID="string_109" HPOS="558" VPOS="762" WIDTH="37" HEIGHT="21" WC="0.96" CONTENT="vid"/><SP WIDTH="19" VPOS="762" HPOS="595"/>
							<String ID="string_110" HPOS="614" VPOS="762" WIDTH="56" HEIGHT="21" WC="0.96" CONTENT="valet"/><SP WIDTH="15" VPOS="762" HPOS="670"/>
							<String ID="string_111" HPOS="685" VPOS="763" WIDTH="39" HEIGHT="20" WC="0.96" CONTENT="äro"/><SP WIDTH="16" VPOS="763" HPOS="724"/>
							<String ID="string_112" HPOS="740" VPOS="761" WIDTH="46" HEIGHT="22" WC="0.96" CONTENT="alla"/><SP WIDTH="17" VPOS="761" HPOS="786"/>
							<String ID="string_113" HPOS="803" VPOS="760" WIDTH="35" HEIGHT="21" WC="0.94" CONTENT="till"/>
						</TextLine>
						<TextLine ID="line_19" HPOS="288" VPOS="795" WIDTH="551" HEIGHT="29">
							<String ID="string_114" HPOS="288" VPOS="797" WIDTH="89" HEIGHT="27" WC="0.95" CONTENT="myndig"/><SP WIDTH="15" VPOS="797" HPOS="377"/>
							<String ID="string_115" HPOS="392" VPOS="796" WIDTH="62" HEIGHT="21" WC="0.93" CONTENT="ålder"/><SP WIDTH="15" VPOS="796" HPOS="454"/>
							<String ID="string_116" HPOS="469" VPOS="796" WIDTH="75" HEIGHT="21" WC="0.92" CONTENT="komne"/><SP WIDTH="12" VPOS="796" HPOS="544"/>
							<String ID="string_117" HPOS="556" VPOS="803" WIDTH="112" HEIGHT="21" WC="0.96" CONTENT="personer,"/><SP WIDTH="15" VPOS="803" HPOS="668"/>
							<String ID="string_118" HPOS="683" VPOS="802" WIDTH="46" HEIGHT="15" WC="0.96" CONTENT="som"/><SP WIDTH="16" VPOS="802" HPOS="729"/>
							<String ID="string_119" HPOS="745" VPOS="795" WIDTH="52" HEIGHT="21" WC="0.93" CONTENT="böra"/><SP WIDTH="11" VPOS="795" HPOS="797"/>
							<String ID="string_120" HPOS="808" VPOS="795" WIDTH="31" HEIGHT="21" WC="0.92" CONTENT="be-"/>
						</TextLine>
						<TextLine ID="line_20" HPOS="288" VPOS="829" WIDTH="550" HEIGHT="29">
							<String ID="string_121" HPOS="288" VPOS="831" WIDTH="93" HEIGHT="27" WC="0.91" CONTENT="villning"/><SP WIDTH="23" VPOS="831" HPOS="381"/>
							<String ID="string_122" HPOS="404" VPOS="831" WIDTH="101" HEIGHT="27" WC="0.95" CONTENT="erlägga;"/><SP WIDTH="23" VPOS="831" HPOS="505"/>
							<String ID="string_123" HPOS="528" VPOS="830" WIDTH="37" HEIGHT="21" WC="0.96" CONTENT="och"/><SP WIDTH="18" VPOS="830" HPOS="565"/>
							<String ID="string_124" HPOS="583" VPOS="836" WIDTH="62" HEIGHT="15" WC="0.93" CONTENT="anses"/><SP WIDTH="11" VPOS="836" HPOS="645"/>
							<String ID="string_125" HPOS="656" VPOS="830" WIDTH="65" HEIGHT="28" WC="0.93" CONTENT="förty"/><SP WIDTH="16" VPOS="830" HPOS="721"/>
							<String ID="string_126" HPOS="737" VPOS="836" WIDTH="26" HEIGHT="14" WC="0.96" CONTENT="en"/><SP WIDTH="14" VPOS="836" HPOS="763"/>
							<String ID="string_127" HPOS="777" VPOS="829" WIDTH="61" HEIGHT="25" WC="0.82" CONTENT="hvar,"/>
						</TextLine>
						<TextLine ID="line_21" HPOS="288" VPOS="863" WIDTH="551" HEIGHT="29">
							<String ID="string_128" HPOS="288" VPOS="871" WIDTH="44" HEIGHT="14" WC="0.96" CONTENT="som"/><SP WIDTH="15" VPOS="871" HPOS="332"/>
							<String ID="string_129" HPOS="347" VPOS="865" WIDTH="35" HEIGHT="20" WC="0.96" CONTENT="uti"/><SP WIDTH="15" VPOS="865" HPOS="382"/>
							<String ID="string_130" HPOS="397" VPOS="864" WIDTH="56" HEIGHT="21" WC="0.96" CONTENT="valet"/><SP WIDTH="15" VPOS="864" HPOS="453"/>
							<String ID="string_131" HPOS="468" VPOS="864" WIDTH="105" HEIGHT="28" WC="0.93" CONTENT="deltager,"/><SP WIDTH="17" VPOS="864" HPOS="573"/>
							<String ID="string_132" HPOS="590" VPOS="864" WIDTH="123" HEIGHT="28" WC="0.92" CONTENT="derigenom"/><SP WIDTH="15" VPOS="864" HPOS="713"/>
							<String ID="string_133" HPOS="728" VPOS="863" WIDTH="67" HEIGHT="28" WC="0.93" CONTENT="hafva"/><SP WIDTH="11" VPOS="863" HPOS="795"/>
							<String ID="string_134" HPOS="806" VPOS="870" WIDTH="33" HEIGHT="14" WC="0.92" CONTENT="er-"/>
						</TextLine>
						<TextLine ID="line_22" HPOS="288" VPOS="897" WIDTH="551" HEIGHT="29">
							<String ID="string_135" HPOS="288" VPOS="898" WIDTH="59" HEIGHT="26" WC="0.96" CONTENT="känt,"/><SP WIDTH="17" VPOS="898" HPOS="347"/>
							<String ID="string_136" HPOS="364" VPOS="901" WIDTH="33" HEIGHT="19" WC="0.96" CONTENT="att"/><SP WIDTH="15" VPOS="901" HPOS="397"/>
							<String ID="string_137" HPOS="412" VPOS="899" WIDTH="47" HEIGHT="21" WC="0.95" CONTENT="dess"/><SP WIDTH="15" VPOS="899" HPOS="459"/>
							<String ID="string_138" HPOS="474" VPOS="906" WIDTH="54" HEIGHT="14" WC="0.96" CONTENT="rena"/><SP WIDTH="15" VPOS="906" HPOS="528"/>
							<String ID="string_139" HPOS="543" VPOS="898" WIDTH="94" HEIGHT="22" WC="0.95" CONTENT="inkomst"/><SP WIDTH="14" VPOS="898" HPOS="637"/>
							<String ID="string_140" HPOS="651" VPOS="898" WIDTH="86" HEIGHT="28" WC="0.96" CONTENT="uppgår"/><SP WIDTH="16" VPOS="898" HPOS="737"/>
							<String ID="string_141" HPOS="753" VPOS="898" WIDTH="36" HEIGHT="20" WC="0.96" CONTENT="till"/><SP WIDTH="16" VPOS="898" HPOS="789"/>
							<String ID="string_142" HPOS="805" VPOS="897" WIDTH="34" HEIGHT="21" WC="0.96" CONTENT="det"/>
						</TextLine>
						<TextLine ID="line_23" HPOS="290" VPOS="930" WIDTH="548" HEIGHT="30">
							<String ID="string_143" HPOS="290" VPOS="932" WIDTH="81" HEIGHT="28" WC="0.96" CONTENT="belopp,"/><SP WIDTH="17" VPOS="932" HPOS="371"/>
							<String ID="string_144" HPOS="388" VPOS="935" WIDTH="33" HEIGHT="19" WC="0.96" CONTENT="att"/><SP WIDTH="15" VPOS="935" HPOS="421"/>
							<String ID="string_145" HPOS="436" VPOS="933" WIDTH="44" HEIGHT="21" WC="0.96" CONTENT="han"/><SP WIDTH="16" VPOS="933" HPOS="480"/>
							<String ID="string_146" HPOS="496" VPOS="932" WIDTH="76" HEIGHT="27" WC="0.96" CONTENT="derför"/><SP WIDTH="15" VPOS="932" HPOS="572"/>
							<String ID="string_147" HPOS="587" VPOS="932" WIDTH="38" HEIGHT="22" WC="0.93" CONTENT="bör"/><SP WIDTH="15" VPOS="932" HPOS="625"/>
							<String ID="string_148" HPOS="640" VPOS="930" WIDTH="198" HEIGHT="29" WC="0.89" CONTENT="bevillningsafgift"/>
						</TextLine>
						<TextLine ID="line_24" HPOS="288" VPOS="964" WIDTH="552" HEIGHT="31">
							<String ID="string_149" HPOS="288" VPOS="968" WIDTH="86" HEIGHT="27" WC="0.95" CONTENT="utgöra."/><SP WIDTH="43" VPOS="968" HPOS="374"/>
							<String ID="string_150" HPOS="417" VPOS="966" WIDTH="68" HEIGHT="22" WC="0.92" CONTENT="Valen"/><SP WIDTH="22" VPOS="966" HPOS="485"/>
							<String ID="string_151" HPOS="507" VPOS="967" WIDTH="37" HEIGHT="21" WC="0.95" CONTENT="ske"/><SP WIDTH="22" VPOS="967" HPOS="544"/>
							<String ID="string_152" HPOS="566" VPOS="967" WIDTH="56" HEIGHT="27" WC="0.93" CONTENT="efter"/><SP WIDTH="21" VPOS="967" HPOS="622"/>
							<String ID="string_153" HPOS="643" VPOS="966" WIDTH="137" HEIGHT="28" WC="0.92" CONTENT="hufvudtalet"/><SP WIDTH="21" VPOS="966" HPOS="780"/>
							<String ID="string_154" HPOS="801" VPOS="964" WIDTH="39" HEIGHT="22" WC="0.96" CONTENT="och"/>
						</TextLine>
						<TextLine ID="line_25" HPOS="288" VPOS="999" WIDTH="552" HEIGHT="30">
							<String ID="string_155" HPOS="288" VPOS="1001" WIDTH="36" HEIGHT="21" WC="0.95" CONTENT="må"/><SP WIDTH="16" VPOS="1001" HPOS="324"/>
							<String ID="string_156" HPOS="340" VPOS="1001" WIDTH="109" HEIGHT="21" WC="0.95" CONTENT="anställas"/><SP WIDTH="15" VPOS="1001" HPOS="449"/>
							<String ID="string_157" HPOS="464" VPOS="1008" WIDTH="77" HEIGHT="21" WC="0.95" CONTENT="genom"/><SP WIDTH="15" VPOS="1008" HPOS="541"/>
							<String ID="string_158" HPOS="556" VPOS="1001" WIDTH="111" HEIGHT="26" WC="0.95" CONTENT="elektorer,"/><SP WIDTH="16" VPOS="1001" HPOS="667"/>
							<String ID="string_159" HPOS="683" VPOS="1001" WIDTH="8" HEIGHT="20" WC="0.96" CONTENT="i"/><SP WIDTH="10" VPOS="1001" HPOS="691"/>
							<String ID="string_160" HPOS="701" VPOS="1000" WIDTH="50" HEIGHT="28" WC="0.96" CONTENT="fall"/><SP WIDTH="10" VPOS="1000" HPOS="751"/>
							<String ID="string_161" HPOS="761" VPOS="1000" WIDTH="26" HEIGHT="21" WC="0.93" CONTENT="de"/><SP WIDTH="10" VPOS="1000" HPOS="787"/>
							<String ID="string_162" HPOS="797" VPOS="999" WIDTH="43" HEIGHT="21" WC="0.91" CONTENT="val-"/>
						</TextLine>
						<TextLine ID="line_26" HPOS="290" VPOS="1034" WIDTH="550" HEIGHT="29">
							<String ID="string_163" HPOS="290" VPOS="1034" WIDTH="135" HEIGHT="29" WC="0.96" CONTENT="berättigade"/><SP WIDTH="14" VPOS="1034" HPOS="425"/>
							<String ID="string_164" HPOS="439" VPOS="1042" WIDTH="52" HEIGHT="14" WC="0.93" CONTENT="anse"/><SP WIDTH="15" VPOS="1042" HPOS="491"/>
							<String ID="string_165" HPOS="506" VPOS="1035" WIDTH="81" HEIGHT="21" WC="0.93" CONTENT="sådant"/><SP WIDTH="16" VPOS="1035" HPOS="587"/>
							<String ID="string_166" HPOS="603" VPOS="1035" WIDTH="80" HEIGHT="21" WC="0.92" CONTENT="valsätt"/><SP WIDTH="15" VPOS="1035" HPOS="683"/>
							<String ID="string_167" HPOS="698" VPOS="1034" WIDTH="52" HEIGHT="21" WC="0.93" CONTENT="böra"/><SP WIDTH="12" VPOS="1034" HPOS="750"/>
							<String ID="string_168" HPOS="762" VPOS="1034" WIDTH="78" HEIGHT="27" WC="0.92" CONTENT="begag-"/>
						</TextLine>
						<TextLine ID="line_27" HPOS="289" VPOS="1068" WIDTH="551" HEIGHT="28">
							<String ID="string_169" HPOS="289" VPOS="1076" WIDTH="47" HEIGHT="14" WC="0.94" CONTENT="nas."/><SP WIDTH="32" VPOS="1076" HPOS="336"/>
							<String ID="string_170" HPOS="368" VPOS="1069" WIDTH="76" HEIGHT="21" WC="0.81" CONTENT="Skulle"/><SP WIDTH="21" VPOS="1069" HPOS="444"/>
							<String ID="string_171" HPOS="465" VPOS="1070" WIDTH="26" HEIGHT="20" WC="0.96" CONTENT="så"/><SP WIDTH="22" VPOS="1070" HPOS="491"/>
							<String ID="string_172" HPOS="513" VPOS="1069" WIDTH="101" HEIGHT="27" WC="0.62" CONTENT="inträfa,"/><SP WIDTH="23" VPOS="1069" HPOS="614"/>
							<String ID="string_173" HPOS="637" VPOS="1071" WIDTH="32" HEIGHT="19" WC="0.96" CONTENT="att"/><SP WIDTH="24" VPOS="1071" HPOS="669"/>
							<String ID="string_174" HPOS="693" VPOS="1069" WIDTH="34" HEIGHT="21" WC="0.96" CONTENT="till"/><SP WIDTH="18" VPOS="1069" HPOS="727"/>
							<String ID="string_175" HPOS="745" VPOS="1068" WIDTH="42" HEIGHT="21" WC="0.93" CONTENT="den"/><SP WIDTH="12" VPOS="1068" HPOS="787"/>
							<String ID="string_176" HPOS="799" VPOS="1068" WIDTH="41" HEIGHT="27" WC="0.91" CONTENT="på-"/>
						</TextLine>
						<TextLine ID="line_28" HPOS="290" VPOS="1102" WIDTH="550" HEIGHT="29">
							<String ID="string_177" HPOS="290" VPOS="1104" WIDTH="58" HEIGHT="27" WC="0.92" CONTENT="lysta"/><SP WIDTH="15" VPOS="1104" HPOS="348"/>
							<String ID="string_178" HPOS="363" VPOS="1103" WIDTH="203" HEIGHT="28" WC="0.91" CONTENT="valförrättningen"/><SP WIDTH="11" VPOS="1103" HPOS="566"/>
							<String ID="string_179" HPOS="577" VPOS="1104" WIDTH="71" HEIGHT="27" WC="0.96" CONTENT="några"/><SP WIDTH="9" VPOS="1104" HPOS="648"/>
							<String ID="string_180" HPOS="657" VPOS="1102" WIDTH="183" HEIGHT="27" WC="0.96" CONTENT="röstberättigade"/>
						</TextLine>
						<TextLine ID="line_29" HPOS="289" VPOS="1136" WIDTH="553" HEIGHT="29">
							<String ID="string_181" HPOS="289" VPOS="1137" WIDTH="47" HEIGHT="21" WC="0.93" CONTENT="icke"/><SP WIDTH="22" VPOS="1137" HPOS="336"/>
							<String ID="string_182" HPOS="358" VPOS="1137" WIDTH="95" HEIGHT="27" WC="0.91" CONTENT="infunne"/><SP WIDTH="21" VPOS="1137" HPOS="453"/>
							<String ID="string_183" HPOS="474" VPOS="1138" WIDTH="41" HEIGHT="27" WC="0.96" CONTENT="sig,"/><SP WIDTH="23" VPOS="1138" HPOS="515"/>
							<String ID="string_184" HPOS="538" VPOS="1144" WIDTH="50" HEIGHT="21" WC="0.96" CONTENT="eger"/><SP WIDTH="20" VPOS="1144" HPOS="588"/>
							<String ID="string_185" HPOS="608" VPOS="1138" WIDTH="135" HEIGHT="27" WC="0.96" CONTENT="guvernören"/><SP WIDTH="16" VPOS="1138" HPOS="743"/>
							<String ID="string_186" HPOS="759" VPOS="1137" WIDTH="8" HEIGHT="20" WC="0.96" CONTENT="i"/><SP WIDTH="16" VPOS="1137" HPOS="767"/>
							<String ID="string_187" HPOS="783" VPOS="1136" WIDTH="59" HEIGHT="21" WC="0.96" CONTENT="länet"/>
						</TextLine>
						<TextLine ID="line_30" HPOS="290" VPOS="1169" WIDTH="551" HEIGHT="24">
							<String ID="string_188" HPOS="290" VPOS="1171" WIDTH="132" HEIGHT="22" WC="0.95" CONTENT="omedelbart"/><SP WIDTH="16" VPOS="1171" HPOS="422"/>
							<String ID="string_189" HPOS="438" VPOS="1174" WIDTH="46" HEIGHT="18" WC="0.96" CONTENT="utse"/><SP WIDTH="16" VPOS="1174" HPOS="484"/>
							<String ID="string_190" HPOS="500" VPOS="1171" WIDTH="117" HEIGHT="22" WC="0.96" CONTENT="ledamöter"/><SP WIDTH="14" VPOS="1171" HPOS="617"/>
							<String ID="string_191" HPOS="631" VPOS="1172" WIDTH="9" HEIGHT="19" WC="0.96" CONTENT="i"/><SP WIDTH="15" VPOS="1172" HPOS="640"/>
							<String ID="string_192" HPOS="655" VPOS="1170" WIDTH="138" HEIGHT="21" WC="0.91" CONTENT="kommunens"/><SP WIDTH="16" VPOS="1170" HPOS="793"/>
							<String ID="string_193" HPOS="809" VPOS="1169" WIDTH="32" HEIGHT="21" WC="0.91" CONTENT="be-"/>
						</TextLine>
						<TextLine ID="line_31" HPOS="291" VPOS="1205" WIDTH="190" HEIGHT="28">
							<String ID="string_194" HPOS="291" VPOS="1205" WIDTH="190" HEIGHT="28" WC="0.91" CONTENT="villningskomité."/>
						</TextLine>
					</TextBlock>
				</ComposedBlock>
				<ComposedBlock ID="cblock_2" HPOS="291" VPOS="1262" WIDTH="553" HEIGHT="209">
					<TextBlock ID="block_3" HPOS="541" VPOS="1262" WIDTH="49" HEIGHT="27">
						<TextLine ID="line_32" HPOS="541" VPOS="1262" WIDTH="49" HEIGHT="27">
							<String ID="string_195" HPOS="541" VPOS="1262" WIDTH="15" HEIGHT="27" WC="0.92" CONTENT="$"/><SP WIDTH="15" VPOS="1262" HPOS="556"/>
							<String ID="string_196" HPOS="571" VPOS="1263" WIDTH="19" HEIGHT="20" WC="0.87" CONTENT="9."/>
						</TextLine>
					</TextBlock>
					<TextBlock ID="block_4" HPOS="291" VPOS="1299" WIDTH="553" HEIGHT="172">
						<TextLine ID="line_33" HPOS="348" VPOS="1299" WIDTH="493" HEIGHT="36">
							<String ID="string_197" HPOS="348" VPOS="1308" WIDTH="90" HEIGHT="21" WC="0.96" CONTENT="Antalet"/><SP WIDTH="15" VPOS="1308" HPOS="438"/>
							<String ID="string_198" HPOS="453" VPOS="1307" WIDTH="31" HEIGHT="28" WC="0.95" CONTENT="af"/><SP WIDTH="12" VPOS="1307" HPOS="484"/>
							<String ID="string_199" HPOS="496" VPOS="1299" WIDTH="218" HEIGHT="36" WC="0.91" CONTENT="bevillningskomités"/><SP WIDTH="9" VPOS="1299" HPOS="714"/>
							<String ID="string_200" HPOS="723" VPOS="1307" WIDTH="118" HEIGHT="20" WC="0.96" CONTENT="ledamöter"/>
						</TextLine>
						<TextLine ID="line_34" HPOS="292" VPOS="1341" WIDTH="550" HEIGHT="27">
							<String ID="string_201" HPOS="292" VPOS="1342" WIDTH="38" HEIGHT="20" WC="0.95" CONTENT="bör"/><SP WIDTH="15" VPOS="1342" HPOS="330"/>
							<String ID="string_202" HPOS="345" VPOS="1348" WIDTH="54" HEIGHT="14" WC="0.90" CONTENT="vara"/><SP WIDTH="10" VPOS="1348" HPOS="399"/>
							<String ID="string_203" HPOS="409" VPOS="1341" WIDTH="58" HEIGHT="27" WC="0.95" CONTENT="från"/><SP WIDTH="11" VPOS="1341" HPOS="467"/>
							<String ID="string_204" HPOS="478" VPOS="1341" WIDTH="50" HEIGHT="27" WC="0.95" CONTENT="fem"/><SP WIDTH="16" VPOS="1341" HPOS="528"/>
							<String ID="string_205" HPOS="544" VPOS="1342" WIDTH="35" HEIGHT="21" WC="0.96" CONTENT="till"/><SP WIDTH="14" VPOS="1342" HPOS="579"/>
							<String ID="string_206" HPOS="593" VPOS="1342" WIDTH="43" HEIGHT="25" WC="0.93" CONTENT="nio,"/><SP WIDTH="16" VPOS="1342" HPOS="636"/>
							<String ID="string_207" HPOS="652" VPOS="1341" WIDTH="89" HEIGHT="20" WC="0.92" CONTENT="hvarom"/><SP WIDTH="17" VPOS="1341" HPOS="741"/>
							<String ID="string_208" HPOS="758" VPOS="1341" WIDTH="35" HEIGHT="20" WC="0.93" CONTENT="det"/><SP WIDTH="12" VPOS="1341" HPOS="793"/>
							<String ID="string_209" HPOS="805" VPOS="1346" WIDTH="37" HEIGHT="14" WC="0.89" CONTENT="an-"/>
						</TextLine>
						<TextLine ID="line_35" HPOS="291" VPOS="1374" WIDTH="551" HEIGHT="29">
							<String ID="string_210" HPOS="291" VPOS="1376" WIDTH="94" HEIGHT="21" WC="0.93" CONTENT="kommer"/><SP WIDTH="16" VPOS="1376" HPOS="385"/>
							<String ID="string_211" HPOS="401" VPOS="1376" WIDTH="13" HEIGHT="20" WC="0.92" CONTENT="å"/><SP WIDTH="14" VPOS="1376" HPOS="414"/>
							<String ID="string_212" HPOS="428" VPOS="1377" WIDTH="137" HEIGHT="26" WC="0.96" CONTENT="guvernören"/><SP WIDTH="21" VPOS="1377" HPOS="565"/>
							<String ID="string_213" HPOS="586" VPOS="1378" WIDTH="34" HEIGHT="18" WC="0.96" CONTENT="att"/><SP WIDTH="23" VPOS="1378" HPOS="620"/>
							<String ID="string_214" HPOS="643" VPOS="1374" WIDTH="54" HEIGHT="27" WC="0.96" CONTENT="efter"/><SP WIDTH="23" VPOS="1374" HPOS="697"/>
							<String ID="string_215" HPOS="720" VPOS="1374" WIDTH="122" HEIGHT="21" WC="0.96" CONTENT="distriktets"/>
						</TextLine>
						<TextLine ID="line_36" HPOS="291" VPOS="1407" WIDTH="553" HEIGHT="24">
							<String ID="string_216" HPOS="291" VPOS="1409" WIDTH="81" HEIGHT="22" WC="0.96" CONTENT="storlek"/><SP WIDTH="15" VPOS="1409" HPOS="372"/>
							<String ID="string_217" HPOS="387" VPOS="1411" WIDTH="103" HEIGHT="20" WC="0.96" CONTENT="närmare"/><SP WIDTH="17" VPOS="1411" HPOS="490"/>
							<String ID="string_218" HPOS="507" VPOS="1409" WIDTH="122" HEIGHT="21" WC="0.92" CONTENT="bestämma."/><SP WIDTH="26" VPOS="1409" HPOS="629"/>
							<String ID="string_219" HPOS="655" VPOS="1409" WIDTH="101" HEIGHT="20" WC="0.91" CONTENT="Tillhöra"/><SP WIDTH="12" VPOS="1409" HPOS="756"/>
							<String ID="string_220" HPOS="768" VPOS="1408" WIDTH="35" HEIGHT="21" WC="0.93" CONTENT="två"/><SP WIDTH="10" VPOS="1408" HPOS="803"/>
							<String ID="string_221" HPOS="813" VPOS="1407" WIDTH="31" HEIGHT="21" WC="0.92" CONTENT="el-"/>
						</TextLine>
						<TextLine ID="line_37" HPOS="292" VPOS="1441" WIDTH="552" HEIGHT="30">
							<String ID="string_222" HPOS="292" VPOS="1445" WIDTH="32" HEIGHT="20" WC="0.96" CONTENT="ler"/><SP WIDTH="17" VPOS="1445" HPOS="324"/>
							<String ID="string_223" HPOS="341" VPOS="1443" WIDTH="62" HEIGHT="28" WC="0.96" CONTENT="flera"/><SP WIDTH="21" VPOS="1443" HPOS="403"/>
							<String ID="string_224" HPOS="424" VPOS="1443" WIDTH="126" HEIGHT="22" WC="0.95" CONTENT="kommuner"/><SP WIDTH="23" VPOS="1443" HPOS="550"/>
							<String ID="string_225" HPOS="573" VPOS="1443" WIDTH="116" HEIGHT="25" WC="0.94" CONTENT="distriktet,"/><SP WIDTH="23" VPOS="1443" HPOS="689"/>
							<String ID="string_226" HPOS="712" VPOS="1442" WIDTH="58" HEIGHT="21" WC="0.96" CONTENT="skall"/><SP WIDTH="14" VPOS="1442" HPOS="770"/>
							<String ID="string_227" HPOS="784" VPOS="1441" WIDTH="60" HEIGHT="28" WC="0.96" CONTENT="från"/>
						</TextLine>
					</TextBlock>
				</ComposedBlock>
			</PrintSpace>
		</Page>
	</Layout>
</alto>
