1025 1664
292 95 24 21 U.
332 95 23 21 B.
371 107 28 3 —
414 95 67 28 Prop.
496 95 38 22 N:o
549 94 35 22 22.
773 97 11 19 3

60 167 45 15 som
128 161 7 21 i
158 161 56 21 intet
228 161 37 21 fall
279 161 72 21 kunde
368 161 77 21 anlitas
461 167 35 15 om
511 161 68 27 nägot
593 161 75 27 bidrag
683 160 84 23 utöfver
782 161 33 21 sin

60 202 26 15 en
102 196 56 26 gång
172 195 34 22 för
221 196 41 21 alla
277 195 75 28 gjorda
367 196 76 24 insats,
459 196 68 22 borde
543 196 81 21 erhålla
640 202 26 15 en
681 195 105 27 tredjedel
795 195 22 21 af

60 236 51 16 rena
126 230 155 27 behällningen,
299 230 25 21 sä
339 232 24 19 är
379 230 61 21 deraf
454 237 27 14 en
497 230 93 27 naturlig
607 230 58 27 följd,
682 232 33 20 att
729 230 44 21 ifall
789 236 26 15 en

60 264 125 28 tilltagande
200 264 63 22 trafik
279 265 13 21 å
306 265 71 21 banan
392 264 70 22 skulle
479 264 71 22 fordra
561 265 156 27 tillbyggnader
725 264 39 22 och
775 270 41 21 nya

60 300 147 26 inrättningar,
224 299 72 21 hvilka
310 299 70 21 ökade
396 300 82 20 banans
495 299 154 27 kapitalvärde,
666 299 65 22 dessa
746 299 69 21 antin-

61 340 40 21 gen
117 334 69 22 måste
202 333 64 22 blifva
282 333 100 22 outförda
397 334 53 21 eller
466 334 67 21 också
547 334 86 26 bringas
649 334 32 21 till
693 334 63 21 stånd
767 333 48 21 med

61 368 137 22 uteslutande
214 368 70 22 finska
298 368 77 26 medel,
391 368 6 21 i
415 368 86 22 hvilken
518 368 132 22 sistnämnda
664 368 103 22 händelse
782 374 33 21 ry-

62 404 39 20 ska
123 404 237 21 Riksskattkammaren
382 403 66 21 likväl
464 404 70 20 skulle
549 403 63 21 hafva
628 404 32 20 sin
675 403 105 28 tredjedel
796 402 22 22 af

62 438 40 21 den
126 438 100 27 stegrade
248 438 220 27 nettobehållningen.
500 438 41 22 För
564 440 32 19 att
612 438 84 22 således
711 438 48 22 icke
775 438 40 21 den

63 479 40 15 ena
117 472 163 27 kontrahenten,
296 473 7 21 i
318 472 53 28 följd
379 472 22 22 af
410 472 88 22 aftalets
507 472 157 28 bristfällighet,
674 473 70 21 skulle
752 472 65 22 blifva

61 507 135 27 förfördelad,
220 507 110 22 återstode
345 508 111 26 ingenting
472 509 66 19 annat
554 509 26 19 än
596 509 33 19 att
644 508 100 26 antingen
760 507 57 21 hålla

62 542 70 22 banan
154 542 6 21 i
184 544 32 19 ett
239 542 66 26 skick,
329 548 46 15 som
391 542 47 21 icke
455 542 71 22 skulle
541 545 109 19 motsvara
664 542 40 22 den
721 541 96 22 växande

62 576 97 27 trafiken,
184 576 52 22 eller
252 576 40 22 ock
308 578 32 20 att
355 576 76 27 pröfva
446 576 165 28 vanskligheten
627 576 22 22 af
662 576 101 28 förnyade
778 582 39 15 un-

63 611 171 27 derhandlingar,
258 611 144 21 hvarförutom
427 610 127 28 afgörandet
577 612 79 26 derom,
672 612 104 21 huruvida
791 617 26 15 en

62 646 66 27 utgift
148 646 40 22 bör
210 646 78 21 räknas
312 646 32 21 till
359 646 232 22 remontkostnaderna
606 646 52 22 eller
673 646 101 27 uppföras
789 646 28 27 på

62 680 262 28 nybyggnadsräkningen,
341 680 80 22 lemnar
437 682 33 20 ett
485 680 96 27 ständigt
592 682 66 26 öppet
672 680 39 22 fält
726 680 32 22 för
773 686 44 16 me-

63 716 174 26 ningsolikheter.
268 715 142 27 Rättvisligen
434 715 40 21 bör
497 715 55 22 dock
572 716 112 26 erkännas,
704 717 33 19 att
751 715 66 27 enligt

64 750 56 22 hvad
135 750 113 22 Utskottet
262 750 106 22 inhemtat
383 749 23 22 af
421 750 40 21 den
478 750 107 22 blandade
593 750 176 21 kommissionens
781 750 36 20 be-

64 784 101 22 rättelser
179 784 33 22 för
229 784 50 22 åren
298 786 146 25 1871—1880,
461 785 73 21 hvilka
549 784 23 22 af
578 784 238 28 Jordbruksexpeditio-

63 826 42 15 nen
127 820 7 20 i
156 819 121 27 Kejserliga
300 819 93 22 Senaten
416 819 68 27 enligt
507 822 86 19 senaste
615 819 113 27 landtdags
745 819 72 21 derom

64 854 74 26 gjorda
160 853 157 28 framställning
340 854 63 21 stälts
419 854 32 22 till
468 854 124 22 Utskottets
607 854 131 27 förfogande,
756 854 26 21 de
797 853 23 21 af

65 889 40 21 den
128 888 65 28 ryska
215 889 162 21 kommissarien
399 889 77 27 gjorda
492 889 164 27 anmärkningar
671 889 55 21 varit
740 890 79 25 ytterst

65 922 22 22 få
95 923 39 21 och
150 923 82 21 kunnat
247 923 63 21 hafva
326 924 50 21 stöd
391 924 6 20 i
414 924 37 21 det
467 930 43 21 nog
526 923 115 22 sväfvande
657 923 81 21 aftalet.
769 923 50 21 Men

66 957 32 22 för
119 957 114 22 framtiden
250 960 23 19 är
289 958 36 22 det
340 960 51 20 utan
407 958 74 22 tvifvel
497 959 6 21 i
518 958 79 28 högsta
612 958 67 22 måtto
695 958 123 26 önskvärdt,

66 994 33 19 att
114 992 27 21 all
156 992 115 28 anledning
286 993 32 21 till
334 993 134 27 svårigheter
486 993 40 21 och
541 993 157 27 förvecklingar
705 993 67 21 måtte
781 999 37 15 un-

67 1027 121 27 danrödjas.
203 1040 27 2 —
245 1028 79 21 Finska
339 1028 118 27 styrelsens
473 1028 129 26 förvaltning
618 1027 22 21 af
654 1028 41 21 den
702 1028 57 21 inom
769 1027 51 27 Kej-

67 1062 122 21 saredömet
207 1062 92 27 belägna
318 1062 62 22 delen
396 1062 22 22 af
431 1062 71 22 banan
518 1063 84 21 komme
618 1068 75 22 genom
709 1062 41 22 den
764 1062 56 21 före-

68 1096 74 26 slagna
158 1096 185 28 återbetalningen
359 1098 48 21 icke
423 1099 32 19 att
469 1096 98 28 undergå
582 1097 69 27 någon
667 1097 129 26 förändring.

135 1131 63 21 Hvad
221 1132 67 21 sedan
311 1132 102 21 beträffar
437 1132 42 21 den
494 1131 118 22 finansiella
628 1132 59 21 sidan
703 1130 23 23 af
739 1130 81 27 frågan,

68 1171 62 15 anser
152 1166 33 26 sig
201 1166 113 22 Utskottet
330 1166 77 23 endast
421 1167 54 21 böra
490 1166 91 28 påpeka,
598 1168 33 20 att
646 1165 177 23 Riihimäki—S:t

68 1200 131 27 Petersburg
212 1201 95 27 jernväg,
325 1201 66 28 enligt
403 1202 225 27 Jernvägsstyrelsens
644 1201 84 28 nyligen
744 1200 79 27 afgifna

69 1235 40 21 och
131 1235 31 20 till
186 1235 116 22 ständerna
325 1236 102 21 utdelade
451 1236 119 21 berättelse
592 1235 32 22 för
648 1236 23 21 år
688 1237 61 25 1880,
766 1237 57 19 ännu

68 1269 48 21 icke
131 1269 79 22 lemnat
227 1271 25 20 så
266 1272 46 20 stor
327 1265 164 32 nettoinkomst,
509 1273 31 19 att
560 1273 62 19 ränta
637 1271 40 21 och
693 1270 131 26 amortering

69 1304 13 20 å
104 1303 37 22 det
164 1304 44 22 deri
224 1305 106 27 nedlagda
345 1305 106 27 kapitalet
467 1305 88 21 dermed
570 1305 70 22 skulle
656 1305 31 21 till
701 1304 52 22 fullo
769 1305 54 20 kun-

69 1341 38 19 nat
129 1339 109 22 betäckas.
269 1340 49 21 Men
338 1339 177 28 jernvägsnätets
539 1339 111 27 pågående
666 1340 39 21 och
721 1341 57 19 ännu
794 1339 29 20 vi-

60 1373 61 33 ,dare
136 1373 114 22 tillärnade
266 1375 150 26 utsträckning
431 1373 69 28 gifver
515 1375 54 20 dock
585 1375 113 26 anledning
713 1376 33 19 att
760 1375 65 20 vänta

70 1409 32 20 att
110 1408 26 21 de
145 1415 41 20 nya
193 1408 96 27 linierna,
298 1408 61 22 äfven
369 1415 34 15 om
419 1409 26 21 de
460 1409 49 21 icke
524 1409 7 21 i
547 1409 40 21 och
602 1408 33 22 för
650 1409 32 27 sig
695 1409 67 21 varda
776 1413 49 16 ren-

121 1447 153 18 Statsutskottets
286 1447 117 18 betänkande
415 1448 36 17 N:o
465 1449 16 16 1.

601 1483 9 10 »
