1034 1664
385 115 52 22 N:o
456 115 46 22 18.

345 407 67 23 Hans
430 407 155 30 Kejserliga
596 408 138 28 Majestäts
746 405 77 32 nådiga

277 441 128 30 proposition
426 441 31 24 till
475 441 101 24 Finlands
593 443 93 28 Ständer,
702 449 32 16 om
750 442 72 24 bevill-

277 477 52 28 ning
345 476 32 23 för
392 476 44 23 fast
452 477 100 28 egendom
569 477 38 23 och
623 477 97 23 inkomst.

144 529 40 21 Vid
201 529 142 21 besvarandet
360 529 22 20 af
396 529 60 20 Hans
474 529 122 27 Kejserliga
607 530 113 26 Majestäts
732 530 31 21 till
775 530 48 21 Fin-

67 564 62 21 lands
146 565 73 20 senast
234 563 130 21 församlade
381 563 92 22 Ständer
490 563 79 22 aflåtna
589 565 77 26 nådiga
690 565 133 26 proposition

68 604 36 15 om
120 598 112 21 införande
248 598 23 21 af
286 599 77 20 allmän
381 599 121 26 värnepligt
518 599 6 20 i
540 599 71 20 landet
623 599 63 20 hafva
697 599 126 26 Ständerna,

71 633 33 21 för
120 633 193 21 åstadkommande
329 633 22 20 af
365 633 25 21 de
407 633 123 26 tillgångar,
547 639 45 15 som
609 633 108 21 erfordras
733 633 18 27 ej
772 634 52 20 min-

72 668 38 21 dre
126 668 6 20 i
149 667 52 27 följd
218 667 23 21 af
257 667 40 21 den
314 667 206 27 skatteförändring,
538 668 83 21 hvilken
637 668 7 20 i
660 668 100 21 afseende
776 668 12 21 å
799 668 25 21 de

70 701 56 22 ifrån
142 701 119 22 rusthållen
280 704 55 19 samt
351 702 100 21 roterade
468 702 98 21 hemman
583 702 38 21 och
637 703 143 20 båtmanshåll
792 702 33 21 för

72 736 133 21 närvarande
229 737 108 26 utgående
360 737 90 20 vakans-
476 737 40 20 och
533 737 225 26 passevolansafgifter
775 743 50 14 vore

73 770 120 27 ifrågasatt,
210 772 27 19 än
254 771 39 20 ock
310 771 31 20 till
359 771 134 21 betäckande
509 771 23 21 af
547 771 25 21 de
588 771 89 26 utgifter
693 771 33 21 för
742 771 84 21 landets

72 805 182 26 militärväsende,
275 805 72 21 hvilka
367 806 250 27 värnepligtssystemets
637 805 111 22 införande
767 805 59 21 kom-

72 845 46 16 mer
136 841 33 19 att
188 839 103 26 medföra,
312 840 95 25 anhållit,
424 842 33 19 att
477 840 36 21 vid
533 840 175 21 nästkommande
724 840 103 26 landtdag

72 874 82 25 förslag
177 874 66 21 måtte
264 874 136 27 framläggas,
421 875 65 20 bland
506 877 71 24 annat,
598 875 31 20 till
646 881 26 20 ny
689 875 138 25 beskattning

72 908 24 21 af
108 909 155 26 jordegendom
280 909 38 20 och
335 915 69 14 annan
420 909 156 26 förmögenhet,
594 909 116 26 uppgjordt
722 909 53 21 efter
786 909 41 20 den

74 941 123 28 grundsäts,
221 945 32 18 att
277 943 25 20 de
326 943 57 21 olika
402 944 75 25 slagen
498 943 23 21 af
539 943 169 26 förmögenhet
699 937 12 37 i
726 943 43 21 lika
785 943 43 21 för-

74 977 100 21 hållande
194 977 86 26 deltoge
298 978 33 20 uti
351 978 69 21 denna
437 978 69 25 skatt;
528 978 116 26 hvarjemte
660 977 120 22 Ständerna
796 977 31 21 uti

73 1011 177 22 svarsskrifvelse
267 1012 6 21 i
290 1012 114 27 anledning
420 1012 23 21 af
457 1012 80 27 nådiga
547 1012 159 27 propositionen
718 1012 110 27 angående

76 1047 119 26 utgörande
215 1047 22 20 af
257 1047 117 26 bevillning
394 1047 33 20 för
449 1047 54 20 1878
520 1047 39 20 och
575 1046 121 27 påföljande
712 1047 23 20 år
751 1046 79 21 uttalat

74 1081 40 21 den
138 1081 89 26 önskan,
243 1083 34 18 att
296 1081 33 20 till
348 1083 62 18 nästa
425 1081 106 26 landtdag
547 1081 65 21 måtte
629 1081 127 21 verkställas
772 1081 55 20 revi-

76 1116 46 21 sion
138 1115 23 21 af
175 1116 65 20 redan
257 1115 112 27 befintliga
385 1115 136 27 stadganden
537 1116 7 21 i
560 1117 71 19 ämnet
645 1115 109 22 äfvensom
771 1117 58 19 utar-

76 1150 61 21 betas
152 1156 42 20 nya
209 1150 96 26 grunder
320 1150 33 21 för
369 1150 130 26 bevillnings
516 1149 124 28 utgörande.

146 1184 43 21 För
205 1184 107 21 vinnande
328 1184 23 21 af
365 1185 109 26 möjligast
491 1185 126 25 fullständig
633 1185 114 26 utredning
767 1185 6 20 i
790 1184 40 21 hit-

75 1219 95 21 hörande
186 1219 74 26 frågor
276 1219 45 26 har,
338 1219 6 20 i
360 1219 95 26 enlighet
471 1219 50 21 med
537 1219 129 21 Ständernas
677 1219 73 21 derom
761 1218 71 21 tillika

76 1253 77 27 gjorda
168 1253 149 26 underdåniga
333 1253 108 26 anhållan,
458 1253 24 21 åt
498 1260 26 14 en
541 1253 78 21 komité
636 1253 152 21 öfverlemnats
800 1254 32 19 att

77 1289 98 26 uppgöra
190 1287 82 28 förslag
293 1288 6 20 i
319 1289 77 20 ämnet.
427 1287 45 22 Och
489 1288 41 21 har
551 1287 94 22 bemälde
660 1287 80 22 komité
756 1288 6 20 i
778 1287 53 26 följd

78 1322 63 21 häraf
163 1321 100 22 aflemnat
287 1322 81 26 förslag
388 1323 33 20 till
441 1322 134 27 förordning,
591 1321 108 27 angående
715 1321 117 26 bevillning

78 1357 33 20 för
134 1357 43 21 fast
193 1357 105 26 egendom
321 1357 39 21 och
380 1357 102 26 inkomst,
503 1357 108 21 äfvensom
627 1356 141 26 betänkande,
786 1356 46 21 deri

78 1391 95 21 komitén
196 1393 77 25 yttrar,
298 1391 64 21 bland
382 1393 72 24 annat,
476 1392 37 21 det
533 1391 92 22 komitén
642 1393 70 18 ansett
728 1390 105 26 förslaget

78 1425 62 22 äfven
156 1426 54 20 böra
226 1426 92 21 omfatta
333 1425 249 28 inkomstbevillningen,
599 1427 54 19 samt
668 1427 38 24 att,
723 1425 27 21 då
765 1425 68 20 komi-
