1023 1664
216 131 12 19 8
418 129 25 22 U.
458 129 23 22 B.
498 142 22 2 —
539 129 66 29 Prop.
621 129 38 23 N:o
674 127 33 24 27.

290 195 95 22 nämnda
399 195 144 28 inrättningar
558 195 154 22 tillkommande
727 196 81 25 räntor,
825 197 31 20 att
870 195 9 21 i
893 195 50 22 kon-

290 231 46 20 tant
350 230 103 21 utbetalas
468 237 26 14 ur
509 230 108 22 allmänna
632 232 65 20 stats-
714 230 36 21 och
759 229 183 28 militiefonderna,

290 264 32 21 till
341 265 26 21 så
388 267 44 19 stor
451 265 33 21 del
499 272 45 15 som
560 266 14 20 å
588 265 103 22 hvardera
706 265 27 27 af
743 265 63 22 dessa
820 264 76 28 fonder
910 265 33 26 sig

290 299 85 28 belöper.

326 333 161 29 Skattläggning
502 335 27 27 af
540 341 92 21 qvarnar
647 335 37 21 och
699 334 181 27 sädesstampverk
890 333 54 22 skall

290 369 41 21 icke
346 369 71 22 vidare
432 377 38 20 ega
483 377 52 14 rum.
567 370 128 27 Nyanlagda
711 376 96 21 gvarnar,
823 377 46 14 som
884 371 59 19 ännu

289 403 43 22 icke
346 403 76 22 hunnit
436 404 137 27 skattläggas,
589 406 38 20 äro
639 404 129 27 berättigade
779 406 32 19 att
820 404 124 27 hädanefter

288 440 93 26 mottaga
395 439 59 21 mäld
468 441 43 20 mot
526 439 111 28 betalning,
653 439 105 22 hvaremot
767 439 175 26 husbehofsgvar-

288 480 52 15 nars
356 475 45 20 rätt
415 473 69 22 dertill
498 474 55 27 först
567 474 52 27 från
634 475 25 20 år
674 475 61 20 1884
749 473 100 27 vidtager.

254 571 10 21 I
280 571 202 27 slutbehandlingen
498 572 23 22 af
535 573 61 20 detta
612 572 79 21 ärende
707 572 32 20 uti
755 571 113 22 Utskottet
878 571 64 21 hafva

187 605 91 27 deltagit
293 605 142 23 ordföranden
452 606 104 22 Mechelin
568 608 55 20 samt
634 606 148 22 ledamöterne
792 606 71 21 Baron
874 606 67 27 Boije,

186 640 54 26 Aug.
258 640 128 27 Schauman,
402 641 117 27 Hackman,
535 641 66 27 Hjelt,
619 641 24 21 G.
660 641 23 21 Z.
699 641 111 25 Forsman,
826 640 115 26 Johnsson,

186 674 108 27 Kihlman,
314 674 90 28 Kurtén,
423 676 89 27 Nybom,
528 675 120 27 Lindblom,
665 675 84 26 Heikel,
767 674 67 28 Värri,
850 675 91 26 Hoikka,

186 709 64 21 Häkli
267 709 39 22 och
323 710 127 22 Colliander.

255 773 141 27 Helsingfors,
413 773 41 22 den
472 776 24 19 16
512 774 103 22 Februari
632 775 61 20 1882.
