1020 1661
408 146 34 21 N:o
458 145 35 22 26.
772 145 24 21 19

391 215 40 22 VI
444 215 66 26 Kap.

271 266 33 22 Om
321 266 159 27 underställning
497 267 37 21 och
552 266 79 22 besvär.

421 306 12 27 $
449 307 33 20 67.

149 340 139 28 Länstingets
303 341 71 21 beslut
390 340 62 28 skall,
468 340 34 22 för
517 342 33 19 att
568 340 64 21 vinna
648 340 99 28 gällande
761 339 64 28 kraft,

78 375 144 22 underställas
246 375 103 22 Senatens
372 375 280 27 Ekonomiedepartements
672 374 99 28 pröfning
786 374 39 22 och

80 410 148 27 fastställelse,
244 410 28 21 då
286 410 94 21 beslutet
396 411 78 26 angår:

150 445 24 28 a)
189 445 133 27 försäljning,
344 445 196 27 pantförskrifning
562 445 53 21 eller
630 445 74 26 utbyte
720 444 23 22 af
756 445 70 26 någon

80 479 66 21 sådan
169 479 59 21 länet
242 479 96 27 tillhörig
352 479 44 22 fast
410 479 106 27 egendom
536 479 53 22 eller
605 479 109 28 rättighet,
730 485 45 15 som
791 485 36 20 ge-

80 520 48 15 nom
144 514 62 27 gåfva
221 514 52 21 eller
288 516 129 19 testamente
432 514 92 21 tillfallit
538 515 66 26 länet,
621 514 38 21 och
675 513 32 22 för
722 514 54 21 visst
790 515 37 19 än-

80 549 77 26 damål,
173 554 45 15 som
234 548 57 21 afser
306 549 48 20 dess
370 554 160 21 gemensamma
549 551 68 25 nytta,
633 548 69 21 blifvit
718 547 109 27 anslagen,

80 582 109 22 äfvensom
211 582 216 22 öfverenskommelse
450 583 54 21 eller
526 583 123 27 förlikning,
672 582 107 22 verkande
794 581 34 21 till

79 617 92 27 ändring
194 617 52 21 eller
269 617 156 27 inskränkning
446 618 33 20 uti
502 618 42 21 den
558 619 51 26 rätt,
632 618 59 21 länet
710 616 33 22 till
759 616 68 21 sådan

80 652 103 26 fastighet
198 652 53 21 eller
265 652 83 21 förmån
363 658 62 21 eger;

152 686 22 27 b)
189 686 122 27 uttaxering
326 686 24 21 af
362 686 88 27 afgifter
466 688 33 20 att
513 688 53 25 utgå
582 687 67 21 under
664 686 75 27 längre
754 686 32 20 tid
801 687 27 19 än

81 720 30 22 tio
127 721 32 25 år;

152 757 23 24 ec)
190 755 135 27 upptagande
341 754 23 22 af
372 755 43 27 län,
427 755 68 21 stäldt
502 756 28 26 pä
540 755 75 27 längre
628 754 201 27 äterbetalningstid

81 791 29 19 än
125 790 29 21 tio
171 790 34 25 är;
218 791 57 25 samt
291 790 26 20 de

152 824 26 25 d)
193 830 42 21 nya
250 824 52 21 eller
317 824 98 27 förhöjda
431 824 88 27 afgifter
534 825 13 20 ä
558 824 41 21 den
611 824 107 21 allmänna
727 823 102 21 rörelsen.

424 870 11 27 g
452 871 34 20 68.

153 904 149 22 Guvernörens
318 904 158 27 godkännande
493 904 115 28 erfordras,
624 904 33 21 för
673 906 31 19 att
718 904 57 27 gifva
784 902 47 22 bin-

82 939 69 21 dande
167 938 58 22 kraft
240 940 23 20 ät
277 939 129 27 länstingets
421 938 73 22 beslut
510 939 6 21 i
536 939 44 21 alla
599 938 68 28 öfriga
683 940 84 25 ämnen,
782 937 49 21 med

81 974 109 26 undantag
205 973 65 21 likväl
286 974 22 20 af
322 973 100 27 följande,
438 980 48 14 som
502 974 113 21 ankomma
631 975 82 19 ensamt
727 973 28 26 pä
771 972 58 21 läns-

81 1008 79 26 tingets
177 1008 122 27 afgörande,
314 1008 119 27 nemligen:
712 1004 2 2 |

151 1043 22 25 a)
189 1042 62 27 fråga
273 1048 33 16 om
328 1042 128 27 behörighet
476 1044 33 19 att
530 1044 52 25 taga
597 1044 46 19 säte
658 1042 39 21 och
713 1043 92 19 stämma
822 1040 6 21 i

81 1076 127 28 länstinget;

152 1111 23 25 0)
191 1111 135 27 tillämpning
348 1111 22 21 af
391 1111 26 21 de
440 1111 8 21 i
472 1112 11 26 $
506 1111 28 21 25
554 1111 103 26 stadgade
672 1109 157 22 bötesbestäm-

82 1145 87 26 melser;

139 1182 20 24 c)
175 1180 165 27 arbetsordning
362 1179 33 22 för
410 1179 120 28 länstinget
550 1180 40 21 och
608 1177 174 29 ordningsreglor
797 1177 34 22 till

82 1213 145 22 efterrättelse
243 1214 34 21 vid
292 1214 80 27 tingets
389 1215 206 24 sammankomster;

157 1249 24 26 d)
197 1249 129 20 utfärdande
341 1248 24 21 af
378 1248 160 21 instruktioner
553 1248 33 21 för
601 1248 94 25 utskott;

153 1287 21 23 e)
189 1283 43 21 till-
255 1283 39 21 och
318 1283 120 27 afsättning
463 1283 25 21 af
505 1283 128 27 länstingets
649 1282 129 27 tjenstemän
795 1280 39 22 och

82 1317 102 28 betjente,
207 1320 56 19 samt
287 1318 140 26 uppgörande
442 1317 25 21 af
481 1318 132 20 instruktion
629 1317 32 21 för
678 1317 62 21 deras
759 1316 78 26 tjenst-

83 1352 85 27 göring;
185 1354 55 19 samt

149 1385 26 28 f)
191 1385 163 22 bestämmande
370 1386 113 27 angående
495 1386 68 21 sådan
573 1384 263 27 verkställighetsätgärd,

83 1426 45 15 som
144 1420 139 27 ovilkorligen
299 1420 63 27 följer
377 1419 23 22 af
414 1421 32 20 ett
462 1420 133 27 länstingets
610 1419 57 22 förut
682 1419 91 26 fattade,
785 1417 52 22 fast-

83 1455 71 20 stälda
169 1455 77 20 beslut.
