1025 1659
306 108 28 22 U.
349 108 28 22 B.
393 121 22 2 —
430 108 73 28 Prop.
518 108 41 23 N:o
575 108 37 22 29.
782 110 41 20 27

219 171 61 24 1734,
303 172 138 25 förklaringen
463 172 26 24 af
509 172 36 20 den
563 173 24 19 11
607 172 107 20 December
732 174 55 19 1766
803 173 34 20 och

219 206 73 25 nädiga
315 206 129 25 kungörelsen
467 207 28 19 30
511 207 89 19 Januari
614 207 57 19 1872
686 207 44 20 med
744 208 50 23 flera
808 209 29 18 ut-

220 240 69 20 komna
300 240 78 24 påbud,
394 240 74 20 varder
482 240 34 24 för
531 241 108 24 framtiden
653 241 94 25 stadgadt
756 242 30 25 pä
799 242 40 19 sätt

219 279 42 14 som
275 274 71 25 följer:

435 309 17 23 $
466 309 19 20 1.

290 347 138 26 Skyldigheten
452 350 31 18 att
504 350 71 23 utgöra
594 349 107 24 hällskiuts
720 349 34 20 och
768 349 71 20 under-

221 382 56 20 hålla
299 382 142 25 skjutsanstalt
463 383 76 24 åligger
562 383 29 19 all
613 383 8 19 i
638 383 75 20 mantal
730 385 42 18 satt
784 383 54 25 jord,

221 422 42 14 som
285 417 41 20 icke
349 423 67 18 genom
437 417 99 25 grundlag
558 417 49 19 eller
625 417 64 20 andra
710 417 130 25 öfverhetliga

221 451 83 25 stadgar
319 451 26 20 är
360 451 91 24 derifrän
468 451 91 24 befriad;
573 451 35 20 och
623 451 88 25 deltager
720 451 62 20 denna
792 451 47 25 jord

221 485 32 20 uti
274 485 86 20 nämnda
384 485 70 20 besvär
477 485 52 24 efter
551 485 45 20 dess
613 491 67 19 genom
699 485 141 26 uppskattning

223 520 48 19 eller
285 519 117 25 förmedling
418 519 102 20 tillkomna
534 525 39 19 nya
587 520 81 19 mantal.

291 553 76 25 Skjuts-
382 553 35 20 och
432 553 231 26 gästgifverihållningen
673 554 9 19 i
694 554 45 19 stad
749 553 49 20 eller
807 553 32 20 kö-

219 588 50 25 ping
285 588 98 19 bestrides
398 588 26 24 af
436 588 24 19 de
475 588 119 25 gårdsegare
608 588 35 20 och
658 588 66 25 öfriga
731 588 109 20 stadsinne-

223 623 79 23 vånare,
327 622 68 20 hvilka
417 622 41 20 icke
478 628 66 19 genom
559 622 97 25 grundlag
670 622 48 20 eller
732 622 64 20 andra
811 622 28 24 öf-

225 657 109 24 verhetliga
350 656 84 25 stadgar
448 657 37 18 äro
500 656 91 24 derifrån
607 656 96 24 befriade.

436 713 16 24 $
467 713 22 19 2.

293 752 196 25 Skjutsanstalterna
512 753 57 19 skola
588 759 51 13 vara
656 753 90 24 antingen
760 752 81 25 gästyif-

224 787 65 20 verier
303 787 34 24 för
352 786 187 25 frambefordrande
554 786 25 24 af
591 787 83 19 resande
689 787 34 19 och
734 788 53 23 post,
797 786 44 20 med

226 821 113 24 hällskjuts,
355 821 48 19 eller
418 821 35 19 der
469 821 77 19 sådana
561 821 19 24 ej
598 826 59 14 anses
672 820 102 25 behöfliga,
786 822 55 23 post-

225 855 76 25 gärdar
315 855 34 24 för
363 855 147 24 fortskaffande
525 855 25 24 af
562 855 69 19 endast
641 856 53 23 post,
706 856 51 18 samt
765 860 76 14 reserv-

225 889 96 20 stationer
335 889 33 24 för
382 889 95 19 vesandes
490 889 138 24 framförande
641 889 44 19 med
699 885 57 23 extra
770 888 71 25 skjuts.

226 923 126 24 Postgärdar
374 923 34 20 och
430 923 166 20 reservstationer
613 923 85 24 förenas,
718 923 36 19 der
770 922 73 20 sådant

225 957 43 20 med
283 957 66 24 fördel
364 957 34 20 ske
412 957 44 20 kan.
486 957 43 20 För
548 957 65 24 skjuts
627 957 88 25 erlägges
729 956 47 25 frän
791 957 51 24 gäst-

225 991 75 25 gifveri
319 991 35 20 och
369 991 100 25 postgärd
488 991 55 20 enkel
557 991 104 24 fastställd
675 991 48 24 lega,
738 996 43 13 men
795 990 47 24 från

226 1025 143 20 reservstation
391 1025 33 20 det
439 1025 76 25 belopp,
531 1031 42 14 som
587 1025 10 19 i
610 1025 68 24 hvarje
692 1025 39 24 fall
746 1024 98 19 särskildt

228 1059 121 24 bestämmes,
370 1059 30 25 pä
423 1060 41 19 sätt
483 1059 63 20 nedan
565 1060 62 24 säges,
646 1059 48 20 dock
708 1059 42 20 icke
764 1058 80 24 utöfver

227 1093 71 20 dubbel
313 1093 114 25 skjutslega.

441 1149 50 24 $3.
696 1171 6 4 -

297 1188 123 25 Skjutslaget
441 1190 80 23 utgöres
539 1189 29 24 pä
588 1188 66 20 landet
670 1188 25 24 af
707 1188 90 23 häradet,
812 1187 31 20 sä-

226 1223 63 24 framt
311 1223 19 24 ej
349 1223 94 24 samtliga
462 1223 113 19 kommuner
594 1222 61 20 önska
669 1223 30 18 att
710 1222 36 19 det
759 1221 32 20 mä
806 1227 38 14 om-

226 1258 54 24 fatta
302 1259 61 17 annat
386 1257 81 19 område
489 1257 35 19 och
548 1255 127 22 Guvernören
694 1255 64 24 finner
772 1255 74 24 skäligt

227 1291 70 20 dertill
313 1291 83 24 bifalla;
412 1290 49 20 dock
475 1290 87 20 sålunda
578 1291 30 18 att
618 1290 68 24 hvarje
695 1289 88 20 kommun
793 1289 52 19 inom

227 1325 118 24 skjutslaget
368 1330 66 14 ensam
453 1330 101 14 ansvarar
568 1324 34 23 för
616 1323 37 20 den
667 1323 127 25 gästgifveri-
809 1323 36 20 och

227 1358 161 25 skjutshållning,
404 1364 41 13 som
465 1358 12 19 å
499 1358 112 19 densamma
627 1357 67 24 blifvit
707 1356 94 24 fördelad
815 1356 30 24 äf-

227 1398 78 14 vensom
319 1392 34 24 för
370 1392 42 19 alla
426 1392 53 19 inom
495 1392 113 19 kommunen
622 1390 94 25 förlagda
721 1389 125 26 postgårdar

227 1426 35 20 och
277 1426 171 19 reservstationer.

160 1466 127 16 Sammansatta
300 1464 44 22 Lag-
357 1464 29 16 och
399 1464 176 17 Ekonomiutskottets
589 1463 105 17 betänkande
706 1462 36 18 N:o
755 1462 15 16 4.
