1028 1664
256 130 30 20 50
460 129 24 22 U.
500 129 22 22 B.
539 142 29 3 —
582 129 65 30 Prop.
663 130 39 23 N:o
717 128 36 23 24.

297 194 11 22 I
323 194 61 23 detta
402 195 90 22 ärendes
511 195 133 28 behandling
659 195 64 22 hafva
739 195 91 28 deltagit
845 197 144 22 ordföranden

228 229 26 22 0.
275 230 94 27 Donner,
389 230 147 22 ledamöterne
555 231 26 21 A.
602 231 23 21 L.
647 231 142 27 Gripenberg,
805 231 24 21 N.
847 231 25 22 G.
888 232 29 21 M.
934 232 54 22 Gro-

227 264 85 27 tenfelt,
330 264 20 22 J.
371 265 24 21 A.
411 265 19 22 J.
446 265 162 28 Pippingsköld,
625 265 38 22 Th.
679 265 62 27 Rein,
758 265 25 22 A.
799 265 25 22 G.
840 265 147 29 Westerlund,

226 299 25 22 E.
268 299 25 22 V.
309 299 133 28 Pettersson,
456 300 28 22 H.
499 300 24 22 E.
540 300 142 27 Schroderus,
700 300 25 22 A.
742 301 25 21 O.
784 300 116 27 Snellman,
918 300 23 22 C.
961 301 25 22 G.

227 334 112 27 Sanmark,
356 335 26 22 G.
397 335 25 21 A.
439 335 95 28 Ingman,
549 335 24 22 P.
590 335 25 22 E.
631 335 85 27 Ervast,
732 335 20 22 J.
768 335 112 28 Haanpää,
896 335 20 22 J.
931 335 55 22 Har-

226 370 73 26 tonen,
321 369 27 22 H.
372 369 111 23 Tikkanen
502 369 41 22 och
563 370 23 21 P.
606 369 124 23 Päivärinta
747 371 56 20 samt
818 370 168 27 suppleanterne

226 403 24 22 E.
266 403 28 22 H.
310 403 130 29 Furuhjelm,
456 404 24 22 A.
496 405 20 21 J.
532 405 121 27 Frosterus,
671 405 34 21 W.
724 404 120 27 Lindstedt,
860 404 18 22 J.
895 405 33 21 W.
944 404 42 22 Ca-

225 438 93 23 lamnius
334 438 40 23 och
389 439 25 21 A.
428 439 19 22 J.
463 439 125 28 Malmgren.

294 608 54 17 Anm.
380 608 39 17 Den
434 609 100 17 ntskottets
548 608 116 18 betänkande
680 607 100 24 åtföljande
795 608 64 17 kartan
876 609 20 16 är
910 609 73 16 utarbe-

225 637 31 17 tad
276 637 46 17 efter
340 637 242 22 Jernvägskommissionens
597 639 51 16 stora
663 637 68 21 kartor,
746 637 34 18 och
795 637 32 17 har
842 637 76 17 sälunda
933 637 49 18 kom-

224 665 110 18 missionens
348 665 115 19 förbiseende
478 668 28 15 att
521 666 40 17 icke
574 666 84 17 utmärka
668 665 122 18 folktätheten
804 665 2 18 i
816 665 70 18 Kimito
896 665 86 18 kommun

225 697 105 20 upprepats.
360 695 37 17 Det
414 695 38 18 lilla
471 695 85 18 formatet
571 695 33 17 har
619 695 47 18 dock
683 694 36 18 fört
734 695 41 17 med
791 694 27 23 sig
832 696 28 16 att
876 695 106 17 betecknin-

224 729 57 16 garna
296 723 53 18 äfven
364 723 11 18 å
391 724 55 17 andra
462 724 65 17 ställen
542 724 40 17 icke
592 724 71 17 kunnat
673 723 57 18 blifva
740 723 41 18 fullt
791 729 112 17 noggranna.
922 723 60 18 Bland

224 751 128 24 felaktigheter
370 753 35 17 bör
427 753 99 17 antecknas
545 754 28 16 att
588 753 156 22 beteckningarna
759 751 28 18 för
801 752 56 23 några
872 752 110 17 landthand-

223 781 55 17 lande
294 781 66 17 saknas
375 781 5 17 i
396 783 27 15 ett
437 781 43 18 fåtal
496 782 112 20 kommuner,
624 783 47 16 samt
687 783 28 15 att
724 781 57 22 några
791 781 113 17 industriella
915 781 65 17 inrätt-

223 809 66 23 ningar
304 810 116 17 utelemnats.

292 837 9 18 I
316 838 101 18 hufvudsak
432 839 52 18 torde
500 839 46 18 dock
562 839 65 18 kartan
643 839 43 22 fylla
701 839 32 17 det
748 838 73 17 dermed
837 838 73 17 afsedda
923 839 57 16 ända-

223 866 62 18 målet.

280 1481 191 22 Jernvägsutskottets
484 1481 118 19 betänkande
614 1483 35 17 N:o
663 1483 16 16 1.
