1028 1661
223 115 25 19 14
420 113 28 23 U.
464 113 28 23 B.
506 125 23 4 —
543 113 73 28 Prop.
633 113 43 23 N:o
691 112 38 24 29.

193 177 63 26 turlig
272 176 135 27 benägenhet
421 178 32 19 att
468 176 54 21 söka
536 176 113 21 förvandla
664 176 24 21 sä
703 175 78 28 mänga
797 175 150 28 gästgifverier

193 216 45 15 som
261 210 84 27 möjligt
366 210 33 21 till
421 211 183 26 reservstationer,
623 213 28 18 än
671 209 41 21 den
728 209 112 21 ofvanföre
855 209 93 21 nämnda

193 244 80 20 minimi
288 243 172 22 bestämmelsen.

260 277 62 21 Efter
343 278 37 20 det
400 280 95 25 vägarna
520 278 90 20 sälunda
631 277 72 21 blifvit
723 277 167 26 klassificerade,
910 276 36 20 be-

192 314 101 18 stämmes
309 312 81 20 antalet
404 312 24 20 af
441 312 173 27 skjotsanstalter
628 312 25 20 af
662 312 77 27 hvarje
754 312 47 26 slag
811 311 36 21 vid
858 318 26 13 en
894 310 54 20 hvar

193 346 23 20 af
228 346 56 24 dem,
299 345 40 21 och
354 346 82 20 således
460 346 62 20 äfven
542 346 37 21 det
596 344 135 30 ungefärliga
746 345 108 21 afständet
869 344 78 22 mellan

192 380 116 20 desamma.
336 380 10 20 1
361 379 59 22 detta
438 380 100 21 afseende
553 380 39 21 har
612 380 106 21 utskottet
737 379 74 22 tillätit
825 380 33 27 sig
873 386 26 13 en
915 378 31 21 af-

193 413 81 21 vikelse
296 413 47 21 frän
365 413 41 22 den
427 414 79 27 nädiga
528 415 169 26 propositionen,
715 413 87 22 hvilken
818 414 129 20 bestämmer

191 448 85 27 längsta
291 447 108 21 afständet
412 448 31 20 till
459 448 89 27 ungefär
572 449 24 20 15
612 450 65 25 verst,
698 448 77 21 medan
795 448 104 21 utskottet
914 447 31 20 fö-

192 482 88 26 reslagit
302 481 27 21 25
351 484 65 24 verst,
437 482 40 21 och
496 482 76 21 tänker
592 483 33 26 sig
644 483 7 20 i
670 483 58 20 vissa
745 482 38 21 fall
798 483 71 26 nägon
884 481 63 27 ringa

192 515 148 28 utsträckning
356 516 63 21 äfven
434 516 131 21 derutöfver.
594 517 50 20 Man
661 516 57 21 skall
737 518 52 18 utan
804 516 74 20 tvifvel
894 521 52 15 anse

193 549 59 21 detta
273 549 85 21 afständ
380 549 34 21 för
434 552 61 18 stort.
525 550 49 20 Men
597 550 36 20 det
655 553 24 17 är
701 550 116 20 utskottets
836 550 62 26 äsigt,
913 551 33 18 att

191 583 47 21 icke
254 583 68 21 heller
336 584 152 20 kommunerna
502 584 63 20 skola
580 584 115 27 godkänna
710 584 24 20 sä
748 584 65 27 länga
826 583 120 27 skjutshäll,

191 624 35 13 om
244 618 19 26 ej
282 617 28 27 pä
329 617 66 27 något
414 618 55 20 enda
488 618 62 20 ställe
569 618 138 27 synnerligen
725 618 87 20 talande
827 618 47 20 skäl
888 617 56 21 före-

191 651 75 26 finnas,
282 657 46 15 som
342 651 106 27 stundom,
463 654 14 18 t.
494 658 33 14 ex.
542 652 8 20 i
565 652 138 26 skärgården,
719 655 53 24 göra
787 652 24 20 så
825 652 65 26 långa
905 651 40 21 och

191 688 26 17 än
232 685 75 27 längre
322 685 85 21 afstånd
420 686 88 20 alldeles
526 686 145 28 oundvikliga.
700 686 50 21 Man
768 686 40 20 bör
822 686 76 20 härvid
913 685 31 21 äf-

190 726 41 14 ven
252 720 72 20 erinra
344 720 40 27 sig,
407 722 31 18 att
460 720 81 21 antalet
565 719 100 28 skjutsar,
688 727 47 13 som
755 720 48 20 från
818 720 125 27 gästgifveri

189 753 54 21 böra
257 756 95 24 utgöras,
367 754 6 20 i
389 754 73 28 regeln
479 755 132 27 öfverstiger
625 754 82 21 antalet
722 754 24 20 af
758 754 124 26 hållhästar,
898 760 46 14 som

189 787 37 21 vid
240 788 120 20 detsamma
374 788 74 21 finnas.
476 789 68 20 Måste
563 796 28 13 nu
606 788 24 21 af
643 795 26 14 en
685 788 53 21 eller
748 794 70 14 annan
829 788 116 26 anledning

189 821 67 21 hållet
274 824 64 25 göras
357 823 95 27 ovanligt
471 823 57 27 lång,
548 826 24 17 är
587 823 37 21 det
638 822 84 28 ganska
736 822 108 28 naturligt,
861 824 32 18 att
906 822 37 20 hä-

189 858 84 18 starnas
291 856 65 26 antal,
374 856 27 21 de
419 857 35 20 må
472 857 27 20 då
514 859 90 25 utgöras
619 857 25 20 af
657 856 152 27 entreprenad-
824 856 53 20 eller
891 856 53 20 håll-

189 889 79 27 hästar,
284 890 96 21 kommer
399 893 31 18 att
447 891 30 20 bli
496 893 76 24 större,
588 890 56 21 ända
660 890 87 27 derhän,
763 892 32 18 att
810 890 36 21 det
861 890 83 27 uppgår

189 923 31 20 till
243 924 53 20 fulla
317 924 82 21 antalet
420 924 24 21 af
463 924 99 27 skjutsar,
586 931 46 14 som
655 924 34 21 för
708 924 70 27 dagen
794 924 39 21 bör
849 926 94 24 utgöras.

188 957 44 20 När
250 957 90 21 sålunda
358 958 76 20 hästen
451 958 95 20 kommer
563 960 32 18 att
610 957 118 21 verkställa
743 958 76 20 endast
833 964 26 14 en
875 958 68 26 skjuts

189 997 34 14 om
238 991 78 27 dagen,
335 992 76 20 medan
430 992 40 20 den
490 992 62 26 eljest
568 992 105 20 beräknas
689 994 53 24 göra
759 991 40 27 1!/,
814 998 48 14 resa
877 992 6 19 i
899 997 44 15 me-

189 1024 73 27 deltal,
284 1025 61 21 torde
365 1026 75 20 hästen
460 1026 49 20 icke
524 1026 68 20 heller
607 1026 194 26 öfveransträngas,
817 1026 24 20 så
856 1025 88 27 mycket

189 1059 88 27 mindre,
297 1066 46 14 som
358 1059 37 21 det
409 1060 115 26 ingalunda
541 1060 56 20 låter
612 1060 66 20 tänka
692 1060 40 26 sig,
747 1061 33 19 att
794 1059 148 27 vägalängden

188 1093 78 20 mellan
288 1095 33 18 ett
338 1094 126 26 gästgifveri
482 1094 40 19 och
541 1094 45 19 alla
600 1093 56 27 dem,
671 1093 32 20 dit
718 1093 95 21 derifrån
828 1094 92 25 skjutsas
935 1094 7 18 i

187 1127 59 20 olika
260 1127 126 27 rigtningar,
405 1127 40 20 blir
462 1133 37 14 ens
514 1130 52 17 nära
587 1127 28 27 på
631 1127 37 20 det
682 1127 79 26 högsta
775 1127 91 20 tillåtna.
895 1127 48 20 Den

188 1161 122 27 minskning
325 1161 23 20 af
361 1161 175 27 farhastigheten,
552 1167 45 15 som
613 1162 6 19 i
635 1161 42 20 den
692 1161 79 27 nådiga
781 1161 161 26 propositionen

187 1197 24 18 är
226 1195 124 26 medgifven
364 1195 41 20 och
419 1195 25 20 af
456 1195 104 20 utskottet
582 1195 108 27 godkänd,
705 1195 80 20 tillåter
795 1195 66 20 också
872 1195 71 26 någon

187 1228 136 27 förlängning
338 1229 24 20 af
375 1229 113 20 farhållen.

256 1262 70 21 Sedan
337 1263 90 20 sålunda
435 1263 81 20 antalet
532 1263 24 20 af
564 1263 174 27 skjutsanstalter
748 1263 71 20 blifvit
828 1263 114 26 bestämdt,

186 1297 40 21 och
242 1297 28 21 de
284 1297 56 21 ifrån
354 1298 178 26 gästgifverierna
546 1298 58 20 inom
619 1297 128 27 skjutslaget
758 1296 106 28 utgående
875 1297 68 27 skjut-

186 1338 35 14 sar
235 1332 123 26 beräknats,
373 1331 93 21 fördelas
480 1332 64 20 dessa
560 1338 75 14 senare
653 1331 69 27 enligt
736 1331 79 20 mantal
827 1331 28 26 på
866 1331 76 26 hvarje

186 1366 91 19 särskild
300 1366 107 26 kommun,
429 1372 46 14 som
493 1366 103 26 derjemte
615 1365 94 20 erhåller
726 1365 113 26 anvisning
856 1366 28 25 på
903 1364 37 20 det

185 1399 53 20 eller
260 1399 27 20 de
309 1399 157 27 gästgifverier,
487 1399 39 21 der
548 1399 70 20 denna
638 1398 113 27 hällskjuts
771 1398 54 20 skall
845 1401 94 24 utgöras.

185 1432 82 21 Härvid
289 1433 39 20 bör
350 1433 67 27 enligt
439 1433 113 20 utskottets
575 1433 86 26 mening
683 1433 116 26 iakttagas,
817 1434 32 18 att
868 1432 28 20 då
914 1438 28 13 en

255 1472 127 17 Sammansatta
394 1472 46 23 Lag»
451 1473 30 17 och
493 1473 176 17 Ekonomiutskottets
682 1471 106 18 betänkande
801 1471 35 18 N:o
849 1469 18 20 4.
