1020 1664
218 105 14 21 4
521 106 34 21 N:o
572 106 34 22 26.

541 175 12 27 8
570 176 18 20 6.

261 208 193 28 Länsfullmäktige
471 210 159 21 sammanträda
641 210 7 22 i
659 210 70 21 länets
741 210 153 21 residensstad.
910 210 31 21 På

188 242 162 28 framställning
372 243 23 21 af
409 244 129 27 föregående
553 244 96 28 länsting
665 245 59 26 eller,
741 244 38 21 der
794 244 146 21 utomordent-

188 276 44 28 liga
248 278 184 27 omständigheter
447 279 36 21 det
499 279 80 27 fordra,
589 280 36 20 må
636 279 140 22 Guvernören
787 279 72 21 kunna
869 285 70 15 annan

188 312 140 27 samlingsort
343 315 90 19 utsätta.

541 348 10 27 8
569 350 17 19 7.

259 386 181 28 Länsfullmäktig
463 390 23 19 är
505 388 7 21 i
534 388 127 27 utöfningen
681 388 23 21 af
722 388 37 21 sitt
778 389 97 26 uppdrag
890 388 47 21 icke

187 420 87 22 bunden
290 421 23 21 af
326 422 96 21 valmäns
437 422 142 22 föreskrifter.

539 498 11 27 $
566 499 19 20 8.

244 537 140 26 Länstingets
400 537 163 28 förhandlingar
578 541 37 18 äro
626 538 120 27 offentliga;
759 538 54 21 dock
823 539 35 20 må
868 537 69 28 tinget

186 569 34 22 för
242 572 71 25 någon
336 572 94 21 särskild
449 573 61 26 fråga
529 573 72 21 kunna
616 573 93 26 besluta,
726 575 33 18 att
774 573 161 26 öfverläggning

186 605 56 21 skall
258 606 57 21 inom
330 607 72 26 lyckta
419 607 74 21 dörrar
508 608 76 21 hållas.

506 729 28 20 II
549 729 65 26 Kap.

372 796 34 21 Om
424 797 120 26 länstingets
560 797 191 26 sammansättning.

534 865 11 26 $
562 866 19 19 9.

255 903 193 28 Länsfullmäktige
470 905 67 27 väljas
560 906 7 20 i
583 905 136 21 förhållande
734 905 34 21 till
783 905 74 27 hvarje
872 906 60 20 stads

182 938 54 21 eller
251 938 106 27 tingslags
373 938 123 28 folkmängd
513 939 54 21 efter
582 940 189 26 mantalslängden
787 940 97 27 sålunda,
901 942 32 19 att

254 972 74 28 hvarje
351 973 48 21 stad
422 974 48 20 med
485 974 63 26 5,000
563 974 102 21 invånare
682 974 53 20 eller
751 974 108 21 derunder
873 977 60 19 utser

181 1012 27 15 en
223 1006 182 28 länsfullmäktig;

253 1041 49 21 med
326 1042 59 20 öfver
410 1043 62 26 5,000
497 1042 32 22 till
555 1043 38 21 och
618 1044 49 20 med
686 1044 75 26 10,000
783 1044 36 20 två
834 1043 97 21 länsfull-

180 1075 107 27 mäktige;

254 1110 49 21 med
318 1110 59 21 öfver
394 1112 75 25 10,000
483 1111 33 21 till
532 1112 39 20 och
586 1112 49 20 med
652 1112 76 26 15,000
742 1113 32 19 tre
785 1111 147 21 länsfullmäk-

180 1144 52 27 tige,
250 1144 39 21 och
312 1146 24 19 så
359 1145 73 21 vidare
456 1145 53 21 efter
531 1152 81 15 samma
631 1146 120 26 beräkning
766 1146 33 20 för
815 1146 116 27 öfverskju-

180 1178 66 21 tande
262 1178 135 28 folkmängd;

252 1215 56 19 samt
332 1215 32 19 att
386 1214 74 27 hvarje
482 1214 95 27 tingslag
598 1215 49 21 med
669 1215 76 27 10,000
761 1214 102 22 invånare
878 1215 53 21 eller

178 1246 109 22 derunder
302 1249 60 19 utser
378 1254 26 15 en
419 1248 179 28 länsfullmäktig;

251 1282 49 20 med
322 1282 59 21 öfver
406 1284 74 26 10,000
504 1283 33 21 till
561 1284 38 20 och
618 1284 50 20 med
686 1284 77 26 20,000
782 1284 36 20 två
833 1283 98 21 länsfull-

177 1316 107 27 mäktige;

235 1345 50 20 med
301 1345 58 21 öfver
374 1347 77 26 20,000
470 1346 32 21 till
518 1347 39 20 och
572 1347 49 20 med
640 1347 78 26 30,000
733 1348 33 19 tre
781 1347 148 21 länsfullmäk-

176 1378 52 27 tige,
248 1379 40 20 och
304 1380 25 20 så
343 1379 74 22 vidare
433 1380 54 21 efter
503 1387 80 14 samma
599 1380 202 27 beräkningsgrund
817 1381 34 21 för
861 1381 68 21 öfver-

176 1412 117 27 skjutande
308 1413 131 28 folkmängd.
821 1413 3 4 |
