1025 1667
237 120 13 20 2
542 120 35 22 N:o
592 120 32 22 19.

283 188 28 21 Af
330 188 37 21 det
387 188 24 21 är
431 189 54 21 1865
505 189 171 27 uppdebiterade
692 188 102 27 beloppet
809 188 63 21 hafva
889 190 76 24 18,794

209 222 61 21 mark
286 223 27 21 89
329 223 65 26 penni
410 223 71 21 blifvit
497 223 119 21 afkortade.

281 257 149 21 Föreskriften
450 258 92 21 rörande
565 258 144 26 erläggandet
727 258 22 20 af
767 258 69 20 denna
855 259 60 19 extra
930 258 35 21 be-

209 291 90 27 villning
315 292 39 20 har
369 292 108 21 härintills
494 292 69 27 ingått
578 293 6 20 i
601 292 92 27 stadgan
709 298 33 15 om
759 292 119 26 utgörande
894 292 23 20 af
926 292 39 21 all-

209 327 48 19 män
282 325 122 27 bevillning.
436 326 50 22 Men
510 327 72 25 sedan,
602 327 28 27 pä
649 326 133 22 Ständernas
798 326 106 26 anhällan,
921 326 43 22 för-

210 360 46 26 slag
272 360 34 21 till
322 366 42 21 nya
380 361 133 27 stadganden
533 361 110 27 angäende
659 361 117 26 bevillning
793 361 32 21 för
841 361 43 21 fast
903 367 62 20 egen-

210 394 48 22 dom
278 395 40 21 och
338 395 95 21 inkomst
451 396 129 26 utarbetats,
595 396 40 21 har
651 396 36 20 det
704 398 83 18 ansetts
805 395 113 28 olämpligt
933 397 31 19 att

209 429 65 21 bland
291 430 48 21 dem
355 430 75 21 vidare
446 432 95 25 upptaga
556 430 166 27 ifrägavarande
737 430 64 27 afgift
816 430 33 21 för
861 430 104 27 spelkort.

210 464 60 21 Hans
290 464 122 27 Kejserliga
431 465 103 27 Majestät
553 466 39 20 har
608 466 86 21 derföre
710 465 57 21 velat
783 465 32 21 till
833 465 132 21 Ständernas

211 499 161 27 handläggning
394 499 130 22 öfverlemna
547 500 93 27 följande
664 500 81 26 förslag
767 500 32 21 till
815 499 147 28 förordning
951 495 15 36 i

210 535 82 20 ämnet:

467 581 125 33 Förslag
608 581 42 26 till
670 580 152 34 förordning,
837 580 126 34 angäende

416 621 150 34 erläggande
598 621 28 26 af
654 622 72 25 extra
756 621 141 34 bevillning
925 621 38 26 för

418 661 116 34 spelkort.

281 713 104 21 Förutom
401 714 78 21 allmän
490 714 213 26 inkomstbevillning
714 715 55 19 samt
786 713 40 21 den
837 719 76 21 genom
924 713 38 22 nä-

210 747 49 27 diga
275 747 153 28 förordningen
444 749 40 20 den
501 749 25 20 22
542 749 51 20 Juni
612 749 52 20 1859
681 748 115 21 faststälda
807 748 156 27 stämpelafgift

209 781 34 22 för
259 782 104 27 spelkort,
380 783 97 26 erlägges
494 783 22 21 af
525 783 161 21 kortfabrikant
697 783 33 20 för
740 783 74 26 hvarje
825 783 67 21 under
903 783 58 20 ärets

210 816 50 27 lopp
276 816 83 21 försäld
375 817 35 21 lek
426 823 25 15 en
468 819 60 20 extra
544 817 116 27 bevillning
676 817 23 21 af
714 817 68 21 sextio
793 818 70 26 penni.
887 817 74 21 Fabri-

209 851 40 21 ken
266 852 64 25 utgör
346 851 121 27 underpant
482 851 33 22 för
530 854 61 19 extra
607 852 155 26 bevillningens
778 852 125 26 utgörande.

483 910 74 26 Enligt
575 910 60 21 Hans
654 909 122 27 Kejserliga
794 909 113 27 Majestäts
925 910 36 21 nä-

415 949 50 27 diga
487 949 123 28 befallning,
634 950 72 27 gifven
726 950 5 20 i
752 949 117 22 Gatschina
885 950 40 21 den
943 943 18 36 %

415 983 97 22 Oktober
530 985 59 20 1881.

473 1081 35 17 T.
522 1081 178 18 BRUUN.

642 1157 34 22 Ch.
693 1157 40 21 Em.
749 1157 21 21 af
786 1156 114 22 Frosterus.

321 1445 123 23 Helsingfors,
458 1446 11 18 ä
481 1446 104 22 Kejserliga
598 1445 91 18 Senatens
702 1445 87 23 tryckeri,
803 1445 48 17 1881.
