1025 1664
216 111 26 21 36
520 112 35 22 N:o
571 112 36 22 25.

186 186 41 20 gen
243 180 108 25 kontrakt,
368 180 61 22 hvari
450 181 58 27 läget
527 182 23 20 af
568 181 227 27 försäljningslokalen
809 182 78 26 jemväl
905 182 39 20 bör

186 214 81 27 inflyta.

260 250 18 19 2.
310 249 33 21 De
358 250 7 20 i
382 256 62 14 mom.
462 252 9 18 1
489 250 93 21 nämnda
594 250 87 26 afgifter
693 250 33 21 för
737 250 148 21 minuthandel
895 250 49 21 med

186 284 52 21 eller
254 284 147 27 utskänkning
416 284 23 21 af
449 285 91 21 bränvin
557 285 106 21 inbetalas
676 284 139 22 förskottsvis
827 285 33 21 för
871 285 73 26 hvarje

186 319 85 26 qvartal
295 319 33 21 till
353 320 87 20 stadens
460 320 71 20 kassa.
562 320 30 20 Af
612 320 25 20 de
653 319 92 21 influtna
760 320 83 20 medlen
859 319 86 21 tillfalla

185 353 38 21 två
234 354 132 24 tredjedelar
377 354 82 26 staden,
472 354 38 21 och
523 360 25 15 en
560 354 105 27 tredjedel
677 354 132 21 inlevereras
825 355 32 20 till
874 356 69 19 ränte-

186 388 42 20 riet
243 388 7 20 i
266 388 64 25 länet,
347 388 34 20 för
397 390 32 19 att
444 388 94 22 tilldelas
555 389 85 21 landets
652 388 160 27 hushållnings-
824 389 38 21 och
875 389 68 21 landt-

186 422 197 27 brukssällskaper.

541 452 11 26 $
570 453 18 20 7.

261 493 17 19 1.
309 492 97 27 Uppstår
423 493 5 20 i
445 493 48 20 stad
509 492 61 27 fråga
587 499 32 14 om
638 493 149 20 öfverlåtande
803 493 22 20 åt
844 493 63 26 bolag
923 493 22 21 af

187 526 28 21 all
232 527 41 20 den
289 527 6 20 i
318 527 6 27 $
340 528 12 19 5
368 533 62 15 mom.
447 529 12 18 2
475 528 93 20 nämnda
584 527 150 26 utskänkning
750 527 23 20 af
787 527 96 26 bränvin,
905 528 38 20 bör

186 561 97 20 anbudet
298 561 53 20 derå
366 561 32 21 till
419 561 143 26 Magistraten
578 561 100 26 ingifvas,
695 561 25 21 så
736 564 61 18 snart
812 562 83 21 antalet
910 564 33 19 ut-

187 595 214 27 skänkningsställen
416 596 67 25 enligt
499 602 82 15 samma
596 603 63 14 mom.
675 596 72 21 blifvit
764 597 113 20 bestämdt.
907 592 36 26 Öf-

185 636 38 15 ver
240 630 64 21 dessa
320 630 78 26 anbud,
419 631 72 20 hvilka
511 631 19 26 ej
554 631 34 20 må
604 631 127 26 understiga
747 631 26 20 de
789 631 92 26 afgifter,
898 637 45 15 som

184 662 87 29 jemlikt
286 664 11 27 $
314 666 12 19 6
344 665 48 20 bort
408 665 33 20 för
457 665 98 26 samtlige
571 665 292 26 utskänkningsrättigheter
879 666 65 20 minst

186 699 107 26 erläggas,
310 699 7 20 i
332 699 103 21 händelse
451 700 26 20 de
496 700 70 20 blifvit
582 701 12 20 å
614 701 91 20 auktion
721 700 112 26 utbjudna,
850 700 93 21 inhemte

186 733 118 26 Magistrat
328 734 207 26 stadsfullmägtiges
558 735 58 25 eller,
642 735 38 20 der
701 735 80 20 sådane
801 735 46 20 icke
867 734 74 26 finnas,

186 768 79 21 allmän
289 768 185 21 rådhusstämmas
497 769 106 26 yttrande,
628 769 67 20 hvarå
718 769 99 20 anbuden
837 769 23 20 af
874 769 69 26 Magi-

187 804 84 19 straten
291 802 93 27 pröfvas.
419 798 30 25 Är
469 803 115 26 Magistrat
603 804 48 20 med
671 803 198 26 stadsfullmägtige
891 803 52 21 eller

187 837 174 20 rådhusstämma
385 843 50 15 ense
459 843 33 15 om
515 837 330 27 utskänkningsrättigheternas
867 838 76 26 upplå-

186 871 65 20 tande
267 871 23 21 ät
309 871 70 26 bolag,
401 872 64 21 blifve
481 872 74 21 dervid
576 872 114 21 beroende.
721 871 129 27 Tillstyrkes
867 872 76 21 sådant

186 906 23 21 af
231 912 25 15 en
282 906 64 21 bland
366 906 63 21 dessa
449 907 153 26 myndigheter,
623 914 48 14 men
688 907 108 27 afstyrkes
813 907 22 20 af
850 907 39 21 den
906 914 35 14 an-

186 940 46 26 dra,
253 940 53 21 eller
326 941 23 20 af
365 941 75 26 bägge,
462 941 141 21 öfverlemnas
623 942 91 20 ärendet
732 942 32 20 till
781 941 162 27 Länestyrelses

186 974 125 27 afgörande.

259 1010 19 20 2.
308 1010 10 20 I
339 1010 55 25 stad,
414 1010 39 21 der
472 1010 27 20 all
520 1010 146 26 utskänkning
687 1010 22 20 af
731 1010 88 21 bränvin
836 1010 71 21 blifvit
923 1010 22 21 af

187 1044 73 26 bolag,
278 1044 68 26 enligt
361 1044 179 26 nästföregående
552 1051 69 19 mom.,
634 1045 132 25 öfvertagen,
779 1044 54 21 skall
849 1045 94 25 bolaget,

186 1078 96 21 förutom
299 1079 130 25 erläggande
445 1078 23 21 af
477 1079 37 21 der
525 1079 113 21 bestämda
648 1079 97 25 afgifter,
757 1079 32 20 till
801 1079 76 21 staden
887 1079 57 21 afstä

187 1112 51 21 hela
254 1113 40 21 den
311 1114 126 25 nettovinst,
450 1120 51 20 som,
514 1114 65 20 sedan
591 1114 77 26 nödige
680 1113 263 27 förvaltningskostnader

186 1146 72 22 blifvit
274 1148 111 26 afdragna,
401 1148 68 26 enligt
484 1148 97 26 bolagets
598 1148 148 26 räkenskaper
762 1148 23 20 af
795 1148 100 20 bränvins
909 1150 34 18 ut-

186 1181 150 27 skänkningen
346 1182 103 26 uppstått.
474 1182 138 27 Granskning
620 1182 23 21 af
650 1182 66 21 dessa
725 1182 146 26 räkenskaper
881 1182 62 21 verk-

188 1216 75 20 ställes
280 1216 82 26 årligen
379 1216 23 21 af
416 1217 112 25 revisorer,
545 1217 73 21 hvilka
629 1216 198 27 stadsfullmägtige
839 1223 39 20 ega
888 1218 54 20 utse.

260 1251 19 20 3.
310 1250 103 22 Deremot
432 1251 34 21 må
485 1252 6 19 i
510 1252 56 25 stad,
587 1252 37 20 der
644 1251 53 21 flere
712 1251 129 26 rättigheter
856 1251 33 21 till
905 1251 38 21 mi-

186 1285 119 21 nuthandel
323 1286 49 20 med
393 1286 88 20 bränvin
501 1288 37 18 äro
559 1286 115 26 medgifna,
692 1286 75 20 dessas
783 1285 98 27 utöfning
896 1286 47 20 icke

186 1319 103 27 upplåtas
306 1319 23 22 åt
345 1326 24 15 en
385 1326 79 21 person
481 1320 51 21 eller
548 1320 22 21 åt
586 1327 82 14 samma
684 1320 72 27 bolag.

543 1384 11 27 $
570 1385 19 20 8.

260 1423 48 22 Den
332 1424 105 27 rättighet
459 1425 63 26 bolag
542 1425 67 26 enligt
628 1425 12 28 $
656 1427 11 19 7
685 1431 64 14 mom.
767 1426 9 19 1
793 1425 122 21 tillerkänts
931 1425 13 21 å
