986 1623
305 79 23 23 U.
340 79 22 23 B.
376 91 28 5 —
416 79 60 29 Prop.
489 79 36 23 N:o
542 78 37 24 20.
776 80 12 20 7

64 137 81 27 gäende
164 137 119 27 stegringen
307 137 49 27 deri,
373 137 41 21 kan
430 137 67 21 under
512 137 26 21 de
553 136 67 22 första
635 137 50 21 ären
701 136 69 22 ansläs
785 136 32 21 till

65 172 79 20 inemot
166 172 26 20 25
210 172 32 26 9
258 172 60 20 torde
334 172 40 20 den
390 172 110 20 sannolika
515 172 180 20 nettoinkomsten
711 172 23 20 af
750 171 68 21 denna

66 206 113 26 bevillning
194 206 71 21 kunna
280 206 6 20 i
303 206 64 20 rundt
382 206 30 20 tal
428 206 125 26 uppskattas
568 206 32 20 till
618 207 116 25 7,700,000
743 206 35 20 mk
786 206 33 20 för

66 240 29 25 är,
104 240 90 21 räknadt
207 240 54 21 ifrån
274 240 39 20 och
324 240 48 21 med
386 240 46 21 året
443 242 47 19 näst
499 240 53 21 efter
561 240 36 21 det
606 240 25 21 dä
641 240 140 26 bevillningen
789 240 30 20 in-

67 274 61 22 föres.
160 275 61 21 Hvad
236 274 129 21 vidkommer
381 275 40 20 den
437 274 98 27 inkomst,
546 280 45 16 som
602 275 67 21 under
679 274 141 21 innevarande

67 309 23 21 år
112 309 41 21 kan
177 309 73 27 inflyta
265 308 22 22 af
299 308 161 27 ifrågavarande
475 309 120 27 bevillning,
612 309 70 21 derest
698 309 121 21 densamma

66 344 83 21 komme
174 345 32 20 att
228 344 65 20 redan
312 343 46 21 frän
374 344 141 20 instundande
532 344 36 20 vär
583 344 57 26 utgä,
656 344 38 20 har
709 343 109 21 Utskottet

66 380 70 19 ansett
152 378 35 21 det
202 378 71 21 alltför
288 378 105 26 vanskligt
408 379 32 19 att
455 378 94 21 beräkna
559 378 47 21 dess
616 378 82 26 belopp,
710 378 54 20 helst
779 378 40 20 tid-

66 413 94 26 punkten
183 412 32 21 för
238 412 144 26 lagförslagets
398 412 103 21 trädande
516 413 7 20 i
538 413 97 26 gällande
650 412 56 21 kraft
720 412 46 21 icke
782 418 37 15 ens

67 447 41 21 kan
131 447 28 26 pä
180 446 88 21 förhand
292 447 46 20 med
356 446 100 21 säkerhet
471 447 133 21 bestämmas.
635 447 47 20 Ifall
698 447 121 20 medeltalet

67 481 22 21 af
103 481 179 21 Skattekomit&ns
304 481 148 26 importsiftror
474 481 32 21 för
529 481 50 21 åren
604 482 138 21 1876—1878
762 481 58 21 lades

67 516 32 21 till
121 516 102 26 underlag
245 515 32 21 för
298 515 104 27 kalkylen,
419 515 68 22 skulle
511 516 170 27 bruttobeloppet
698 516 58 27 höjas
772 516 48 20 med

67 550 97 26 omkring
180 550 77 27 70,000
271 550 65 21 mark.

137 659 31 21 Pä
182 659 68 27 grund
266 659 22 21 af
301 659 54 21 hvad
370 659 7 21 i
394 660 33 21 det
444 659 127 28 föregäende
587 660 85 26 anförts,
688 660 32 21 fär
734 659 87 23 Utskot-

68 695 32 20 tet
114 694 108 21 vördsamt
236 693 77 22 föreslä

241 754 32 18 att
289 751 83 22 landets
388 751 117 28 höglofliga
522 752 95 21 Ständer
632 752 49 21 ville
696 752 32 20 uti
743 752 78 20 under-

206 786 67 27 dänig
288 786 172 28 svarsskrifvelse
479 786 37 21 hos
532 786 63 21 Hans
611 787 123 27 Kejserliga
751 786 69 28 Maje-

205 822 44 19 stät
264 821 88 21 anmäla
368 824 32 18 att
416 822 131 26 Ständerna,
557 828 43 14 som
617 821 52 28 hysa
684 821 40 21 den
734 820 86 28 förtrö-

206 858 55 22 stan,
278 858 32 18 att
325 856 35 20 vid
369 854 172 28 fastställandet
555 856 29 26 af
597 856 138 21 tullsatserna
748 856 31 26 pä
791 858 29 18 to-

206 889 41 20 bak
265 890 64 27 nödig
344 889 84 28 hänsyn
444 890 94 21 kommer
553 893 31 18 att
593 890 76 27 fästas
684 890 36 20 vid
735 890 40 20 den
791 896 29 13 nu

205 926 97 25 antagna
317 923 54 28 höga
388 924 150 28 bevillningen,
549 925 25 20 sä
587 927 33 18 att
629 924 135 21 statsverkets
769 923 51 28 för-

208 958 34 20 del
266 957 43 21 icke
331 958 81 21 komme
428 961 32 18 att
474 966 76 20 genom
566 959 138 27 öfverhöfvun
720 959 54 28 dryg
790 958 31 21 be-

206 992 111 27 skattning
339 992 133 29 äfventyras,
488 994 57 20 velat
562 994 41 26 för
625 995 32 20 sin
681 994 34 21 del
731 994 35 20 till
780 993 41 20 den

207 1027 81 27 nädiga
301 1028 162 26 propositionen
480 1029 8 19 i
497 1028 149 27 förevarande
655 1028 71 28 fräga
743 1027 78 28 bifalla

207 1061 36 20 och
261 1062 34 20 det
311 1062 45 20 deri
371 1062 106 27 ingäende
487 1062 90 29 förslag
593 1063 34 21 till
637 1063 136 27 förordning
783 1069 38 14 an-

207 1099 51 24 taga
280 1095 54 28 efter
356 1097 70 20 sädan
440 1096 147 29 förändring,
602 1100 32 18 att
650 1097 64 27 tiden,
730 1097 93 20 hvarun-

207 1131 38 20 der
266 1130 170 28 ifrågavarande
459 1131 116 28 bevillning
597 1133 102 27 erlägges,
709 1131 114 28 faststälts

208 1165 59 26 ifrån
290 1165 40 20 den
350 1167 11 18 1
377 1166 47 27 maj
439 1167 60 20 1882
514 1167 51 20 eller
580 1173 74 14 annan
670 1166 100 27 tidpunkt
785 1172 38 14 un-

208 1199 38 20 der
269 1200 145 21 innevarande
436 1201 32 26 år,
486 1201 41 20 den
546 1201 63 20 Hans
628 1201 125 27 Kejserliga
776 1200 46 21 Ma-

204 1234 68 26 jestät
295 1233 42 21 kan
348 1234 65 27 finna
428 1234 82 28 skäligt
527 1235 121 27 bestämma,
664 1236 35 20 till
714 1235 109 27 utgången

208 1268 28 27 af
248 1269 26 19 är
290 1270 64 22 1885,
370 1268 112 27 äfvensom
497 1272 33 18 att
541 1270 60 20 ordet
611 1269 212 28 ,maahantuojalle"

208 1303 31 20 uti
258 1304 16 19 2
292 1309 60 14 mom.
371 1305 15 19 2
401 1303 15 27 $
431 1303 29 26 af
472 1303 42 21 den
524 1303 75 28 finska
608 1304 216 27 förordningstexten

209 1336 78 28 ntbytts
303 1340 42 17 mot
360 1338 60 20 ordet
436 1337 256 28 ,ymaahantuottajalle*.

142 1450 212 23 Bevillningsutskottets
367 1451 117 18 betänkande
497 1452 37 17 N:o
547 1452 16 17 1.
