<?xml version="1.0" encoding="UTF-8"?>
<alto xmlns="http://www.loc.gov/standards/alto/ns-v3#" xmlns:xlink="http://www.w3.org/1999/xlink" xmlns:xsi="http://www.w3.org/2001/XMLSchema-instance" xsi:schemaLocation="http://www.loc.gov/standards/alto/ns-v3# http://www.loc.gov/alto/v3/alto-3-0.xsd">
	<Description>
		<MeasurementUnit>pixel</MeasurementUnit>
		<sourceImageInformation>
			<fileName>/tmp/tess_n9_w0u4i_input.PNG</fileName>
		</sourceImageInformation>
		<OCRProcessing ID="OCR_0">
			<ocrProcessingStep>
				<processingSoftware>
					<softwareName>tesseract 5.3.4</softwareName>
				</processingSoftware>
			</ocrProcessingStep>
		</OCRProcessing>
	</Description>
	<Layout>
		<Page WIDTH="1028" HEIGHT="1664" PHYSICAL_IMG_NR="0" ID="page_0">
			<PrintSpace HPOS="0" VPOS="0" WIDTH="1028" HEIGHT="1664">
				<ComposedBlock ID="cblock_0" HPOS="225" VPOS="117" WIDTH="29" HEIGHT="22">
					<TextBlock ID="block_0" HPOS="225" VPOS="117" WIDTH="29" HEIGHT="22">
						<TextLine ID="line_0" HPOS="225" VPOS="117" WIDTH="29" HEIGHT="22">
							<String ID="string_0" HPOS="225" VPOS="117" WIDTH="29" HEIGHT="22" WC="0.95" CONTENT="10"/>
						</TextLine>
					</TextBlock>
				</ComposedBlock>
				<ComposedBlock ID="cblock_1" HPOS="393" VPOS="116" WIDTH="371" HEIGHT="28">
					<TextBlock ID="block_1" HPOS="393" VPOS="116" WIDTH="371" HEIGHT="28">
						<TextLine ID="line_1" HPOS="393" VPOS="116" WIDTH="371" HEIGHT="28">
							<String ID="string_1" HPOS="393" VPOS="116" WIDTH="81" HEIGHT="24" WC="0.89" CONTENT="Ständ."/><SP WIDTH="16" VPOS="116" HPOS="474"/>
							<String ID="string_2" HPOS="490" VPOS="117" WIDTH="38" HEIGHT="22" WC="0.93" CONTENT="Sv."/><SP WIDTH="16" VPOS="117" HPOS="528"/>
							<String ID="string_3" HPOS="544" VPOS="129" WIDTH="26" HEIGHT="4" WC="0.91" CONTENT="—"/><SP WIDTH="16" VPOS="129" HPOS="570"/>
							<String ID="string_4" HPOS="586" VPOS="117" WIDTH="72" HEIGHT="27" WC="0.95" CONTENT="Prop."/><SP WIDTH="15" VPOS="117" HPOS="658"/>
							<String ID="string_5" HPOS="673" VPOS="116" WIDTH="41" HEIGHT="22" WC="0.95" CONTENT="N:o"/><SP WIDTH="15" VPOS="116" HPOS="714"/>
							<String ID="string_6" HPOS="729" VPOS="116" WIDTH="35" HEIGHT="22" WC="0.96" CONTENT="18."/>
						</TextLine>
					</TextBlock>
				</ComposedBlock>
				<ComposedBlock ID="cblock_2" HPOS="399" VPOS="178" WIDTH="557" HEIGHT="330">
					<TextBlock ID="block_2" HPOS="399" VPOS="178" WIDTH="556" HEIGHT="166">
						<TextLine ID="line_2" HPOS="399" VPOS="178" WIDTH="555" HEIGHT="29">
							<String ID="string_7" HPOS="399" VPOS="179" WIDTH="98" HEIGHT="28" WC="0.64" CONTENT="förande"/><SP WIDTH="16" VPOS="179" HPOS="497"/>
							<String ID="string_8" HPOS="513" VPOS="179" WIDTH="37" HEIGHT="21" WC="0.96" CONTENT="och"/><SP WIDTH="16" VPOS="179" HPOS="550"/>
							<String ID="string_9" HPOS="566" VPOS="179" WIDTH="48" HEIGHT="22" WC="0.95" CONTENT="dess"/><SP WIDTH="9" VPOS="179" HPOS="614"/>
							<String ID="string_10" HPOS="623" VPOS="179" WIDTH="117" HEIGHT="28" WC="0.96" CONTENT="suppleant"/><SP WIDTH="7" VPOS="179" HPOS="740"/>
							<String ID="string_11" HPOS="747" VPOS="178" WIDTH="161" HEIGHT="28" WC="0.96" CONTENT="frånvarande,"/><SP WIDTH="11" VPOS="178" HPOS="908"/>
							<String ID="string_12" HPOS="919" VPOS="179" WIDTH="35" HEIGHT="21" WC="0.96" CONTENT="mä"/>
						</TextLine>
						<TextLine ID="line_3" HPOS="405" VPOS="213" WIDTH="548" HEIGHT="28">
							<String ID="string_13" HPOS="405" VPOS="214" WIDTH="105" HEIGHT="21" WC="0.92" CONTENT="komiténs"/><SP WIDTH="23" VPOS="214" HPOS="510"/>
							<String ID="string_14" HPOS="533" VPOS="214" WIDTH="116" HEIGHT="21" WC="0.96" CONTENT="ledamöter"/><SP WIDTH="22" VPOS="214" HPOS="649"/>
							<String ID="string_15" HPOS="671" VPOS="213" WIDTH="77" HEIGHT="22" WC="0.96" CONTENT="ibland"/><SP WIDTH="21" VPOS="213" HPOS="748"/>
							<String ID="string_16" HPOS="769" VPOS="213" WIDTH="34" HEIGHT="27" WC="0.96" CONTENT="sig"/><SP WIDTH="16" VPOS="213" HPOS="803"/>
							<String ID="string_17" HPOS="819" VPOS="215" WIDTH="45" HEIGHT="18" WC="0.95" CONTENT="utse"/><SP WIDTH="16" VPOS="215" HPOS="864"/>
							<String ID="string_18" HPOS="880" VPOS="213" WIDTH="73" HEIGHT="28" WC="0.95" CONTENT="någon"/>
						</TextLine>
						<TextLine ID="line_4" HPOS="405" VPOS="246" WIDTH="550" HEIGHT="29">
							<String ID="string_19" HPOS="405" VPOS="250" WIDTH="33" HEIGHT="19" WC="0.96" CONTENT="att"/><SP WIDTH="22" VPOS="250" HPOS="438"/>
							<String ID="string_20" HPOS="460" VPOS="247" WIDTH="34" HEIGHT="23" WC="0.96" CONTENT="för"/><SP WIDTH="23" VPOS="247" HPOS="494"/>
							<String ID="string_21" HPOS="517" VPOS="248" WIDTH="102" HEIGHT="23" WC="0.96" CONTENT="tillfället"/><SP WIDTH="17" VPOS="248" HPOS="619"/>
							<String ID="string_22" HPOS="636" VPOS="247" WIDTH="56" HEIGHT="28" WC="0.96" CONTENT="föra"/><SP WIDTH="19" VPOS="247" HPOS="692"/>
							<String ID="string_23" HPOS="711" VPOS="247" WIDTH="66" HEIGHT="25" WC="0.96" CONTENT="ordet,"/><SP WIDTH="17" VPOS="247" HPOS="777"/>
							<String ID="string_24" HPOS="794" VPOS="247" WIDTH="8" HEIGHT="20" WC="0.96" CONTENT="i"/><SP WIDTH="15" VPOS="247" HPOS="802"/>
							<String ID="string_25" HPOS="817" VPOS="246" WIDTH="79" HEIGHT="22" WC="0.96" CONTENT="hvilket"/><SP WIDTH="14" VPOS="246" HPOS="896"/>
							<String ID="string_26" HPOS="910" VPOS="247" WIDTH="45" HEIGHT="24" WC="0.96" CONTENT="fall"/>
						</TextLine>
						<TextLine ID="line_5" HPOS="407" VPOS="281" WIDTH="548" HEIGHT="28">
							<String ID="string_27" HPOS="407" VPOS="281" WIDTH="55" HEIGHT="22" WC="0.93" CONTENT="dock"/><SP WIDTH="20" VPOS="281" HPOS="462"/>
							<String ID="string_28" HPOS="482" VPOS="282" WIDTH="94" HEIGHT="21" WC="0.92" CONTENT="komitén"/><SP WIDTH="23" VPOS="282" HPOS="576"/>
							<String ID="string_29" HPOS="599" VPOS="282" WIDTH="37" HEIGHT="21" WC="0.96" CONTENT="bör"/><SP WIDTH="22" VPOS="282" HPOS="636"/>
							<String ID="string_30" HPOS="658" VPOS="282" WIDTH="38" HEIGHT="21" WC="0.96" CONTENT="hos"/><SP WIDTH="21" VPOS="282" HPOS="696"/>
							<String ID="string_31" HPOS="717" VPOS="283" WIDTH="133" HEIGHT="26" WC="0.96" CONTENT="guvernören"/><SP WIDTH="21" VPOS="283" HPOS="850"/>
							<String ID="string_32" HPOS="871" VPOS="281" WIDTH="8" HEIGHT="20" WC="0.92" CONTENT="i"/><SP WIDTH="16" VPOS="281" HPOS="879"/>
							<String ID="string_33" HPOS="895" VPOS="281" WIDTH="60" HEIGHT="21" WC="0.95" CONTENT="länet"/>
						</TextLine>
						<TextLine ID="line_6" HPOS="406" VPOS="315" WIDTH="361" HEIGHT="29">
							<String ID="string_34" HPOS="406" VPOS="316" WIDTH="72" HEIGHT="21" WC="0.92" CONTENT="derom"/><SP WIDTH="16" VPOS="316" HPOS="478"/>
							<String ID="string_35" HPOS="494" VPOS="315" WIDTH="162" HEIGHT="29" WC="0.90" CONTENT="ofördröjligen"/><SP WIDTH="15" VPOS="315" HPOS="656"/>
							<String ID="string_36" HPOS="671" VPOS="317" WIDTH="96" HEIGHT="20" WC="0.96" CONTENT="anmäla."/>
						</TextLine>
					</TextBlock>
					<TextBlock ID="block_3" HPOS="406" VPOS="349" WIDTH="550" HEIGHT="159">
						<TextLine ID="line_7" HPOS="464" VPOS="349" WIDTH="492" HEIGHT="28">
							<String ID="string_37" HPOS="464" VPOS="350" WIDTH="217" HEIGHT="27" WC="0.92" CONTENT="Bevillningskomité"/><SP WIDTH="21" VPOS="350" HPOS="681"/>
							<String ID="string_38" HPOS="702" VPOS="351" WIDTH="35" HEIGHT="20" WC="0.95" CONTENT="må"/><SP WIDTH="22" VPOS="351" HPOS="737"/>
							<String ID="string_39" HPOS="759" VPOS="349" WIDTH="47" HEIGHT="22" WC="0.93" CONTENT="icke"/><SP WIDTH="21" VPOS="349" HPOS="806"/>
							<String ID="string_40" HPOS="827" VPOS="349" WIDTH="77" HEIGHT="22" WC="0.92" CONTENT="skrida"/><SP WIDTH="16" VPOS="349" HPOS="904"/>
							<String ID="string_41" HPOS="920" VPOS="350" WIDTH="36" HEIGHT="21" WC="0.96" CONTENT="till"/>
						</TextLine>
						<TextLine ID="line_8" HPOS="406" VPOS="383" WIDTH="548" HEIGHT="29">
							<String ID="string_42" HPOS="406" VPOS="384" WIDTH="139" HEIGHT="27" WC="0.96" CONTENT="verksamhet,"/><SP WIDTH="23" VPOS="384" HPOS="545"/>
							<String ID="string_43" HPOS="568" VPOS="384" WIDTH="94" HEIGHT="25" WC="0.96" CONTENT="såframt"/><SP WIDTH="18" VPOS="384" HPOS="662"/>
							<String ID="string_44" HPOS="680" VPOS="385" WIDTH="26" HEIGHT="27" WC="0.96" CONTENT="ej,"/><SP WIDTH="15" VPOS="385" HPOS="706"/>
							<String ID="string_45" HPOS="721" VPOS="386" WIDTH="58" HEIGHT="19" WC="0.96" CONTENT="utom"/><SP WIDTH="17" VPOS="386" HPOS="779"/>
							<String ID="string_46" HPOS="796" VPOS="383" WIDTH="158" HEIGHT="28" WC="0.96" CONTENT="ordföranden,"/>
						</TextLine>
						<TextLine ID="line_9" HPOS="407" VPOS="418" WIDTH="547" HEIGHT="28">
							<String ID="string_47" HPOS="407" VPOS="419" WIDTH="65" HEIGHT="20" WC="0.95" CONTENT="minst"/><SP WIDTH="16" VPOS="419" HPOS="472"/>
							<String ID="string_48" HPOS="488" VPOS="419" WIDTH="35" HEIGHT="20" WC="0.95" CONTENT="två"/><SP WIDTH="16" VPOS="419" HPOS="523"/>
							<String ID="string_49" HPOS="539" VPOS="419" WIDTH="131" HEIGHT="27" WC="0.96" CONTENT="tredjedelar"/><SP WIDTH="15" VPOS="419" HPOS="670"/>
							<String ID="string_50" HPOS="685" VPOS="418" WIDTH="31" HEIGHT="27" WC="0.93" CONTENT="af"/><SP WIDTH="10" VPOS="418" HPOS="716"/>
							<String ID="string_51" HPOS="726" VPOS="418" WIDTH="104" HEIGHT="21" WC="0.91" CONTENT="komiténs"/><SP WIDTH="18" VPOS="418" HPOS="830"/>
							<String ID="string_52" HPOS="848" VPOS="418" WIDTH="63" HEIGHT="21" WC="0.92" CONTENT="valde"/><SP WIDTH="15" VPOS="418" HPOS="911"/>
							<String ID="string_53" HPOS="926" VPOS="418" WIDTH="28" HEIGHT="21" WC="0.93" CONTENT="el-"/>
						</TextLine>
						<TextLine ID="line_10" HPOS="407" VPOS="453" WIDTH="548" HEIGHT="21">
							<String ID="string_54" HPOS="407" VPOS="453" WIDTH="32" HEIGHT="21" WC="0.96" CONTENT="ler"/><SP WIDTH="23" VPOS="453" HPOS="439"/>
							<String ID="string_55" HPOS="462" VPOS="453" WIDTH="113" HEIGHT="20" WC="0.95" CONTENT="inkallade"/><SP WIDTH="23" VPOS="453" HPOS="575"/>
							<String ID="string_56" HPOS="598" VPOS="453" WIDTH="117" HEIGHT="21" WC="0.95" CONTENT="ledamöter"/><SP WIDTH="22" VPOS="453" HPOS="715"/>
							<String ID="string_57" HPOS="737" VPOS="455" WIDTH="38" HEIGHT="19" WC="0.96" CONTENT="äro"/><SP WIDTH="20" VPOS="455" HPOS="775"/>
							<String ID="string_58" HPOS="795" VPOS="453" WIDTH="37" HEIGHT="21" WC="0.93" CONTENT="vid"/><SP WIDTH="15" VPOS="453" HPOS="832"/>
							<String ID="string_59" HPOS="847" VPOS="459" WIDTH="108" HEIGHT="14" WC="0.91" CONTENT="samman-"/>
						</TextLine>
						<TextLine ID="line_11" HPOS="408" VPOS="487" WIDTH="202" HEIGHT="21">
							<String ID="string_60" HPOS="408" VPOS="487" WIDTH="71" HEIGHT="21" WC="0.92" CONTENT="trädet"/><SP WIDTH="16" VPOS="487" HPOS="479"/>
							<String ID="string_61" HPOS="495" VPOS="487" WIDTH="115" HEIGHT="21" WC="0.91" CONTENT="tillstädes."/>
						</TextLine>
					</TextBlock>
				</ComposedBlock>
				<ComposedBlock ID="cblock_3" HPOS="650" VPOS="545" WIDTH="64" HEIGHT="27">
					<TextBlock ID="block_4" HPOS="650" VPOS="545" WIDTH="64" HEIGHT="27">
						<TextLine ID="line_12" HPOS="650" VPOS="545" WIDTH="64" HEIGHT="27">
							<String ID="string_62" HPOS="650" VPOS="545" WIDTH="15" HEIGHT="27" WC="0.91" CONTENT="$"/><SP WIDTH="14" VPOS="545" HPOS="665"/>
							<String ID="string_63" HPOS="679" VPOS="545" WIDTH="35" HEIGHT="20" WC="0.95" CONTENT="13."/>
						</TextLine>
					</TextBlock>
				</ComposedBlock>
				<ComposedBlock ID="cblock_4" HPOS="405" VPOS="589" WIDTH="551" HEIGHT="439">
					<TextBlock ID="block_5" HPOS="405" VPOS="589" WIDTH="551" HEIGHT="439">
						<TextLine ID="line_13" HPOS="464" VPOS="589" WIDTH="491" HEIGHT="28">
							<String ID="string_64" HPOS="464" VPOS="589" WIDTH="215" HEIGHT="28" WC="0.90" CONTENT="Häradsskrifvaren"/><SP WIDTH="22" VPOS="589" HPOS="679"/>
							<String ID="string_65" HPOS="701" VPOS="589" WIDTH="58" HEIGHT="22" WC="0.95" CONTENT="skall"/><SP WIDTH="21" VPOS="589" HPOS="759"/>
							<String ID="string_66" HPOS="780" VPOS="592" WIDTH="74" HEIGHT="18" WC="0.95" CONTENT="senast"/><SP WIDTH="13" VPOS="592" HPOS="854"/>
							<String ID="string_67" HPOS="867" VPOS="589" WIDTH="88" HEIGHT="28" WC="0.96" CONTENT="fjorton"/>
						</TextLine>
						<TextLine ID="line_14" HPOS="408" VPOS="623" WIDTH="547" HEIGHT="29">
							<String ID="string_68" HPOS="408" VPOS="625" WIDTH="70" HEIGHT="26" WC="0.96" CONTENT="dagar"/><SP WIDTH="18" VPOS="625" HPOS="478"/>
							<String ID="string_69" HPOS="496" VPOS="624" WIDTH="52" HEIGHT="27" WC="0.96" CONTENT="före"/><SP WIDTH="22" VPOS="624" HPOS="548"/>
							<String ID="string_70" HPOS="570" VPOS="624" WIDTH="42" HEIGHT="21" WC="0.96" CONTENT="den"/><SP WIDTH="25" VPOS="624" HPOS="612"/>
							<String ID="string_71" HPOS="637" VPOS="623" WIDTH="50" HEIGHT="29" WC="0.93" CONTENT="dag,"/><SP WIDTH="24" VPOS="623" HPOS="687"/>
							<String ID="string_72" HPOS="711" VPOS="625" WIDTH="14" HEIGHT="20" WC="0.86" CONTENT="å"/><SP WIDTH="18" VPOS="625" HPOS="725"/>
							<String ID="string_73" HPOS="743" VPOS="623" WIDTH="85" HEIGHT="21" WC="0.93" CONTENT="hvilken"/><SP WIDTH="22" VPOS="623" HPOS="828"/>
							<String ID="string_74" HPOS="850" VPOS="623" WIDTH="105" HEIGHT="21" WC="0.91" CONTENT="komiténs"/>
						</TextLine>
						<TextLine ID="line_15" HPOS="407" VPOS="657" WIDTH="549" HEIGHT="29">
							<String ID="string_75" HPOS="407" VPOS="659" WIDTH="178" HEIGHT="20" WC="0.96" CONTENT="sammanträden"/><SP WIDTH="24" VPOS="659" HPOS="585"/>
							<String ID="string_76" HPOS="609" VPOS="657" WIDTH="51" HEIGHT="22" WC="0.96" CONTENT="böra"/><SP WIDTH="24" VPOS="657" HPOS="660"/>
							<String ID="string_77" HPOS="684" VPOS="661" WIDTH="51" HEIGHT="25" WC="0.96" CONTENT="taga"/><SP WIDTH="22" VPOS="661" HPOS="735"/>
							<String ID="string_78" HPOS="757" VPOS="659" WIDTH="35" HEIGHT="20" WC="0.96" CONTENT="sin"/><SP WIDTH="24" VPOS="659" HPOS="792"/>
							<String ID="string_79" HPOS="816" VPOS="657" WIDTH="82" HEIGHT="29" WC="0.95" CONTENT="början,"/><SP WIDTH="22" VPOS="657" HPOS="898"/>
							<String ID="string_80" HPOS="920" VPOS="658" WIDTH="36" HEIGHT="21" WC="0.96" CONTENT="till"/>
						</TextLine>
						<TextLine ID="line_16" HPOS="408" VPOS="692" WIDTH="547" HEIGHT="27">
							<String ID="string_81" HPOS="408" VPOS="692" WIDTH="41" HEIGHT="21" WC="0.93" CONTENT="den"/><SP WIDTH="16" VPOS="692" HPOS="449"/>
							<String ID="string_82" HPOS="465" VPOS="693" WIDTH="87" HEIGHT="20" WC="0.92" CONTENT="utsedde"/><SP WIDTH="15" VPOS="693" HPOS="552"/>
							<String ID="string_83" HPOS="567" VPOS="692" WIDTH="150" HEIGHT="27" WC="0.93" CONTENT="ordföranden"/><SP WIDTH="16" VPOS="692" HPOS="717"/>
							<String ID="string_84" HPOS="733" VPOS="692" WIDTH="91" HEIGHT="27" WC="0.88" CONTENT="aflemna"/><SP WIDTH="16" VPOS="692" HPOS="824"/>
							<String ID="string_85" HPOS="840" VPOS="692" WIDTH="45" HEIGHT="21" WC="0.92" CONTENT="icke"/><SP WIDTH="15" VPOS="692" HPOS="885"/>
							<String ID="string_86" HPOS="900" VPOS="692" WIDTH="55" HEIGHT="21" WC="0.91" CONTENT="alle-"/>
						</TextLine>
						<TextLine ID="line_17" HPOS="408" VPOS="726" WIDTH="547" HEIGHT="28">
							<String ID="string_87" HPOS="408" VPOS="729" WIDTH="51" HEIGHT="19" WC="0.95" CONTENT="nast"/><SP WIDTH="15" VPOS="729" HPOS="459"/>
							<String ID="string_88" HPOS="474" VPOS="727" WIDTH="40" HEIGHT="21" WC="0.96" CONTENT="den"/><SP WIDTH="12" VPOS="727" HPOS="514"/>
							<String ID="string_89" HPOS="526" VPOS="726" WIDTH="42" HEIGHT="28" WC="0.96" CONTENT="för"/><SP WIDTH="15" VPOS="726" HPOS="568"/>
							<String ID="string_90" HPOS="583" VPOS="729" WIDTH="60" HEIGHT="18" WC="0.96" CONTENT="orten"/><SP WIDTH="14" VPOS="729" HPOS="643"/>
							<String ID="string_91" HPOS="657" VPOS="729" WIDTH="73" HEIGHT="18" WC="0.96" CONTENT="senast"/><SP WIDTH="22" VPOS="729" HPOS="730"/>
							<String ID="string_92" HPOS="752" VPOS="726" WIDTH="124" HEIGHT="28" WC="0.93" CONTENT="uppgjorda"/><SP WIDTH="19" VPOS="726" HPOS="876"/>
							<String ID="string_93" HPOS="895" VPOS="733" WIDTH="60" HEIGHT="14" WC="0.90" CONTENT="man-"/>
						</TextLine>
						<TextLine ID="line_18" HPOS="409" VPOS="760" WIDTH="545" HEIGHT="29">
							<String ID="string_94" HPOS="409" VPOS="761" WIDTH="117" HEIGHT="28" WC="0.92" CONTENT="talslängd,"/><SP WIDTH="23" VPOS="761" HPOS="526"/>
							<String ID="string_95" HPOS="549" VPOS="763" WIDTH="55" HEIGHT="19" WC="0.95" CONTENT="utan"/><SP WIDTH="22" VPOS="763" HPOS="604"/>
							<String ID="string_96" HPOS="626" VPOS="761" WIDTH="39" HEIGHT="21" WC="0.95" CONTENT="ock"/><SP WIDTH="15" VPOS="761" HPOS="665"/>
							<String ID="string_97" HPOS="680" VPOS="761" WIDTH="90" HEIGHT="28" WC="0.93" CONTENT="tryckta,"/><SP WIDTH="16" VPOS="761" HPOS="770"/>
							<String ID="string_98" HPOS="786" VPOS="760" WIDTH="78" HEIGHT="21" WC="0.90" CONTENT="konom"/><SP WIDTH="13" VPOS="760" HPOS="864"/>
							<String ID="string_99" HPOS="877" VPOS="767" WIDTH="77" HEIGHT="20" WC="0.95" CONTENT="genom"/>
						</TextLine>
						<TextLine ID="line_19" HPOS="407" VPOS="794" WIDTH="547" HEIGHT="29">
							<String ID="string_100" HPOS="407" VPOS="795" WIDTH="215" HEIGHT="28" WC="0.92" CONTENT="guvernörsembetets"/><SP WIDTH="20" VPOS="795" HPOS="622"/>
							<String ID="string_101" HPOS="642" VPOS="795" WIDTH="93" HEIGHT="28" WC="0.85" CONTENT="försorg"/><SP WIDTH="30" VPOS="795" HPOS="735"/>
							<String ID="string_102" HPOS="765" VPOS="794" WIDTH="189" HEIGHT="22" WC="0.85" CONTENT="tillhandahällna"/>
						</TextLine>
						<TextLine ID="line_20" HPOS="409" VPOS="828" WIDTH="546" HEIGHT="29">
							<String ID="string_103" HPOS="409" VPOS="829" WIDTH="119" HEIGHT="22" WC="0.95" CONTENT="blanketter"/><SP WIDTH="24" VPOS="829" HPOS="528"/>
							<String ID="string_104" HPOS="552" VPOS="829" WIDTH="35" HEIGHT="22" WC="0.92" CONTENT="till"/><SP WIDTH="25" VPOS="829" HPOS="587"/>
							<String ID="string_105" HPOS="612" VPOS="829" WIDTH="226" HEIGHT="28" WC="0.90" CONTENT="bevillningslängder,"/><SP WIDTH="26" VPOS="829" HPOS="838"/>
							<String ID="string_106" HPOS="864" VPOS="828" WIDTH="91" HEIGHT="21" WC="0.92" CONTENT="hvaruti"/>
						</TextLine>
						<TextLine ID="line_21" HPOS="408" VPOS="862" WIDTH="548" HEIGHT="29">
							<String ID="string_107" HPOS="408" VPOS="863" WIDTH="52" HEIGHT="22" WC="0.96" CONTENT="böra"/><SP WIDTH="22" VPOS="863" HPOS="460"/>
							<String ID="string_108" HPOS="482" VPOS="863" WIDTH="87" HEIGHT="28" WC="0.96" CONTENT="införas"/><SP WIDTH="21" VPOS="863" HPOS="569"/>
							<String ID="string_109" HPOS="590" VPOS="864" WIDTH="47" HEIGHT="21" WC="0.95" CONTENT="alla"/><SP WIDTH="22" VPOS="864" HPOS="637"/>
							<String ID="string_110" HPOS="659" VPOS="864" WIDTH="26" HEIGHT="20" WC="0.93" CONTENT="de"/><SP WIDTH="18" VPOS="864" HPOS="685"/>
							<String ID="string_111" HPOS="703" VPOS="869" WIDTH="117" HEIGHT="22" WC="0.96" CONTENT="personers"/><SP WIDTH="15" VPOS="869" HPOS="820"/>
							<String ID="string_112" HPOS="835" VPOS="869" WIDTH="66" HEIGHT="14" WC="0.95" CONTENT="namn"/><SP WIDTH="16" VPOS="869" HPOS="901"/>
							<String ID="string_113" HPOS="917" VPOS="862" WIDTH="39" HEIGHT="21" WC="0.96" CONTENT="och"/>
						</TextLine>
						<TextLine ID="line_22" HPOS="409" VPOS="897" WIDTH="546" HEIGHT="28">
							<String ID="string_114" HPOS="409" VPOS="897" WIDTH="144" HEIGHT="28" WC="0.92" CONTENT="uppskattade"/><SP WIDTH="22" VPOS="897" HPOS="553"/>
							<String ID="string_115" HPOS="575" VPOS="898" WIDTH="99" HEIGHT="25" WC="0.92" CONTENT="inkomst,"/><SP WIDTH="21" VPOS="898" HPOS="674"/>
							<String ID="string_116" HPOS="695" VPOS="897" WIDTH="73" HEIGHT="21" WC="0.92" CONTENT="hvilka"/><SP WIDTH="17" VPOS="897" HPOS="768"/>
							<String ID="string_117" HPOS="785" VPOS="897" WIDTH="98" HEIGHT="27" WC="0.91" CONTENT="befinnas"/><SP WIDTH="15" VPOS="897" HPOS="883"/>
							<String ID="string_118" HPOS="898" VPOS="897" WIDTH="57" HEIGHT="27" WC="0.93" CONTENT="skyl-"/>
						</TextLine>
						<TextLine ID="line_23" HPOS="408" VPOS="931" WIDTH="547" HEIGHT="29">
							<String ID="string_119" HPOS="408" VPOS="933" WIDTH="50" HEIGHT="27" WC="0.92" CONTENT="dige"/><SP WIDTH="22" VPOS="933" HPOS="458"/>
							<String ID="string_120" HPOS="480" VPOS="934" WIDTH="32" HEIGHT="19" WC="0.93" CONTENT="att"/><SP WIDTH="22" VPOS="934" HPOS="512"/>
							<String ID="string_121" HPOS="534" VPOS="931" WIDTH="152" HEIGHT="22" WC="0.88" CONTENT="inkomstskatt"/><SP WIDTH="19" VPOS="931" HPOS="686"/>
							<String ID="string_122" HPOS="705" VPOS="933" WIDTH="85" HEIGHT="26" WC="0.96" CONTENT="utgöra,"/><SP WIDTH="17" VPOS="933" HPOS="790"/>
							<String ID="string_123" HPOS="807" VPOS="931" WIDTH="53" HEIGHT="21" WC="0.93" CONTENT="eller"/><SP WIDTH="14" VPOS="931" HPOS="860"/>
							<String ID="string_124" HPOS="874" VPOS="931" WIDTH="81" HEIGHT="25" WC="0.93" CONTENT="hvilka,"/>
						</TextLine>
						<TextLine ID="line_24" HPOS="409" VPOS="964" WIDTH="546" HEIGHT="29">
							<String ID="string_125" HPOS="409" VPOS="966" WIDTH="67" HEIGHT="21" WC="0.96" CONTENT="ehuru"/><SP WIDTH="14" VPOS="966" HPOS="476"/>
							<String ID="string_126" HPOS="490" VPOS="966" WIDTH="71" HEIGHT="21" WC="0.93" CONTENT="sådan"/><SP WIDTH="11" VPOS="966" HPOS="561"/>
							<String ID="string_127" HPOS="572" VPOS="965" WIDTH="142" HEIGHT="28" WC="0.91" CONTENT="förpligtelse"/><SP WIDTH="15" VPOS="965" HPOS="714"/>
							<String ID="string_128" HPOS="729" VPOS="965" WIDTH="30" HEIGHT="28" WC="0.93" CONTENT="af"/><SP WIDTH="11" VPOS="965" HPOS="759"/>
							<String ID="string_129" HPOS="770" VPOS="965" WIDTH="96" HEIGHT="21" WC="0.96" CONTENT="kronans"/><SP WIDTH="11" VPOS="965" HPOS="866"/>
							<String ID="string_130" HPOS="877" VPOS="964" WIDTH="78" HEIGHT="22" WC="0.96" CONTENT="ombud"/>
						</TextLine>
						<TextLine ID="line_25" HPOS="405" VPOS="999" WIDTH="498" HEIGHT="29">
							<String ID="string_131" HPOS="405" VPOS="1000" WIDTH="115" HEIGHT="28" WC="0.89" CONTENT="påyrkats,"/><SP WIDTH="16" VPOS="1000" HPOS="520"/>
							<String ID="string_132" HPOS="536" VPOS="1001" WIDTH="103" HEIGHT="26" WC="0.91" CONTENT="derifrån"/><SP WIDTH="16" VPOS="1001" HPOS="639"/>
							<String ID="string_133" HPOS="655" VPOS="999" WIDTH="29" HEIGHT="28" WC="0.93" CONTENT="af"/><SP WIDTH="11" VPOS="999" HPOS="684"/>
							<String ID="string_134" HPOS="695" VPOS="999" WIDTH="94" HEIGHT="22" WC="0.91" CONTENT="komitén"/><SP WIDTH="16" VPOS="999" HPOS="789"/>
							<String ID="string_135" HPOS="805" VPOS="999" WIDTH="98" HEIGHT="23" WC="0.91" CONTENT="befriats."/>
						</TextLine>
					</TextBlock>
				</ComposedBlock>
				<ComposedBlock ID="cblock_5" HPOS="650" VPOS="1057" WIDTH="65" HEIGHT="28">
					<TextBlock ID="block_6" HPOS="650" VPOS="1057" WIDTH="65" HEIGHT="28">
						<TextLine ID="line_26" HPOS="650" VPOS="1057" WIDTH="65" HEIGHT="28">
							<String ID="string_136" HPOS="650" VPOS="1057" WIDTH="15" HEIGHT="28" WC="0.89" CONTENT="$"/><SP WIDTH="16" VPOS="1057" HPOS="665"/>
							<String ID="string_137" HPOS="681" VPOS="1058" WIDTH="34" HEIGHT="21" WC="0.93" CONTENT="14."/>
						</TextLine>
					</TextBlock>
				</ComposedBlock>
				<ComposedBlock ID="cblock_6" HPOS="404" VPOS="1101" WIDTH="555" HEIGHT="371">
					<TextBlock ID="block_7" HPOS="404" VPOS="1101" WIDTH="555" HEIGHT="371">
						<TextLine ID="line_27" HPOS="466" VPOS="1101" WIDTH="491" HEIGHT="29">
							<String ID="string_138" HPOS="466" VPOS="1102" WIDTH="75" HEIGHT="22" WC="0.95" CONTENT="Såsom"/><SP WIDTH="15" VPOS="1102" HPOS="541"/>
							<String ID="string_139" HPOS="556" VPOS="1103" WIDTH="74" HEIGHT="27" WC="0.96" CONTENT="grund"/><SP WIDTH="10" VPOS="1103" HPOS="630"/>
							<String ID="string_140" HPOS="640" VPOS="1102" WIDTH="43" HEIGHT="27" WC="0.96" CONTENT="för"/><SP WIDTH="14" VPOS="1102" HPOS="683"/>
							<String ID="string_141" HPOS="697" VPOS="1101" WIDTH="169" HEIGHT="22" WC="0.96" CONTENT="bestämmandet"/><SP WIDTH="15" VPOS="1101" HPOS="866"/>
							<String ID="string_142" HPOS="881" VPOS="1101" WIDTH="31" HEIGHT="28" WC="0.95" CONTENT="af"/><SP WIDTH="4" VPOS="1101" HPOS="912"/>
							<String ID="string_143" HPOS="916" VPOS="1101" WIDTH="41" HEIGHT="21" WC="0.95" CONTENT="den"/>
						</TextLine>
						<TextLine ID="line_28" HPOS="408" VPOS="1135" WIDTH="548" HEIGHT="29">
							<String ID="string_144" HPOS="408" VPOS="1144" WIDTH="53" HEIGHT="14" WC="0.96" CONTENT="rena"/><SP WIDTH="15" VPOS="1144" HPOS="461"/>
							<String ID="string_145" HPOS="476" VPOS="1137" WIDTH="99" HEIGHT="25" WC="0.96" CONTENT="inkomst,"/><SP WIDTH="16" VPOS="1137" HPOS="575"/>
							<String ID="string_146" HPOS="591" VPOS="1136" WIDTH="93" HEIGHT="28" WC="0.93" CONTENT="hvarför"/><SP WIDTH="15" VPOS="1136" HPOS="684"/>
							<String ID="string_147" HPOS="699" VPOS="1136" WIDTH="118" HEIGHT="27" WC="0.91" CONTENT="bevillning"/><SP WIDTH="16" VPOS="1136" HPOS="817"/>
							<String ID="string_148" HPOS="833" VPOS="1135" WIDTH="37" HEIGHT="21" WC="0.93" CONTENT="bör"/><SP WIDTH="15" VPOS="1135" HPOS="870"/>
							<String ID="string_149" HPOS="885" VPOS="1135" WIDTH="71" HEIGHT="27" WC="0.92" CONTENT="erläg-"/>
						</TextLine>
						<TextLine ID="line_29" HPOS="407" VPOS="1169" WIDTH="551" HEIGHT="30">
							<String ID="string_150" HPOS="407" VPOS="1178" WIDTH="47" HEIGHT="21" WC="0.95" CONTENT="gas,"/><SP WIDTH="23" VPOS="1178" HPOS="454"/>
							<String ID="string_151" HPOS="477" VPOS="1173" WIDTH="90" HEIGHT="26" WC="0.96" CONTENT="antages"/><SP WIDTH="23" VPOS="1173" HPOS="567"/>
							<String ID="string_152" HPOS="590" VPOS="1171" WIDTH="41" HEIGHT="21" WC="0.93" CONTENT="den"/><SP WIDTH="20" VPOS="1171" HPOS="631"/>
							<String ID="string_153" HPOS="651" VPOS="1169" WIDTH="238" HEIGHT="28" WC="0.91" CONTENT="bevillningsskyldiges"/><SP WIDTH="16" VPOS="1169" HPOS="889"/>
							<String ID="string_154" HPOS="905" VPOS="1176" WIDTH="53" HEIGHT="21" WC="0.95" CONTENT="egen"/>
						</TextLine>
						<TextLine ID="line_30" HPOS="407" VPOS="1203" WIDTH="551" HEIGHT="30">
							<String ID="string_155" HPOS="407" VPOS="1205" WIDTH="89" HEIGHT="28" WC="0.96" CONTENT="uppgift"/><SP WIDTH="16" VPOS="1205" HPOS="496"/>
							<String ID="string_156" HPOS="512" VPOS="1205" WIDTH="36" HEIGHT="21" WC="0.93" CONTENT="till"/><SP WIDTH="15" VPOS="1205" HPOS="548"/>
							<String ID="string_157" HPOS="563" VPOS="1204" WIDTH="227" HEIGHT="28" WC="0.90" CONTENT="bevillningskomitén."/><SP WIDTH="23" VPOS="1204" HPOS="790"/>
							<String ID="string_158" HPOS="813" VPOS="1203" WIDTH="48" HEIGHT="22" WC="0.96" CONTENT="För"/><SP WIDTH="14" VPOS="1203" HPOS="861"/>
							<String ID="string_159" HPOS="875" VPOS="1203" WIDTH="83" HEIGHT="22" WC="0.96" CONTENT="sådant"/>
						</TextLine>
						<TextLine ID="line_31" HPOS="408" VPOS="1237" WIDTH="550" HEIGHT="28">
							<String ID="string_160" HPOS="408" VPOS="1239" WIDTH="104" HEIGHT="22" WC="0.94" CONTENT="ändamål"/><SP WIDTH="23" VPOS="1239" HPOS="512"/>
							<String ID="string_161" HPOS="535" VPOS="1239" WIDTH="38" HEIGHT="21" WC="0.96" CONTENT="bör"/><SP WIDTH="23" VPOS="1239" HPOS="573"/>
							<String ID="string_162" HPOS="596" VPOS="1246" WIDTH="25" HEIGHT="13" WC="0.96" CONTENT="en"/><SP WIDTH="22" VPOS="1246" HPOS="621"/>
							<String ID="string_163" HPOS="643" VPOS="1239" WIDTH="62" HEIGHT="24" WC="0.96" CONTENT="hvar,"/><SP WIDTH="16" VPOS="1239" HPOS="705"/>
							<String ID="string_164" HPOS="721" VPOS="1245" WIDTH="45" HEIGHT="14" WC="0.96" CONTENT="som"/><SP WIDTH="15" VPOS="1245" HPOS="766"/>
							<String ID="string_165" HPOS="781" VPOS="1240" WIDTH="27" HEIGHT="19" WC="0.96" CONTENT="är"/><SP WIDTH="14" VPOS="1240" HPOS="808"/>
							<String ID="string_166" HPOS="822" VPOS="1237" WIDTH="87" HEIGHT="28" WC="0.96" CONTENT="skyldig"/><SP WIDTH="15" VPOS="1237" HPOS="909"/>
							<String ID="string_167" HPOS="924" VPOS="1239" WIDTH="34" HEIGHT="19" WC="0.96" CONTENT="att"/>
						</TextLine>
						<TextLine ID="line_32" HPOS="409" VPOS="1271" WIDTH="549" HEIGHT="30">
							<String ID="string_168" HPOS="409" VPOS="1273" WIDTH="117" HEIGHT="28" WC="0.92" CONTENT="bevillning"/><SP WIDTH="22" VPOS="1273" HPOS="526"/>
							<String ID="string_169" HPOS="548" VPOS="1275" WIDTH="85" HEIGHT="26" WC="0.96" CONTENT="utgöra,"/><SP WIDTH="20" VPOS="1275" HPOS="633"/>
							<String ID="string_170" HPOS="653" VPOS="1272" WIDTH="59" HEIGHT="28" WC="0.96" CONTENT="sjelf"/><SP WIDTH="11" VPOS="1272" HPOS="712"/>
							<String ID="string_171" HPOS="723" VPOS="1273" WIDTH="53" HEIGHT="20" WC="0.96" CONTENT="eller"/><SP WIDTH="13" VPOS="1273" HPOS="776"/>
							<String ID="string_172" HPOS="789" VPOS="1278" WIDTH="75" HEIGHT="21" WC="0.95" CONTENT="genom"/><SP WIDTH="16" VPOS="1278" HPOS="864"/>
							<String ID="string_173" HPOS="880" VPOS="1271" WIDTH="78" HEIGHT="22" WC="0.96" CONTENT="ombud"/>
						</TextLine>
						<TextLine ID="line_33" HPOS="408" VPOS="1305" WIDTH="550" HEIGHT="30">
							<String ID="string_174" HPOS="408" VPOS="1307" WIDTH="61" HEIGHT="28" WC="0.92" CONTENT="inför"/><SP WIDTH="15" VPOS="1307" HPOS="469"/>
							<String ID="string_175" HPOS="484" VPOS="1307" WIDTH="224" HEIGHT="28" WC="0.90" CONTENT="bevillningskomitén"/><SP WIDTH="15" VPOS="1307" HPOS="708"/>
							<String ID="string_176" HPOS="723" VPOS="1306" WIDTH="112" HEIGHT="28" WC="0.89" CONTENT="uppgifva,"/><SP WIDTH="17" VPOS="1306" HPOS="835"/>
							<String ID="string_177" HPOS="852" VPOS="1306" WIDTH="35" HEIGHT="21" WC="0.93" CONTENT="till"/><SP WIDTH="15" VPOS="1306" HPOS="887"/>
							<String ID="string_178" HPOS="902" VPOS="1305" WIDTH="56" HEIGHT="21" WC="0.92" CONTENT="hvil-"/>
						</TextLine>
						<TextLine ID="line_34" HPOS="408" VPOS="1339" WIDTH="550" HEIGHT="30">
							<String ID="string_179" HPOS="408" VPOS="1341" WIDTH="34" HEIGHT="21" WC="0.96" CONTENT="ket"/><SP WIDTH="16" VPOS="1341" HPOS="442"/>
							<String ID="string_180" HPOS="458" VPOS="1341" WIDTH="75" HEIGHT="28" WC="0.96" CONTENT="belopp"/><SP WIDTH="16" VPOS="1341" HPOS="533"/>
							<String ID="string_181" HPOS="549" VPOS="1341" WIDTH="45" HEIGHT="21" WC="0.96" CONTENT="han"/><SP WIDTH="15" VPOS="1341" HPOS="594"/>
							<String ID="string_182" HPOS="609" VPOS="1341" WIDTH="131" HEIGHT="28" WC="0.96" CONTENT="uppskattar"/><SP WIDTH="15" VPOS="1341" HPOS="740"/>
							<String ID="string_183" HPOS="755" VPOS="1341" WIDTH="34" HEIGHT="20" WC="0.96" CONTENT="sin"/><SP WIDTH="10" VPOS="1341" HPOS="789"/>
							<String ID="string_184" HPOS="799" VPOS="1347" WIDTH="54" HEIGHT="14" WC="0.96" CONTENT="rena"/><SP WIDTH="11" VPOS="1347" HPOS="853"/>
							<String ID="string_185" HPOS="864" VPOS="1339" WIDTH="94" HEIGHT="21" WC="0.96" CONTENT="inkomst"/>
						</TextLine>
						<TextLine ID="line_35" HPOS="404" VPOS="1373" WIDTH="555" HEIGHT="30">
							<String ID="string_186" HPOS="404" VPOS="1376" WIDTH="42" HEIGHT="27" WC="0.94" CONTENT="för"/><SP WIDTH="22" VPOS="1376" HPOS="446"/>
							<String ID="string_187" HPOS="468" VPOS="1376" WIDTH="33" HEIGHT="21" WC="0.93" CONTENT="det"/><SP WIDTH="20" VPOS="1376" HPOS="501"/>
							<String ID="string_188" HPOS="521" VPOS="1375" WIDTH="150" HEIGHT="28" WC="0.90" CONTENT="sistförflutna"/><SP WIDTH="16" VPOS="1375" HPOS="671"/>
							<String ID="string_189" HPOS="687" VPOS="1376" WIDTH="52" HEIGHT="20" WC="0.92" CONTENT="året."/><SP WIDTH="31" VPOS="1376" HPOS="739"/>
							<String ID="string_190" HPOS="770" VPOS="1374" WIDTH="68" HEIGHT="28" WC="0.92" CONTENT="Dylik"/><SP WIDTH="16" VPOS="1374" HPOS="838"/>
							<String ID="string_191" HPOS="854" VPOS="1373" WIDTH="105" HEIGHT="22" WC="0.95" CONTENT="anmälan"/>
						</TextLine>
						<TextLine ID="line_36" HPOS="409" VPOS="1407" WIDTH="549" HEIGHT="30">
							<String ID="string_192" HPOS="409" VPOS="1410" WIDTH="43" HEIGHT="21" WC="0.93" CONTENT="kan"/><SP WIDTH="18" VPOS="1410" HPOS="452"/>
							<String ID="string_193" HPOS="470" VPOS="1410" WIDTH="88" HEIGHT="27" WC="0.91" CONTENT="jemväl,"/><SP WIDTH="24" VPOS="1410" HPOS="558"/>
							<String ID="string_194" HPOS="582" VPOS="1416" WIDTH="32" HEIGHT="15" WC="0.96" CONTENT="om"/><SP WIDTH="15" VPOS="1416" HPOS="614"/>
							<String ID="string_195" HPOS="629" VPOS="1409" WIDTH="42" HEIGHT="21" WC="0.93" CONTENT="den"/><SP WIDTH="16" VPOS="1409" HPOS="671"/>
							<String ID="string_196" HPOS="687" VPOS="1407" WIDTH="229" HEIGHT="29" WC="0.91" CONTENT="bevillningsskyldige"/><SP WIDTH="16" VPOS="1407" HPOS="916"/>
							<String ID="string_197" HPOS="932" VPOS="1407" WIDTH="26" HEIGHT="20" WC="0.96" CONTENT="så"/>
						</TextLine>
						<TextLine ID="line_37" HPOS="409" VPOS="1441" WIDTH="549" HEIGHT="31">
							<String ID="string_198" HPOS="409" VPOS="1444" WIDTH="87" HEIGHT="26" WC="0.96" CONTENT="önskar,"/><SP WIDTH="16" VPOS="1444" HPOS="496"/>
							<String ID="string_199" HPOS="512" VPOS="1444" WIDTH="36" HEIGHT="21" WC="0.96" CONTENT="ske"/><SP WIDTH="10" VPOS="1444" HPOS="548"/>
							<String ID="string_200" HPOS="558" VPOS="1451" WIDTH="75" HEIGHT="21" WC="0.96" CONTENT="genom"/><SP WIDTH="10" VPOS="1451" HPOS="633"/>
							<String ID="string_201" HPOS="643" VPOS="1443" WIDTH="106" HEIGHT="28" WC="0.96" CONTENT="skriftlig,"/><SP WIDTH="12" VPOS="1443" HPOS="749"/>
							<String ID="string_202" HPOS="761" VPOS="1441" WIDTH="145" HEIGHT="29" WC="0.93" CONTENT="egenhändigt"/><SP WIDTH="11" VPOS="1441" HPOS="906"/>
							<String ID="string_203" HPOS="917" VPOS="1447" WIDTH="41" HEIGHT="15" WC="0.93" CONTENT="un-"/>
						</TextLine>
					</TextBlock>
				</ComposedBlock>
			</PrintSpace>
		</Page>
	</Layout>
</alto>
