1020 1661
413 112 34 21 N:o
463 112 35 21 26.
788 111 11 20 7

79 179 96 27 länsting
197 180 46 21 icke
267 182 24 18 är
306 180 98 27 samladt,
420 180 87 26 pröfvas
527 180 75 21 skälen
621 180 72 21 derför
712 180 23 21 af
749 179 80 21 Guver-

80 216 73 20 nören.
184 214 83 21 Varder
290 214 120 27 afsägelsen
430 214 48 22 icke
492 215 97 27 bifallen,
606 215 123 21 ankommer
745 215 12 20 &
772 214 57 21 läns-

81 248 69 28 tinget
166 251 32 19 att
213 248 74 27 pröfva
303 249 36 21 det
354 249 103 27 uppgifna
472 249 94 28 hindret,
583 250 38 20 der
637 250 24 20 så
676 249 70 21 äskas.

152 283 74 22 Under
241 283 116 26 påstående
372 283 96 27 länsting
483 285 35 20 må
534 284 19 27 ej
570 283 169 26 länsfullmäktig
755 283 75 26 afsäga

81 318 34 27 sig
131 319 126 26 uppdraget,
280 320 51 19 utan
354 320 32 19 att
408 318 43 21 han
474 319 59 20 visar
554 319 77 20 sådant
649 318 82 27 hinder,
748 323 44 15 som
809 317 22 20 af

81 353 119 26 länstinget
215 352 131 27 godkännes.

426 381 11 27 8
455 382 33 21 19.

154 421 173 22 Valförrättaren
350 421 62 26 skall,
435 421 58 22 inom
509 421 80 28 fjorton
605 422 67 26 dagar
687 421 66 22 sedan
769 421 62 21 valen

83 456 122 27 försiggått,
216 456 33 21 till
259 455 138 22 Guvernören
407 456 92 21 insända
507 456 177 27 valprotokollen,
694 455 137 28 upptagande

84 491 25 20 de
126 497 114 20 personers
255 497 64 14 namn
335 491 38 20 och
389 491 134 27 boningsort,
540 497 45 15 som
600 491 71 20 blifvit
686 491 34 20 till
734 490 97 21 länsfull-

83 525 96 26 mäktige
195 525 39 20 och
250 525 137 26 suppleanter
406 525 98 22 utsedde.
538 525 43 22 Det
596 525 82 27 åligger
692 525 77 21 honom
785 525 46 27 ock,

85 560 32 19 att
132 559 57 20 inom
205 565 82 14 samma
301 559 39 27 tid,
355 560 53 20 utan
423 559 68 28 lösen,
507 559 46 21 låta
568 559 99 21 tillställa
682 559 53 21 hvar
751 559 38 21 och
805 565 27 14 en

84 593 172 27 länsfullmäktig
271 593 39 21 och
325 594 115 26 suppleant
455 594 79 26 utdrag
544 600 26 14 ur
578 594 170 27 valprotokollet,
759 594 7 20 i
776 593 56 21 hvad

85 628 37 20 det
138 628 41 20 den
194 634 41 14 ena
250 628 52 20 eller
317 628 67 20 andra
399 630 68 25 rörer,
488 628 100 27 gällande
607 628 60 22 detta
681 628 151 27 protokollsut-

85 662 54 26 drag
154 662 70 21 såsom
240 662 98 21 fullmakt
353 662 33 21 för
402 662 40 21 den
458 663 69 21 valde.

158 696 139 22 Guvernören
312 697 56 21 låter
383 697 7 21 i
406 697 59 21 länet
480 698 98 26 kungöra
593 697 72 21 valens
681 698 87 26 utgång.

430 760 11 27 $
457 761 35 20 20.

158 800 43 21 Vill
216 801 71 26 någon
302 799 75 22 anföra
392 799 79 22 besvär
487 800 59 21 öfver
556 800 63 27 valet,
631 807 50 20 eger
691 801 41 20 han
741 800 38 21 hos
790 800 44 21 val-

86 834 132 21 förrättaren
235 834 53 21 äska
303 834 99 26 behörigt
413 834 204 28 protokollsutdrag,
626 834 81 22 hvilket
716 836 72 20 senast
799 835 36 20 två

87 868 67 27 dagar
170 868 93 21 derefter
277 868 39 21 bör
327 868 121 27 klaganden
464 868 187 26 tillhandahållas;
667 869 39 21 och
722 868 55 22 skall
791 868 44 22 han

87 902 37 21 vid
145 902 71 22 talans
239 902 83 28 förlust,
345 902 57 22 inom
425 902 81 28 fjorton
524 903 73 27 dagar,
613 904 66 20 sedan
694 904 57 20 valet
765 903 72 21 blifvit

87 937 122 27 kungjordt,
225 937 81 27 ingifva
321 937 53 27 sina,
390 937 23 21 af
426 937 61 21 bevis
498 938 59 20 öfver
568 938 69 26 dagen
644 938 33 21 för
687 938 150 26 kungörandet

88 972 91 26 åtföljda
194 971 77 21 besvär
285 972 34 20 till
335 971 147 28 Guvernören,
498 978 52 21 som,
566 972 46 21 ifall
631 972 47 21 skäl
694 972 72 22 dertill
781 972 56 21 före-

88 1006 103 27 kommer,
215 1012 50 20 eger
287 1006 95 21 infordra
405 1006 175 22 vederbörandes
599 1007 118 27 förklaring
732 1006 105 28 deröfver,

87 1043 34 19 att
137 1040 57 22 inom
209 1040 44 22 viss
269 1041 49 21 kort
332 1040 32 22 tid
380 1040 99 28 afgifvas,
496 1041 39 21 och
548 1042 121 20 sedermera
684 1041 109 21 meddelar
804 1042 33 20 ut-

89 1075 48 27 slag
152 1076 7 20 i
174 1076 72 26 målet,
263 1078 73 19 senast
350 1076 79 27 fjorton
445 1076 69 27 dagar
534 1076 54 21 efter
604 1076 40 21 den
661 1076 46 27 dag,
724 1077 12 19 å
751 1076 87 21 hvilken

89 1109 59 21 tiden
164 1109 33 21 för
213 1109 129 28 förklarings
358 1110 124 27 afgifvande
493 1111 47 26 gått
551 1110 34 21 till
597 1110 62 21 ända.
683 1106 64 25 Öfver
757 1109 81 22 Guver-

89 1145 78 20 nörens
183 1144 72 27 utslag
271 1150 49 21 eger
335 1144 77 21 besvär
429 1144 18 27 ej
464 1151 57 14 rum.

434 1207 11 27 8
462 1209 34 20 21.

163 1247 78 27 Skiljes
257 1247 41 22 den
312 1247 63 21 valde
390 1247 48 21 från
454 1248 122 27 uppdraget
591 1247 23 22 af
627 1247 54 28 skäl,
692 1249 33 20 att
734 1247 43 21 han
785 1247 56 21 visat

90 1281 50 28 laga
162 1282 83 27 ursäkt,
270 1282 52 21 eller
347 1284 32 19 att
401 1282 42 21 han
464 1282 48 21 icke
532 1282 56 21 varit
606 1282 88 27 behörig
709 1284 32 19 att
756 1282 85 20 komma

91 1316 68 21 under
181 1316 139 27 omröstning,
345 1317 53 20 eller
417 1317 92 20 emedan
524 1317 193 27 röstberäkningen
731 1316 57 21 varit
803 1315 38 22 fel-

91 1350 67 28 aktig,
173 1350 56 22 låter
246 1350 138 22 Guvernören
400 1350 80 22 sådant
496 1351 7 21 i
514 1351 59 21 länet
583 1351 96 27 kungöra
694 1351 40 21 och
742 1350 100 27 inkallar,

90 1384 74 21 derest
179 1384 48 21 icke
242 1384 7 21 i
265 1384 52 27 följd
332 1384 23 21 af
368 1385 118 21 besvärens
502 1385 101 27 pröfning
621 1391 71 15 annan
707 1390 78 21 person
800 1384 43 21 för-

90 1418 84 21 klarats
190 1419 49 20 vald
254 1419 34 20 till
304 1419 180 27 länsfullmäktig,
501 1419 41 21 den
558 1419 55 22 efter
624 1419 113 21 röstetalet
747 1419 97 20 närmast
