1025 1664
224 112 27 20 26
431 111 23 22 U.
470 110 23 23 B.
511 123 25 4 —
554 111 65 29 Prop.
636 111 38 23 N:o
691 110 35 23 24.

196 176 77 22 Såsom
293 183 26 15 en
338 177 123 28 nödvändig
476 177 169 28 komplettering
660 177 76 22 härtill
750 177 55 22 höra
819 177 63 23 äfven
897 177 60 22 biba-

197 217 40 16 nor
252 211 33 22 till
301 211 107 28 städerna,
425 218 50 16 men
490 212 74 22 såsom
579 218 27 16 en
621 212 154 27 integrerande
791 211 35 23 del
843 212 61 23 deraf
917 212 40 22 har

195 246 111 22 utskottet
331 248 73 21 ansett
426 247 78 22 endast
527 247 93 22 bibanan
643 247 34 22 till
701 247 77 22 Gamla
800 247 94 28 Karleby
917 247 40 22 och

195 281 77 28 Yxpila
294 281 64 22 hamn
382 281 54 22 böra
457 282 120 27 betraktas,
599 282 92 22 emedan
711 282 71 22 denna
797 281 64 23 hamn
877 284 24 19 är
916 282 41 21 den

195 316 64 22 bästa
274 316 61 27 längs
352 316 49 22 hela
416 317 79 22 kusten
510 317 7 21 i
533 316 66 28 fråga.

265 351 34 21 Då
318 351 119 22 emellertid
452 351 153 22 hufvudbanan
621 352 80 21 endast
716 351 28 22 då
760 351 43 22 kan
818 351 96 22 medföra
929 350 28 23 all

197 385 41 22 den
260 387 62 26 nytta
344 392 46 15 som
410 386 89 22 dermed
518 385 57 23 afses
596 392 35 16 om
649 385 64 23 äfven
729 386 27 22 de
772 386 68 22 andra
855 385 102 22 städerna

195 419 112 23 förbindas
326 421 50 21 med
396 421 130 26 densamma,
547 421 40 21 har
602 421 111 22 utskottet
728 423 73 20 ansett
817 422 72 21 staten
904 421 53 21 böra

195 454 87 22 komma
303 455 115 22 städernas
440 455 93 22 initiativ
555 454 37 29 tilll
606 455 58 28 hjelp
684 455 34 22 för
733 454 187 29 åvägabringande
937 454 22 22 af

197 489 64 22 dessa
275 489 97 26 bibanor,
387 490 72 22 hvilka
473 490 48 22 icke
537 489 66 22 blifva
613 490 77 27 längre
701 492 27 20 än
740 497 26 15 en
777 490 53 22 eller
841 489 116 23 halfannan

196 523 43 27 mil,
255 529 35 16 om
306 524 25 22 de
347 523 58 23 föras
421 525 42 22 ned
478 525 33 21 till
525 524 124 23 hamnarna.

265 558 83 22 Härvid
370 561 24 20 är
416 561 33 20 att
471 559 75 22 märka
566 561 33 20 att
618 565 35 16 om
673 559 63 22 äfven
756 559 102 22 städerna
873 559 84 22 direkte

197 592 103 23 berördes
321 593 23 22 af
362 593 158 28 hufvudbanan,
536 594 91 22 bibanor
643 594 33 21 till
692 594 177 27 hamnplatserna
885 593 71 22 blefve

196 627 135 28 nödvändiga
347 628 40 22 och
403 634 50 17 vore
470 628 27 22 då
512 635 27 15 en
553 628 137 28 förlängning
700 629 24 22 af
733 629 110 22 desamma
852 629 50 22 med
912 629 45 21 vid-

197 667 51 22 pass
269 668 27 15 en
315 662 37 22 mil
367 662 23 22 af
400 663 157 27 jemförelsevis
573 663 85 22 mindre
673 663 120 28 betydelse.
823 663 76 22 Denna
914 663 43 22 för-

197 696 103 28 längning
314 697 42 22 blir
371 698 47 21 åter
433 697 50 22 fullt
497 697 126 27 motiverad,
641 698 27 21 då
683 697 165 23 hufvudbanans
864 698 93 21 intresse

198 731 124 28 derigenom
338 732 7 21 i
361 733 25 21 så
400 732 44 28 hög
459 733 54 27 grad
528 732 123 29 befrämjas.

265 766 36 21 Då
315 767 50 27 inga
381 766 252 29 detaljundersökningar
648 767 33 22 för
697 767 41 22 den
752 766 23 23 af
784 767 109 22 utskottet
902 767 55 22 före-

198 801 75 27 slagna
295 801 152 28 sträckningen
467 801 75 28 finnas,
565 805 24 19 är
609 802 37 22 det
665 801 68 23 redan
749 801 85 22 derföre
849 801 109 28 sjelffallet

198 837 33 19 att
245 835 110 23 utskottet
369 837 70 21 måste
454 836 87 23 förorda
556 838 33 21 att
604 837 134 27 regeringen,
754 836 34 22 för
803 836 41 22 den
856 836 101 22 händelse

199 871 32 20 att
253 870 82 22 banans
358 871 115 27 byggande
495 871 70 22 skulle
588 871 106 26 beslutas,
716 871 34 21 får
771 870 66 23 frihet
857 872 33 21 att
909 872 49 20 när-

197 911 60 15 mare
276 904 66 23 fixera
362 906 50 21 dess
432 906 55 27 läge,
504 906 59 21 såväl
578 906 49 22 med
643 905 104 23 afseende
763 905 12 22 å
791 905 167 28 terrängförhäl-

197 939 93 22 landena
311 940 7 21 i
341 940 65 27 öfrigt
427 947 46 15 som
496 940 62 23 äfven
581 940 136 23 beträffande
738 939 144 28 öfvergången
899 939 60 22 öfver

199 973 100 23 elfvarna.
329 975 10 21 I
362 975 103 22 afseende
485 975 13 22 å
517 975 236 28 hufvudsträckningen
768 975 63 22 torde
846 975 55 22 dock
917 975 41 21 den

198 1008 22 21 af
241 1009 109 22 utskottet
367 1009 115 22 förordade
500 1010 95 27 riktning
613 1016 52 15 vara
680 1009 26 22 så
720 1009 78 28 tydligt
813 1009 98 28 angifven
926 1010 33 20 att

197 1043 70 27 någon
285 1043 78 22 tvekan
378 1044 36 21 vid
430 1045 49 21 dess
495 1044 134 28 tillämpning
645 1044 19 27 ej
681 1043 69 22 borde
765 1043 86 28 uppstå.

265 1077 140 23 Beträffande
425 1081 34 20 6:0
475 1079 128 22 nordvestra
618 1079 140 22 stambanans
773 1077 138 28 fortsättning
926 1077 33 22 till

197 1112 86 22 Torneå
296 1112 47 22 från
359 1113 116 28 Uleåborg,
489 1116 24 19 är
524 1114 50 21 dess
585 1113 127 27 sträckning
722 1113 62 26 längs
795 1113 77 21 kusten
884 1113 24 22 så
919 1112 40 28 gif-

197 1153 47 20 ven,
261 1149 33 20 att
309 1147 77 22 endast
401 1148 252 27 detaljundersökningar
668 1147 74 22 kunna
756 1147 75 28 läggas
846 1147 32 22 till
889 1147 70 27 grund

197 1181 33 22 för
244 1182 165 22 bestämmande
424 1182 23 22 af
461 1183 50 21 dess
527 1182 110 22 definitiva
652 1182 56 27 läge.

265 1216 140 23 Beträffande
428 1217 102 27 slutligen
553 1219 34 20 7:0
609 1216 283 27 sammanbindningsbanan
912 1216 47 22 från

197 1251 71 27 någon
283 1251 69 27 punkt
367 1251 23 22 af
403 1251 66 22 Wasa
483 1252 83 21 banans
580 1251 79 28 ostliga
670 1251 126 26 sträckning
811 1250 59 22 öfver
883 1251 76 27 Jyväs-

197 1285 51 27 kylä
270 1285 33 22 till
324 1285 89 28 lämplig
434 1286 70 27 punkt
523 1287 28 26 på
570 1286 112 22 mellersta
697 1285 134 26 stambanan,
848 1291 63 15 anser
926 1284 34 27 sig

197 1320 110 22 utskottet
323 1320 49 23 icke
389 1321 54 22 böra
458 1321 79 30 afgifva
551 1320 81 28 förslag
647 1327 36 16 om
699 1321 51 21 dess
765 1322 99 19 närmare
875 1319 84 22 sträck-

198 1354 57 28 ning,
267 1355 28 22 då
305 1354 76 28 frågan
392 1361 34 16 om
437 1356 124 22 densamma
571 1356 33 21 till
614 1355 125 27 väsendtlig
749 1354 35 22 del
793 1357 56 19 ännu
857 1356 24 19 är
889 1355 71 26 öppen

198 1389 40 22 och
258 1389 62 22 äfven
339 1390 40 21 här
394 1391 78 22 endast
485 1397 127 21 noggranna
626 1389 247 27 lokalundersökningar
888 1388 73 21 kunna

197 1423 51 23 fälla
270 1425 102 27 utslaget.
402 1425 115 22 Utskottet
539 1425 36 22 vill
598 1425 79 22 endast
699 1424 87 28 påpeka
809 1425 33 20 att
859 1422 101 28 möjligen

266 1465 192 22 Jernvägsutskottets
472 1465 117 18 betänkande
601 1465 36 18 N:o
652 1466 15 16 1.
