1020 1667
217 110 26 20 56
518 110 34 22 N:o
568 110 36 23 25.

532 179 11 27 8
560 180 32 20 65.

262 220 17 18 1.
311 219 47 21 Alla
379 219 6 20 i
406 220 68 20 denna
493 219 125 27 förordning
637 220 128 21 omnämnda
780 220 41 20 mä!
838 219 60 21 skola
914 219 25 21 af

187 253 161 21 vederbörande
364 254 118 21 domstolar
498 254 38 21 och
552 255 147 26 myndigheter
719 254 47 21 med
783 254 153 27 skyndsamhet

188 287 39 21 och
245 287 52 21 drift
312 288 123 21 behandlas.

261 323 18 20 2.
310 322 38 26 De,
372 329 44 14 som
441 323 6 20 i
472 323 62 21 dessa
554 323 41 21 mäl
612 330 62 14 anses
690 322 98 21 förfallne
804 323 32 20 till
853 328 83 19 ansvar,

190 356 61 21 skola
267 356 18 27 ej
302 357 92 20 allenast
409 357 54 21 efter
484 357 79 27 skäligt
579 358 144 26 bepröfvande
739 359 81 19 ersätta
836 357 101 25 äklagare

190 391 39 20 och
245 391 81 20 vittnen
344 391 61 21 deras
421 392 6 20 i
443 392 66 20 saken
525 392 89 26 äbragte
630 392 123 24 kostnader,
769 393 51 19 utan
836 391 45 26 ock,
898 392 39 19 när

190 425 101 21 domaren
308 426 34 20 det
359 426 70 26 äskar,
445 427 71 20 utlösa
531 427 42 20 alla
588 427 32 20 till
636 427 65 20 mälet
717 426 102 21 hörande.
830 425 108 28 protokoll

190 460 39 21 och
245 460 77 27 utslag.

533 490 11 27 8
560 491 33 20 66.

263 528 103 22 Senatens
385 529 266 28 Ekonomiedepartement
669 532 24 19 är
713 529 122 21 förbehällit
851 531 37 24 att,
906 530 31 21 till

189 563 175 22 förekommande
379 564 23 20 af
416 563 71 28 olotlig
503 565 126 26 försäljning
645 565 38 20 och
700 564 89 26 forsling
806 564 22 21 af
842 565 96 23 bränvin,

190 598 87 26 vidtaga
293 598 25 21 de
335 599 72 20 vidare
423 599 145 26 förfoganden,
585 599 212 26 omständigheterna
812 599 72 20 kunna
895 599 42 26 pä.-

190 632 65 21 kalla.

534 662 11 27 8
562 663 33 20 67.

265 703 16 19 1.
312 701 76 22 Denna
403 702 123 27 förordning
543 703 73 20 länder
632 703 31 20 till
681 702 151 21 efterröttelse.
843 703 45 20 frän
900 702 39 21 och

190 735 47 21 med
255 736 39 20 den
314 737 7 20 1
338 737 84 26 januari
445 737 59 25 1884,
525 737 27 20 dä
581 737 42 20 alla
642 737 138 20 härförinnan
798 737 5 20 i
820 739 71 18 ämnet
907 738 33 19 ut-

190 769 79 22 komna
285 770 151 27 författningar
451 771 97 26 upphöra
562 773 32 19 att
610 777 51 15 vara
676 771 104 26 gällande.

263 806 19 19 2.
313 805 66 20 Innan
396 805 39 21 den
454 807 8 18 1
477 806 85 26 januari
584 807 53 19 1884
656 811 38 20 ege
711 805 53 21 dock
781 805 159 21 vederbörande

191 839 154 26 myndigheter,
362 840 46 20 med
424 840 134 26 tillämpning
569 840 22 21 af
600 841 110 20 allmänna
720 840 121 25 grunderna
851 840 6 20 i
871 839 70 21 denna

191 872 134 27 författning,
342 874 5 20 i
365 873 89 27 behörig
469 874 30 20 tid
511 874 86 26 vidtaga
609 875 42 20 alla
662 875 26 20 de
699 874 102 24 ätgärder
812 874 38 21 och
861 874 78 25 beslut,

192 913 46 15 som
255 907 114 26 erfordras,
386 908 32 21 för
433 910 33 19 att
481 908 46 21 frän
543 908 146 21 förstnämnde
701 908 41 27 dag
754 909 75 26 bringa
841 909 99 25 stadgan-

192 941 55 22 dena
263 942 45 21 häri
324 949 34 14 om
374 942 126 27 försäljning
515 942 23 21 af
552 943 88 20 bränvin
657 943 38 20 och
712 943 66 20 andra
794 943 147 26 spritdrycker

192 976 32 21 till
242 976 167 27 verkställighet.
