1025 1664
246 134 12 19 8
426 133 29 26 UV:
469 133 67 26 B.—
550 133 74 28 Prop.
640 133 43 26 N:o
699 132 39 22 21.

215 195 108 25 husbehof
344 196 123 21 tillverkadt
489 196 20 21 öl-
532 196 46 20 och.
592 191 133 36 svagdricka.
742 195 66 24 kunna
824 195 44 20 från
880 195 81 20 bevill-

216 230 51 27 ning
287 230 140 27 undantagas,
443 230 40 21 och
498 230 136 27 följaktligen
654 229 135 28 svagdricka,
805 229 157 24 ästadkommet

214 269 80 22 genom
308 264 126 27 hembrygd,
449 265 7 19 i
470 264 102 22 händelse
588 264 120 23 detsamma
722 263 69 21 hölles
806 263 32 20 till
849 263 52 26 salu,
910 269 51 16 vara

215 298 158 23 underkastadt.
384 298 267 27 tillverkningsbevillning
666 297 55 21 efter
736 297 42 23 den
796 298 7 19 i
820 299 11 22 $
849 298 7 19 1
874 297 84 26 stadga-

216 332 27 20 de
258 332 86 27 grund...
359 332 169 23 :D&:emellertid
544 332 121 22 kontrollen
681 331 24 21 af
719 331 41 20 den
775 331 134 26 hembrygda
922 337 36 14 va-

216 373 38 13 ran
270 365 108 28 sjelffallet
393 367 68 23 måste
477 373 51 16 vara
543 366 90 22 förenad
650 365 46 23 med
712 366 125 26 synnerliga
851 365 107 26 svärighe-

217 402 39 23 ter,
271 403 55 18 samt
340 401 71 26 någon
426 400 116 21 nämnvärd
556 401 96 22 inkomst
667 400 33 20 för
715 400 130 20 statsverket
855 399 49 20 icke
914 399 43 20 hel-

218 434 32 21 ler
266 434 184 22 är.att.förvänta
465 435 23 20 af
501 435 42 20 den
555 434 134 27 hembrygda
699 434 106 27 dryckens
816 433 147 25 beskattande,

216 468 39 26 har
269 468 96 28 flertalet.
377 468 24 20 af
411 469 123 21 Utskottets:
551 469 139 20 medlemmar
706 470 53 18 trott
773 468 33 26 sig
818 467 52 21 böra
880 467 78 21 föreslå

218 505 33 18 att
264 502 135 27 svagdrieka,
414 509 34 16 om
464 503 118 21 detsamma
596 503 49 20 icke
660 502 112 21 tillverkas
779 501 177 26 fabriksmässigt,

218 537 76 25 skulle;
316 537 63 21 äfven
403 543 34 15 om
452 537 86 20 handel.
544 537 84 20 dermed
648 536 63 26 afses,
727 535 48 21 från
789 535 116 26 bevillning
921 535 35 20 fri-

218 573 76 24 tagas.
316 571 77 21 Härtill
415 577 62 15 anser.
497 571 32 27 sig
535 571 119 27 Utskottet
668 570 66 21 hafva
749 570 24 20 sä
789 570 86 26 mycket
890 571 67 18 större

218 604 55 27 skäl,
298 611 45 13 som
369 608 75 23 genom
470 604 147 27 svagdriekats
634 604 140 20 beskattande
794 604 70 20 denna
883 602 74 27 dryck,

219 638 87 21 hvilken
322 640 31 19 uti
368 639 41 20 den
424 639 116 20 arbetände
555 639 96 20 klassene
667 638 41 20 och
722 638 146 26 synnerligast
877 637 26 20 de
913 636 48 21 icke

219 672 84 21 bofaste
319 673 124 20 arbetarnes
457 673 134 26 hushållning.
606 673 85 26 intager
706 674 31 18 ett
753 672 76 26 vigtigt
844 678 46 14 rum
905 673 54 17 samt

219 707 28 26 på
263 707 77 27 många
355 706 55 21 tider
425 706 40 21 och
481 709 56 17 orter:
552 708 62 25 utgör
630 706 55 20 enda
701 706 68 21 sofvel
781 706 31 19 till
823 705 40 20 den
875 705 84 26 tarfliga

219 741 84 25 kosten,
318 740 71 21 blefve
405 740 61 28 gjord
481 740 118 27 oåtkomlig
614 740 53 20 eller
682 740 129 20 åtminstone
820 739 140 21 öfverhöfvan

218 774 109 27 fördyrad,
343 777 56 18 samt
413 781 26 14 en
455 775 79 27 mängd
550 781 104 21 personer
669 774 110 26 fräntagas
795 776 32 18 ett
841 774 64 19 hittill
921 773 37 20 all-

220 811 58 17 mänt
303 808 91 20 anlitadt
415 809 40 20 och
478 809 106 26 oskadligt
602 808 70 21 medel
689 808 32 20 till
736 808 183 26 sjelfförsörjning.
950 806 9 20 I

220 842 221 20 öfverensstämmelse
457 842 48 20 med
520 842 95 27 antydda
630 842 137 26 uppfattning
782 844 24 17 är
821 842 6 18 i
843 848 63 13 mom.
924 841 8 19 1
950 842 10 22 $

220 876 12 20 3
258 876 117 27 föreslaget
397 879 32 17 ett
450 877 118 27 stadgande
588 879 32 17 att
635 876 47 20 från
698 876 117 26 bevillning
830 875 132 26 undantages

219 910 120 27 hembrygd
364 911 126 26 maltdryek,
514 911 69 20 ehvad
604 910 125 21 densamma
743 912 25 17 är
783 910 31 20 till
830 910 125 26 försäljning

220 944 126 27 medgifven
365 945 52 20 eller
431 945 56 20 icke.
515 945 30 20 Pä
560 944 67 27 grund
642 944 65 20 häraf
719 944 68 20 skulle
803 944 83 20 säledes
902 944 58 19 skat-

219 981 37 17 ten
271 979 87 26 gvarstä
373 979 75 20 endast
463 979 33 20 för
510 979 36 20 det
562 978 172 26 fabriksmässigt
748 978 95 21 beredda
852 978 107 26 svagdric-

220 1012 45 26 kat,
287 1019 51 14 vare
361 1013 32 27 sig
413 1015 32 18 att
459 1013 59 20 detta
532 1013 121 20 tillverkats
668 1014 84 19 ensamt
767 1012 33 20 för
815 1012 32 26 sig
862 1012 53 20 eller
929 1018 32 13 er-

218 1047 74 20 hällits
307 1048 70 20 säsom
393 1048 114 26 biprodukt
522 1047 36 20 vid
572 1047 127 26 ölbrygden.
716 1057 24 4 —
757 1046 102 20 Häremot
874 1046 38 20 har
927 1052 36 14 an-

220 1081 82 20 märkts
321 1084 31 17 att
367 1081 59 20 detta
441 1081 101 20 innebure
558 1087 25 14 en
599 1081 112 25 orättvisa,
726 1080 75 20 sävida
815 1080 146 26 hembrygden

220 1114 52 20 eller
295 1115 40 20 den
357 1115 46 19 lillä
424 1115 103 20 industrin
539 1114 127 27 derigenom
684 1114 70 20 blefve
769 1114 86 26 gynnad
871 1113 88 21 framför

220 1148 255 27 fabrikstillverkningen,
489 1149 118 26 hvarjemte
622 1150 32 18 ett
668 1148 71 26 dylikt
754 1147 117 27 stadgande
881 1148 80 20 lemna-

220 1183 27 20 de
262 1190 45 13 rum
323 1182 34 20 för
372 1182 104 21 missbruk
491 1182 33 20 vid
540 1182 127 27 försäljning
683 1182 24 20 af
720 1182 151 26 maltdrycker.
891 1182 33 26 Ty
934 1181 28 20 dä

220 1223 25 13 en
262 1216 98 21 bestämd
374 1220 64 23 gräns
452 1216 90 23 emellan
558 1216 20 20 öl
588 1216 42 21 och
638 1216 130 26 svagdricka
775 1216 107 26 svärligen
890 1216 70 20 kunde

220 1251 128 27 uppdragas,
367 1250 68 21 skulle
449 1250 145 27 hembrygden
610 1250 91 26 öfvergä
716 1250 33 20 till
763 1250 160 26 producerande
939 1249 24 20 af

220 1285 21 20 öl
265 1285 53 20 eller
333 1284 67 20 andra
414 1284 90 21 rusande
519 1284 99 27 drycker,
634 1291 44 13 som
696 1284 122 20 sedermera
832 1284 85 20 komme
932 1285 32 18 att

216 1318 82 27 jemväl:
314 1318 117 21 skattefritt
446 1318 259 27 försäljas-under.
647 1313 66 36 namn.
721 1317 24 21 af
757 1317 128 27 hembrygdt
899 1323 62 20 svag-

220 1352 82 20 dricka.
332 1352 73 20 Under
424 1352 73 26 lagens
516 1352 129 20 täckmantel
661 1351 70 21 skulle
745 1351 84 20 säledes
844 1351 77 26 uppstå
936 1357 26 14 en

220 1386 85 26 handel,
320 1386 86 20 :hvartill
421 1387 6 19 i
443 1386 75 27 sjelfva
529 1386 75 20 verket
613 1386 67 26 något
690 1385 149 26 berättigande
849 1385 49 20 icke
907 1385 54 20 före-

209 1433 3 2 +
220 1420 76 20 funnes
319 1420 41 20 och
382 1420 137 27 hvarigenom
535 1421 26 19 de
576 1420 33 21 till
625 1420 66 20 sådan
707 1419 77 21 handel
800 1419 111 26 verkligen
925 1419 36 20 be-

220 1454 107 27 rättigade
342 1454 49 20 lede
406 1454 112 27 obehörigt
533 1454 85 27 inträng
633 1454 6 19 i
656 1454 32 20 sin
704 1454 83 25 näring.

290 1491 198 24 Bevillningsutskottets
500 1493 106 17 betänkande
617 1493 36 17 N:o
666 1493 16 16 3.
