1031 1659
304 122 24 24 U.
342 121 23 23 B.
381 133 30 6 —
427 121 62 29 Prop.
506 121 38 23 N:o
560 121 39 24 30.
792 122 12 21 3

68 178 68 23 sädan
150 178 123 28 förslappad
289 178 134 28 tillämpning
437 179 50 22 med
501 178 60 23 tiden
576 178 68 22 skulle
659 178 45 23 helt
727 179 39 22 och
788 179 46 22 häl-

68 213 30 23 let
113 213 140 27 tillintetgöra
275 213 156 22 hundskattens
453 213 136 22 verksamhet
611 213 70 22 såsom
704 220 26 15 en
752 213 81 23 sanitär

66 248 142 27 polisätgärd,
233 248 40 22 och
289 248 36 22 det
347 254 62 21 synes
432 247 89 27 således,
545 247 48 22 från
615 254 80 16 samma
718 248 112 27 synpunkt,

68 288 46 16 som
129 281 107 22 föranledt
250 281 97 22 skattens
363 281 118 28 införande,
497 288 30 15 nu
541 288 52 15 vara
608 281 176 28 ändamälsenligt
798 283 33 20 att

68 316 117 22 tillsvidare
199 315 86 22 inställa
301 316 47 22 dess
363 315 141 28 tillämpning,
521 315 32 22 för
568 317 33 20 att
615 315 119 28 framdeles,
750 316 28 22 dä
788 322 46 15 om-

68 350 174 27 ständigheterna
261 350 72 22 kunna
355 350 77 22 sädant
454 350 93 27 päkalla,
569 350 45 22 läta
637 351 122 21 densamma
782 350 49 22 med

70 384 89 29 förnyad
174 385 109 21 intensitet
298 385 63 22 träda
376 385 7 21 i
398 385 99 27 gällande
512 384 63 22 kraft.

140 425 112 22 Utskottet
267 425 32 22 fär
315 425 83 22 derföre
414 425 110 22 vördsamt
538 425 84 26 föreslä,

278 491 33 19 att
333 489 85 21 landets
441 489 119 28 höglofliga
577 489 95 21 Ständer
691 489 66 20 måtte
778 489 52 27 god-

212 524 73 21 känna
301 524 40 21 den
356 524 83 27 nädiga
452 524 171 27 propositionen.

140 587 10 21 I
166 587 98 22 ärendets
279 587 128 27 behandling
422 587 63 22 hafva
501 587 88 28 deltagit
610 586 141 23 ordföranden
768 586 22 22 C.
806 586 24 21 F.

70 621 72 27 Munk,
171 621 146 22 ledamöterne
339 621 34 28 N.*
389 621 24 22 O.
439 621 164 27 Nordenskiöld,
626 621 26 22 E.
674 621 22 22 af
717 621 113 26 Forselles,

70 656 24 21 0.
111 656 28 21 M.
156 655 133 28 Nordström,
305 656 24 21 A.
347 656 24 21 E.
389 655 102 28 Granfelt,
508 656 24 21 G.
549 655 114 28 Dahlberg,
680 655 24 22 G.
720 655 24 22 R.
761 655 69 27 Böök,

69 691 24 21 E.
110 690 118 27 Molander,
244 691 23 22 E.
280 691 23 21 F.
315 690 112 27 Andersin,
443 691 24 21 R.
480 691 24 21 A.
516 690 139 27 Hasselblatt,
671 690 25 21 K.
709 689 121 27 Lindholm,

69 725 23 21 F.
109 724 33 22 W.
158 725 127 26 Lagerstedt
301 725 39 22 och
355 725 24 21 E.
396 725 102 22 Duncker
520 726 55 20 samt
591 725 162 28 suppleanterne
768 724 26 21 H.
811 730 19 15 v.

70 759 103 27 Ovanten,
190 759 24 22 G.
230 759 117 28 Pellonpää
362 759 39 22 och
417 759 18 22 J.
453 759 134 28 Hyytiäinen.

140 805 133 28 Helsingfors
290 805 40 22 den
346 806 26 21 27
389 805 60 28 April
466 806 62 21 1882.

134 1487 193 18 Ekonomiutskottets
340 1488 115 18 betänkande
469 1488 38 17 N:o
523 1488 18 16 4.
