1025 1661
307 110 25 23 U.
347 110 24 23 B.
387 121 28 4 —
429 110 68 29 Prop.
512 109 38 23 N:o
565 109 36 22 24.
791 112 12 19 7

74 176 137 28 omnejderna
230 176 7 21 i
256 175 119 23 allmänhet
390 176 49 22 icke
454 175 100 22 sträcker
568 176 33 27 sig
616 175 75 28 längre
707 178 27 19 än
749 178 33 20 tre
797 176 36 22 mil

73 210 29 28 på
120 210 106 23 hvardera
241 211 62 22 sidan
318 210 24 22 af
354 211 79 26 banan,
450 210 39 22 der
505 211 19 27 ej
540 210 72 27 någon
626 210 132 22 allmännare
773 211 60 21 kom-

74 245 180 23 munikationsled
273 245 33 21 till
324 245 64 22 lands
409 245 54 22 eller
483 245 45 27 sjös
548 244 66 23 tillför
630 245 125 22 densamma
769 244 64 23 trafik

73 279 47 22 från
135 286 46 16 mer
195 280 97 27 aflägsna
307 280 75 21 städer
397 279 41 22 och
453 279 69 22 andra
538 279 163 22 centralorter”.

142 315 34 21 Då
190 314 108 22 utskottet
312 314 57 27 tagit
384 314 65 22 dessa
464 313 72 23 siffror
551 314 40 22 och
608 314 37 22 det
660 314 98 27 resultat,
769 313 63 23 hvar-

74 348 32 22 till
121 349 167 22 kommissionen
302 348 91 22 kommit
407 348 70 22 under
493 348 163 28 öfvervägande,
671 348 40 23 har
720 349 113 23 Utskottet

75 385 88 20 stannat
177 384 35 22 vid
228 384 41 21 den
285 382 144 29 öfvertygelse
445 385 39 26 att,
502 383 68 22 ehuru
586 383 26 22 de
626 382 59 23 förra
696 383 102 28 framgått
807 389 27 16 ur

75 425 27 15 en
115 418 155 28 jemförelsevis
286 418 50 22 kort
351 418 126 27 tidsperiod,
494 419 110 21 desamma
620 418 56 22 dock
686 418 57 27 gifva
753 425 27 16 en
790 418 43 22 till-

74 452 88 28 förlitlig
177 453 45 22 bild
237 452 23 23 af
274 453 27 22 de
316 453 71 22 skilda
397 459 106 16 zonernas
517 453 112 28 betydelse
639 452 34 23 för
682 453 99 27 trafiken,
793 452 40 23 och

75 489 33 20 att
132 488 27 21 de
184 489 38 20 äro
250 487 82 28 ganska
357 487 140 22 användbara
522 488 71 21 såsom
617 487 104 22 relations
744 487 31 22 tal
799 487 34 22 vid

72 521 144 28 jemförandet
226 521 23 22 af
257 522 57 22 olika
323 522 203 27 bansträckningar.
556 522 80 22 Likaså
646 528 64 16 anser
725 522 108 22 utskottet

74 557 33 20 att
128 556 166 22 kommissionen
317 556 58 28 gjort
393 558 33 20 ett
445 556 54 28 godt
513 556 41 27 val,
572 556 27 22 då
613 551 220 27 Åbo—Tammerfors

74 590 162 22 —Tavastehus
251 591 71 21 banan
337 591 56 22 valts
409 591 32 21 till
456 591 199 27 observationsfält,
672 593 23 26 ty
711 591 36 22 vid
763 590 70 22 denna

75 624 56 22 bana
144 625 132 22 förekomma
292 626 122 27 säkerligen
429 626 85 22 sådana
528 626 72 22 lokala
614 626 156 26 förhållanden,
786 631 47 16 som

75 660 101 22 störande
191 660 89 22 inverka
294 660 29 28 på
338 660 173 22 slutresultatets
527 660 111 28 riktighet,
654 660 32 22 till
701 660 84 22 mindre
795 666 38 15 an-

74 694 31 22 tal
127 696 27 20 än
178 695 60 21 detta
259 695 56 22 hade
338 695 56 22 varit
411 695 62 22 fallet
494 696 129 27 exempelvis
639 696 35 21 vid
689 694 144 23 Riihimäki—

74 728 74 23 Lahtis
165 730 39 21 och
221 730 250 27 Wiborg—Petersburg
485 730 111 22 bandelar.
626 730 115 22 Utskottet
755 730 39 21 har
808 729 25 21 så

74 764 86 27 mycket
174 764 68 22 hellre
257 766 73 20 ansett
345 765 26 21 de
387 764 98 22 erhållna
500 764 176 22 koefficienterna
690 770 52 16 vara
756 763 76 22 tillför-

73 797 75 28 litliga,
165 804 45 16 som
226 798 111 22 desamma
347 799 126 27 tillämpade
483 799 30 27 på
523 799 107 22 bandelen
640 798 193 26 Lahtis-Wiborg

73 831 71 23 lemna
161 834 33 20 ett
208 833 98 27 resultat,
322 840 47 15 som
383 833 34 23 för
432 833 24 22 år
473 836 56 20 1878
544 833 50 23 med
610 835 25 20 17
652 834 27 26 9/,
694 832 139 28 understiger

75 866 36 22 det
132 867 8 21 i
162 868 147 27 verkligheten
330 868 97 22 försålda
449 868 85 22 antalet
556 868 94 28 biljetter
672 870 57 20 samt
752 867 33 22 för
809 867 24 21 år

75 903 55 20 1880
144 902 49 22 med
208 903 77 21 endast
300 905 12 19 8
329 904 26 25 %
372 903 139 27 understiger
526 904 37 21 det
577 903 96 27 verkliga
682 902 150 23 förhållandet.

142 936 10 22 I
162 936 101 23 afseende
274 937 13 21 ä
297 937 148 27 godstrafiken
455 938 42 22 har
507 938 167 22 kommissionen
684 938 71 22 funnit
764 938 68 26 lämp-

74 970 39 28 ligt
127 970 83 23 fördela
224 972 38 21 allt
277 972 54 27 gods
346 972 8 21 i
369 972 46 28 fyra
429 972 133 28 kategorier,
578 972 115 28 nemligen:

144 1007 39 20 1:0.
206 1006 106 22 Trävaror
326 1006 41 22 och
383 1006 195 28 skogsprodukter,

142 1041 40 21 2:0.
205 1040 91 23 Fabriks
319 1041 40 22 och
382 1042 68 21 andra
472 1042 131 22 industriela
624 1042 156 29 inrättningars
800 1040 33 22 af-

74 1074 68 22 sända
156 1075 118 27 produkter
289 1076 52 22 eller
356 1078 127 25 emottagna
498 1076 162 27 rämaterialier,
672 1076 111 22 äfvensom
793 1076 40 21 mi-

73 1108 141 23 litäreffekter
228 1109 40 22 och
284 1111 147 26 transitogods
446 1110 50 22 frän
510 1111 78 27 Hangö
604 1111 32 21 till
652 1110 33 23 S:t
693 1111 139 26 Petersburg,

142 1145 41 20 3:0.
205 1144 74 27 Tegel,
296 1146 49 21 sten
360 1145 41 22 och
417 1145 62 27 sand,
496 1147 56 20 samt

141 1179 42 20 4:0.
205 1178 46 22 Allt
266 1178 64 28 öfrigt
345 1179 60 28 gods.

141 1211 43 22 För
203 1219 27 15 en
244 1215 100 20 närmare
359 1213 164 29 undersökning
538 1214 22 22 af
572 1213 145 23 förhällandet
729 1213 57 22 huru
796 1219 37 16 va-

73 1252 63 16 rorna
158 1247 78 22 samlas
252 1247 32 22 till
297 1248 145 27 jernvägarna
457 1249 44 22 och
515 1250 159 26 transporteras
689 1249 14 21 å
716 1249 116 25 desamma,

72 1281 40 22 har
133 1281 167 23 kommissionen
320 1283 127 27 genomgätt
467 1283 195 28 godsjournalerna
676 1283 33 23 för
727 1284 54 21 1878
796 1282 38 22 vid

74 1316 98 27 samtliga
187 1317 105 22 stationer
302 1318 13 21 &
326 1318 200 27 statsjernvägarne
540 1321 56 19 samt
607 1318 104 28 derjemte
722 1318 13 21 &
745 1317 89 22 mellan-

74 1350 133 23 stationerna
216 1351 36 22 vid
262 1346 493 35 Äbo—Tammerfors—Tavastehufjernväg,
761 1352 73 22 äfven-

73 1391 47 15 som
144 1385 36 22 vid
204 1385 107 22 bandelen
334 1387 197 26 Wiborg—Lahtis
554 1387 117 22 antecknat
692 1386 48 23 frän
761 1386 74 22 hvilka

72 1419 53 27 byar
140 1420 78 26 godset
233 1420 89 22 anländt
337 1420 33 21 till
382 1421 128 28 jernvägen.
540 1421 125 22 Resultatet
680 1421 23 22 af
716 1421 65 22 dessa
796 1427 39 16 un-

142 1458 190 23 Jernvägsutskottets
344 1459 119 18 betänkande
476 1461 37 18 N:o
525 1461 17 18 1.
