1025 1661
260 121 24 22 U.
300 121 23 22 B.
339 133 28 3 —
384 121 65 28 Prop.
465 121 39 22 N:o
520 119 34 23 24.
760 123 25 22 21

53 187 167 22 kommissionen
240 186 91 23 anförda
351 187 76 22 skälen
447 185 34 23 för
501 186 155 28 sträckningen
674 187 141 28 Haukivuori,

54 221 131 28 Suonenjoki
201 222 41 21 den
257 221 112 28 betydelse
385 223 33 20 att
434 221 27 22 de
476 221 70 22 skulle
561 221 75 22 kunna
651 223 71 20 sättas
732 221 7 22 i
747 221 69 28 jemn-

54 255 67 22 bredd
137 256 40 22 och
194 258 56 19 ännu
266 255 83 22 mindre
365 255 60 22 öfver
441 255 27 22 de
485 262 46 15 som
547 256 45 21 tala
603 255 33 22 för
644 256 131 27 jernvägens
785 256 31 21 le-

54 290 70 22 dande
143 290 48 22 frän
212 290 33 22 S:t
264 290 79 22 Michel
363 296 79 20 genom
456 290 92 26 Jokkas,
564 290 80 26 Jorois,
661 290 98 22 Varkaus
775 289 42 23 och

43 324 142 28 Leppävirta
199 324 33 22 till
247 324 92 28 Kuopio.
367 325 78 21 Denna
460 325 121 27 stäckning,
597 324 88 22 hvilken
700 327 25 19 är
739 324 79 22 endast

55 362 14 18 4
83 361 59 20 verst
156 359 76 28 längre
247 361 27 19 än
290 360 41 20 den
347 358 64 28 förra,
427 359 62 28 löper
504 359 107 28 nemligen
621 364 79 23 genom
711 358 106 29 betydligt

54 400 58 16 mera
127 393 115 24 befolkade
258 394 41 21 och
314 394 135 22 kultiverade
459 394 86 22 trakter
555 394 41 22 och
607 394 64 22 berör
680 393 137 23 industriella

55 429 143 27 inrättningar
214 428 22 22 af
250 428 129 28 ojemförligt
395 429 71 21 större
481 429 113 28 betydelse
610 431 27 19 än
653 429 41 22 den
710 429 67 21 andra
791 428 26 21 li-

55 463 55 22 nien.
140 463 47 22 Den
206 463 106 28 uppfyller
327 463 7 22 i
349 463 50 22 vida
418 463 69 28 högre
509 463 53 28 grad
584 463 26 22 de
625 463 127 27 fordringar,
769 468 47 16 som

55 498 109 22 utskottet
184 500 72 20 ansett
274 498 54 22 böra
347 497 122 28 uppställas
488 498 28 27 pä
532 504 27 16 en
575 498 115 21 stambana
705 497 41 22 och
761 496 56 23 skall

57 533 73 22 säkert
145 538 78 22 genom
238 534 33 20 att
285 533 29 26 pä
328 532 42 22 fem
387 533 108 21 särskilda
510 533 86 26 ställen,
612 533 36 21 vid
662 533 80 25 Jorois,
763 531 53 22 Var-

56 567 61 26 kaus,
132 567 137 27 Leppävirta,
286 566 129 22 Oravikoski
431 566 41 22 och
489 567 131 22 Sotkaselkä
634 567 29 27 pä
677 566 100 28 lämpligt
787 564 30 23 af-

57 601 63 22 ständ
137 601 48 22 frän
203 601 121 23 hvarandra
341 602 78 21 beröra
435 600 79 28 Saima,
530 600 93 23 tillföras
638 608 27 15 en
680 607 60 16 mera
755 600 62 27 bety-

56 636 70 22 dande
141 635 64 23 trafik
220 638 27 20 än
262 636 65 22 linien
338 642 77 21 genom
427 636 139 28 Suonenjoki.
585 636 116 22 Utskottet
710 635 32 22 fär
753 634 65 22 alltsä

56 670 86 22 förorda
160 670 76 22 liniens
256 670 104 28 dragning
379 676 78 22 genom
476 670 92 27 Jokkas,
588 671 72 21 Jorois
677 670 40 22 och
733 670 84 26 Leppä-

56 705 62 27 virta,
134 705 172 23 öfverlemnande
322 705 23 22 ät
359 706 129 26 regeringen
501 707 33 20 att
544 711 35 16 om
587 704 230 29 jernvägsbyggnaden

56 740 7 20 i
83 741 109 21 närmaste
209 739 86 22 framtid
316 740 97 22 kommer
433 740 34 21 till
483 740 65 22 ständ
564 739 106 23 definitivt
684 739 67 22 fixera
766 739 51 21 dess

56 774 55 27 läge.
129 774 48 22 Den
192 774 137 28 invändning,
346 780 46 16 som
407 777 46 19 mot
469 774 72 22 denna
556 774 51 22 linie
622 774 73 22 kunde
711 775 62 26 göras
784 774 34 20 att

57 809 41 21 den
117 809 49 22 icke
186 811 25 19 är
229 810 163 22 instrumentalt
407 810 121 22 undersökt
544 810 40 22 och
600 810 101 27 möjligen
717 808 101 28 erbjuder

58 843 132 28 svärigheter
213 843 23 22 af
256 844 113 22 allvarsam
393 846 40 24 art,
456 844 45 21 kan
523 844 111 22 utskottet
657 844 48 21 icke
725 842 92 22 tillmäta

58 878 106 28 synnerlig
184 878 118 28 betydelse,
324 878 28 22 dä
371 878 38 22 det
427 878 43 22 kan
491 885 64 16 anses
570 885 53 15 vara
639 877 131 28 ädagalagdt
785 878 33 20 att

56 912 108 28 knappast
179 913 70 27 nägon
265 913 59 22 trakt
340 913 23 22 af
375 913 48 22 värt
439 913 52 22 land
506 915 24 20 är
546 914 26 21 sä
587 919 102 22 ogynsam
708 912 33 23 för
759 912 58 27 jern-

58 948 207 26 vägsanläkgningar
280 949 33 20 att
328 954 27 15 en
369 947 179 28 hufvudriktning
558 948 29 27 pä
598 947 68 28 grund
678 946 61 23 deraf
748 945 71 23 skulle

58 982 52 22 böra
124 979 115 25 förkastas.

126 1016 81 22 Härvid
221 1017 41 21 bör
279 1016 102 28 slutligen
400 1019 133 25 omnämnas,
554 1018 34 20 att
608 1016 31 22 till
660 1016 109 22 utskottet
784 1021 34 16 re-

56 1051 108 22 mitterats
188 1057 27 15 en
236 1052 8 21 i
262 1051 165 22 Bondeständet
447 1051 22 22 af
487 1052 212 27 landtdagsmannen
717 1051 20 21 J.
759 1050 59 22 Kak-

57 1086 46 21 sola
127 1086 66 22 väckt
217 1086 92 27 petition
334 1086 111 27 angående
471 1086 43 21 den
540 1088 98 20 närmare
664 1085 155 26 sträckningen

58 1119 22 22 af
92 1119 108 22 bandelen
216 1120 33 22 S:t
263 1120 202 27 Michel—Kuopio,
482 1121 8 20 i
505 1120 56 28 syfte
577 1122 33 20 att
625 1121 70 21 denna
710 1115 66 37 måtte
787 1115 32 37 le-

58 1155 38 21 das
111 1156 73 20 vester
199 1160 35 16 om
248 1152 101 31 Kyyvesi,
364 1155 50 22 med
431 1155 120 22 berörande
568 1155 23 22 af
599 1154 122 27 Puulavesi,
731 1152 89 23 hvilken

58 1188 126 28 sträckning
203 1189 63 22 äfven
284 1189 110 22 förordats
410 1189 7 22 i
433 1195 26 16 en
475 1189 290 28 Jernvägskommissionens
780 1187 39 22 be-

56 1223 110 22 tänkande
180 1223 74 27 bilagd
269 1224 139 22 reservation.
433 1224 33 21 De
482 1224 7 21 i
505 1224 120 28 petitionen
640 1222 120 29 framlagda
773 1227 46 17 mo-

56 1258 58 22 tiven
136 1257 34 22 för
194 1257 42 22 den
258 1258 94 22 nämnda
373 1258 155 28 sträckningen
547 1259 41 22 har
606 1259 110 21 utskottet
729 1256 92 23 beaktat

58 1292 41 22 och
122 1292 56 22 skall
200 1292 127 28 ytterligare
350 1293 136 23 återkomma
506 1294 34 22 till
560 1294 110 22 desamma
685 1293 7 22 i
707 1293 50 22 dess
773 1293 46 20 sär-

57 1326 71 23 skilda
142 1327 138 23 betänkande
295 1328 82 22 härom.

124 1361 141 23 Beträffande
280 1364 34 20 3:o
329 1362 112 22 mellersta
457 1363 143 21 stambanans
616 1362 99 27 nordliga
727 1360 42 27 del,
780 1360 41 22 har

56 1395 110 22 utskottet
188 1395 103 28 enhälligt
314 1395 101 23 omfattat
437 1396 182 23 kommissionens
643 1396 57 27 äsigt
723 1396 34 21 att
777 1394 44 22 den

55 1429 69 22 borde
142 1430 61 21 ledas
222 1432 60 20 öster
297 1436 35 16 om
347 1430 110 23 Kallavesi
473 1437 79 21 genom
567 1431 118 27 Lapinlaks
701 1429 40 23 och
757 1428 63 23 Iden-

125 1469 191 22 Jernvägsutskottets
328 1469 119 18 betänkande
460 1470 38 17 N:o
510 1471 16 17 1.
