1034 1664
408 120 34 21 N:o
458 119 31 23 18.
783 121 12 20 5

144 189 258 26 Bevillningsskyldighet
423 189 34 20 för
480 189 103 25 fastighet
602 189 85 26 upphör
705 189 56 21 först
776 189 48 20 med

71 223 109 26 utgången
196 224 22 20 af
233 223 36 21 det
285 223 30 26 år,
332 223 68 21 under
415 223 82 21 hvilket
508 223 67 21 sådan
585 223 126 26 förändring
721 223 103 26 inträffat,

71 260 33 19 att
120 259 130 26 egendomen
267 258 67 26 enligt
349 258 11 27 $
376 259 13 20 3
405 258 39 21 bör
461 265 50 14 vara
527 258 88 21 befriad.

426 321 11 27 $
454 323 18 19 5.

144 362 42 21 För
197 361 233 27 fastighetsbevillning
441 362 130 21 tillkommer
582 363 70 19 staten
664 361 111 21 enahanda
783 361 42 22 för-

73 396 112 26 månsrätt,
202 402 46 15 som
264 396 34 21 för
313 396 137 26 grundskatt.

250 470 24 21 B.
304 471 154 26 Bevillning
474 471 40 21 för
529 471 121 21 inkomst.

426 528 12 27 $
455 530 18 19 6.

147 569 98 21 Föremål
261 569 33 21 för
305 569 214 27 inkomstbevillning
530 571 24 19 är
565 570 39 20 den
617 570 99 21 behållna
727 569 100 25 inkomst,

74 602 55 22 finsk
145 603 141 26 medborgare
302 603 34 21 för
351 603 47 21 året
414 604 38 20 har
468 604 29 20 af:

148 638 20 26 1)
183 638 88 26 kapital,

148 672 22 27 2)
185 672 76 26 näring
277 672 39 21 och
327 672 88 25 rörelse,

147 708 21 25 3)
185 707 35 20 lön
236 706 40 21 och
291 707 89 26 pension
396 706 23 21 af
434 706 108 22 allmänna
557 706 74 26 medel,

147 742 22 26 4)
186 741 35 21 lön
238 741 38 21 och
292 741 90 27 pension
398 740 34 22 för
448 741 85 21 enskild
549 742 71 25 tjenst,
637 743 56 19 samt

149 776 22 27 5)
188 775 70 27 öfriga
272 775 166 21 inkomstkällor
448 775 24 21 af
481 775 94 27 tillfällig
587 776 51 20 eller
648 775 99 27 varaktig
759 776 69 20 natur.

428 838 12 28 8
457 840 19 18 7.

149 879 98 21 Inkomst
266 879 22 21 af
306 879 76 25 näring
398 879 52 21 eller
466 879 82 21 rörelse
563 881 86 19 taxeras
664 879 33 20 till
713 878 117 26 bevillning

78 914 12 20 å
113 914 40 20 den
176 915 40 24 ort,
240 914 38 20 der
297 914 104 25 näringen
421 913 53 21 eller
494 914 95 20 rörelsen
610 913 91 26 utöfvas,
718 912 62 22 äfven
796 918 34 15 om

78 954 78 20 egaren
172 948 52 20 eller
241 948 47 25 den,
304 948 34 20 för
354 948 64 20 hvars
430 948 92 26 räkning
534 948 79 21 affären
625 948 85 25 drifves,
723 949 24 19 är
757 947 74 21 bosatt

78 983 6 20 i
100 988 70 15 annan
186 982 107 21 kommun.

150 1017 42 21 För
208 1017 28 21 all
252 1023 70 15 annan
338 1017 96 21 inkomst
450 1018 87 20 taxeras
553 1023 24 14 en
589 1016 52 21 hvar
651 1016 28 27 pä
689 1016 40 21 den
741 1017 40 24 ort,
793 1016 38 20 der

79 1052 41 20 han
136 1053 24 19 är
176 1052 52 20 eller
244 1052 39 20 bör
298 1058 52 14 vara
365 1051 198 21 mantalsskrifven.

433 1108 11 28 8
461 1110 19 19 8.

151 1149 97 21 Inkomst
258 1148 23 22 af
290 1149 82 26 kapital
383 1149 108 21 beräknas
503 1150 36 20 vid
549 1149 154 26 bevillningens
713 1147 119 28 päförande

78 1183 63 27 tjugu
157 1183 33 21 för
206 1184 84 20 hundra
305 1184 67 26 högre
388 1185 26 19 än
432 1184 49 20 dess
498 1183 96 27 verkliga
609 1184 84 26 belopp.

431 1235 11 27 8
458 1236 21 20 9.

152 1274 53 26 Den,
221 1275 65 21 hvars
301 1275 96 21 inkomst
412 1275 34 21 för
462 1275 48 21 äret
526 1276 46 20 icke
583 1275 82 27 utgjort
675 1281 59 15 mera
744 1276 26 19 än
782 1274 52 21 fem-

79 1309 84 21 hundra
178 1309 67 25 mark,
262 1311 23 19 är
301 1309 47 21 frän
364 1309 215 27 inkomstbevillning
594 1309 98 26 fritagen.

425 1361 11 27 8
454 1362 34 20 10.

151 1400 161 27 Bevillningens
332 1400 78 27 belopp
427 1401 109 20 beräknas
552 1401 54 20 efter
621 1400 94 26 följande
731 1399 104 27 grunder:

152 1435 21 26 a)
197 1435 34 20 för
254 1435 47 26 den,
325 1435 65 20 hvars
409 1435 98 21 inkomst
526 1435 47 21 icke
587 1434 84 27 uppgår
686 1435 33 20 till
735 1433 101 22 tvåtusen
