1025 1664
217 123 29 21 14

383 123 82 22 Ständ.
481 123 38 22 Sv.
534 135 28 4 —
577 123 72 28 Prop.
665 123 41 22 N:o
721 123 35 22 18.

400 185 88 22 tokollet
513 186 96 27 intagas.
646 185 233 29 Bevillningsskyldig,
905 193 44 14 som

398 220 104 27 antingen
525 220 40 21 vill
587 220 52 21 söka
658 221 97 27 ändring
770 221 34 20 uti
819 221 40 20 den
876 221 30 25 af
917 219 32 21 be-

398 253 185 28 villningskomite
603 254 78 22 honom
698 254 99 28 päförda
813 254 70 28 afgift
899 254 52 21 eller

398 287 38 22 ock
459 287 82 22 önskar
557 289 129 28 vederlägga
702 289 25 20 de
742 289 30 27 af
783 287 166 22 kronoombudet

398 325 44 18 mot
450 322 40 21 den
500 322 77 21 honom
585 323 73 21 äsatta
667 323 146 28 bevillningen
823 322 77 29 gjorda
911 329 39 14 an-

398 355 151 29 märkningar,
573 357 35 20 mä
624 357 8 20 i
646 357 80 21 sädant
745 357 101 27 afseende
861 357 38 20 sitt
916 356 35 21 till

395 389 217 28 pröfningskomiten
634 391 75 21 stälda
731 391 114 27 skriftliga
869 390 82 21 andra-

398 424 72 27 gande
491 424 49 21 med
559 425 76 20 dertill
649 424 99 22 hörande
762 425 137 26 handlingar
915 424 36 21 till

399 459 157 28 länestyrelsen
578 459 105 28 antingen
702 459 95 21 inlemna
813 459 54 21 eller
881 459 70 20 under

399 493 83 27 omslag
498 493 95 21 insända
605 493 54 27 före
674 493 40 21 den
731 493 50 28 dag,
794 493 156 28 pröfningsko-

398 527 67 20 miten
475 527 183 26 sammanträder,
669 527 53 21 eller
732 527 37 21 ock
779 527 94 28 aflemna
883 527 68 27 skrif-

399 563 36 19 ten
444 561 69 28 jemte
527 561 168 28 handlingarne,
706 562 9 21 i
724 562 51 21 stad
786 562 35 21 till
832 562 118 27 magistra-

400 597 35 19 ten
450 595 53 21 eller
519 595 180 28 ordningsrätten
715 598 56 19 samt
786 597 32 26 pä
830 596 73 21 landet
915 596 35 20 till

400 629 150 27 ordföranden
559 630 8 21 i
574 630 266 27 kommunalnämnä
789 625 51 36 före
851 630 39 21 den
900 630 49 27 dag,

399 663 30 21 dä
445 663 253 29 bevillningslängderna
714 665 69 27 enligt
797 665 16 27 $
828 665 28 21 19
873 664 24 28 af
903 665 46 20 dem

399 697 36 21 till
458 697 158 29 länestyrelsen
637 699 113 25 insändas,
768 698 42 28 för
832 701 32 18 att
887 699 62 20 dessa

399 732 93 27 längder
516 732 92 28 bifogas.
639 733 105 20 Börande
765 733 34 20 uti
814 733 39 20 den
869 733 8 20 i
892 733 15 27 $
922 733 27 20 19

398 766 148 27 omförmälda
562 767 128 28 kungörelse
701 767 72 21 tillika
785 766 114 29 uppgifvas
911 767 38 20 da-

398 807 47 20 gen,
469 801 29 20 dä
521 801 264 28 bevillningslängdernas
811 800 138 21 insändande

399 834 95 21 kommer
509 837 33 19 att
557 835 42 21 ske.

492 903 17 18 2.
533 903 323 23 Pröfningskomiteerna.

642 955 16 28 $
672 956 34 20 21.

456 1006 47 21 För
525 1007 32 20 att
576 1005 83 28 pröfva
683 1005 38 21 och
740 1005 79 28 afgöra
836 1004 30 27 af
877 1005 72 20 bevill-

398 1040 166 27 ningsskyldige
586 1039 97 28 anförda
703 1039 74 21 besvär
793 1039 52 21 eller
860 1039 29 27 af
901 1039 48 20 kro-

398 1081 57 14 nans
471 1073 78 22 ombud
564 1074 79 27 gjorda
659 1073 176 28 anmärkningar
850 1073 8 20 i
873 1073 77 21 anled-

398 1109 54 26 ning
468 1108 30 27 af
510 1108 273 28 bevillningskomiteernas
799 1107 104 28 vidtagna
917 1107 32 20 åt-

397 1142 83 28 gärder
502 1142 38 21 och
564 1142 75 26 beslut,
655 1141 59 22 skall
724 1141 42 27 för
781 1141 74 28 hvarje
871 1141 36 21 län
923 1148 25 14 en

394 1175 203 29 pröfningskomite
611 1177 9 20 i
636 1177 70 20 länets
722 1175 149 21 residensstad
893 1175 56 21 ärli-

396 1217 42 20 gen
450 1211 32 26 pä
497 1212 147 27 guvernörens
664 1209 90 22 kallelse
764 1209 185 21 sammanträda
939 1205 14 38 i

397 1244 81 28 början
493 1244 31 27 af
535 1244 114 21 December
664 1243 93 27 månad;
780 1243 81 28 egande
877 1244 71 20 denna

398 1278 80 21 komitö
498 1281 39 23 att,
561 1278 56 27 efter
639 1278 113 21 inhemtad
773 1277 119 22 kännedom
916 1284 31 14 om

396 1311 58 22 hvad
477 1312 253 28 bevillningslängderna
752 1311 38 22 och
809 1311 140 28 bevillnings-

397 1345 144 22 komitdernas
554 1346 112 28 protokoll
676 1345 115 22 innehålla
807 1346 8 20 i
830 1345 119 28 anledning

396 1380 31 27 af
438 1380 97 27 anförda
552 1381 74 21 besvär
641 1381 53 21 eller
713 1379 180 22 kronoombudets
908 1386 41 14 an-

396 1414 145 29 märkningar
563 1415 82 21 besluta
660 1421 34 15 om
710 1415 70 20 sådan
795 1415 88 20 rättelse
899 1414 8 20 i
923 1413 26 21 de

392 1448 102 27 påförda
510 1449 264 28 bevillningsafgifterna,
790 1455 43 14 som
850 1448 42 21 kan
905 1447 44 28 fin-
