1031 1661
225 110 27 21 52
412 109 29 22 U.
456 109 28 22 B.
501 121 23 3 —
541 109 72 27 Prop.
629 109 42 22 N:o
687 109 38 21 29.

196 173 54 27 sjelf.
280 172 68 21 Detta
370 172 73 21 kunde
457 172 8 21 i
481 171 116 28 praktiken
612 171 39 22 ske
667 171 79 22 endast
761 172 28 27 på
805 172 37 21 det
857 174 44 19 sätt
917 174 46 20 att:

195 207 153 27 skjutsningen
371 206 71 22 blefve
468 206 107 27 utbjuden
597 206 28 27 på
647 206 234 27 entrepenad-auktion
904 209 46 19 mot

195 241 67 22 minst
285 241 90 21 fordrad
397 240 127 27 skjutslega.
554 240 50 22 Men
623 240 28 21 då
672 240 139 27 Regeringen
834 247 63 15 anser
913 241 37 21 det

196 276 70 20 såsom
289 275 34 21 sin
345 275 139 21 uteslutande
507 276 44 20 rätt
573 276 34 20 att
622 275 122 21 bestämma
762 275 141 27 skjutslegan,
917 275 31 26 så,

195 315 34 16 om
246 309 41 21 ock
302 309 119 21 ständerna
435 308 71 22 skulle
521 308 86 22 besluta
617 309 34 27 sig
661 308 34 22 för
706 310 33 20 ett
749 308 78 22 sådant
837 309 111 22 ordnande

195 344 23 21 af
232 343 160 27 skjutsningen,
411 342 70 22 skulle
501 343 60 21 detta
577 342 48 22 från
640 343 151 27 Regeringens
807 343 47 21 sida
868 345 79 25 näppe-

196 378 58 27 ligen
268 376 114 23 föranleda
396 376 68 28 några
479 376 108 28 åtgärder.
618 377 42 22 Det
677 377 70 22 finnes
763 377 74 22 derför
852 377 18 28 ej
882 377 67 28 något

197 413 67 20 annat
278 411 71 22 medel
364 413 33 20 att
415 411 78 22 hindra
509 411 72 22 denna
596 413 69 26 tunga
680 412 70 21 börda
765 412 34 21 för
815 412 41 22 den
871 412 79 27 oprivi-

196 446 109 27 legierade
321 446 85 27 jorden,
421 448 27 19 än
464 447 33 20 att
514 446 42 21 den
575 446 170 27 privilegierade
757 447 80 27 jorden
851 447 41 21 och
906 446 44 22 alla

196 481 144 26 medborgare
355 481 7 20 i
378 480 135 22 förhållande
531 481 34 21 till
579 481 49 21 sina
642 481 119 27 tillgångar
777 481 40 22 och
831 481 119 22 inkomster

196 515 62 27 gripa
280 515 34 27 sig
336 521 27 15 an
379 516 33 20 att
427 515 48 22 med
494 515 136 27 ungdomligt
648 515 55 22 ifver
724 515 41 22 och
783 515 69 22 friska
867 515 83 22 krafter

196 549 74 27 hjelpa
285 549 42 21 den
346 549 167 27 privilegierade
529 549 89 27 jordens
637 549 78 26 äldsta,
731 549 107 21 alltsedan
854 549 96 27 aflägsna

197 584 56 21 tider
269 584 49 21 med
333 584 83 21 sådana
430 584 81 21 bördor
526 584 125 26 betungade
665 584 89 21 broder.
777 579 70 26 Äfven
859 590 27 15 en
897 585 53 25 tung

197 618 68 22 börda
280 618 43 21 blir
338 618 48 26 lätt,
402 618 28 22 då
445 618 124 22 densamma
584 618 64 22 bäres
663 618 128 27 endrägtigt
805 618 24 21 af
842 618 50 22 hela
909 618 40 21 fol-

196 652 44 22 ket.
270 652 51 22 Men
336 652 37 22 vid
391 652 168 28 godkännandet
577 652 24 22 af
621 653 71 21 denna
707 653 86 27 princip
807 653 40 22 och
865 652 86 22 författ-

197 687 182 27 ningsförslagets
394 688 124 26 redigering
533 688 7 20 i
556 687 96 27 enlighet
661 688 91 21 dermed
765 688 70 21 skulle
845 688 107 22 måhända

197 722 79 27 uppstå
291 722 60 21 olika
365 722 89 27 åsigter,
469 722 24 22 af
501 722 88 22 hvilken
601 722 65 21 orsak
677 722 122 22 detsamma
809 722 68 27 knapt
888 722 63 22 torde

197 756 67 21 hinna
286 756 37 21 vid
347 756 71 22 denna
439 756 106 27 landtdag
567 762 58 22 noga
639 756 108 27 granskas
763 756 40 22 och
818 756 133 28 godkännas.

198 791 117 21 Dessutom
333 791 44 21 kan
397 797 29 15 nu
441 791 189 27 grundlagsenligt
645 790 19 28 ej
681 797 40 15 ens
736 790 71 28 någon
822 791 63 27 fråga
900 798 52 20 upp-

198 825 35 21 stå
247 831 34 15 om
301 826 32 20 ett
351 825 52 22 slikt
424 825 185 27 tillprisgifvande
624 825 24 21 af
661 826 44 21 den
729 824 166 28 privilegierade
907 826 44 27 jor-

199 860 53 21 dens
274 859 104 28 fördelar,
401 860 28 21 då
450 860 67 27 något
539 860 78 21 sådant
632 860 19 27 ej
668 860 125 27 föreslagits
809 860 143 22 Ständerna
939 855 17 36 i

198 894 41 21 den
257 894 82 27 nådiga
357 894 170 27 propositionen,
544 900 47 15 som
606 896 94 20 tvärtom
716 894 7 21 i
739 894 48 21 sina
802 894 149 27 grundprinci-

199 934 39 21 per
260 934 65 22 synes
348 930 105 20 motsätta
475 928 33 28 sig
533 928 83 22 sådant.
646 928 31 22 På
701 928 72 28 grund
791 928 23 22 af
828 928 63 22 dessa
906 928 47 22 skäl

198 962 43 22 kan
256 969 50 15 man
318 963 118 21 förutsätta
447 964 33 20 att
491 963 144 27 Regeringen,
646 969 35 15 om
692 962 42 22 ock
750 963 122 21 Ständerna
882 963 71 21 skulle

198 998 98 26 uppgöra
318 997 67 27 något
414 997 82 27 förslag
511 998 7 20 i
533 997 158 21 ofvannämndt
707 997 64 27 syfte,
787 997 82 21 kanske
885 997 70 21 skulle

198 1031 72 21 lemna
285 1031 50 22 hela
349 1031 106 28 förslaget
470 1032 75 21 dervid
555 1032 116 26 beroende,
683 1032 72 21 såsom
767 1032 38 21 det
815 1032 67 21 redan
893 1031 59 21 förut

198 1065 46 21 ofta
266 1066 105 21 inträffat.
401 1066 32 21 En
457 1066 53 27 följd
533 1066 64 22 deraf
617 1072 51 16 vore
690 1067 35 20 att
745 1066 118 21 ernåendet
885 1066 24 20 af
927 1066 27 21 de

197 1099 103 27 fördelar,
316 1106 46 15 som
378 1100 42 21 den
435 1100 79 27 nådiga
529 1100 164 27 propositionen
719 1100 40 21 och
782 1100 171 21 utskottsbetän-

198 1133 81 22 kandet
301 1133 84 22 utlofva
408 1135 7 20 i
434 1134 54 21 form
504 1134 23 21 af
545 1134 86 27 förhöjd
647 1134 125 27 skjutslega
787 1140 27 15 m.
831 1140 34 19 m.,
881 1133 71 22 blefve

198 1167 134 28 uppskjuten
354 1168 33 21 till
410 1175 27 15 en
459 1169 57 21 oviss
538 1168 95 22 framtid.
667 1168 82 21 Derför
773 1168 127 27 godkänner
917 1169 38 26 jag

199 1202 57 21 Herr
278 1202 155 27 Hegerströms
451 1203 81 27 förslag
550 1203 77 21 endast
643 1203 34 21 för
693 1203 74 20 såvidt
783 1203 119 20 detsamma
917 1209 35 15 an-

198 1236 38 27 går
259 1236 142 22 anhållandet
423 1243 40 20 om,
480 1239 32 19 att
535 1243 26 16 en
577 1243 27 21 ny
620 1237 67 26 nådig
702 1237 137 26 proposition
853 1237 8 20 i
876 1237 78 21 sådant

198 1270 64 28 syfte,
270 1277 47 15 som
327 1270 63 22 ofvan
400 1273 67 25 sagts,
477 1271 72 22 blefve
557 1271 99 27 förelagd
664 1270 183 22 nästkommande
855 1270 99 23 Ständer.

268 1306 83 22 Vidare
377 1306 41 22 har
439 1306 38 28 jag
493 1307 18 27 ej
535 1306 85 22 kunnat
642 1306 78 21 förena
742 1306 45 26 mig
809 1306 7 21 i
837 1306 120 22 utskottets

198 1340 83 27 förslag
304 1340 113 27 angående
442 1341 27 21 de
490 1341 6 21 i
515 1341 8 27 8
545 1343 6 19 2
571 1340 132 22 omnämnda
722 1340 164 27 postgärdarne.
915 1340 40 22 Ut-

198 1374 83 21 skottet
304 1374 68 27 ansåg
395 1374 80 27 skäligt
497 1376 34 20 att
552 1375 37 20 vid
611 1374 86 21 mindre
722 1374 91 21 befarna
828 1375 73 26 vägar,
917 1374 39 21 der

198 1409 144 21 samfärdseln
364 1409 67 22 minst
454 1409 42 22 kan
520 1409 128 21 underhålla
673 1409 36 26 sig
728 1408 57 27 sjelf,
801 1408 120 21 inrättades
938 1414 16 15 s.

201 1443 21 20 k.
241 1443 200 28 reserv-stationer,
466 1443 74 22 hvilka
563 1445 58 20 emot
643 1443 68 26 högst
735 1443 80 21 dubbel
839 1443 120 26 skjutslega

266 1483 127 17 Sammansatta
406 1483 45 23 Lag-
464 1484 30 17 och
507 1483 174 18 Ekonomiutskottets
696 1483 106 18 betänkande
815 1483 34 18 N:o
863 1484 16 17 4.
