1020 1661
398 121 35 21 N:o
449 121 36 21 25.
763 121 25 20 79

66 188 151 27 ordningsman
238 190 51 20 eller
309 188 167 22 kronolänsman
496 190 6 20 i
523 192 61 18 orten
600 189 117 27 bevisligen
735 189 83 20 anmäla

65 224 6 19 i
89 224 102 20 afseende
207 224 13 19 å
235 230 26 20 ny
278 224 128 25 förseglings
418 224 147 26 anbringande
577 224 22 21 af
609 223 140 22 nästnämnde
760 229 57 21 myn-

67 258 74 26 dighet
164 258 52 20 eller
236 258 126 26 tjensteman
382 258 48 21 med
451 259 84 20 biträde
551 258 24 21 af
589 258 73 21 vittue.
694 258 40 21 Om
750 258 69 20 denna

67 292 83 26 åtgärd,
174 292 86 20 hvarför
284 292 118 21 kostnaden
426 292 94 21 drabbar
544 292 132 27 redskapens
697 298 68 20 egare,
786 292 33 20 in-

69 328 97 20 berättas
184 327 130 21 oförtöfvadt
330 328 32 20 till
379 327 158 27 Länestyrelse.

411 403 11 27 $
439 404 34 20 40.

142 445 16 19 1.
189 443 124 21 Kontrollör
333 443 34 21 vid
387 444 100 20 bränneri
508 444 45 25 bör,
571 443 27 21 då
614 443 52 21 hans
684 443 136 21 verksamhet

69 479 38 20 der
131 478 99 26 upphört,
255 479 67 20 under
344 478 118 26 försegling
486 477 91 22 aflemna
598 478 32 21 till
647 478 172 26 Länestyrelse
809 473 15 36 i

69 513 56 24 stad,
143 512 36 21 der
196 512 65 21 sådan
280 512 73 26 finnes,
374 519 47 14 men
441 513 64 26 eljest
524 513 31 20 till
574 513 114 26 Magistrat
704 513 51 20 eller
772 512 48 20 ord-

69 547 111 25 ningsman
198 549 54 18 samt
268 547 27 26 på
311 547 72 20 landet
399 547 32 20 till
448 549 74 18 ortens
539 547 96 20 länsman
652 547 25 20 de
694 547 32 19 för
742 546 77 20 befatt-

71 580 89 26 ningens
176 580 162 21 handhafvande
355 581 96 21 erhållna
467 581 266 26 profningsinstrumenter
749 580 71 21 äfven-

71 621 45 14 som
133 614 119 27 obehöfliga
272 615 118 21 kontrollås
408 616 67 26 jemte
496 616 159 20 kontrollörens
675 615 109 26 exemplar
800 614 23 21 af

71 649 291 26 besigtningsinstrumentet,
384 650 25 20 de
429 650 23 20 af
466 650 166 26 Länestyrelsen
649 650 47 20 med
712 649 109 21 tillverka-

70 690 37 14 ren
130 684 106 20 afslutade
260 684 101 20 kontrakt
382 686 57 18 samt
457 684 136 21 bränneriets
614 684 153 26 författningar
783 684 38 20 och

71 718 93 20 tabeller
177 719 66 25 jemte
260 718 68 26 öfriga
343 718 135 26 handlingar.

133 754 28 18 :2.
193 752 40 21 Vid
250 752 136 21 förenämnde
398 752 141 27 afleverering
550 753 54 20 skall
616 753 135 26 förteckning
762 752 57 21 med-

71 786 53 26 följa
140 786 59 21 öfver
215 786 98 26 samtliga
329 786 118 21 aflemnade
466 786 97 27 effekter,
584 787 78 26 hvilka,
679 787 85 21 säsnart
779 787 42 20 till-

71 821 103 25 verkning
190 821 35 21 vid
241 821 99 21 bränneri
356 821 46 21 åter
418 821 105 27 vidtager,
541 822 61 20 skola
618 822 26 20 då
660 821 162 27 tjenstgörande

73 856 120 20 kontrollör
209 856 180 20 tillhandahållas.

416 930 11 28 $
443 932 35 19 41.

146 972 17 19 1.
193 970 83 22 Varder
299 970 119 21 kontrollör
440 970 23 21 af
486 977 26 14 en
532 971 52 21 eller
604 977 68 14 annan
693 970 64 21 orsak
775 970 48 20 från

73 1005 32 21 sin
122 1005 120 26 befattning
258 1005 33 20 vid
312 1006 99 20 bränneri
431 1004 71 26 aflöst,
523 1004 89 22 aflemne
630 1006 41 20 han
687 1005 22 20 åt
725 1005 40 20 den
781 1004 42 20 till-

73 1040 104 20 trädande
192 1040 146 20 kontrollören
354 1040 67 26 enligt
436 1040 96 20 reversal
548 1040 7 20 i
571 1040 35 20 två
622 1040 113 26 exemplar,
747 1038 76 21 hvaraf

74 1074 36 20 det
126 1080 39 14 ena
181 1074 117 26 qvitteradt
313 1074 178 24 återbekommes,
509 1074 99 26 samtliga
624 1074 6 20 i
647 1072 177 27 nästföregående

75 1107 11 27 $
103 1107 141 21 omförmälda
259 1108 127 26 handlingar
402 1108 38 21 och
457 1108 193 21 kontrolleftekter.

148 1143 18 19 2.
206 1142 72 21 Skulle
300 1143 69 26 någon
394 1142 22 21 af
437 1143 26 20 de
488 1143 106 20 bekomna
612 1140 213 23 kontrolleffekterna

74 1177 78 20 saknas
177 1177 51 20 eller
251 1176 95 21 befinnas
369 1177 117 23 obrukbar,
506 1183 50 15 vare
575 1177 125 25 kontrollör,
722 1175 23 21 så
761 1175 64 21 framt

74 1211 47 20 icke
137 1211 80 20 skadan
233 1211 124 21 tillkommit
372 1217 76 20 genom
465 1211 130 26 förslitning,
612 1211 84 26 skyldig
712 1211 31 20 att
759 1209 67 27 enligt

75 1245 22 21 af
111 1245 230 27 Finansexpeditionen
357 1246 6 20 i
380 1245 93 21 Senaten
489 1245 112 21 faststäldt
616 1245 45 26 pris
678 1246 81 20 ersätta
775 1244 49 21 dess

76 1280 70 21 värde.

418 1320 12 27 8
445 1321 35 19 42.

148 1362 17 19 1.
197 1360 125 21 Kontrollör
337 1366 56 21 eger,
410 1360 68 21 sedan
493 1360 43 21 han
552 1361 32 26 sig
600 1360 35 21 vid
655 1360 122 21 bränneriet
793 1359 33 20 in-

75 1394 76 26 funnit,
176 1394 151 27 tillgodonjuta
350 1394 36 21 det
405 1394 78 21 honom
505 1394 161 21 tillförsäkrade
685 1393 79 22 arvode
779 1393 47 20 frän

77 1429 38 21 och
131 1429 47 20 med
195 1430 33 19 tre
244 1429 66 26 dagar
325 1428 72 21 förrän
414 1429 135 25 destillering
570 1435 25 14 ur
611 1429 59 20 mäsk
686 1429 34 20 vid
736 1428 90 21 bränne-
