1031 1664
233 114 27 19 52
435 113 24 22 U.
475 113 23 23 B.
516 126 25 3 —
559 114 64 29 Prop.
640 114 39 22 N:o
695 112 35 23 24.

272 179 122 22 Fasthåller
409 186 48 15 man
474 180 61 21 detta
550 180 50 26 mål,
616 180 64 22 torde
694 179 59 22 valet
769 179 90 22 emellan
872 180 27 22 de
910 180 57 22 båda

202 219 29 16 nu
254 212 128 29 ifrågasatta
404 214 225 27 bansträckningarna
651 214 184 22 Davidstad—S:t
858 215 109 22 Michel—

202 248 86 28 Kuopio
304 248 41 22 och
369 248 93 22 Nurmo—
471 244 107 38 Uleåborg
595 249 118 22 rättvisare
728 249 73 21 kunna
816 248 81 23 träffas.

272 283 82 21 Härvid
376 283 69 22 måste
469 283 55 22 dock
547 283 56 22 först
629 290 26 15 en
681 283 162 28 omständighet
869 283 22 22 af
914 290 53 21 gan-

204 318 40 21 ska
264 319 46 20 stor
332 317 46 28 vigt
400 318 135 22 observeras.
565 318 116 27 Uleåborg,
707 317 69 22 ehuru
797 318 126 28 visserligen
940 324 27 16 en

202 351 147 23 framstående
368 352 133 27 handelsort,
521 354 25 20 är
566 352 56 22 dock
641 352 120 28 ingalunda
781 354 32 20 ett
833 355 98 20 centrum
946 353 23 21 af

204 388 42 21 den
265 387 119 28 betydelse,
405 388 33 20 att
453 387 38 22 det
505 393 52 16 vore
571 387 136 27 berättigadt
723 393 35 16 om
773 394 48 15 man
837 387 7 22 i
860 387 41 22 den
916 389 50 20 när-

203 423 71 21 maste
289 421 114 22 framtiden
418 421 45 22 läte
476 424 78 19 tvenne
570 422 127 22 stambanor
712 426 101 24 utmynna
824 422 7 21 i
839 422 128 22 detsamma.

203 457 46 21 Har
268 456 109 27 Uleåborg
398 456 85 28 engång
502 457 7 21 i
529 463 27 15 en
571 457 96 27 riktning
683 456 88 24 erhållit
783 455 183 29 jernvägsförbin-

204 491 61 22 delse
280 491 50 21 med
346 491 37 22 det
399 490 69 28 öfriga
482 491 81 27 landet,
579 491 98 22 kommer
689 491 42 22 den
741 491 68 22 andra
819 491 24 22 af
851 491 26 22 de
888 493 78 20 tvenne

203 526 70 21 banor
288 531 46 16 som
349 532 29 15 nu
393 527 38 20 äro
447 525 124 28 föreslagna
585 527 34 20 att
633 526 62 21 ledas
711 526 32 21 dit
758 533 49 20 upp,
819 527 33 20 att
863 526 103 21 oundvik-

204 560 58 28 ligen
274 560 22 21 få
310 567 27 14 en
351 560 156 27 jemförelsevis
523 567 60 15 mera
597 561 60 21 lokal
672 561 120 27 betydelse,
809 561 40 22 och
865 561 51 22 dess
932 563 34 19 ut-

204 594 90 23 förande
302 596 33 20 att
343 595 7 20 i
359 595 40 21 och
407 595 50 22 med
465 595 120 22 detsamma
591 595 143 27 framskjutas
743 595 7 21 i
759 601 26 16 en
790 597 77 20 nästan
873 595 92 22 oberäk-

203 629 58 27 nelig
276 628 93 22 framtid.
395 629 43 21 Det
453 631 58 20 rätta
526 629 59 22 valet
599 629 23 22 af
636 629 42 22 den
695 629 131 28 sträckning,
842 629 83 28 hvarpå
940 636 26 15 en

202 664 91 27 jernväg
313 663 54 22 skall
388 663 55 22 söka
461 664 34 27 sig
515 670 43 21 upp
574 664 33 21 till
622 664 112 27 Uleåborg
748 664 42 22 blir
805 664 85 22 derföre
905 663 24 22 af
942 664 25 21 så

204 699 88 26 mycket
306 699 71 21 större
392 698 120 28 betydelse.

273 733 34 21 Då
326 733 65 22 södra
411 733 63 22 delen
495 732 23 23 af
531 733 111 22 mellersta
657 733 134 26 stambanan,
809 733 52 22 eller
877 733 41 22 den
934 733 33 21 till

204 767 86 28 Kuopio
306 767 137 27 naturligtvis
459 768 97 21 kommer
571 768 32 21 till
619 767 117 23 utförande
752 768 123 21 oberoende
892 767 23 22 af
929 768 37 21 ba-

203 808 54 16 nans
274 802 125 27 sträckning
415 803 33 20 till
464 802 113 28 Uleåborg,
593 803 44 21 kan
649 802 141 28 jemförelsen
806 803 32 21 till
854 809 27 15 en
892 803 74 27 början

203 837 119 22 inskränka
337 837 32 26 sig
380 836 91 23 emellan
481 837 100 22 linierna:
597 837 227 27 Kuopio—Uleäborg
834 837 40 22 och
885 837 81 21 Nurmo

203 883 21 4 —
231 871 117 27 Uleåborg.

273 906 51 21 Man
339 905 40 22 har
394 908 50 25 sagt
459 908 34 19 att
507 906 120 27 Uleåborgs
638 906 207 26 handelsintressen,
857 906 72 21 såvidt
940 906 26 21 de

204 940 23 22 af
249 947 26 14 en
295 940 91 27 jernväg
408 941 73 21 kunna
500 941 106 27 betjenas,
625 940 189 28 hufvudsakligast
828 943 37 19 äro
881 940 85 22 riktade

205 975 23 22 åt
243 975 114 27 Ryssland,
375 975 39 21 och
431 981 50 16 man
495 975 46 27 har,
558 975 150 28 märkvärdigt
723 981 48 22 nog,
788 975 23 22 af
817 975 41 22 den
871 976 95 21 omstän-

205 1009 101 28 digheten
321 1011 33 19 att
369 1009 121 28 Uleåborgs
501 1009 61 22 stads
573 1011 178 26 representanter
762 1009 59 22 såväl
833 1009 34 22 vid
878 1011 88 20 senaste

204 1050 46 15 som
266 1044 71 21 denna
353 1043 105 28 landtdag
473 1044 140 27 petitionerat
629 1051 34 15 om
675 1046 85 20 statens
772 1044 152 22 mellankomst
934 1043 33 22 för

203 1078 194 22 åstadkommande
413 1078 23 22 af
449 1085 28 15 en
489 1079 90 27 jernväg
595 1079 92 22 emellan
703 1079 76 21 Waala
794 1079 40 21 och
850 1079 115 28 Uleåborg,

203 1115 56 20 trott
273 1113 33 27 sig
321 1112 59 23 finna
395 1113 127 28 ytterligare
537 1113 50 22 stöd
603 1113 33 22 för
651 1113 43 22 den
711 1113 63 27 åsigt,
791 1115 33 20 att
839 1113 128 27 Uleåborg
957 1108 15 37 i

202 1147 92 22 främsta
313 1150 94 19 rummet
426 1148 69 22 borde
513 1148 110 22 förbindas
639 1149 50 21 med
705 1148 86 22 landets
803 1148 141 27 jernvägsnät
960 1148 6 20 i

203 1182 107 28 sydostlig
325 1182 96 27 riktning
437 1183 60 21 öfver
511 1183 92 27 Kuopio.

272 1216 139 22 Beträffande
430 1217 56 22 först
504 1217 120 27 Uleåborgs
645 1217 208 26 handelsintressen,
870 1217 25 21 så
909 1217 58 22 lärer

204 1251 38 22 det
256 1251 36 21 väl
308 1251 19 27 ej
343 1251 24 22 af
379 1251 73 28 någon
467 1251 70 22 blifvit
551 1251 121 28 ifrågasatt,
690 1253 33 20 att
735 1251 26 28 ju
775 1251 48 22 icke
839 1257 64 16 norra
917 1251 49 21 Fin-

202 1285 52 22 land
274 1285 92 22 likasom
386 1285 203 28 öfverhufvudtaget
608 1286 50 21 hela
679 1285 76 22 landet
773 1285 40 22 har
829 1291 25 16 en
869 1285 99 27 betydlig

202 1320 175 22 handelsrörelse
399 1320 30 27 pä
452 1321 33 21 S:t
506 1321 139 27 Petersburg,
668 1327 51 15 men
739 1321 71 21 denna
824 1319 82 23 rörelse
921 1320 47 21 står

202 1354 57 22 dock
280 1354 18 27 ej
319 1355 33 20 uti
373 1355 68 27 nägot
458 1355 133 22 förhällande
607 1355 32 22 till
654 1355 141 22 landsdelens
810 1353 64 23 trafik
889 1354 30 27 pä
933 1355 34 20 ut-

202 1389 102 22 utlandet
319 1389 40 22 och
375 1389 172 28 kusttrakterna,
564 1392 56 19 samt
637 1389 134 28 sydvestliga
787 1389 88 22 delarne
885 1389 24 21 af
917 1391 51 25 eget

202 1424 57 21 land.
280 1424 78 21 Såsom
373 1424 70 22 kändt
458 1425 86 27 intager
559 1425 93 22 artikeln
669 1424 120 28 ,spanmäl,
805 1424 50 27 mjöl
867 1423 40 22 och
919 1429 48 22 gry-

272 1464 193 23 Jernvägsutskottets
477 1464 116 18 betänkande
605 1465 38 17 N:o
654 1465 16 17 1.
