1028 1661
268 115 82 24 Ständ.
367 115 40 24 Sv.
423 128 28 3 —
467 115 71 28 Prop.
553 116 40 23 N:o
608 116 35 25 29.
774 117 27 20 15

284 178 120 27 ordningen
426 179 41 20 den
490 180 15 19 8
521 179 115 21 December
650 181 59 20 1873
725 186 33 14 om
773 179 57 21 kom-

283 212 215 28 munalförvaltning
514 214 8 19 i
536 213 51 21 stad
597 213 75 27 finnes
688 214 108 27 stadgadi.

532 265 15 26 $
561 266 20 20 2.

353 303 213 28 Skjutsanstalterna
581 304 61 20 skola
657 311 53 14 vara
726 306 103 26 antingen

281 337 155 27 gästyifverier
454 338 42 26 för
514 337 213 27 frambefordrande
749 338 30 27 af
797 346 31 13 re-

282 372 67 20 sande
365 371 38 21 och
415 374 50 24 post
482 372 47 20 med
539 372 125 27 hällskjuts,
676 373 58 25 eller,
746 373 38 21 der
794 374 34 20 sä-

282 405 58 20 dana
356 406 22 26 ej
388 412 62 14 anses
461 405 112 28 behöfliga,
581 406 182 27 postgärdar
725 401 38 37 för
769 407 59 26 fort-

282 439 116 27 skafande
412 439 31 27 af
454 440 77 21 endast
537 443 58 24 post,
608 443 56 18 samt
681 441 148 20 reservstatio-

282 480 38 14 ner
339 473 41 27 för
402 474 103 21 resandes
526 474 155 27 framförande
703 475 47 21 med
767 477 61 19 extra

281 507 77 28 skjuts.
390 508 138 27 Postgärdar
544 509 37 20 och
595 510 176 20 reservstationer
777 509 51 27 för-

281 549 57 17 enas,
354 543 38 19 der
407 543 81 20 sädant
503 543 48 20 med
561 543 76 26 fördel
652 543 36 21 ske
703 543 49 21 kan.
784 543 43 21 För

281 576 70 27 skjuts
374 576 98 28 erlägges
495 576 53 25 från
569 577 133 27 gästgifveri
718 577 38 21 och
767 580 59 24 post-

280 610 58 27 gärd
354 610 59 21 enkel
424 610 111 27 faststäld
551 611 54 27 lega,
621 618 47 14 men
679 611 57 27 frän
747 618 79 14 reserv-

281 645 81 20 station
384 645 35 20 det
441 644 83 28 belopp,
547 652 45 14 som
607 646 9 20 i
631 645 73 28 hvarje
714 646 49 26 fall
777 648 49 18 sär-

281 678 67 21 skildt
365 678 130 26 bestämmes,
508 680 32 26 pä
554 682 45 18 sätt
614 680 70 20 nedan
695 682 68 25 säges,
774 680 52 20 dock

282 712 43 21 icke
340 713 84 26 utöfver
440 713 77 21 dubbel
531 713 125 28 skjutslega.

530 759 15 27 $
559 760 20 20 3.

352 798 132 28 Skjutslaget
500 800 86 26 utgöres
598 799 31 27 pä
645 799 74 21 landet
730 799 25 27 af
762 798 64 21 hära-

280 833 42 24 det,
346 833 95 26 såframt
461 833 20 26 ej
501 833 104 27 samtliga
620 833 124 20 kommuner
759 832 66 21 önska

280 869 33 18 att
335 867 35 20 det
386 867 33 20 mä
435 867 92 27 omfatta
546 869 68 18 annat
632 867 87 21 område
734 867 38 21 och
787 874 37 20 gu-

281 903 103 19 vernören
395 901 76 27 finner
486 901 81 27 skäligt
582 901 75 21 dertill
674 897 91 36 bifalla;
778 901 47 21 dock

280 935 102 26 sålunda,
397 937 32 18 att
444 935 76 27 hvarje
535 935 100 21 kommun
651 935 57 21 inom
724 935 101 28 skjutsla-

279 972 34 25 get
329 976 73 14 ensam
417 976 109 14 ansvarar
536 969 42 27 för
589 969 39 21 den
638 969 142 28 gästgifveri-
788 969 37 21 och

279 1003 177 28 skjutshällning,
473 1010 45 14 som
533 1004 13 20 å
561 1003 125 21 densamma
698 999 71 36 blifvit
779 1004 46 27 för-

279 1038 71 25 delad,
373 1037 111 28 äfvensom
502 1037 41 27 för
565 1038 46 21 alla
627 1038 58 21 inom
700 1038 124 21 kommunen

274 1072 109 27 förlagda
396 1072 135 27 postgärdar
547 1072 38 20 och
601 1073 182 20 reserustationer.

527 1118 15 26 $
556 1118 20 20 4.

349 1158 55 20 Stad
419 1158 51 20 eller
487 1157 86 27 köping,
589 1164 45 14 som
644 1159 26 19 är
680 1157 145 28 skjutsnings-

278 1191 122 28 skyldighet
423 1191 156 25 underkastad,
595 1193 64 25 utgör
674 1194 28 18 ett
717 1191 107 28 skjutslag

273 1225 42 27 för
337 1226 45 27 sig;
404 1225 38 21 och
462 1232 50 21 eger
527 1225 158 21 vederbörande
699 1225 125 28 myndighet

278 1267 33 14 om
333 1260 166 28 skjulsningens
513 1262 102 18 närmare
631 1260 119 25 ordnande,
765 1261 59 26 gäst-

276 1294 118 28 gifveriers
403 1294 128 21 inrättande
541 1296 57 19 samt
607 1293 145 28 gästgifvares
761 1296 61 18 anta-

276 1329 72 26 gande
358 1329 8 20 i
375 1328 50 28 laga
434 1328 95 27 ordning
539 1328 89 28 besörja,
638 1328 54 20 dock
700 1330 32 18 att
740 1328 83 20 inseen-

277 1362 26 21 de
323 1362 103 27 häröfver
442 1362 129 21 tillkommer
585 1364 133 25 guvernören
734 1362 9 20 i
758 1362 64 20 länet.

527 1407 12 28 $
554 1393 23 47 5.

348 1447 265 28 Gästgifverihällningen
620 1447 32 27 pä
663 1447 74 20 landet
747 1446 77 27 äfven-
