1025 1661
273 104 82 23 Ständ.
370 104 38 23 Sv.
425 117 25 2 —
467 104 71 27 Prop.
554 103 41 23 N:o
609 103 36 22 29.
781 103 26 20 13

83 167 66 21 ställa
163 167 42 21 den
221 167 90 21 resande
326 167 66 21 hafva
406 167 123 21 Ständerna
544 166 8 21 i
567 167 72 20 denna
654 165 104 28 paragraf
770 165 66 22 infört

84 203 33 19 ett
132 201 120 27 stadgande
267 201 81 26 derom,
364 203 32 19 att
407 201 131 26 minderårig
549 200 18 28 ej
579 201 36 20 må
625 201 111 21 användas
746 200 33 21 till
789 199 48 22 kör-

85 242 52 15 sven
152 242 35 15 om
201 235 19 28 ej
237 236 42 20 den
293 236 91 21 resande
400 236 79 21 sådant
494 235 93 27 medger.

154 271 23 25 88
193 270 84 20 27—35
292 272 110 18 motsvara
417 271 23 25 $$
457 270 84 20 19—27
556 269 8 21 i
579 269 169 27 propositionen.

153 304 37 21 Uti
204 304 175 27 propositionens
394 305 11 26 $
420 304 36 25 28,
471 310 47 15 som
533 310 74 15 svarar
621 305 45 19 mot
681 304 11 26 $
708 304 28 20 36
750 303 7 21 i
768 304 37 20 det
815 303 24 21 af

85 339 123 21 Ständerna
223 340 95 26 antagna
328 338 230 28 författningsförslag,
568 337 67 22 hafva
644 338 96 27 följande
751 337 85 22 ändrin-

83 380 41 20 gar
145 373 70 21 blifvit
229 373 108 27 vidtagna.
369 373 68 21 Ordet
455 373 51 21 »dä»
524 374 25 20 är
562 372 116 27 borttaget,
694 373 91 21 emedan
801 373 35 20 det
854 394 3 2 .

86 407 72 21 kunde
173 407 58 27 gifva
247 407 40 21 den
303 407 93 27 mening,
407 409 33 19 att
450 407 154 28 kronobetjent
614 406 53 21 först
677 406 55 21 efter
742 407 35 20 det
788 407 48 24 den,

85 448 46 14 som
153 441 81 27 åligger
256 441 127 22 underhålla
404 441 37 22 båt
464 441 70 22 blifvit
557 441 100 26 bötfälld,
674 447 51 21 eger
740 440 97 28 afhjelpa

85 475 186 28 bristfälligheten.
293 476 126 21 Kostnaden
435 476 34 21 för
484 479 31 18 ett
531 476 68 27 dylikt
609 476 174 21 iståndsättande
793 475 43 21 kan

86 510 25 21 af
130 511 42 20 den
194 510 130 27 försumlige,
341 511 67 27 enligt
422 511 172 27 propositionen,
609 511 94 20 utmätas
719 511 36 20 två
770 511 67 26 dagar

86 544 56 21 efter
156 544 126 28 kungörelse
297 545 8 20 i
319 545 74 27 kyrka.
423 545 43 21 Det
481 545 61 21 torde
559 544 55 22 dock
629 544 46 21 icke
691 544 98 21 medföra
799 545 37 20 nå-

86 585 39 21 gra
147 578 132 28 svårigheter
300 578 34 22 för
355 580 48 24 den,
426 586 47 14 som
494 579 118 21 iståndsatt
627 578 71 26 båten,
715 581 33 18 att
763 579 73 20 derom

86 613 73 21 lemna
172 614 41 20 den
228 612 124 28 försumlige
369 613 90 27 bevislig
469 613 124 27 tillsägelse,
603 612 100 22 hvarföre
715 613 121 21 Ständerna

86 648 49 21 låtit
150 648 67 20 orden
235 647 66 21 >»efter
315 647 129 27 kungörelse
459 648 8 20 i
482 647 69 27 kyrka
565 647 64 21 eller»
646 648 58 26 utgå.
728 647 107 27 Ifrägava-

86 682 68 20 rande
169 682 104 27 paragraf
281 682 120 21 innehåller
412 682 75 21 vidare
497 682 239 22 ansvarsbestämmelse
746 682 34 21 för
789 681 46 22 båt-

86 716 98 26 roddare,
207 723 46 14 som
274 717 24 20 är
316 716 110 27 försumlig
442 716 53 21 eller
510 716 102 22 drucken.
642 716 50 21 Men
707 717 29 20 då
750 716 85 21 båtrod-

85 750 53 21 dare
153 750 19 28 ej
189 750 42 21 kan
247 750 111 22 betraktas
373 750 137 22 annorlunda
525 752 28 19 än
569 750 124 28 skjutskarl,
704 750 41 21 och
756 751 35 25 då,
801 757 34 14 en-

86 784 40 28 ligt
141 784 178 28 nästföregående
334 785 105 27 paragraf
447 784 150 22 föreståndare
607 784 34 22 för
651 784 150 28 skjutsanstalt
811 786 24 20 är

85 818 62 21 böter
157 819 153 25 underkastad,
321 826 35 13 om
366 819 43 21 han
420 820 79 20 sänder
510 819 95 21 drucken
616 826 77 20 person
704 821 32 19 att
745 819 89 27 skjutsa,

86 853 24 21 så
122 854 69 20 måste
201 853 162 22 föreståndaren
374 860 62 14 anses
446 853 102 21 förfallen
558 853 34 21 till
602 860 81 14 samma
694 860 84 18 ansvar,
789 853 46 21 ifall

86 887 144 22 båtroddaren
252 889 24 20 är
291 887 101 25 drucken,
408 888 113 21 hvaremot
535 887 152 26 båtroddaren,
703 895 35 14 om
752 887 43 21 han
811 889 24 19 är

86 921 111 28 försumlig
219 922 51 21 eller
285 922 119 21 uraktlåter
420 924 32 19 att
468 922 109 21 öfverföra
592 923 41 20 den
649 923 97 24 resande,
762 923 73 20 natur-

86 956 57 27 ligen
165 957 38 26 gör
225 957 32 27 sig
271 957 84 27 skyldig
370 959 33 18 att
419 956 52 28 sjelf
483 956 58 26 böta,
557 957 70 20 såsom
643 956 118 28 skjutskarl
777 956 7 21 i
799 957 36 26 dy-

86 990 31 21 lik
130 990 45 26 fall.
205 991 34 21 Då
253 991 79 21 allmän
348 991 36 27 lag
399 992 93 20 utsätter
506 991 63 21 böter
583 991 34 21 för
631 991 75 28 fylleri,
722 992 62 20 torde
799 992 36 20 det

85 1025 20 27 ej
128 1032 53 14 vara
196 1025 53 26 skäl,
266 1027 31 19 att
313 1025 101 21 särskildt
430 1025 105 27 påminna
550 1033 41 18 om,
608 1028 33 18 att
655 1025 7 21 i
677 1026 36 21 det
728 1032 41 15 ena
785 1025 51 21 eller

85 1060 69 20 andra
176 1059 61 22 fallet
259 1060 95 21 drucken
373 1060 130 21 båtroddare
520 1059 55 22 skall
589 1059 84 22 utöfver
688 1062 101 19 ansvaret
803 1059 33 22 för

83 1093 164 22 försummelsen
262 1094 51 21 böta
328 1094 34 21 för
376 1094 100 32 fylleriet.

153 1129 11 25 8
187 1128 27 21 37
229 1128 119 21 innehåller
363 1128 111 21 allmänna
489 1128 161 28 bestämningar
665 1136 34 13 om
714 1128 121 26 fördelning

85 1162 41 21 och
140 1162 136 28 förvandling
291 1162 25 22 af
328 1162 68 26 böter,
412 1170 53 18 som,
477 1162 68 28 enligt
555 1164 72 20 denna
637 1162 42 28 lag,
690 1163 95 24 ådömas,
796 1162 40 21 och

83 1197 26 20 är
124 1196 137 28 likalydande
276 1198 49 20 med
341 1198 13 25 8
370 1198 27 20 29
413 1198 5 18 i
434 1197 170 27 propositionen.

153 1231 105 27 Slutligen
276 1231 65 21 hafva
356 1231 124 21 Ständerna
495 1232 69 20 under
579 1233 11 25 $
605 1232 28 20 38
647 1231 67 21 infört
730 1231 7 21 i
752 1230 84 22 författ-

84 1265 167 28 ningsförslaget
266 1272 26 14 en
307 1265 81 21 allmän
402 1265 139 28 bestämning
556 1272 34 14 om
605 1265 76 22 besvär
691 1265 59 22 öfver
761 1271 75 21 guver-

83 1300 51 20 nörs
157 1300 77 26 åtgärd
256 1300 8 20 i
278 1299 43 21 alla
337 1300 26 20 de
378 1300 104 25 ärenden,
497 1299 89 22 hvarom
601 1300 8 20 i
623 1299 103 27 förslaget
742 1300 94 26 stadgas,

84 1334 8 20 i
114 1334 72 21 stället
209 1334 33 21 för
264 1336 33 19 att
312 1334 29 27 på
355 1334 59 21 olika
429 1334 78 21 ställen
523 1340 99 21 upprepa
638 1341 82 14 samma
735 1334 101 26 stadgan-

84 1369 49 24 den,
156 1368 89 21 hvarvid
267 1369 40 20 den
329 1368 33 21 tid
385 1368 24 21 af
426 1368 63 21 nittio
505 1369 74 26 dagar,
595 1368 87 21 hvilken
697 1368 68 26 enligt
780 1368 36 26 lag
830 1367 7 20 i

83 1402 120 21 allmänhet
221 1403 25 20 är
260 1402 142 21 föreskrifven
417 1401 34 22 för
467 1402 87 22 besvärs
569 1402 138 21 inlemnande
722 1401 34 22 till
770 1401 67 21 Sena-

83 1439 38 18 ten
142 1436 119 22 förkortats
281 1436 33 21 till
329 1436 123 28 fyratiofem
469 1437 73 26 dagar,
559 1437 138 21 alldenstund
712 1438 31 19 ett
758 1434 79 28 skynd-
