1025 1661
147 315 38 23 $3

142 1037 39 21 $4

142 1207 10 21 $
164 1208 16 17 5.

140 1372 10 20 $
162 1371 16 16 6.

236 115 25 20 12
434 114 29 23 U:
478 113 65 24 B;'—'
553 111 78 32 Prop.
647 105 47 34 N:o
704 115 38 22 29.

207 178 103 20 sitionens
327 178 26 21 12
368 180 11 23 $
394 179 78 26 intagit
490 178 129 27 stadgandet
634 185 42 20 om,
690 177 75 22 hvilka
781 179 36 20 det
832 179 129 20 tillkommer

207 214 32 18 att
253 212 96 21 bestrida
370 211 120 22 kostnaden
508 212 33 21 för
560 210 77 29 skjuts-
653 208 43 26 och
710 211 251 29 gästgifverihällningen

180 256 4 4 .
207 246 7 20 i
230 246 47 20 stad
297 246 39 20 och
351 246 91 27 köping.
473 247 99 20 Derefter
590 247 39 20 har
647 246 107 21 utskottet
773 247 7 20 i
796 241 14 30 $
822 247 12 20 2
850 246 111 21 definierat

208 280 40 20 och
270 278 158 23 beskrifvit'de
446 280 58 21 olika
521 279 89 29 slag
584 274 27 39 af
627 279 236 29 skjutsanstalter'
824 274 40 39 som
881 280 79 20 hädan-

209 313 55 21 efter
279 313 62 21 skola
356 313 89 21 firinäs'i
460 314 78 21 landet.
569 313 121 22 Utskottets
712 317 4 22 $
732 314 11 20 3
760 317 24 18 är
798 313 162 22 åter
854 309 14 35 i
872 313 88 22 hufvud-

205 347 39 21 sak
259 347 233 22 öfverernisstämmande
507 348 48 21 med
571 350 10 23 $
596 349 12 20 3
624 348 6 20 i
634 348 170 28 propositionen
816 348 40 21 och
868 349 90 20 bestäm-

206 388 51 20 mer,
271 382 8 19 i
294 382 68 20 likhet
377 382 48 21 med
440 382 76 27 denna,
532 381 57 22 hvad
604 389 45 14 som
660 383 40 21 bör
710 383 7 20 i
727 378 59 32 regel
797 382 76 28 utgöra
883 382 76 27 skjuts-

205 416 42 27 lag.
277 416 49 20 Men
348 416 29 20 då
396 417 161 26 propositionen
579 415 126 28 innehåller,
725 419 32 18 att
781 415 125 29 skjutslaget
924 415 35 21 mä

206 450 90 21 omfatta
317 450 65 21 äfven
400 453 31 18 ett
453 453 68 18 större
540 451 87 20 område
646 453 26 19 än
689 451 97 26 häradet,
802 451 38 20 har
855 451 105 20 utskottet

205 486 71 18 ansett
295 484 76 27 nödigt
388 480 62 36 vara,
462 486 31 19 att
515 485 67 20 ändra
598 485 61 21 detta
674 485 33 20 till
722 485 37 20 det
774 484 138 27 allmännare,
928 487 31 18 att

205 518 128 27 skjutslagei
355 519 35 20 mä
404 519 90 20 omfatta
510 521 31 18 ett
555 521 62 19 annat
632 518 94 27 område,
742 519 24 20 sä
782 519 63 20 framt
860 519 100 26 samtliga

205 551 138 27 skjutslagets
366 553 124 19 kommuner
505 553 73 28 derom
594 553 33 27 sig
643 553 83 21 förena.
756 553 42 20 Det
814 554 23 18 är
852 553 107 26 nemligen

205 585 114 21 utskottett
344 586 95 27 mening,
464 588 31 19 att
517 587 92 26 mycken
634 587 84 20 lättnad
742 593 50 14 vore
812 589 32 18 att
859 587 101 20 förvänta

205 619 68 25 deraf,
296 626 34 14 om
358 620 127 21 åtminstone
500 621 28 26 på
543 621 67 27 några
626 623 58 18 orter
699 621 128 21 kommunen
842 621 73 20 kunde
929 623 30 17 ut-

205 657 53 24 göra
279 654 112 26 skjutelag.
420 653 43 22 Det
484 658 24 17 är
529 655 66 20 också
611 655 28 20 all
663 655 137 21 sannolikhet
814 655 35 21 för
865 656 90 25 handen,

206 690 31 18 att
256 689 3 19 i
274 688 79 27 många
374 688 91 20 härader
482 688 90 21 trafiken
591 692 24 17 är
631 690 24 19 så
667 690 69 26 jemnt
752 689 103 26 fördelad,
871 691 32 18 att
917 689 42 21 den

205 723 86 26 ringare
313 722 88 26 olikhet,
422 729 44 14 som
489 723 101 27 möjligen
610 724 42 20 kan
672 723 134 21 förekomma
827 724 90 20 förbises
936 724 24 20 af

205 756 161 26 kommunerna,
388 756 27 20 då
437 756 137 28 möjligheten
598 759 32 18 att
652 757 29 27 få,
702 757 121 21 oberoende
846 758 23 20 af
886 758 73 26 andra,

205 790 67 21 ordna
291 791 33 20 sin
342 790 171 28 skjutshållning,
530 791 99 27 erbjuder
644 792 49 20 dem
709 792 135 26 väsendtliga
859 792 100 20 fördelar.

205 824 33 20 Då
253 824 37 20 det
305 824 119 20 emellertid
447 824 100 28 möjligen
563 825 71 21 kunde
649 825 79 26 hända,
744 827 32 19 att
793 825 93 21 flertalet
900 826 59 20 kom-

204 864 75 14 muner
294 858 49 20 med
358 859 85 26 ringare
458 858 197 28 skjutsningstunga
673 859 69 21 skulle
757 860 53 26 vilja
822 859 139 27 undandraga

205 893 32 26 sig
253 894 32 19 att
299 892 85 21 biträda
399 893 28 20 em
440 894 85 19 svårare
543 893 114 27 "besvärad,
678 894 38 20 har
735 900 26 14 en
777 893 59 27 dylik
852 894 107 20 öfverens-

204 926 119 21 kommelse
341 928 72 26 'gjorts
435 927 107 21 beroende
567 927 24 20 af
611 928 101 26 samtliga
731 928 135 20 kommuners
892 927 67 26 bifall,

204 960 147 21 hvarförutom
368 960 138 22 "Guvernören
520 962 6 19 i
543 961 42 20 alla
600 961 38 21 fall
653 964 64 24 utgör
728 962 36 20 det
775 961 106 27 naturliga
889 961 72 21 stödet

204 994 33 20 för
252 994 148 20 minoritetens
416 995 40 20 och
472 995 153 20 allmänhetens
641 997 49 19 rätt.
751 996 1 3 i

263 1028 75 20 Såsom
362 1028 91 20 särskild
475 1029 100 27 paragraf
592 1029 49 20 med
655 1029 99 20 nummer
768 1030 13 19 4
796 1029 39 21 har
855 1029 105 20 utskottet

205 1062 94 20 derefter
313 1062 67 21 infört
394 1063 28 26 på
437 1063 59 21 detta
513 1063 64 21 ställe
593 1066 10 22 $
619 1063 26 21 12
661 1064 25 21 af
699 1070 68 20 prop.,
783 1064 24 20 så
822 1063 45 21 vidt
882 1063 40 20 den
939 1064 20 26 ej

204 1096 67 20 redan
289 1096 89 27 intagits
397 1097 7 19 i
425 1099 10 22 $
452 1098 18 25 1,
483 1098 67 25 jemte
569 1104 76 13 senare
660 1099 119 18 momentet
794 1097 24 20 af
830 1098 129 26 propositio-

204 1136 52 14 nens
271 1131 14 19 4
300 1132 17 24 $,
333 1130 34 20 för
382 1132 32 18 att
428 1133 76 24 genast
517 1131 66 20 hafva
600 1131 77 21 ordnat
693 1131 191 27 skjutshållningen
895 1131 63 20 äfven

203 1165 8 19 i
227 1164 48 21 stad
290 1164 41 21 och
346 1165 88 26 köping.

274 1197 71 22 Sedan
367 1197 105 22 utskottet
491 1199 9 20 i
522 1201 10 23 $
555 1201 12 18 5
593 1199 117 26 faststäldt,
726 1201 32 19 att
780 1199 179 28 gästgifverihäll-

204 1231 79 27 ningen
305 1232 29 27 pä
351 1232 81 27 landet,
450 1233 108 20 äfvensom
577 1234 27 20 de
624 1234 207 20 reservstationerna
846 1233 39 20 och
900 1235 59 25 post-

203 1265 107 27 gärdarne
332 1266 115 27 äliggande
468 1267 155 27 skyldigheter,
645 1268 55 20 böra
721 1274 77 21 genom
818 1267 140 27 obligatorisk

204 1300 143 31 entreprenad
362 1300 110 30 fullgöras,
486 1301 81 21 hvilket
582 1302 41 20 ock
634 1302 39 29 bör
685 1302 37 20 ske
731 1302 40 20 vid
781 1301 180 28 gästgifverierna

203 1333 28 20 dä
253 1340 71 14 annan
347 1335 119 27 ersättning
481 1338 33 18 än
536 1336 107 20 fastställd
665 1335 188 28 skjutslega'icke
866 1336 92 24 fordras,

203 1367 102 27 öfvergär
320 1368 107 21 utskottet
439 1369 7 20 i
462 1370 32 19 sin
510 1370 42 19 6:te
567 1370 34 25 $,
596 1363 14 37 i
614 1371 110 19 närmaste
738 1368 221 22 öfverensstämmelse

203 1401 48 20 med
277 1406 82 15 samma
384 1404 10 22 $
416 1402 26 20 af
460 1403 78 26 nädiga
562 1404 169 26 propositionen,
752 1403 32 20 till
804 1403 118 20 'ordnandet
938 1402 24 20 af

202 1434 149 28 skjutsningen
371 1435 10 20 i
403 1436 132 27 skjutslaget,
558 1437 150 21 beräknandet
730 1437 25 20 af
768 1437 53 20 hela
835 1437 41 20 den
891 1437 68 26 derpä

273 1474 128 18 Sammansatta
413 1475 47 23 Lag-
472 1476 30 17 och
513 1476 177 18 Ekonomiutskottets
703 1476 106 18 betänkande
821 1475 34 18 N:o
868 1477 16 16 4.
