1025 1664
224 111 13 20 4
425 109 25 23 U.
466 110 23 22 B.
505 122 29 3 —
549 110 65 29 Prop.
633 110 39 22 N:o
688 108 34 23 23.

196 175 83 22 skottet
294 175 116 28 utredning
424 176 7 21 i
447 176 39 21 sitt
500 175 138 23 betänkande
654 176 41 22 N:o
714 177 25 20 14
755 181 34 16 om
806 176 99 27 samtliga
920 175 35 22 vid

194 210 133 27 landtdagen
348 210 24 22 år
393 212 54 20 1882
469 211 81 21 äskade
566 211 75 26 anslag
656 217 27 15 m.
699 217 27 15 m.
757 209 29 22 Af
799 210 68 27 sagda
881 211 75 21 utred-

194 245 52 26 ning
260 244 95 27 framgår
370 247 33 20 att
417 245 288 22 kommunikationsfondens
720 244 115 28 tillgångar
845 245 34 21 väl
889 244 67 23 förslå

194 281 33 20 att
241 279 98 22 bestrida
353 279 163 28 ifrågavarande
531 279 71 28 utgift.

262 314 31 21 På
313 315 70 26 grund
403 314 24 22 af
444 315 37 21 det
501 313 89 23 anförda
608 313 32 22 får
659 314 114 22 Utskottet
791 313 85 22 derföre
891 315 63 20 vörd-

192 350 57 20 samt
263 348 82 23 föreslå

366 414 31 19 att
411 411 122 27 ständerna,
548 411 48 22 med
610 411 154 27 godkännande
779 413 8 20 i
801 411 119 27 hufvudsak
931 412 27 27 af

297 446 40 21 den
359 447 80 27 nådiga
459 446 166 27 propositionen,
645 446 47 21 ville
711 446 34 27 för
763 446 147 27 fullbordande
930 447 27 26 af

296 481 167 27 Tammerfors—
472 481 56 22 Vasa
542 481 203 28 jernvägsbyggnad
763 481 68 21 under
850 481 25 21 år
889 482 63 21 1883

295 523 27 14 ur
339 515 281 28 kommunikationsfondens
636 515 115 28 tillgångar
766 516 75 21 anvisa
856 516 34 21 det
905 516 46 21 der-

296 550 32 21 till
342 551 77 27 nödiga
436 551 74 26 anslag
525 550 27 27 af
564 551 125 26 6,500,000
704 550 65 21 mark.

258 689 11 21 I
285 689 203 28 slutbehandlingen
503 689 23 22 af
539 690 60 21 detta
614 690 81 21 ärende
710 690 32 21 uti
758 690 113 22 Utskottet
886 689 63 23 hafva

192 723 93 28 deltagit
308 723 145 22 ordföranden
475 724 105 22 Mechelin
603 728 57 18 samt
681 725 148 21 ledamöterne
851 724 98 22 Friherre

189 758 69 27 Boije,
282 759 26 20 A.
332 758 129 28 Schauman,
484 759 148 27 Charpentier,
656 759 26 22 G.
705 759 24 22 Z.
751 759 109 27 Forsman,
883 759 66 28 Hjelt,

188 793 118 27 Johnsson,
326 793 63 28 Lyra,
410 793 90 27 Kurtén,
520 794 120 27 Lindblom,
660 794 85 27 Heikel,
765 793 98 28 Castrén,
879 794 68 26 Värri,

188 827 110 28 Kyander,
314 827 87 22 Hoikka
416 828 40 21 och
471 828 71 21 Häkli.

257 889 143 29 Helsingfors,
417 891 42 22 den
475 893 26 20 26
516 891 60 28 April
593 893 61 20 1882.

262 1425 125 24 Helsingfors,
399 1427 72 18 Finska
482 1427 219 23 Litteratursällskapets
714 1427 89 23 tryckeri,
816 1427 50 18 1882.
