1045 1664
300 192 52 27 deri,
373 194 31 20 att
421 200 24 14 en
461 193 55 21 bana
529 200 75 20 genom
621 187 131 27 Österbotten
766 193 9 21 i
789 193 92 27 främsta
896 200 56 15 rum-

299 229 41 19 met
354 228 65 20 måtte
432 228 48 21 med
495 228 67 21 arbete
578 228 103 27 beläggas.

265 279 138 22 Beträffande
418 280 46 22 åter
479 280 219 28 detaljsträckningen
714 279 23 22 af
748 280 71 22 denna
829 274 122 28 Österbott-

197 313 62 22 niska
274 314 62 27 bana,
352 314 63 22 hafva
430 315 64 21 dessa
509 314 64 22 stånd
588 314 97 22 förordat
700 314 52 22 hvar
768 314 32 22 sin
815 314 71 22 skilda
895 314 57 22 linie.

266 354 40 22 Vid
321 354 78 22 sådant
412 354 134 22 förhållande
560 355 43 21 kan
619 355 119 21 utskottets
749 355 204 28 sammanjemkning

197 388 46 22 afse
268 388 78 23 endast
367 389 74 27 frågan
464 396 34 16 om
522 390 40 22 den
582 392 99 20 närmare
700 390 152 27 sträckningen
872 390 22 22 af
912 390 41 21 den

199 419 178 27 Österbottniska
391 424 77 22 banan.

266 464 42 22 För
322 466 34 20 att
370 465 63 22 vinna
447 465 87 27 ledning
548 465 34 22 för
596 466 39 21 sitt
650 464 302 28 sammanjemkningsförslag,

197 499 39 21 har
257 499 108 23 utskottet
384 506 76 21 genom
478 500 112 22 skrifvelse
605 500 33 22 till
653 500 161 27 Ridderskapet
829 500 40 22 och
884 500 68 21 Adeln

197 534 96 27 anhällit,
317 536 33 20 att
371 535 88 22 ståndet
476 536 49 21 ville
541 535 68 22 uttala
626 535 33 27 sig
674 534 111 28 angående
801 534 152 27 sträckningen

197 568 24 22 af
235 568 41 22 den
293 564 176 28 Österbottniska
484 570 76 22 banan.
592 570 39 22 Till
647 576 48 16 svar
710 570 54 21 härå
774 570 39 21 har
823 569 129 22 Ridderska-

197 605 38 25 pet
258 604 40 21 och
320 604 69 22 Adeln
412 604 104 22 förklarat
540 605 46 27 ,sig
608 604 57 28 gifva
684 604 109 22 företräde
813 605 24 21 åt
855 610 27 16 en
896 604 57 22 bana

197 638 598 30 Nurmo—Jeppo—Lahnakoski—Kopsa—Uleåborg,
821 640 7 20 i
849 639 104 21 händelse

198 675 33 19 ett
253 674 303 28 sammanjemkningsförslag,
579 674 49 22 med
650 674 129 22 förordande
799 673 23 22 af
840 680 25 16 en
885 673 67 22 sådan

197 708 62 26 bana,
276 708 22 22 af
308 708 211 28 jernvägsutskottet
534 710 69 21 skulle
617 709 150 22 framställas".

267 749 117 22 Dessutom
406 750 39 22 har
467 750 108 22 utskottet
597 756 77 21 genom
692 748 199 29 protokollsutdrag
905 748 47 22 från

197 783 161 29 Ridderskapet
373 784 40 22 och
428 784 69 22 Adeln
513 784 40 23 och
569 784 165 22 Bondeståndet
748 783 82 27 erfarit,
847 785 32 20 att
890 784 64 21 dessa

198 818 65 22 stånd
277 818 43 22 fått
332 820 108 26 emottaga
450 819 125 27 inbjudning
585 818 47 23 från
642 818 185 28 Borgareståndet
837 819 33 20 att
880 817 74 23 förena

198 853 33 27 sig
253 854 49 21 med
326 854 118 22 detsamma
464 854 51 27 deri,
536 856 32 20 att
588 860 26 16 en
634 854 57 21 bana
705 853 46 22 från
766 852 95 28 Lillkyro
877 858 77 22 genom

197 888 156 22 kuststäderna
376 888 32 22 till
430 888 108 28 Uleåborg
560 888 77 22 främst
655 888 68 22 måtte
743 887 90 26 utföras,
853 893 47 16 men
921 889 33 19 att

197 922 58 22 båda
274 922 91 22 stånden
382 922 70 28 afböjt
467 922 140 23 omförmälda
621 922 133 28 inbjudning.
783 922 35 21 Då
833 922 43 21 alla
891 922 63 21 stånd

198 956 92 22 sålunda
310 957 99 22 omfattat
429 958 57 21 olika
506 957 223 28 detaljsträckningar,
745 956 68 22 ehuru
829 956 125 27 visserligen

197 992 86 21 Preste-
306 992 41 22 och
369 992 173 23 Bondeståndets
566 992 67 22 delvis
656 990 147 23 sammanfalla
826 990 39 22 och
885 990 69 22 öfver-

197 1026 143 28 hufvudtaget
356 1026 18 28 ej
391 1026 70 22 alltför
476 1027 86 27 mycket
576 1026 71 22 afvika
661 1026 48 22 från
723 1025 126 26 hvarandra,
865 1025 39 21 bar
920 1026 34 20 ut-

197 1061 85 22 skottet
304 1063 73 20 ansett
398 1061 112 27 möjlighet
529 1061 32 21 till
580 1060 205 28 sammanjemkning
805 1059 78 22 endast
898 1059 56 22 deri-

197 1102 78 21 genom
293 1096 73 22 kunna
384 1096 81 26 vinnas,
486 1098 32 20 att
538 1096 26 22 de
580 1096 133 28 synpunkter
728 1101 46 15 som
790 1094 57 28 gjort
861 1094 33 27 sig
909 1094 45 27 gäl-

197 1130 64 22 lande
277 1131 36 21 vid
328 1130 104 22 ståndens
446 1131 72 22 beslut
533 1130 71 22 såvidt
618 1130 85 28 möjligt
717 1129 64 22 afses.

267 1166 185 27 Borgareståndet
469 1166 39 21 har
524 1166 94 27 tydligen
633 1164 78 23 främst
726 1163 87 28 åsyftat,
829 1165 34 21 att
877 1164 27 21 de
918 1163 37 22 vid

197 1200 81 21 kusten
300 1200 112 27 befintliga
432 1200 144 27 trafikcentra,
597 1200 104 22 städerna
720 1199 68 22 måtte
803 1199 28 27 på
846 1198 109 28 möjligast

197 1234 88 23 direkta
303 1237 45 20 sätt
362 1235 111 22 förbindas
488 1235 49 22 med
552 1235 120 22 hvarandra
687 1233 42 23 och
744 1233 85 22 landets
843 1233 111 28 jernvägs-

196 1271 45 25 nät,
257 1269 140 28 hvarigenom
412 1270 64 22 dessa
492 1271 58 20 orter
565 1270 50 21 bäst
629 1269 74 22 kunde
717 1267 97 29 uppfylla
830 1267 33 22 sin
878 1267 40 22 roll
934 1266 23 22 af

197 1304 125 27 nederlags-
345 1304 40 22 och
408 1304 183 28 uppköpsplatser
609 1303 34 22 för
663 1304 38 21 det
715 1303 45 21 inre
776 1303 80 25 landet,
872 1301 84 22 hvilket

197 1339 47 21 åter
267 1339 7 21 i
296 1339 115 22 framtiden
430 1345 77 22 genom
526 1339 90 22 bibanor
633 1338 70 22 skulle
719 1339 69 20 sättas
803 1337 8 21 i
827 1337 128 26 begvämare

197 1373 143 22 förbindelse”
346 1373 48 22 med
410 1373 116 22 desamma.

266 1409 86 21 Preste-
368 1408 40 22 och
424 1407 168 23 Bondestånden
606 1407 63 22 hafva
683 1407 36 22 vid
735 1406 34 22 val
785 1405 23 22 af
816 1405 139 22 banssträck-

198 1442 52 27 ning
266 1444 74 21 ansett
354 1444 33 20 att
402 1443 38 22 det
454 1443 46 21 inre
515 1442 23 22 af
550 1442 80 27 landet,
647 1448 46 16 som
705 1443 24 20 är
738 1441 8 21 i
756 1440 83 22 saknad
851 1439 24 22 af
883 1439 73 28 hvarje
