1023 1659
312 108 21 22 U.
350 106 23 24 B.
388 117 30 7 —
433 105 61 29 Prop.
511 106 38 23 N:o
565 106 37 23 26.
778 107 36 21 25

494 164 15 28 $
525 164 34 21 54.

288 203 61 22 Lika
363 203 53 22 med
431 205 13 26 8
460 204 27 22 58
502 204 9 21 i
526 203 181 29 propositionen.

468 346 26 24 5.
510 346 81 29 Kap.

308 392 42 28 Om
370 392 191 35 underställning
580 393 45 27 och
645 392 98 28 besvär.

498 464 16 24 $
527 463 38 20 55.

290 501 93 22 Momm.
402 503 53 20 1—4
478 501 163 29 Likalydande
665 501 53 22 med
740 503 101 20 motsva-

221 535 72 23 rande
307 543 92 15 momm.
416 536 8 21 i
438 537 189 28 propositionens
642 537 13 26 $
669 537 33 21 67.

290 571 70 22 Mom.
372 572 13 20 5
401 572 25 27 d)
444 579 41 20 nya
497 571 47 22 eller
556 571 96 21 ändrade
667 571 88 28 afgitter
771 573 13 18 &
801 572 40 20 den

223 605 109 21 allmänna
348 605 97 27 rörelsen,
462 606 109 28 äfeensom

290 640 70 21 Mom.
368 635 13 38 6
406 640 19 28 €)
440 640 88 28 delning
543 641 29 28 af
585 640 57 22 länet
657 643 7 18 i
681 642 34 19 två
731 640 47 21 eller
787 639 55 30 flere

222 675 207 28 länstingsomräden.

492 750 16 27 $
524 750 37 21 56.

296 788 144 23 Guvernörens
462 790 155 27 godkännande
633 790 110 28 erfordras
755 789 41 29 för
812 793 30 17 att

221 825 60 27 gifva
303 824 107 21 bindande
432 824 58 26 kraft
511 825 21 19 åt
555 824 122 28 länstingets
699 824 62 21 beslut
776 824 8 21 i
798 824 44 21 alla

223 859 71 29 öfriga
318 862 81 19 ämnen,
424 859 46 20 med
494 859 109 27 undantag
624 859 62 20 likvil
701 859 26 27 af
741 858 100 29 följande,

222 901 44 13 som
288 893 112 21 ankommu
422 897 79 16 ensamt
521 895 32 27 på
575 893 120 28 länstingets
717 893 125 28 afgörande,

224 927 113 28 nämligen:

292 963 21 25 a)
333 961 70 28 fråga
426 966 33 16 Om
485 961 114 28 behörighet
622 965 31 18 att
675 965 48 25 taga
745 965 43 18 säte
807 961 35 22 och

222 999 88 18 stämma
326 997 7 19 i
349 995 125 28 länstinget;

292 1030 20 28 b)
329 1030 135 28 tillämpning
480 1032 26 27 af
520 1031 25 21 de
561 1032 8 19 i
583 1031 14 27 $
612 1031 29 21 21
657 1031 101 28 stadgade
776 1031 66 20 bötes-

223 1065 151 21 bestämmelser
380 1073 7 16 ;

293 1100 20 27 c)
328 1099 158 28 arbetsordning
496 1101 39 27 för
550 1099 111 28 länstinget
676 1100 35 21 och
730 1099 113 27 ordnings-

224 1133 68 28 reglor
308 1133 30 21 till
353 1134 133 27 efterrättelse
508 1135 36 20 vid
559 1135 74 28 tingets
648 1135 196 24 sammankomster;

292 1168 23 27 d)
330 1168 154 22 bestämmande
500 1171 26 25 af
540 1169 56 21 tiden
611 1171 36 24 för
661 1169 119 28 länstingets
790 1176 54 13 sam-

224 1203 136 25 manträden;

294 1237 20 27 €)
329 1237 99 21 hällande
443 1238 26 23 af
482 1239 79 19 urtima
576 1238 102 27 länsting;

289 1271 21 27 f)
332 1271 42 20 till-
399 1271 35 21 och
449 1272 122 28 afsätining
586 1273 26 28 af
624 1273 119 28 länstingets
758 1273 86 27 tjenste-

224 1308 49 17 män
290 1305 37 21 och
342 1305 95 28 betjente,
452 1311 56 16 samt
525 1307 139 28 uppgörande
679 1307 28 28 af
719 1307 125 21 instruktion

220 1339 40 28 för
276 1341 60 19 deras
352 1340 150 28 tjenstgöring;
519 1341 35 20 och

291 1376 22 26 g)
338 1375 157 21 bestämmande
519 1376 28 28 af
566 1377 67 19 sådan
649 1375 195 29 verkställighetsät-

222 1408 64 27 gärd,
301 1416 43 13 som
360 1408 133 28 ovilkorligen
503 1410 64 28 följer
577 1411 28 27 af
614 1414 26 18 ett
651 1410 122 28 länstingets
779 1410 65 28 förut

224 1442 106 27 vidtagna,
344 1442 127 28 fastställda
488 1444 70 21 beslut.

155 1480 143 19 Sammansatta
311 1484 49 21 Lag-
373 1483 33 17 och
418 1484 193 19 Ekonomiutskottets
624 1486 115 18 betänkande
751 1491 33 13 n:o
797 1486 17 18 8.
