1028 1664
232 118 25 20 12
418 117 29 22 U.
462 117 28 23 B.
504 130 28 4 —
544 117 75 28 Prop.
634 117 42 23 N:o
693 117 37 22 18.

202 180 61 20 ende.
293 180 214 27 Försäkringsbolag,
529 181 63 20 hvars
615 181 91 27 styrelse
729 183 24 18 är
775 181 58 19 utom
860 180 96 26 Finland,

202 216 63 25 utgör
281 221 81 14 samma
377 215 116 26 bevillning
508 215 34 21 för
557 215 120 21 inkomsten
693 215 24 21 af
730 215 49 20 dess
794 215 80 20 rörelse
889 215 6 20 i
911 215 45 19 lan-

202 248 37 21 det
253 249 68 27 enligt
337 251 102 25 agentens
455 249 90 28 uppgift.

551 313 18 24 $
583 312 22 21 8.

271 351 55 20 Från
343 351 118 27 utgörande
477 352 24 19 af
514 352 211 26 inkomstbevillning
741 354 37 17 äro
795 350 122 21 frikallade:

271 387 23 23 a)
309 385 129 21 Kommuner
460 386 39 21 och
515 386 100 27 kyrkliga
629 386 150 26 församlingar,
795 385 162 26 vetenskapliga

202 419 142 27 inrättningar
363 420 41 21 och
419 420 223 27 undervisningsverk,
658 420 155 27 hushållnings-
829 419 40 21 och
885 419 69 20 landt-

202 453 167 28 brukssällskap,
393 454 289 27 barmhertighetsstiftelser,
703 454 183 27 stipendiifonder,
904 460 50 20 pen-

201 487 142 27 sionskassor,
366 489 137 26 sparbanker,
526 489 191 21 lifränteanstalter
741 488 41 21 och
801 487 111 21 inhemska
927 488 28 26 på

202 522 115 27 ömsesidig
333 523 137 28 ansvarighet
484 523 110 28 grundade
609 523 210 27 försäkringsbolag;

270 556 22 27 b)
315 557 68 21 finske
405 558 147 27 medborgare,
573 558 79 26 hvilka,
672 558 33 20 för
721 557 58 20 tiden
796 557 85 20 bosatte
896 558 58 18 utom

202 589 97 28 Finland,
315 591 80 21 utrikes
414 591 70 21 drifva
502 592 75 27 näring
596 592 52 20 eller
665 591 62 28 yrke,
743 591 46 20 från
804 590 152 21 inkomstskatt

202 623 33 21 för
250 624 151 28 behållningen
416 626 71 26 deraf;

269 659 19 27 c)
304 659 41 21 icke
359 660 63 24 finske
435 661 134 25 medborgare,
584 661 90 20 anstälde
690 661 34 19 vid
739 661 9 19 i
762 660 88 20 Finland
862 659 94 25 förlagda

200 693 61 25 ryska
284 695 83 24 trupper
385 695 48 20 eller
452 695 35 20 vid
504 695 62 25 ryska
584 695 60 20 civila
662 695 35 20 och
717 694 91 20 militära
822 693 134 26 myndigheter

200 727 49 20 eller
265 728 36 20 ock
320 729 35 19 vid
375 729 121 24 fremmande
510 729 87 20 makters
612 729 128 21 härvarande
755 728 97 23 konsulat,
869 727 87 25 såframt

200 761 41 20 icke
260 762 85 21 nämnda
360 769 98 19 personer
476 763 77 26 åtnjuta
572 763 32 20 lön
618 763 48 20 eller
681 763 65 20 andra
761 762 101 25 förmåner
876 762 13 19 å
903 761 53 24 finsk

201 797 42 18 stat
263 796 50 20 eller
332 797 51 20 inom
399 797 67 20 landet
479 798 70 24 utöfva
562 798 70 25 näring
646 797 35 21 och
696 797 81 23 rörelse,
796 797 9 19 i
811 796 69 20 hvilka
886 795 40 25 fall
933 795 23 20 de

200 830 36 19 äro
255 831 146 20 underkastade
421 832 123 25 beskattning
563 833 33 24 för
614 831 86 21 sålunda
720 831 51 20 inom
786 831 65 20 landet
865 830 90 25 förvärf-

200 864 39 20 vad
254 865 96 25 inkomst;

269 899 21 26 d)
309 899 42 21 icke
367 899 64 25 finske
445 900 133 27 medborgare,
599 901 73 20 hvilka
688 900 77 20 endast
779 899 70 20 såsom
865 897 89 21 resande

200 932 32 27 sig
252 933 7 20 i
278 933 90 21 Finland
387 935 114 26 uppehålla
523 935 40 20 och
582 935 38 20 här
634 934 97 21 hvarken
746 933 51 21 idka
812 933 75 26 näring
902 932 53 20 eller

200 969 37 17 äro
253 967 6 20 i
275 969 88 25 statens,
379 968 112 21 kommuns
506 969 53 20 eller
574 969 82 20 enskild
671 974 90 21 persons
772 968 65 26 tjenst
847 966 109 25 anstälde
945 962 13 37 ;

269 1003 22 23 e)
313 1002 145 21 innevånarne
481 1004 19 25 ej
519 1003 76 21 mindre
615 1004 9 19 i
640 1003 38 21 den
697 1002 96 26 egentliga
808 1000 145 27 Lappmarken,

199 1035 95 26 nemligen
311 1036 116 25 Enontekis,
443 1037 80 25 Kittilä,
539 1037 119 26 Sodankylä,
674 1036 128 25 Kuolajärvi,
819 1035 73 24 Enare,
912 1035 43 20 Uts-

193 1069 46 24 Joki
253 1070 35 20 och
302 1070 102 21 Kuusamo
420 1071 116 25 kommuner,
552 1073 26 19 än
591 1072 35 20 ock
640 1072 8 19 i
663 1070 142 21 Muonioniska
819 1069 95 20 kommun.

267 1104 20 27 7)
303 1104 38 27 arf,
357 1107 125 19 testamente
497 1106 52 20 eller
564 1105 64 28 gäfva
643 1105 32 20 till
691 1105 74 20 makar
781 1104 52 20 eller
844 1103 108 27 arfvingar

198 1137 6 20 i
221 1139 43 18 rätt
279 1143 52 22 upp-
346 1139 53 20 eller
414 1139 139 28 nedstigande
569 1140 41 20 led.

521 1232 64 26 Kap.
600 1232 30 21 IL

301 1299 142 24 Grunderna
457 1300 39 23 för
510 1301 146 22 inkomstens
666 1298 183 30 uppskattande.

547 1364 16 27 $
575 1347 22 49 9.

267 1414 36 20 All
325 1415 95 20 inkomst
441 1415 100 20 hänföres
560 1415 34 20 vid
614 1415 99 26 taxering
733 1413 31 20 till
780 1413 70 27 någon
866 1412 24 21 af
903 1412 48 20 de
939 1408 16 38 i

196 1449 17 24 $
227 1449 12 20 1
255 1451 109 25 upptagna
380 1449 41 20 fem
438 1449 128 26 kategorier.

267 1487 200 24 Bevillningsutskottets
479 1489 105 17 betänkande
595 1488 35 17 N:o
642 1489 16 16 5.
