1028 1664
287 103 28 22 U.
330 103 28 22 B.
375 117 26 3 —
417 103 72 28 Prop.
504 103 42 23 N:o
563 103 37 23 18.
780 105 11 18 7

71 167 134 27 stadgandet,
220 167 85 20 hvilken
319 167 80 26 jemväl
416 167 73 19 vunnit
504 167 115 20 utskottets
627 167 163 26 godkännande,
798 169 23 17 är

70 202 73 20 afsedd
160 203 31 19 att
207 201 120 30 förebygga
343 201 72 20 vidare
432 201 146 21 missförstånd
594 201 23 20 af
630 208 81 14 samma
726 201 52 27 slag.

149 236 13 26 $
184 237 14 19 8
220 235 59 25 (nåd.
302 242 60 20 prop.
386 238 10 22 $
419 236 40 26 14).
488 236 64 20 Mom.
568 236 19 26 c)
601 236 39 19 har
656 237 80 19 ansetts
752 235 69 20 tarfva

67 276 26 14 en
117 270 81 20 klarare
222 270 147 26 formulering,
390 269 119 27 hvarjemte
532 276 63 13 mom.
619 269 19 27 e)
658 269 162 27 kompletterats

67 304 47 20 med
131 304 112 26 anledning
259 303 62 20 deraf
335 305 31 18 att
381 303 40 20 den
437 305 17 24 $,
469 303 87 20 hvartill
571 303 38 20 här
624 303 107 27 hänvisas,
741 306 24 17 är
776 305 43 18 ute-

68 338 76 20 sluten.

137 372 84 26 Nädiga
235 371 172 27 propositionens
422 371 24 27 $$
464 371 82 20 15—18
562 372 56 26 utgä.

134 406 14 26 $
163 407 14 19 9
191 406 58 25 (näd.
266 412 59 20 prop.
341 406 13 26 &
373 405 41 27 19).
444 405 37 21 Uti
497 412 62 14 mom.
575 406 22 26 a)
608 408 23 18 är
642 405 74 27 tillagd
727 406 93 20 inkomst

67 440 23 20 af
111 440 101 27 fastighet
234 440 6 20 i
263 440 41 20 och
327 440 34 21 för
377 440 38 26 sig,
431 440 27 20 dä
473 440 97 20 deremot
585 440 40 20 den
641 440 93 20 inkomst
750 440 23 19 af
786 446 32 14 ar-

69 475 48 19 bete
141 474 40 21 och
203 474 170 26 rörelsekapital,
397 480 44 14 som
464 474 35 20 vid
512 474 104 27 jordbruk
632 474 98 26 erhälles,
746 474 23 20 af
782 474 36 20 Ut-

68 510 81 19 skottet
171 509 108 27 upptagits
294 508 67 20 under
376 509 112 27 kategorin
504 510 75 26 näring
595 509 39 20 och
650 509 80 20 rörelse
745 510 73 24 (mom.

68 543 32 27 0);
116 543 117 27 hvarjemte
248 543 157 27 uteslutningen
421 543 23 20 af
458 544 171 26 propositionens
645 544 13 26 $
673 544 12 19 8
694 543 80 27 jemvä!
782 543 36 20 be-

68 578 69 26 tingar
153 577 143 20 uteslutandet
311 577 24 20 af
349 577 89 21 sednare
454 577 64 21 delen
534 578 23 20 af
571 584 61 14 mom.
648 577 29 27 a).

135 611 83 27 Nädiga
233 612 171 26 propositionens
420 614 21 22 $$
458 611 83 20 22—23
558 612 57 26 utgå.

133 646 17 24 $
171 646 34 19 12.
228 645 59 25 (nåd.
310 652 61 20 prop.
387 646 13 26 &
416 646 43 24 24).
489 646 33 20 De
536 646 39 20 här
589 646 105 26 ingående
710 644 107 21 föreskrif-

67 682 59 17 terna
149 686 33 13 om
204 679 55 21 hvad
282 680 7 19 i
304 679 194 27 bevillningslängd
513 680 39 20 bör
567 680 79 20 införas
662 680 70 26 hafva,
748 680 69 19 såsom

65 714 131 20 hänförande
211 714 32 26 sig
260 714 31 19 till
304 713 247 27 bevillningsnämndens
560 714 134 27 äligganden,
703 714 114 20 öfverförts

67 748 30 19 till
121 750 10 22 $
153 748 27 19 22
197 747 58 28 (näd.
271 754 61 20 prop.
349 750 10 22 $
375 748 45 26 45),
432 748 38 20 der
486 748 67 20 andra
569 748 130 27 stadganden
715 748 7 20 i
738 754 80 14 samma

66 781 56 26 syfte
137 781 57 21 förut
208 782 140 20 förekomma.

133 816 17 24 $
171 816 25 20 14
219 816 59 25 (nåd.
293 822 60 20 prop.
370 818 10 22 $
396 815 40 27 26).
466 816 58 21 Enär
540 816 37 20 fall
592 816 71 20 kunna
678 816 139 25 förekomma,

66 849 27 20 dä
114 849 203 27 bevillningsnämnd
339 850 77 20 saknar
431 850 28 20 all
474 850 88 27 ledning
577 850 32 20 för
624 850 157 27 uppskattande
796 850 24 20 af

65 890 26 14 en
107 890 87 20 persons
209 884 99 26 inkomst,
324 884 38 20 har
377 884 36 20 det
428 886 60 24 synts
504 885 75 27 nödigt
594 886 31 19 att
640 884 76 27 stadga
724 886 30 19 ett
764 884 52 27 älig-

66 918 69 26 gande
151 918 33 20 för
199 918 215 26 bevillningsskyldig
430 920 37 24 att,
484 918 38 21 der
531 919 23 19 sä
562 919 70 26 äskas,
640 919 98 20 meddela
745 922 72 16 nämn-

66 952 40 20 den
129 952 78 26 nödiga
223 952 160 27 upplysningar,
398 952 35 20 vid
450 952 76 21 förlust
542 953 23 20 af
579 955 42 18 rätt
636 955 31 18 att
682 953 60 21 öfver
758 955 58 18 taxe-

65 986 73 26 ringen
154 986 33 26 sig
201 986 96 20 besvära.

133 1020 83 26 Nädiga
231 1020 172 27 propositionens
418 1020 25 27 $$
458 1020 80 21 28—38
555 1022 56 26 utgä.

301 1077 27 21 A.
344 1076 237 29 Bevillningsnämnd.

133 1116 13 27 $
169 1118 27 19 19
219 1117 56 26 (näd.
297 1124 60 20 prop.
381 1120 9 22 $
414 1118 44 25 42).
488 1118 48 20 Den
554 1118 29 20 uti
599 1118 69 20 denna
683 1120 10 22 $
709 1120 109 25 upptagna

66 1157 42 20 nya
129 1152 89 26 princip,
241 1153 31 19 att
295 1152 144 27 ersättningen
463 1152 33 20 till
516 1152 215 26 bevillningsnämnds
747 1152 70 21 ordfö-

65 1185 66 20 rande
153 1186 40 20 och
207 1186 119 20 ledamöter
341 1186 40 21 bör
396 1187 23 20 af
432 1187 154 20 kommunerna
601 1187 111 26 bestridas,
726 1187 38 20 har
780 1186 36 20 Ut-

65 1219 81 20 skottet
169 1222 70 18 ansett
261 1220 95 27 antaglig
376 1221 23 20 sä
415 1221 34 20 väl
465 1221 29 26 pä
510 1221 40 20 den
566 1220 74 27 grund,
656 1223 30 18 att
702 1221 40 20 den
757 1221 59 19 kom-

67 1254 84 20 munala
174 1255 124 26 taxeringen
321 1257 24 17 är
367 1254 114 27 ifrägasatt
498 1257 31 18 att
544 1255 79 26 stödjas
638 1255 28 27 pä
681 1255 135 26 bevillnings-

65 1288 132 27 taxeringen,
225 1295 45 14 som
294 1289 89 20 emedan
408 1289 125 27 härigenom
556 1289 80 20 sädana
658 1289 160 26 oformligheter

65 1321 137 28 förebyggas,
221 1325 32 17 att
268 1323 144 20 kostnaderna
428 1323 33 20 för
477 1323 125 27 taxeringen
619 1323 70 27 uppgä
704 1323 32 20 till
750 1322 68 27 högre

65 1357 77 26 belopp
165 1360 27 17 än
215 1357 120 21 inkomsten
359 1358 24 19 af
397 1358 153 27 bevillningen,
566 1359 69 20 säsom
652 1359 22 19 är
691 1358 53 20 1878
760 1357 58 20 skett

66 1393 13 18 t.
95 1397 33 13 ex.
145 1391 29 20 uti
190 1391 72 21 Kökar
277 1392 108 26 kommun,
401 1392 37 20 der
454 1392 119 27 bevillning
589 1391 134 21 uttaxerades
739 1391 31 20 till
781 1398 35 13 en-

65 1424 48 20 dast
135 1425 27 20 80
185 1426 70 26 penni,
278 1425 76 21 medan
380 1426 146 21 kostnaderna
544 1426 106 27 uppgingo
666 1425 32 20 till
715 1425 25 20 36
757 1425 60 20 mark

133 1475 198 24 Bevillningsutskottets
344 1477 105 18 betänkande
461 1477 35 18 N:o
509 1478 17 17 5.
