1039 1661
315 93 63 20 Ständ.
395 95 28 18 Sv.
440 104 28 3 —
483 94 54 23 Prop.
554 94 30 19 N:o
599 93 32 20 24,
811 95 11 18 5

163 149 245 41 Åbo—Tammerfors—
415 158 134 21 Tavastehus
563 158 102 27 jernväg:

95 193 160 28 genomgående
278 191 216 28 passagerare-trafik
518 204 25 3 —
561 195 27 19 58
597 193 27 26 %
645 192 22 22 af
685 193 49 21 hela
749 198 104 21 passage-

559 227 140 22 raretrafiken
716 227 40 22 och

173 278 10 10 ä
323 262 53 26 gods
515 274 27 3 —
558 264 26 19 55
595 262 24 26 %
645 262 23 21 af
688 262 49 21 hela
753 262 99 26 godstra-

558 296 64 26 fiken,
640 298 56 20 samt

165 330 13 21 å
192 330 203 28 Hangö—Hyvinge
408 330 100 27 jernväg:

97 364 162 28 genomgående
281 364 215 28 passagerare-trafik
516 376 28 4 —
559 367 25 19 21
595 366 27 25 %
643 364 23 22 af
683 365 50 21 hela
750 370 102 22 passage-

448 405 6 4 E
557 399 142 22 raretrafiken
715 399 40 22 och

173 450 10 10 »”
324 433 52 27 gods
449 450 9 9 »
514 445 28 3 —
558 435 61 25 44%
639 433 21 22 af
682 434 50 21 hela
754 434 99 27 godstra-

558 468 64 22 fiken.

166 502 108 22 Särskildt
296 503 170 21 beaktansvärdt
490 505 24 19 är
532 503 116 22 resultatet
663 503 35 22 vid
712 497 141 28 Åbo—Tam-

96 537 254 21 merfors—-Tavastehus
364 537 90 27 jernväg
469 538 49 21 med
534 538 50 21 dess
600 538 135 26 ändpunkter
750 531 46 27 Åbo
813 537 40 21 och

97 572 149 26 Tammerfors,
262 572 72 21 hvilka
349 571 95 27 framstä,
462 572 40 22 den
513 572 57 22 förra
581 578 76 21 genom
666 572 33 21 sin
707 571 146 22 blomstrande

96 606 79 22 handel
191 606 41 22 och
248 606 41 21 den
305 612 76 16 senare
396 612 76 20 genom
489 607 33 21 sin
535 606 92 22 industri
643 608 56 20 samt
715 607 71 21 säsom
801 612 52 21 upp-

97 640 138 28 samlingsort
257 640 33 22 för
313 641 40 21 den
368 640 104 22 norrifrän
489 641 129 21 kommande
634 640 97 22 trafiken.
761 640 34 22 Dä
810 640 44 21 lika

97 674 122 28 betydande
235 674 139 22 trafikcentra
382 675 34 21 vid
428 676 26 20 de
460 676 122 26 jernvägar,
592 682 46 15 som
646 675 113 21 framdeles
768 675 85 21 komma

97 711 33 19 att
144 709 89 27 byggas,
249 710 47 21 icke
312 709 74 27 finnas,
402 710 70 22 mäste
488 710 35 22 vid
539 710 65 22 dessa
618 710 143 22 förhällandet
775 709 79 22 mellan

97 743 58 22 lokal
178 744 41 22 och
235 744 159 27 genomgående
410 744 64 22 trafik
490 745 64 21 ställa
570 745 33 27 sig
619 747 58 19 ännu
692 750 161 22 gynnsammare

97 778 33 22 för
153 778 40 22 den
216 778 63 22 förra.
309 778 69 22 Häraf
392 779 61 27 följer
468 781 33 19 att
517 779 144 27 befolknings-
678 779 39 21 och
733 778 120 27 förmögen-

97 812 213 22 hetsförhållandena
332 814 7 20 i
362 814 41 21 den
424 814 106 26 landsdel,
555 820 45 15 som
624 814 70 21 banan
709 813 144 27 genomlöper,

97 847 62 22 äfven
180 848 8 20 i
211 848 63 27 detalj
296 848 38 21 bör
350 848 56 21 afses
423 849 71 21 såsom
510 848 117 22 utöfvande
644 850 31 19 ett
691 847 115 28 afgörande
822 847 31 21 in-

96 881 95 28 flytande
206 883 28 26 på
250 883 80 20 banans
346 883 94 26 riktning
456 883 40 21 och
511 883 56 26 läge.

165 916 32 21 På
212 916 68 27 grund
297 917 23 21 af
330 917 281 27 jernvägskommissionens
627 917 114 27 utredning
749 916 40 22 och
797 916 56 22 hvad

97 951 7 20 i
120 951 37 21 det
171 950 130 28 föregående
317 951 88 26 anförts,
421 958 52 15 anse
490 952 121 21 Ständerna
627 953 38 25 att,
682 952 35 21 vid.
732 953 121 25 uppgöran-

97 985 38 21 det
158 985 23 21 af
200 985 84 22 landets
298 986 146 27 jernvägsnät,
460 985 95 28 följande
571 986 141 27 grundsatser
727 986 53 21 böra
795 985 58 28 tjena

96 1019 33 21 till
145 1019 99 28 ledning:

168 1055 40 24 1:0)
232 1054 32 21 De
294 1061 40 20 nya
351 1055 142 27 jernvägarne
509 1055 53 21 böra
576 1055 101 21 förbinda
692 1055 26 21 de
734 1053 119 28 aflägsnare

97 1088 87 21 delarne
207 1088 23 21 af
250 1089 74 21 landet
345 1090 49 20 med
413 1089 67 21 redan
496 1089 85 27 färdiga
594 1090 114 26 jernvägar
723 1089 40 21 och
779 1089 74 21 dervid

96 1122 60 21 ledas
179 1128 77 20 genom
280 1123 26 21 de
320 1122 127 22 folktätaste
463 1124 41 20 och
519 1129 78 21 genom
615 1122 239 28 förmögenhetsförhäl-

95 1156 79 22 landen
189 1158 57 20 mest
261 1158 108 20 utmärkta
384 1157 124 22 landsdelar
519 1158 32 20 till
560 1158 76 21 dessas
645 1157 144 26 trafikcentra,
799 1157 55 21 dock

97 1190 25 22 sä
137 1192 32 20 att
184 1190 234 28 hufvudsträckningen
434 1192 48 21 icke
499 1192 138 22 öfverhöfvan
652 1192 114 27 förlänges.

165 1226 43 25 2:0)
232 1226 32 21 De
279 1226 52 22 böra
346 1226 35 21 vid
396 1226 34 22 för
444 1226 93 22 trafiken
553 1226 103 28 lämpliga
670 1227 94 27 punkter
775 1226 79 22 beröra

97 1259 27 21 de
147 1261 60 20 stora
230 1262 182 26 vattensystemen
435 1261 7 20 i
466 1260 38 22 det
519 1261 45 21 inre
581 1260 23 22 af
615 1260 74 22 landet
703 1263 56 19 samt
773 1260 80 26 hafvet,

97 1294 103 26 antingen
216 1294 83 22 direkte
315 1295 52 21 eller
382 1301 77 20 genom
474 1295 96 21 bibanor.

166 1330 42 23 3:0)
232 1329 32 21 De
286 1329 58 26 böra,
366 1329 71 21 sävidt
453 1330 61 21 detta
529 1331 52 19 utan
597 1331 70 20 större
683 1332 100 25 omvägar
799 1329 56 22 låter

97 1362 33 27 sig
145 1364 59 25 göra,
221 1363 67 27 draga
302 1364 119 21 bestäende
436 1363 96 22 fabriker
547 1364 40 21 och
603 1364 128 21 industriela
741 1364 113 21 inrättnin-
