1034 1661
307 396 244 22 Statsutskottets
573 394 180 23 betänkande
775 395 38 22 N:o
833 393 24 23 15

236 431 8 21 i
265 429 120 30 anledning
408 430 25 22 af
453 430 38 22 det
512 429 123 28 utlåtande,
658 435 45 17 som
718 429 101 29 afgifvits
834 428 26 23 af

237 465 42 22 den
301 464 36 23 för
356 464 167 29 undersökning
541 464 26 23 af
579 465 218 28 statsjernvägarnes
811 463 46 23 tra-

235 499 99 28 fikering
356 499 51 22 från
430 499 77 22 affärs-
530 499 41 22 och
586 499 92 22 teknisk
693 498 113 29 synpunkt
820 497 37 23 nå-

237 534 61 28 digst
312 533 96 23 tillsatta
423 533 89 23 komité.

169 604 79 22 Senast
262 602 129 22 församlade
407 603 89 21 ständer
512 602 86 23 anhöllo
609 603 32 21 uti
650 602 135 27 underdånig
796 600 62 23 skrif-

99 638 66 26 velse,
189 640 33 19 att
243 637 61 22 Hans
324 637 120 27 Kejserliga
459 637 104 27 Majestät
577 637 8 21 i
599 636 69 22 nåder
682 637 84 21 täcktes
782 635 76 22 tillför-

100 673 67 21 ordna
182 679 27 15 en
223 672 81 21 komité
321 671 22 22 af
357 671 83 22 erfarne
456 671 115 22 affärsmän
587 672 40 21 och
642 672 121 26 ingeniörer
775 670 34 22 för
819 671 39 25 att,

100 706 55 23 efter
178 705 137 29 omsorgsfull
336 706 162 28 undersökning
521 706 22 22 af
564 708 68 20 sättet
652 706 34 22 för
704 706 154 28 jernvägarnes

100 741 125 27 trafikering
248 740 47 22 från
317 740 74 22 affärs-
414 741 41 21 och
475 741 88 21 teknisk
579 741 114 27 synpunkt,
709 740 78 28 afgifva
802 739 56 22 utlå-

100 776 67 21 tande
189 775 92 22 rörande
305 775 27 21 de
354 774 156 28 förhållanden,
529 775 74 22 hvilka
618 775 107 22 föranledt
739 776 33 20 att
787 775 71 21 netto-

100 810 122 22 inkomsten
238 809 23 22 af
271 810 143 26 jernvägarne
430 810 55 21 varit
500 810 50 22 vida
564 810 83 22 mindre
662 812 27 19 än
704 809 23 22 af
740 808 92 23 trafiken
846 808 14 21 å

101 844 110 22 desamma
233 844 97 27 skäligen
348 844 83 21 kunnat
446 845 114 26 påräknas,
577 846 56 20 samt
648 843 80 23 föreslå
742 843 70 22 medel
827 842 32 23 till

102 878 139 28 aflägsnande
256 878 23 21 af
293 878 64 22 dessa
372 878 157 22 förhållanden.

170 913 71 22 Sedan
256 913 128 26 regeringen
398 913 7 21 i
422 913 60 22 detta
498 913 103 22 afseende
616 913 48 27 gått
678 913 127 21 ständernas
821 912 38 21 ön-

100 947 54 22 skan
170 947 33 21 till
219 948 68 21 mötes
304 947 41 22 och
361 947 41 22 den
417 947 164 22 tillförordnade
595 947 96 22 komitén
704 948 8 21 i
727 947 90 22 ärendet
828 945 31 22 af-

100 982 81 21 lemnat
203 984 32 19 ett
258 981 132 22 omfattande
413 982 120 27 utlåtande,
553 988 47 16 som
615 982 68 22 blifvit
697 982 33 21 till
745 981 62 27 tryck
822 980 37 22 be-

99 1016 99 22 fordradt
213 1016 40 22 och
269 1017 123 26 ständerna,
409 1017 67 27 enligt
492 1017 63 22 deras
577 1017 70 21 tillika
662 1017 75 28 gjorda
752 1015 107 26 anhållan,

101 1051 108 27 delgifvet,
225 1051 62 21 hafva
304 1051 99 27 samtliga
419 1051 92 22 stånden
530 1052 122 21 remitterat
666 1051 68 27 sagda
748 1049 112 23 utlåtande

100 1085 32 22 till
150 1085 181 22 Statsutskottets
347 1085 168 27 handläggning.
762 1109 3 4 N

169 1120 114 21 Utskottet
305 1126 64 15 anser
392 1120 33 27 sig
440 1120 48 22 icke
503 1120 128 28 kompetent
646 1121 32 21 att
693 1120 50 27 ingä
757 1119 7 21 i
780 1125 27 15 en
822 1118 38 22 de-

100 1154 92 27 taljerad
207 1154 132 27 granskning
353 1154 24 22 af
390 1155 61 21 detta
466 1155 89 21 sakrika
570 1155 118 26 utlätande,
704 1154 60 22 öfver
778 1153 83 22 hvilket

100 1188 215 28 Jernvägsstyrelsen
331 1188 83 28 afgifvit
435 1190 108 27 yttrande,
563 1195 46 16 som
629 1190 67 26 jemte
719 1188 142 22 detsamma
847 1184 17 37 i

100 1223 63 27 tryck
185 1222 103 28 utgifvits,
308 1229 49 16 men
378 1224 46 21 tror
440 1224 33 26 sig
489 1224 57 21 dock
559 1224 54 21 böra
627 1224 70 21 uttala
712 1224 41 21 den
769 1222 93 27 öfverty-

100 1258 67 26 gelse,
191 1259 32 20 att
246 1257 76 28 sjelfva
344 1258 104 27 åtgärden
472 1260 34 20 att
527 1258 33 22 för
581 1258 161 27 ifrågavarande
762 1256 101 22 ändamål

100 1292 94 21 tillsätta
209 1298 26 16 en
250 1292 81 22 komité
347 1292 22 22 af
382 1292 137 28 sakkunniga
532 1299 104 21 personer
646 1293 66 21 redan
722 1292 8 22 i
740 1290 122 27 väsendtlig

99 1332 50 16 mon
170 1326 95 22 medfört
287 1326 86 28 åsyftad
395 1328 87 26 verkan,
506 1328 7 20 i
537 1327 38 22 det
594 1334 26 15 en
636 1327 95 28 betydlig
746 1325 117 27 besparing

99 1360 8 21 i
122 1360 212 22 trafikkostnaderna
349 1362 89 21 inträdt.
459 1362 73 22 Jemte
549 1362 37 21 det
600 1362 114 22 Utskottet
730 1360 85 22 derföre
829 1359 34 21 får

99 1394 92 22 hänvisa
206 1395 33 21 till
254 1394 75 28 sjelfva
345 1395 123 22 utlätandet
484 1396 41 21 och
541 1396 104 21 särskildt
663 1395 113 22 framhålla
792 1393 41 22 den
849 1393 13 21 &

170 1433 149 18 Statsutskottets
332 1434 118 18 betänkande
462 1435 38 18 N:o
512 1435 28 18 15.
592 1430 2 2 |
