1031 1661
433 107 35 21 N:o
484 107 36 22 25.
811 109 11 20 7

96 174 124 25 kostnader,
245 182 45 14 som
313 176 32 20 för
369 176 49 20 tull-
443 176 38 20 och
506 182 70 14 annan
596 176 121 27 bevakning
736 176 115 26 erfordras,

98 209 64 21 hafva
179 209 119 21 Ständerna
314 210 22 20 af
353 210 345 27 bränvinstillverkningsskatten
717 211 94 26 anslagit
827 217 25 14 en

98 250 84 15 summa
197 244 23 21 af
234 244 63 26 högst
313 245 92 25 200,000
422 245 67 20 mark.
520 244 183 27 Räkenskaperna
720 245 58 21 öfver
790 245 62 21 brän-

97 278 250 26 vinsbränningsmedlen
364 279 71 20 utvisa
452 279 127 25 emellertid,
596 281 32 18 att
643 280 6 19 i
669 279 183 21 kontrollkostna-

89 313 47 21 -der
153 313 80 26 erlagts
249 313 68 21 under
333 314 50 20 åren
402 314 141 20 1875—1879
559 314 7 20 i
577 314 101 20 medeltal
692 314 88 25 180,480
792 313 60 21 mark

97 354 35 15 om
149 348 46 20 året
215 350 54 18 samt
288 350 32 18 att
339 348 32 20 för
392 348 56 20 ökad
473 348 163 26 tullbevakning
652 348 67 20 under
735 348 50 20 åren
799 348 53 21 1872

104 383 79 21 --1879
200 382 103 21 utbetalts
319 382 54 21 efter
390 382 192 27 medelberäkning
598 383 76 25 30,250
691 382 60 21 mark
764 382 88 27 årligen.

98 417 11 20 I
133 417 105 20 anseende
261 417 72 20 härtill
357 417 39 20 och
418 417 29 26 på
466 417 36 21 det
522 423 26 15 en
568 423 96 21 noggran
684 417 92 21 kontroll
793 417 60 21 öfver

99 451 268 27 bränvinstillverkningen
392 452 34 20 må
450 452 74 21 kunna
546 452 159 27 upprätthållas
730 454 55 19 samt
804 452 48 21 med

100 486 101 20 afseende
225 486 57 25 derå,
303 488 31 19 att
355 487 39 20 den
414 486 70 26 årliga
504 486 93 27 utgiften
613 487 33 20 för
662 487 55 20 ökad
733 486 120 21 tullbevak-

100 521 51 26 ning
171 521 41 20 kan
233 523 89 24 antagas
345 521 101 20 förblifva
465 521 103 26 temligen
584 521 137 26 oförändrad,
738 521 38 20 har
792 521 60 20 Hans

100 554 121 28 Kejserliga
244 555 101 26 Majestät
368 556 57 20 velat
448 556 87 26 föreslå,
555 558 32 18 att
607 556 120 20 Ständerna
748 555 69 21 skulle
833 554 22 22 af

100 589 304 27 bränvinsbränningsmedlen
426 590 79 26 bevilja
524 590 6 20 i
547 590 108 26 egentliga
671 590 182 20 kontrollkostna-

101 624 38 20 der
163 630 25 14 en
213 630 81 15 summa
313 624 22 21 af
353 624 127 27 förslagsvis
502 626 92 24 200,000
610 624 59 21 mark
686 631 34 14 om
736 624 46 20 året
798 625 56 20 samt

101 660 32 20 ett
155 658 42 21 fast
221 659 64 26 årligt
308 659 75 27 bidrag
406 659 22 20 af
447 660 78 24 30,000
545 659 61 21 mark
626 659 32 21 till
675 658 130 22 statsverket
821 658 33 21 för

102 693 57 21 ökad
178 694 161 26 tullbevakning
359 694 33 20 till
411 694 177 20 förekommande
604 694 22 20 af
641 693 72 27 oloflig
728 693 88 21 införsel
833 692 23 22 af

101 728 96 21 bränvin.
228 728 9 20 I
254 728 141 21 betraktande
415 728 62 20 deraf
496 730 32 19 att
547 728 25 21 de
588 729 93 24 400,000
697 728 66 25 mark,
781 727 72 21 hvilka

101 762 24 20 af
140 762 304 26 bränvinsbränningsmedlen
462 762 109 21 härintills
588 762 90 21 tillfallit
693 762 160 25 kommunerna,

101 802 76 20 genom
198 796 121 26 fördelning
336 797 6 20 i
362 797 46 20 små
429 803 97 15 summor
546 797 46 21 icke
608 797 71 20 kunna
695 796 96 21 medföra
807 802 48 20 syn-

100 831 81 26 nerligt
196 837 62 20 gagn,
273 838 47 14 men
337 833 31 19 att
384 837 82 15 samma
482 831 76 26 medel,
574 831 111 21 fördelade
700 831 27 27 på
743 831 26 21 de
785 830 70 21 skilda

102 866 68 25 länen,
195 866 68 20 skulle
284 866 89 26 kraftigt
393 865 105 27 befrämja
518 866 26 20 de
564 866 129 26 ifrågasatta
707 865 148 26 landstingens

101 900 140 20 verksamhet
256 900 39 20 och
311 900 90 20 sålunda
417 900 121 21 medelbart
554 900 85 21 komma
655 900 153 20 kommunerna
822 899 32 21 till

102 934 63 26 godo,
182 934 69 26 torde,
267 935 34 20 för
317 935 39 21 den
373 935 104 20 händelse
494 936 32 19 att
542 935 218 26 länsrepresentation
772 934 42 21 blir
824 934 31 20 in-

101 968 56 26 förd,
174 968 61 22 äfven
251 970 92 20 nämnda
358 970 78 26 belopp
453 969 55 21 böra
524 969 93 21 tilldelas
634 969 142 26 landstingen.

174 1015 60 21 Hans
250 1015 120 27 Kejserliga
389 1015 105 26 Majestät
514 1016 36 20 vill
572 1015 87 21 härmed
675 1015 32 21 till
725 1014 130 22 Ständernas

104 1050 161 26 handläggning
281 1050 6 20 i
303 1050 66 20 nåder
385 1050 134 20 öfverlemna
534 1050 95 25 följande
645 1050 80 26 förslag
741 1049 43 21 till:

177 1097 19 25 1)
217 1096 131 25 förordning,
367 1096 113 25 angående
497 1096 95 20 vilkoren
610 1096 33 20 för
663 1095 139 25 tillverkning
818 1094 39 21 och

101 1130 136 26 destillering
253 1130 22 21 af
290 1130 98 25 bränvin;
406 1130 38 21 och

175 1170 22 27 2)
209 1170 131 26 förordning,
352 1170 112 26 angående
475 1169 97 22 vilkoren
584 1169 33 21 för
625 1169 132 27 försäljning,
768 1168 90 27 forsling

103 1205 39 20 och
158 1205 80 26 upplag
258 1205 22 20 af
297 1205 89 20 bränvin
408 1205 41 20 och
470 1205 68 20 andra
553 1205 83 20 brända
651 1204 51 21 eller
719 1203 139 21 destillerade

104 1239 155 27 spritdrycker.

176 1279 115 22 Dessutom
310 1279 109 22 meddelas
440 1279 123 21 Ständerna
581 1279 7 21 i
607 1279 100 21 afseende
727 1278 12 21 å
758 1277 101 28 yttrande

102 1314 41 22 och
167 1314 33 20 för
223 1316 32 19 att
278 1316 57 25 tjena
355 1314 32 20 till
407 1314 133 26 upplysning
560 1314 36 20 vid
612 1313 99 21 ärendets
728 1312 131 26 behandling

104 1349 26 21 de
150 1349 38 20 här
211 1349 67 20 nedan
296 1348 79 27 jemväl
394 1348 91 26 intagna
504 1348 108 26 förslagen
629 1348 32 20 till
678 1346 182 26 ordningsstadga

104 1383 34 21 för
162 1383 256 20 bränvinsbrännerierna
442 1383 39 20 och
503 1382 226 26 destilleringsverken
750 1381 110 20 äfvensom

105 1417 32 21 till
162 1417 129 26 kungörelse
314 1423 33 14 om
367 1417 162 20 verkställande
549 1417 23 20 af
590 1416 159 25 undersökning
769 1415 92 20 rörande
