1020 1661
402 127 34 21 N:o
452 127 35 21 26.
781 127 12 20 5

414 195 11 27 &
443 196 32 20 10.

143 229 41 21 Till
200 229 184 27 länsfullmäktige
399 230 35 20 må
450 230 18 26 ej
485 230 78 27 väljas:

144 264 47 26 den,
208 269 45 15 som
270 264 18 26 ej
304 265 92 25 uppnätt
411 264 104 26 tjugufem
531 265 36 20 års
583 264 70 26 ålder;

143 298 47 26 den,
207 304 45 14 som
268 298 19 27 ej
304 300 24 19 är
342 298 58 21 inom
416 298 59 22 länet
489 299 94 25 boende;

143 332 47 27 den,
208 338 45 15 som
269 332 19 27 ej
304 339 50 20 eger
369 334 92 20 rösträtt
475 333 35 21 vid
526 333 90 21 rådhus-
625 333 53 21 eller
688 332 132 22 kommunal-

70 369 102 24 stämma;

143 402 47 27 den,
207 408 45 15 som
276 402 80 21 afträdt
372 402 34 21 sin
423 403 103 26 egendom
543 402 34 21 till
592 402 141 27 borgenärers
749 401 71 22 förnö-

68 437 67 26 jande
158 436 39 21 och
220 436 18 27 ej
263 436 79 21 förmår
364 437 53 26 visa,
434 439 32 18 att
481 437 43 21 han
540 437 47 20 från
604 437 62 21 deras
682 437 50 20 kraf
745 438 24 19 är
784 436 37 21 be-

70 471 67 25 friad;
154 472 56 19 samt

143 505 47 27 den,
208 511 45 15 som
269 505 115 21 förklarats
401 506 89 27 ovärdig
505 508 33 19 att
549 505 56 22 inför
616 507 58 20 rätta
683 505 47 22 föra
739 511 81 15 annans

69 539 67 21 talan.

414 580 11 27 8
442 580 33 21 11.

144 620 118 27 Guvernör,
273 620 206 27 landssekreterare,
488 620 252 27 vicelandssekreterare,
748 620 72 20 lands-

71 656 131 26 kamrerare,
217 655 240 27 vicelandskamrerare,
474 655 139 27 kronofogde,
630 655 78 21 allmän
719 654 101 27 äklagare

71 691 56 19 samt
152 689 129 27 länstingets
306 689 123 21 kamrerare
455 691 37 19 äro
515 690 48 20 icke
585 689 34 21 till
638 688 183 27 länsfullmäktige

70 724 94 22 valbara.

416 764 12 28 8
445 765 32 20 12.

143 805 9 21 I
168 805 48 21 stad
232 804 127 22 verkställes
374 805 58 21 valet
447 804 36 21 vid
498 805 174 21 rädhusstämma
686 804 55 22 efter
751 804 26 21 de
788 803 33 21 för

71 840 34 20 val
121 840 33 20 till
169 840 138 20 kommunala
322 839 148 27 befattningar
481 840 100 26 gällande
592 839 140 21 föreskrifter.
757 838 64 22 Valet

71 874 39 21 bör
125 874 96 26 försiggä
236 874 46 21 före
299 874 40 20 den
356 875 9 19 1
382 874 51 27 Maj.
712 875 6 6 E

416 942 10 28 8
444 944 32 20 13.

143 983 42 21 För
200 982 96 27 tingslag
310 985 60 19 utses
385 982 187 28 länsfullmäktige
582 989 76 21 genom
669 982 152 27 kommunsvis,

71 1018 28 26 pä
115 1017 79 21 allmän
209 1017 216 21 kommunalstämma
440 1018 92 20 utsedde
548 1018 90 20 valmän.

143 1047 30 25 Är
188 1052 95 26 tingslag
299 1052 72 20 deladt
385 1052 80 20 mellan
481 1052 58 21 olika
555 1052 42 27 län,
616 1052 67 26 väljer
698 1051 73 26 hvarje
787 1050 34 21 del

71 1086 171 27 länsfullmäktig
257 1086 33 21 till
306 1086 36 21 det
356 1086 44 27 län,
416 1086 41 21 den
473 1086 81 21 tillhör.

416 1155 11 26 $
445 1156 32 19 14.

142 1195 90 20 Valman
255 1197 59 18 utses
336 1194 66 21 bland
424 1195 142 21 kommunens
587 1194 179 27 röstberättigade
782 1194 40 21 och

70 1229 33 20 till
119 1229 184 26 länsfullmäktige
319 1229 88 21 valbara
422 1229 141 21 medlemmar
579 1229 67 27 enligt
656 1229 99 27 gällande
766 1230 55 19 röst-

70 1263 79 27 grund;
173 1264 40 21 och
235 1263 68 28 väljer
324 1263 53 21 hvar
400 1263 103 22 kommun
523 1264 66 21 minst
608 1265 36 20 tvä
658 1263 91 27 valmän,
766 1264 57 19 samt

71 1298 129 27 derutöfver,
226 1298 54 21 efter
305 1298 100 21 folktalet
428 1298 70 27 enligt
523 1298 193 28 mantalslängden,
740 1304 26 14 en
789 1297 34 21 för

70 1332 74 27 hvarje
169 1332 49 22 fullt
241 1333 31 21 tal
288 1332 23 22 af
325 1334 63 26 2,000
403 1332 111 22 invänare.
545 1332 68 28 Utgör
630 1333 100 21 kommun
748 1338 74 15 ensam

70 1369 32 18 ett
117 1367 101 26 tingslag,
234 1368 35 19 mä
285 1366 81 21 antalet
382 1367 85 20 valmän
483 1368 49 20 icke
547 1367 126 26 understiga
688 1369 40 18 tre.

141 1396 31 25 Är
186 1401 103 21 kommun
304 1401 64 20 delad
382 1401 80 21 mellan
473 1401 60 21 olika
544 1401 94 26 tingslag
649 1401 51 21 eller
708 1401 43 26 län,
762 1401 61 20 utser

69 1435 74 27 hvarje
166 1435 35 21 del
223 1435 85 21 valmän
331 1435 33 20 till
384 1435 37 21 det
443 1435 97 27 tingslag
555 1435 53 21 eller
623 1435 43 27 län,
681 1435 40 21 den
738 1434 85 25 tillhör;
