1028 1664
220 126 26 20 68
420 125 25 22 U.
461 125 24 22 B.
501 137 26 4 —
544 125 66 30 Prop.
625 125 39 24 N:o
680 124 37 23 24.

260 190 49 23 Alla
324 190 89 23 anförda
432 191 71 22 siffror
519 193 37 20 äro
572 193 66 26 tagna
653 198 26 15 ur
694 191 115 22 Statistisk
824 191 80 22 årsbok
918 191 33 22 för

193 227 54 20 1881
271 227 58 20 samt
342 225 57 28 gifva
414 225 156 28 obestridligen
585 226 35 22 vid
639 225 88 23 handen
742 228 33 19 att
789 225 162 28 förmögenhets

192 260 163 22 förhållandena
371 260 8 21 i
399 255 142 28 Österbotten
561 262 39 20 äro
620 261 50 21 vida
684 260 75 22 bättre
775 262 27 19 än
816 260 8 21 i
839 259 111 23 Savolaks.

192 294 217 28 Folkmängdssiffror
423 295 68 22 borde
506 295 85 22 således
607 295 39 22 här
662 295 122 28 egentligen
798 294 152 28 multipliceras

193 330 49 21 med
257 336 27 15 en
299 329 151 22 motsvarande
465 329 130 23 koefficient.

261 364 51 22 Man
327 364 40 22 har
383 364 71 22 såsom
470 366 33 20 ett
517 364 137 28 synnerligen
669 364 90 22 talande
769 364 48 22 skäl
826 364 33 22 till
869 364 83 22 förmån

193 399 33 22 för
240 399 110 22 mellersta
364 399 71 22 banan
450 399 118 22 framhållit
583 401 33 20 att
632 399 125 22 densamma
772 399 61 27 löper
845 399 7 21 i
862 399 89 21 riktnin-

194 440 40 21 gen
255 433 23 22 af
295 440 27 15 en
344 433 98 28 gammal,
457 433 87 28 mycket
563 433 82 22 anlitad
665 433 111 28 stårkväg.
806 433 50 22 Men
870 439 82 15 samma

193 468 134 22 förhållande
347 474 50 21 eger
412 467 63 23 äfven
490 475 47 15 rum
557 468 50 22 med
624 468 41 22 den
682 463 178 27 Österbottniska
873 467 78 26 banan,

195 502 41 23 och
251 509 27 15 en
291 502 123 28 jemförelse
431 503 91 22 emellan
537 502 93 23 trafiken
645 503 13 22 å
672 503 59 22 båda
747 503 64 22 dessa
825 502 128 27 landsvägar

194 537 63 22 torde
273 537 128 27 neppeligen
416 537 78 22 utfalla
508 537 34 22 till
556 537 84 22 förmån
650 537 34 22 för
694 539 69 26 vägen
774 543 76 22 genom
860 537 92 27 Kuopio.

265 571 105 28 Slutligen
385 571 40 22 har
439 578 50 15 man
504 571 118 22 framhållit
637 573 33 20 att
686 572 68 21 redan
769 578 27 15 en
810 571 75 28 flyktig
895 571 57 22 blick

194 607 29 27 på
237 606 77 21 kartan
329 605 82 22 utvisar
426 608 33 19 att
475 607 41 20 den
531 606 111 22 mellersta
652 607 72 21 banan
735 606 85 22 komme
830 608 33 20 att
872 606 81 21 bereda

195 640 94 22 indirekt
304 642 61 26 nytta
379 640 33 22 för
427 647 26 15 en
469 642 70 20 större
554 641 106 26 landsdel,
669 643 29 20 än
714 641 41 21 den
771 636 181 27 Österbottniska.

196 675 63 22 Utom
279 674 57 22 hvad
356 675 21 21 vi
391 675 67 22 redan
478 675 91 27 tidigare
590 674 71 23 anfört
677 674 134 25 beträffande
828 675 36 22 det
878 675 75 21 intima

195 709 119 22 beroendet
333 709 92 22 emellan
445 710 41 21 den
504 709 109 22 indirekta
630 711 77 26 nyttan
723 710 41 21 och
778 709 104 22 trafikens
898 711 55 20 stor-

194 744 43 26 lek,
260 744 40 22 bör
319 744 40 21 här
377 745 118 26 yttermera
509 745 97 27 påpekas
622 747 39 24 att,
678 745 74 21 såsom
767 744 61 22 äfven
842 745 111 26 jernvägs-

196 779 166 21 kommissionen
384 778 129 27 framhåller,
534 785 27 16 en
579 779 111 22 landsdels
707 779 106 22 indirekta
828 781 62 25 nytta
898 779 56 28 bäst

196 813 33 21 till
244 813 93 27 godoses
354 813 124 27 derigenom
493 815 34 20 att
535 813 50 22 dess
594 813 63 22 trafik
668 815 77 20 centra
755 813 23 22 af
783 813 118 28 jernvägen
916 813 38 21 be-

196 849 67 20 röras.
293 847 47 22 Den
355 847 110 22 indirekta
479 850 76 25 nyttan
571 849 25 20 är
611 848 86 21 således
713 847 33 22 till
757 847 33 22 sin
800 847 82 22 storlek
892 846 62 23 äfven

197 881 91 22 sålunda
302 881 108 22 beroende
425 882 23 21 af
462 882 65 21 dessa
543 884 85 20 centras
644 882 114 27 betydelse
769 887 46 16 som
826 881 128 22 trafikorter.

197 917 38 20 Att
250 916 8 21 i
273 917 60 21 detta
355 916 124 23 hänseende
502 916 132 28 öfvervigten
656 917 42 21 hos
719 917 41 21 den
780 911 175 26 Österbottniska

197 951 70 20 banan
283 952 25 19 är
323 950 88 22 alldeles
427 951 7 21 i
450 952 84 26 ögonen
550 951 99 26 fallande,
666 951 41 21 har
722 951 67 21 redan
799 950 91 27 tidigare
901 956 53 21 upp-

196 985 74 21 visats.
301 985 108 22 Särskildt
431 987 25 20 är
475 985 61 22 detta
551 985 61 22 fallet
633 985 51 22 med
705 985 114 27 Uleåborg,
840 991 45 15 som
900 985 7 20 i
922 984 34 27 sig

196 1019 156 22 koncentrerar
378 1019 51 22 hela
455 1019 37 22 det
513 1020 98 27 nordliga
636 1020 104 21 Finlands
765 1019 190 22 handelsintresse.

197 1054 76 21 Denna
288 1053 120 28 Uleåborgs
425 1055 60 20 stora
499 1054 112 27 betydelse
624 1055 69 27 jemte
709 1054 50 22 dess
775 1054 46 21 från
837 1054 37 21 det
889 1053 67 27 öfriga

197 1089 74 22 landet
293 1089 106 21 isolerade
421 1089 50 26 läge
491 1088 39 22 har
549 1089 35 21 väl
599 1089 56 21 varit
669 1088 207 26 hufvudorsakerna,
893 1088 62 21 hvar-

197 1123 46 22 före
266 1123 117 22 ständerna
407 1123 138 27 enstämmigt
564 1123 36 22 vid
619 1123 43 22 alla
682 1123 132 27 föregåeude
828 1123 128 26 landtdagar

197 1165 47 15 som
267 1159 33 20 ett
319 1157 126 22 hufvudmål
463 1157 34 22 för
517 1158 51 21 våra
581 1158 117 27 jernvägar
713 1157 62 22 ställt
789 1157 119 27 Uleåborgs
924 1157 32 21 in-

196 1192 128 22 förlifvande
339 1192 49 21 med
404 1192 181 22 stambanenätet.

266 1227 9 21 I
291 1227 38 21 det
350 1226 131 27 föregående
504 1227 40 21 har
567 1227 77 22 endast
664 1226 103 22 beaktats
788 1226 41 21 den
844 1225 68 26 trafik,
930 1225 26 21 de

196 1261 123 27 föreslagna
331 1261 146 27 jernvägarne
493 1261 133 22 omedelbart
640 1261 73 22 kunde
729 1260 64 22 hafva
807 1262 33 19 att
854 1259 102 28 påräkna.

197 1296 68 21 Detta
285 1297 24 20 är
328 1295 55 22 dock
406 1295 117 27 ingalunda
543 1295 114 28 tillfyllest;
677 1296 8 21 i
704 1295 44 22 lika
763 1295 43 26 hög
820 1294 52 27 grad
888 1294 70 21 måste

197 1336 49 15 man
262 1329 47 22 afse
328 1330 41 21 den
389 1330 84 21 tillväxt
492 1331 2 20 i
513 1330 127 22 ekonomisk
655 1329 111 22 förkofran
781 1335 47 15 som
840 1329 118 26 jernvägen

198 1364 7 21 i
220 1364 33 21 sin
268 1370 56 21 resp.
345 1363 100 22 landsort
463 1363 80 23 förmår
563 1364 121 21 framkalla.
717 1363 115 22 Storleken
851 1362 23 22 af
888 1362 70 21 denna

198 1398 199 27 alstringsförmäga
411 1399 97 21 kommer
523 1400 33 19 att
571 1399 13 21 å
599 1405 41 15 ena
655 1398 64 22 sidan
733 1398 52 21 bero
800 1397 22 22 af
832 1397 26 21 de
868 1397 7 20 i
885 1396 73 21 lands-

198 1434 61 20 orten
276 1433 40 21 och
332 1432 40 22 hos
389 1433 50 22 dess
459 1433 125 26 befolkning
601 1432 138 23 inneboende
754 1431 107 28 naturliga
875 1437 84 15 ressur-

266 1472 192 22 Jernvägsutskottets
470 1472 117 18 betänkande
599 1473 36 17 N:o
648 1473 16 17 1.
