1034 1659
277 109 81 23 Ständ.
373 108 38 23 Sv.
428 120 25 4 —
469 108 72 28 Prop.
556 108 41 22 N:o
611 108 35 22 31.
795 108 13 20 5

153 172 67 22 Dessa
241 172 62 22 fakta
325 172 62 20 torde
410 170 141 28 ädagalägga,
575 171 13 21 &
607 178 41 14 ena
663 171 63 21 sidan
741 172 33 20 att
788 170 48 22 icke

84 207 50 21 hela
157 208 36 20 det
215 206 78 26 deficit,
317 213 45 14 som
382 212 29 14 nu
427 207 76 25 tynger
517 205 134 27 föreningen,
667 206 24 20 är
706 204 24 23 af
744 206 41 20 den
800 204 36 22 be-

85 241 126 25 skaffenhet,
237 243 33 19 att
293 241 35 21 det
343 240 69 21 skulle
428 239 74 21 kunna
517 240 39 20 hos
572 240 76 20 endast
664 246 26 14 en
706 239 34 21 del
756 238 24 22 af
793 238 43 22 för-

85 276 103 26 eningens
204 276 99 26 delegare
318 276 117 24 uttaxeras,
451 277 55 19 samt
522 275 13 20 &
551 275 41 20 den
607 275 69 20 andra
691 276 33 19 att
737 273 100 27 samtliga

86 310 98 27 delegare
206 310 7 20 i
235 310 127 26 föreningen
384 309 57 27 gjort
464 309 30 27 sig
517 308 96 28 skyldige
627 308 34 21 till
676 309 24 20 sä
714 308 122 27 betydande

85 344 114 22 afvikelser
221 344 48 21 från
291 344 147 27 reglementet,
461 345 32 19 att
516 344 26 20 de
558 344 49 20 med
622 342 47 22 skäl
684 342 74 22 kunna
774 349 62 15 anses

84 380 133 26 gemensamt
233 378 111 27 ansvarige
359 378 33 20 för
407 377 138 27 föreningens
561 377 145 21 förbindelser.
725 376 34 22 Då
774 376 62 22 Stän-

86 414 67 20 derna
174 413 70 21 tillika
266 412 54 28 tagit
338 412 7 21 i
360 412 143 21 betraktande
519 413 39 25 att,
574 411 67 27 enligt
661 411 175 21 bankutskottets

86 447 125 27 beräkning,
233 447 138 27 föreningens
394 446 78 26 deficit,
496 446 55 22 efter
573 446 76 27 afdrag
665 446 25 21 af
702 447 27 20 de
744 436 93 41 587,720

85 481 62 21 mark
162 482 28 20 30
205 482 71 26 penni,
292 488 45 14 som
352 482 127 26 regeringen
494 480 47 22 dels
556 482 66 20 redan
637 480 61 28 gifvit
714 480 45 21 dels
769 480 68 21 utfäst

86 516 22 21 åt
123 516 133 27 föreningen,
273 516 39 21 och
329 516 26 21 de
370 516 93 25 600,000
477 515 68 26 mark,
556 515 84 22 hvilkas
654 514 182 22 efterskänkande

86 552 73 19 senast
174 550 128 22 församlade
317 550 92 21 Ständer
425 550 52 21 stält
492 550 7 21 i
514 550 73 27 utsigt,
603 550 63 26 utgör
678 549 55 22 blott
742 550 94 25 464,939

86 584 62 22 mark
163 585 27 20 87
205 585 72 27 penni,
293 585 24 21 så
331 584 40 22 har
387 585 35 20 det
436 584 104 22 förefallit
556 584 122 22 Ständerna
688 584 104 22 oväntadt
803 585 33 20 att

86 619 47 21 från
156 618 137 28 föreningens
313 619 46 21 sida
374 619 54 21 intet
443 618 108 28 allvarligt
565 618 133 22 bemödande
713 619 75 27 gjorts,
803 620 33 19 att

86 653 84 27 reglera
193 654 48 20 dess
264 653 100 27 ställning
386 653 8 20 i
416 654 42 20 den
480 653 25 21 af
521 655 85 19 senaste
621 653 104 27 landtdag
740 653 96 27 antydda

87 687 102 27 riktning.
219 688 46 21 Den
281 688 109 27 betydliga
406 694 83 15 summa
504 688 25 21 af
540 688 114 26 1,100,000
668 688 68 26 mark,
751 694 46 14 som
814 688 24 20 af

86 722 142 22 förenämnda
250 722 210 22 subventionsmedel
477 722 69 21 skulle
568 722 75 22 komma
656 722 127 30 föreningen
803 722 33 21 till

87 756 35 22 del
137 757 100 21 särskildt
252 756 33 22 för
300 758 32 20 att
347 756 92 22 betäcka
453 757 131 21 förlusterna
598 757 7 21 i
621 758 26 20 de
658 757 98 27 nordliga
764 757 73 25 länen,

88 798 62 20 synes
172 791 53 21 böra
246 792 52 26 göra
320 792 35 20 det
370 792 41 20 lätt
426 793 33 19 att
474 792 97 27 utjemna
587 792 41 20 den
643 792 137 21 återstående
795 790 41 22 bri-

88 828 53 24 sten,
158 833 45 14 som
219 826 55 22 dock
289 826 84 28 knappt
388 826 61 22 torde
464 826 117 27 öfverstiga
597 827 35 21 det
646 826 86 28 belopp,
741 825 33 23 för
783 825 54 23 hvil-

88 860 42 27 ket,
147 862 28 26 på
191 862 42 20 sätt
249 860 62 22 ofvan
327 860 135 26 framhållits,
472 860 138 28 föreningens
627 861 100 27 samtliga
738 860 99 28 delegare

88 896 37 20 äro
147 896 118 26 ansvarige.
296 895 49 21 Med
367 895 121 27 fördelning
511 896 28 27 på
558 895 136 27 föreningens
709 896 127 21 utestående

88 930 185 26 amorteringslån,
289 936 45 15 som
355 929 115 28 öfverstiga
492 930 129 26 17,000,000
636 930 66 26 mark,
719 930 69 22 skulle
803 930 34 21 för

87 964 93 21 bristens
203 964 94 28 fyllande
320 964 107 21 erfordras
450 971 27 14 en
500 965 123 27 uttaxering
645 964 24 22 af
682 964 98 28 omkring
794 965 43 27 22/3

88 1000 96 26 procent,
207 1005 46 15 som
275 1000 68 20 under
360 998 75 28 loppet
451 999 24 21 af
488 1000 37 21 två
539 999 14 21 ä
574 1001 33 19 tre
623 1000 23 20 är
660 1001 53 19 utan
729 999 109 27 svårighet

88 1033 65 21 borde
175 1033 74 21 kunna
271 1033 112 21 inbetalas.
414 1033 122 22 Ständerna
551 1033 74 22 kunna
638 1034 8 20 i
662 1035 59 21 detta
736 1034 102 22 afseende

87 1067 48 21 icke
155 1067 67 21 heller
243 1074 52 14 anse
317 1068 36 21 det
375 1068 89 21 alldeles
480 1068 102 27 likgiltigt
598 1070 38 24 att,
653 1075 34 15 om
702 1070 71 20 staten
788 1068 48 21 icke

88 1102 58 20 trädt
162 1102 99 26 emellan,
277 1102 48 21 hela
339 1102 82 21 bristen
436 1102 67 22 likväl
518 1102 48 22 icke
581 1103 83 21 kunnat
679 1102 61 28 fyllas
756 1102 24 22 af
794 1102 43 22 del-

88 1142 91 20 egarene
201 1136 8 21 i
232 1137 25 20 de
276 1136 98 28 nordliga
388 1137 72 26 länen,
475 1137 63 22 äfven
554 1144 35 14 om
604 1138 26 20 de
645 1137 73 27 bragts
734 1137 32 21 till
782 1137 55 25 ruin,

87 1172 54 19 utan
164 1172 33 19 att
219 1170 126 28 delegarene
360 1171 7 21 i
383 1172 26 20 de
425 1171 83 27 sydliga
522 1172 65 20 länen
602 1172 7 20 i
624 1172 77 21 sådant
716 1172 38 21 fall
770 1171 68 21 skulle

88 1204 103 22 drabbats
206 1205 24 21 af
243 1212 26 14 en
285 1206 49 21 vida
349 1207 111 25 strängare
473 1206 124 27 uttaxering
615 1208 28 19 än
659 1207 41 21 den
714 1213 30 14 nu
759 1206 79 27 ifråga-

88 1241 63 19 satta.
182 1239 46 21 Den
243 1240 62 26 vinst,
321 1247 45 14 som
381 1240 138 27 föreningens
533 1240 43 22 alla
587 1240 98 28 delegare
696 1240 64 22 hafva
771 1240 67 26 deraf,

87 1276 33 19 att
141 1273 138 28 föreningens
301 1274 102 28 ställning
425 1274 149 22 konsolideras
597 1275 39 21 och
658 1275 124 26 förstärkes,
799 1275 40 21 bör

87 1309 109 20 dessutom
211 1308 63 22 äfven
289 1310 54 26 väga
358 1311 63 25 tungt
436 1309 8 21 i
459 1309 122 27 vågskålen.

155 1342 31 21 På
207 1344 70 25 grund
299 1343 24 21 af
343 1344 36 20 det
394 1343 93 21 anförda
502 1344 65 22 hafva
583 1344 120 21 Ständerna
718 1346 72 19 ansett
806 1344 32 27 sig

87 1376 48 21 icke
158 1376 74 22 kunna
247 1377 106 27 medgifva
368 1378 71 26 någon
454 1378 127 27 förändring
596 1378 25 21 af
633 1379 26 21 de
674 1378 75 26 vilkor,
765 1380 73 19 senast

87 1410 129 22 församlade
233 1410 92 22 Ständer
339 1411 95 21 faststält
456 1412 34 21 för
505 1412 128 28 afskrifning
648 1412 25 22 af
689 1411 149 29 hypoteksför-

88 1444 103 28 eningens
213 1444 36 22 lån
271 1445 48 21 från
337 1446 104 21 Finlands
461 1446 65 22 bank.
557 1446 60 22 Dock
631 1446 64 22 hafva
710 1446 128 25 Ständerna,
