1023 1664
400 120 34 21 N:o
450 120 36 22 25.
761 121 27 20 53

410 189 11 27 $
437 190 34 20 53.

136 229 34 21 Då
185 228 63 26 afgift
261 229 65 26 jemte
343 229 61 21 böter
420 229 67 27 enligt
503 230 68 20 denna
587 229 126 26 förordning
724 229 90 25 ådömts,

65 264 41 23 må,
122 264 38 20 der
175 263 91 26 tillgång
286 263 78 20 saknas
384 263 32 21 till
437 263 89 26 afgiften
547 264 51 20 eller
614 263 69 26 någon
700 263 33 20 del
749 262 67 26 deraf,

66 298 88 20 böterne
170 298 18 26 ej
206 298 74 25 gäldas
296 298 48 20 med
360 298 124 26 penningar,
501 300 51 18 utan
569 298 54 20 skall
641 298 39 20 den
697 296 97 22 sakfälde
809 297 6 20 i

66 333 73 20 stället
154 332 96 26 undergå
266 332 150 20 motsvarande
432 332 163 26 fängelsestraff.
627 332 28 20 Af
670 332 63 20 dessa
749 332 67 24 böter,

66 366 71 21 såvidt
160 366 25 20 de
208 366 58 26 utgå,
291 366 85 20 tillfalle
399 366 35 20 två
454 366 130 26 tredjedelar
604 366 115 26 åklagaren
735 366 40 20 och
791 372 25 14 en

66 401 103 26 tredjedel
193 400 131 26 angifvaren,
348 400 27 21 då
396 400 25 20 de
441 403 133 23 gemensamt
594 400 57 21 åtala
667 400 149 26 förbrytelsen,

67 441 46 15 men
130 435 116 25 åklagaren
261 434 92 26 odeladt,
370 434 28 21 då
413 434 42 21 han
471 441 72 15 ensam
560 435 57 21 utför
633 435 70 20 målet.
727 434 30 20 På
769 440 48 15 ena-

67 469 70 20 handa
154 471 42 18 sätt
212 469 92 20 förfares
321 468 62 21 äfven
399 469 47 20 med
466 469 76 21 värdet
558 470 12 20 å
587 469 95 25 bränvin,
699 469 54 25 kärl,
769 468 47 21 red-

67 504 53 26 skap
136 504 39 20 och
191 506 65 18 annat
271 504 60 26 gods,
348 510 45 14 som
409 504 117 20 förklarats
542 504 115 25 förbrutet,
673 504 5 20 i
696 503 81 21 hvilket
788 502 30 22 af-

67 538 77 20 seende
160 538 27 20 all
208 538 66 20 sådan
291 538 103 26 egendom
417 538 38 20 bör
471 544 76 20 genom
563 538 126 26 åklagarens
705 537 86 26 försorg
806 537 12 21 å

67 572 95 26 offentlig
184 572 88 21 auktion
296 572 99 26 försäljas
419 575 56 18 samt
498 573 132 26 protokollet
658 572 98 21 deröfver
779 572 38 20 hos

68 607 119 21 domstolen
209 606 87 25 företes,
319 606 28 27 på
370 607 36 20 det
428 607 217 26 auktionsskillingen
669 607 33 20 må
721 606 72 21 kunna
811 606 6 20 i

70 641 182 27 saköreslängden
269 641 32 21 till
319 642 137 25 redovisning
472 644 113 24 upptagas.

381 738 63 26 Art.
464 738 42 26 IV.

69 806 111 24 Allmänna
196 806 130 29 stadganden
341 812 33 18 om
390 806 163 30 tillämpningen
569 806 23 24 af
605 806 67 24 denna
686 806 131 29 förordning.

415 872 11 26 $
442 872 34 20 54.

142 912 43 20 Allt
201 912 55 20 hvad
272 912 7 20 i
296 912 68 20 denna
380 912 127 26 förordning
523 914 24 18 är
562 912 102 26 stadgadt
679 918 33 14 om
724 911 95 25 bränvin,

69 947 48 20 med
133 946 109 26 undantag
258 946 22 21 af
298 946 36 21 det
350 947 6 19 i
377 946 5 27 $
399 948 24 19 31
446 946 126 21 meddelade
589 946 76 21 förbud
681 948 57 18 emot
753 946 67 20 inför-

70 981 31 21 sel
118 980 60 21 deraf
193 981 31 20 till
241 981 79 25 landet,
336 981 56 25 gälle
409 980 61 21 äfven
487 980 34 21 för
537 981 67 20 andra
620 980 81 21 brända
717 980 52 20 eller
784 980 36 20 de-

70 1016 110 20 stillerade
195 1015 31 20 in-
242 1015 52 21 eller
310 1014 116 21 utländska
444 1015 121 26 spritvaror
584 1015 39 20 och
644 1014 60 21 deraf
719 1014 101 26 tillagade

71 1050 101 26 drycker;
188 1049 53 21 dock
262 1051 32 19 att
314 1049 128 26 stadgandet
458 1049 6 20 i
481 1049 12 27 &
516 1050 23 20 16
556 1056 33 14 om
606 1049 40 21 den
662 1049 79 26 styrka,
759 1049 61 20 brän-

70 1087 59 18 vinet
145 1084 37 20 bör
194 1084 65 20 minst
270 1083 119 25 innehafva,
400 1083 47 21 icke
458 1090 51 20 eger
520 1084 135 26 tillämpning
666 1084 12 19 å
689 1082 133 22 sistnämnda

71 1118 97 27 drycker,
184 1118 32 21 till
237 1118 72 20 hvilka
328 1118 101 20 hänföras
449 1118 44 20 alla
513 1118 80 20 sådana
613 1118 146 25 blandningar,
776 1122 45 15 som

71 1153 107 21 innehålla
194 1159 58 14 mera
267 1154 26 19 än
313 1152 95 26 tjugutre
428 1154 91 25 procent
538 1152 85 21 alkohol
639 1152 34 21 vid
690 1153 25 24 +
734 1152 24 20 15
774 1157 48 20 gra-

72 1188 37 20 der
125 1187 67 27 enligt
207 1187 65 21 Celsii
288 1189 144 19 termometer.

416 1249 11 28 8
443 1251 34 20 55.

143 1291 150 26 Länestyrelse
312 1290 57 21 hålle
384 1290 93 25 alvarlig
498 1290 56 21 hand
574 1289 59 21 öfver
648 1289 139 26 iakttagande
802 1287 23 22 af

72 1325 56 21 hvad
143 1325 6 20 i
166 1326 69 20 denna
250 1324 126 26 förordning
392 1323 67 21 finnes
476 1324 109 26 stadgadt.

418 1386 11 27 8
445 1387 34 20 56.

144 1427 81 21 Lands-
248 1427 40 21 och
311 1425 155 26 stadsfiskaler,
488 1427 84 25 krono-,
593 1426 70 21 stads-
679 1426 38 21 och
733 1424 91 27 polisbe-
