1025 1667
228 111 12 19 4
429 108 24 22 U.
468 108 23 22 B.
509 121 24 3 —
550 108 65 29 Prop.
630 108 38 23 N:o
684 107 36 22 22.

198 175 64 26 tabla,
279 175 55 21 dock
350 175 61 21 skola
426 174 70 22 lemna
512 176 32 20 ett
559 174 25 22 så
598 174 97 28 betydlig
712 174 93 22 tillskott
820 174 32 21 till
863 173 90 22 trafiken

198 210 12 21 å
226 209 162 27 ifrågavarande
406 209 85 27 bandel,
508 211 32 20 att
555 209 152 27 behållningen
724 208 23 22 af
760 208 123 22 densamma
899 208 54 22 skall

197 245 7 20 i
220 251 26 15 en
262 250 51 16 snar
327 244 86 22 framtid
429 244 66 22 förslå
509 244 33 22 till
558 246 62 20 ränta
636 244 40 22 och
693 244 130 27 amortering
838 244 13 21 å
865 243 87 27 anlägg-

197 278 175 28 ningskapitalet.
402 279 33 21 Då
452 280 109 26 derjemte,
583 279 73 21 såsom
671 278 68 22 redan
756 285 25 15 en
797 278 56 22 blick
869 278 28 27 på
912 278 41 21 den

198 313 22 21 af
233 313 230 27 Finansexpeditionen
485 320 33 15 om
533 313 277 22 kommunikationsfonden
826 312 79 28 afgifna
919 319 33 15 re-

197 348 95 22 lationen
308 348 67 27 gifver
391 348 34 22 vid
440 348 90 27 handen,
548 348 70 22 denna
632 348 59 26 fond,
701 348 73 22 derest
785 348 41 21 den
835 347 117 22 bibehålles

196 382 35 21 vid
255 382 47 22 sina
323 383 124 21 nuvarande
470 383 170 26 inkomstkällor,
659 383 83 21 lemnar
758 384 32 20 ett
805 382 64 27 årligt
884 382 68 22 öfver-

197 417 60 22 skott
277 416 23 23 af
314 418 129 22 åtminstone
462 420 110 25 1,600,000
591 418 60 21 mark
667 418 86 21 utöfver
769 418 26 21 de
811 418 65 22 derur
891 417 60 27 utgå-

197 452 54 21 ende
274 452 122 22 annuiteter
419 453 12 21 å
451 453 58 22 äldre
524 453 139 28 jernvägslån
679 453 41 21 och
737 453 66 27 öfriga
818 452 135 27 nödvändiga

197 486 95 27 utgifter,
315 487 24 22 så
355 487 41 22 kan
412 488 112 21 Utskottet
539 489 48 20 icke
603 488 65 21 tveka
684 489 33 20 att
732 487 108 28 tillstyrka
855 487 97 27 proposi-

197 521 84 22 tionens
297 522 129 27 antagande,
443 522 61 22 äfven
520 529 34 15 om
569 523 71 27 någon
656 522 122 28 uppoffring
793 523 32 21 till
841 529 26 15 en
878 522 73 27 början

197 562 51 16 vore
264 557 49 22 med
330 557 41 22 den
387 557 122 28 föreslagna
524 557 186 27 återbetalningen
725 557 96 22 förenad.

266 591 48 22 Den
336 592 7 21 i
365 592 79 27 nådiga
466 593 161 27 propositionen
647 592 98 27 åsyftade
761 591 123 22 förenklade
900 591 52 22 bok-

198 625 70 28 föring
290 625 33 23 för
346 627 85 22 landets
451 628 115 27 jernvägar
588 628 38 21 har
642 627 113 22 Utskottet
770 627 48 21 icke
834 628 71 20 ansett
920 626 33 27 sig

197 659 73 23 kunna
292 661 53 22 eller
366 662 53 21 böra
440 663 7 22 i
464 662 59 22 detta
542 662 154 27 sammanhang
711 664 52 25 taga
777 662 68 21 under
861 660 88 28 ompröf-

197 694 57 27 ning.
284 695 61 22 Efter
361 696 36 22 det
412 697 156 27 granskningen
584 697 23 21 af
614 695 287 23 kommunikationsfondens
912 695 39 21 och

197 730 210 27 statsjernvägarnes
430 732 145 27 räkenskaper
597 731 70 22 blifvit
690 731 23 22 af
729 731 110 22 Utskottet
855 730 96 26 slutförd,

197 764 56 21 skall
275 765 35 21 vid
333 765 125 28 pröfningen
483 766 22 21 af
526 767 26 21 de
574 767 76 26 anslag
669 766 41 21 och
726 765 164 27 lånegarantier,
907 771 45 15 som

197 799 75 22 äskats
293 800 46 21 dels
355 799 33 23 för
403 800 148 23 fullbordande
567 801 23 22 af
603 799 239 24 Wasa—Tammerfors
855 800 96 27 jernväg,

198 833 45 22 dels
259 833 33 22 för
308 841 41 21 nya
362 835 233 28 jernvägsbyggnader,
612 837 32 20 ett
658 835 99 28 lämpligt
773 834 82 21 tillfälle
864 834 89 27 erbjuda

197 868 33 27 sig
253 870 33 19 att
308 869 32 21 till
356 869 70 22 denna
448 869 60 28 fråga
524 870 139 27 återkomma,
680 869 41 22 och
737 869 64 22 utber
816 869 33 27 sig
864 868 89 22 Utskot-

196 904 34 19 tet
252 904 33 21 att
308 903 27 22 då
357 904 22 21 få
400 903 119 23 framställa
542 905 26 21 de
584 904 140 27 synpunkter,
741 910 46 15 som
803 903 52 22 böra
870 905 61 24 tagas
948 902 6 21 i

197 937 142 22 betraktande
355 938 7 21 i
377 938 102 23 afseende
495 939 12 21 å
520 939 152 27 jernvägarnes
689 938 120 27 bokföring.

266 972 33 21 Då
310 973 113 22 utlåtande
438 975 90 20 rörande
544 976 67 19 sättet
625 973 33 22 för
672 974 141 27 upptagande
832 972 23 22 af
869 972 36 21 det
919 972 34 21 lån

198 1012 34 15 om
255 1007 30 21 tio
308 1007 97 28 miljoner
427 1009 66 26 mårk,
512 1009 32 21 för
565 1009 81 21 hvilket
670 1009 38 21 det
723 1015 28 15 nu
767 1008 68 21 skulle
851 1007 56 28 gälla
923 1009 32 19 att

198 1041 70 22 lemna
292 1043 91 26 garanti,
407 1043 123 28 lämpligast
552 1043 42 22 kan
610 1043 90 28 afgifvas
716 1043 7 21 i
739 1042 152 27 sammanhang
906 1041 49 22 med

197 1074 76 28 frägan
296 1083 34 15 om
350 1077 40 22 den
408 1077 67 28 öfriga
492 1078 116 27 uppläning
620 1078 34 21 för
666 1077 220 28 jernvägsbygnader,
902 1076 53 21 hvil-

197 1110 41 21 ken
255 1111 36 21 vid
307 1111 144 23 innevarande
467 1113 102 26 landtdag
585 1113 41 21 blir
641 1112 91 22 föremäl
750 1112 32 21 för
798 1112 77 25 beslut,
892 1111 63 21 utber

198 1145 114 22 Utskottet
333 1147 33 26 sig
382 1149 32 19 att
431 1147 112 22 framdeles
558 1147 22 21 få
595 1147 91 22 aflemna
702 1147 79 26 förslag
796 1147 91 20 rörande
901 1152 53 21 upp-

197 1180 160 31 läningssätjet.
388 1181 50 22 Men
461 1181 7 22 i
487 1181 107 22 anseende
610 1181 32 22 till
658 1181 174 22 önskvärdheten
849 1180 60 22 deraf
923 1182 33 19 att

198 1214 187 29 äterbetalningen
409 1215 22 22 af
450 1216 116 28 Rysslands
582 1216 77 27 bidrag
674 1216 34 21 till
723 1215 178 22 Riihimäki—S:t
915 1215 40 21 Pe-

198 1251 100 26 tersburg
325 1251 90 27 jernväg
437 1251 66 21 mätte
525 1251 72 21 kunna
620 1252 52 20 utan
696 1250 102 28 dröjsmäl
820 1249 135 26 verkställas,

198 1284 40 22 har
252 1285 115 21 Utskottet
382 1285 65 22 likväl
464 1288 52 19 trott
532 1286 32 27 sig
579 1286 53 22 böra
646 1285 88 26 föreslå,
751 1287 32 20 att
799 1285 22 21 ät
829 1284 127 27 regeringen

198 1320 68 21 måtte
290 1320 141 22 öfverlemnas
454 1321 33 21 att
507 1320 86 28 vidtaga
609 1320 26 22 de
650 1320 34 22 för
700 1320 61 22 detta
776 1319 98 22 ändamål
890 1318 66 22 erfor-

200 1354 81 27 derliga
301 1354 120 22 finansiella
444 1355 100 27 ätgärder
558 1357 53 19 utan
626 1354 102 22 afvaktan
744 1353 23 22 af
779 1354 128 27 tidpunkten
923 1352 34 22 för

199 1389 151 27 upptagandet
366 1388 22 22 af
402 1390 38 20 det
457 1389 107 22 definitiva
578 1390 65 26 lånet,
660 1388 23 22 af
697 1389 82 21 hvilket
795 1388 26 22 de
837 1388 137 27 förskjutna
962 1384 17 37 *

199 1423 86 22 medlen
300 1424 67 21 sedan
383 1424 62 22 skola
460 1426 98 20 ersättas.

253 1462 153 19 Statsutskottets
419 1464 115 17 betänkande
547 1464 36 17 N:o
596 1464 16 17 1.
