1028 1659
270 115 83 23 Ständ.
367 115 38 23 Sv.
422 128 25 3 —
463 116 72 28 Prop.
551 116 41 22 N:o
607 116 35 23 29.
785 116 25 21 19

289 178 57 27 lopp,
369 184 43 15 som
429 178 66 21 minst
507 178 102 27 fordras,
626 178 52 21 dock
692 179 21 27 ej
728 178 65 28 högre
808 180 30 20 än

289 212 78 20 dubbel
381 212 127 28 skjutslega,
519 215 57 18 samt
586 215 33 18 att
626 214 169 26 entreprenören
803 212 35 28 äf-

288 252 40 14 ven
349 246 9 20 i
379 246 71 27 öfrigt
465 248 26 18 är
507 246 148 21 underkastad
665 246 173 27 föreskrifterne

288 280 9 20 i
311 280 72 20 denna
393 279 137 28 förordning
546 280 40 20 och
601 280 86 28 skyldig
702 282 34 19 att
746 280 37 25 för
791 281 47 20 äta-

287 314 92 27 gandets
399 314 102 27 behöriga
517 314 147 27 fullgörande
681 314 68 21 ställa
763 314 75 21 veder-

289 347 74 27 häftig
379 347 85 28 borgen,
480 348 136 27 omfattande
627 348 140 27 förbindelse
781 349 58 25 att,i

288 381 103 21 händelse
405 384 142 25 entreprenör
561 382 80 21 brister
655 382 9 21 i
678 382 39 21 sitt
727 382 111 28 åtagande

288 416 53 20 eller
356 416 79 20 varder
445 415 59 28 från
519 417 36 20 sin
571 416 124 28 befattning
712 416 59 22 skild
785 417 53 21 eller

288 450 86 27 aflider,
397 452 77 25 genast
490 451 32 27 på
538 450 118 28 tillsägelse
670 450 115 29 öfvertaga
800 450 37 22 och

289 484 119 27 ombesörja
424 484 123 28 sysslandet
562 485 71 21 under
648 485 41 21 den
700 485 138 21 återstående

289 518 210 27 entreprenadtiden,
515 519 37 21 vid
567 518 102 28 äfventyr
680 521 34 19 att
723 520 60 27 eljest
790 519 46 28 gäl-

289 552 28 21 da
341 552 46 21 alla
410 552 25 21 de
451 552 124 26 kostnader,
590 560 45 14 som
650 552 75 22 kunna
736 552 101 28 föranle-

289 587 40 20 das
352 587 30 26 af
400 587 183 27 entreprenadens
601 587 146 28 fullgörande
761 594 75 21 genom

288 628 82 14 annan.

357 654 158 28 Kronobetjent
529 656 36 20 må
580 656 21 27 ej
616 656 84 21 tillåtas
715 656 76 21 anbud
800 657 36 27 gö-

289 696 32 20 ra,
337 690 20 26 ej
372 689 67 21 heller
454 690 72 20 såsom
542 689 116 28 löftesman
672 690 135 28 godkännas.

531 752 16 28 $
562 753 34 20 10.

361 798 42 20 Vid
417 798 118 21 auktionen
550 798 112 27 utbjudes:

357 832 23 27 a)
405 832 140 28 gästgifveri-
571 832 40 21 och
634 832 202 28 skjutshållningen

287 866 54 21 hvar
361 866 41 25 för
424 867 35 27 sig
474 866 37 21 och
525 869 138 25 gemensamt,
678 867 107 21 särskildt
795 867 41 27 för

287 900 77 27 hvarje
379 900 57 21 inom
451 900 127 21 kommunen
585 900 102 28 förlagdt
695 900 142 28 gästgifveri;

287 936 28 19 är
337 934 199 28 skjutshållningen
559 934 36 21 vid
616 935 66 27 något
703 935 134 27 gästgifveri

283 968 108 27 fördelad
414 969 13 20 å
444 968 59 26 flere
524 968 132 26 kommuner,
678 969 59 21 skall
759 969 77 27 hvarje

288 1002 112 21 kommuns
409 1002 259 29 skjutsningsskyldighet
676 1004 107 20 dessutom
791 1005 45 19 sär-

286 1036 70 21 skildt
371 1036 115 28 utbjudas;

357 1070 22 28 b)
400 1071 151 27 skyldigheten
574 1073 34 19 att
622 1071 125 28 fortskafa
759 1074 77 25 posten

288 1104 37 21 vid
339 1104 139 21 kommunens
490 1105 146 27 postgårdar;
651 1109 55 18 samt

357 1139 20 26 ec)
392 1139 207 21 reservstationerne
614 1139 48 21 med
671 1139 124 28 skyldighet
804 1141 32 19 att

288 1172 166 25 frambefordra
471 1174 92 20 resande
577 1173 48 21 med
640 1176 61 18 extra
717 1173 70 28 skjuts
803 1173 33 27 äf-

288 1213 84 15 vensom
395 1209 33 19 att
451 1207 71 21 lemna
544 1208 98 25 resande,
666 1208 47 20 med
735 1208 40 20 den
791 1209 46 19 rätt

287 1240 136 28 gästgifvare
446 1241 81 27 tillagd
549 1243 33 23 är,
605 1241 101 28 herberge
728 1242 39 20 och
786 1240 50 28 för-

287 1275 83 27 täring.
400 1271 5 4 ”

529 1332 14 27 $
559 1333 34 20 11.

359 1376 84 28 Skjuts-
467 1377 38 21 och
527 1378 261 28 gästgifverihällningen
804 1380 33 18 ut-

289 1410 82 28 bjudes,
396 1411 68 27 enligt
486 1413 146 26 guvernörens
648 1412 189 25 bestämmande,
824 1406 16 37 i

288 1444 121 22 allmänhet
424 1446 32 26 på
473 1448 32 18 tre
521 1446 52 20 eller
587 1445 42 26 fem
646 1446 32 25 år,
694 1446 47 20 med
757 1445 80 21 iaktta-
