1028 1661
314 124 24 22 U.
354 124 24 22 B.
394 136 26 3 —
437 123 67 29 Prop.
519 123 38 23 N:o
573 122 36 23 24.
787 127 27 20 39

80 189 230 28 transportartiklarna
330 190 63 22 skola
411 189 88 22 komma
514 189 33 22 till
563 189 64 22 deras
642 190 109 27 naturliga
765 190 77 23 afsätt-

80 224 128 27 ningsorter.
238 224 134 27 Härigenom
387 224 153 27 undandrages
554 224 201 27 jernvägsrörelsen
766 225 77 22 endast

81 260 76 26 tyngre
177 265 69 20 varor,
263 259 104 21 särskildt
382 259 105 25 trävaror,
504 264 47 16 som
565 258 75 22 kunna
654 257 58 23 finna
727 258 68 22 fördel
811 261 32 19 att

81 293 99 28 begagna
195 293 33 27 sig
244 292 24 22 af
280 293 41 22 den
336 293 98 27 billigare
450 292 256 28 sjökommunikationen.
736 293 34 21 Då
783 293 61 22 detta

81 328 68 26 gäller
172 328 29 22 all
222 327 71 27 trafik,
314 327 61 22 såväl
395 333 154 21 passagerare-
565 333 48 16 som
626 327 125 27 godstrafik,
768 329 76 27 export

82 362 41 22 och
137 362 86 28 import,
240 362 71 22 skulle
327 362 70 22 denna
410 362 177 22 beaktansvärda
599 362 161 27 omständighet
769 362 74 22 säkert

81 396 113 23 framkalla
209 403 27 15 en
252 396 96 22 särdeles
363 396 52 27 liflig
428 396 194 28 jernvägsrörelse.

151 430 139 23 Beträffande
306 431 115 27 Uleåborg,
438 431 98 22 kommer
552 431 51 22 dess
613 430 65 23 trafik
688 431 77 22 endast
776 431 67 22 delvis

82 467 33 20 att
137 466 28 27 gå
184 466 7 21 i
210 472 83 15 samma
315 465 96 28 riktning
431 471 46 16 som
495 466 125 27 jernvägen.
650 466 56 21 Dess
725 465 119 23 förnämsta

82 500 174 27 exportartiklar,
274 500 218 27 skogsprodukterna
511 499 91 23 influera
622 500 39 22 alls
682 501 48 22 icke
744 500 29 27 på
785 501 58 27 jern-

82 534 154 27 vägstrafiken,
252 541 49 15 men
318 534 62 22 äfven
396 541 26 15 en
438 536 47 20 stor
501 535 36 21 del
551 534 24 22 af
589 535 49 21 dess
654 534 69 28 öfriga
737 535 55 21 både
808 541 35 15 ex-

81 570 51 26 port
151 569 40 22 och
209 569 81 27 import
304 569 90 22 artiklar
410 569 62 22 skola
488 569 39 21 allt
542 568 108 28 framgent
663 569 98 27 begagna
775 569 34 27 sig
824 568 22 23 af

83 604 110 27 sjövägen,
209 604 25 22 så
250 606 33 20 att
298 604 78 22 endast
391 604 41 22 den
448 604 36 22 del
501 604 23 21 af
533 604 110 22 desamma
653 610 47 16 som
710 603 60 23 afser
780 604 64 22 södra

83 638 63 22 delen
162 638 23 22 af
198 638 75 22 landet
288 638 41 23 och
345 638 108 28 Ryssland
467 638 100 22 kommer
582 640 33 20 att
628 638 51 28 löpa
693 639 7 21 i
715 639 128 27 jernvägens

82 672 102 28 riktning.
216 673 40 22 Om
271 680 50 15 man
336 672 62 23 äfven
415 674 12 21 å
443 680 41 15 ena
495 674 63 21 sidan
569 674 43 21 kan
622 675 53 25 säga
686 675 32 20 att
730 674 40 21 den
780 674 64 21 korta

82 707 181 27 seglationstiden
279 708 7 21 i
302 704 179 26 Österbottniska
496 708 65 22 viken
576 708 7 22 i
599 708 77 28 många
692 708 37 22 fall
744 708 42 22 kan
801 708 42 22 för-

83 742 78 22 anleda
182 749 26 15 en
224 744 71 20 större
308 743 217 27 jernvägstransport
539 743 28 27 på
583 744 75 20 senast
671 743 92 22 nämnda
779 744 64 26 orter,

82 776 29 21 då
133 776 38 22 det
192 777 42 21 kan
257 784 52 15 vara
329 777 142 27 fördelaktigt
487 777 34 23 för
535 778 120 27 Uleåborgs
670 777 127 23 trafikanter
811 778 33 21 att

81 810 49 22 icke
145 810 58 23 förse
219 812 40 27 sig,
276 812 73 21 såsom
364 812 76 21 hittills
456 812 58 21 varit
529 812 67 26 fallet,
613 812 49 22 med
676 812 62 27 lager
752 811 33 22 för
795 812 49 21 hela

82 845 53 26 året,
151 847 53 20 utan
219 845 145 28 komplettera
375 846 38 22 det
423 846 115 22 efterhand
549 853 40 21 per
597 847 95 27 jernväg,
704 846 139 27 hvarigenom

81 879 83 22 mindre
187 880 162 28 förlagskapital
370 880 108 23 erfordras
500 881 41 22 och
562 883 33 20 ett
610 881 128 28 afpassande
754 880 23 22 af
791 887 52 22 gyn-

82 919 83 16 samma
179 915 69 27 priser
263 915 42 22 blir
318 915 89 28 möjligt,
423 916 125 22 motverkas
565 915 61 28 detta
641 915 13 22 å
669 916 67 21 andra
751 915 62 22 sidan
824 915 23 22 af

82 948 43 22 den
141 949 65 28 dryga
222 950 238 27 transportkostnaden.
492 950 117 22 Afståndet
622 950 47 22 från
684 949 111 28 Uleåborg
809 949 34 22 till

83 983 33 22 S:t
137 983 133 28 Petersburg
293 985 69 21 skulle
383 985 108 27 nemligen
511 985 66 22 blifva
597 987 41 20 965
658 986 59 21 verst
733 985 53 22 eller
801 984 41 27 2

81 1017 82 28 gänger
178 1018 74 28 längre
268 1021 27 20 än
310 1019 47 22 frän
368 1019 137 28 Helsingfors
517 1020 33 21 till
561 1020 70 22 denna
642 1021 39 20 ort.
712 1019 132 27 Visserligen

81 1052 74 22 kunna
177 1053 201 27 prisfluktuationer
400 1054 103 22 stundom
526 1056 100 26 uppväga
648 1053 61 23 äfven
731 1054 27 21 de
777 1053 67 28 dryga

81 1087 213 27 fraktkostnaderna,
315 1095 49 15 men
379 1089 8 21 i
402 1089 120 21 allmänhet
537 1089 62 21 skola
614 1089 64 21 dessa
692 1088 89 22 inverka
796 1087 48 22 der-

82 1120 42 22 hän
141 1123 34 20 att
191 1122 41 22 den
247 1122 259 28 genomgäendetrafiken
521 1123 48 22 icke
584 1123 43 22 kan
636 1122 66 23 blifva
714 1122 129 28 betydande.

150 1156 44 22 Det
213 1157 43 21 kan
276 1158 28 26 pä
324 1158 70 26 grund
415 1157 24 22 af
457 1158 163 27 ofvanstäende,
642 1158 67 27 enligt
724 1157 120 22 utskottets

82 1190 72 27 tanke,
171 1197 63 16 anses
250 1192 34 21 för
298 1192 131 28 fullkomligt
443 1192 83 27 säkert,
542 1194 33 20 att
586 1193 42 21 den
638 1192 206 28 genomgäendetra-

81 1224 58 22 fiken
153 1224 48 23 frän
215 1226 86 27 Kuopio
316 1226 42 22 blir
373 1227 100 21 starkare
489 1230 29 19 än
531 1227 47 22 frän
588 1227 114 27 Uleäborg,
714 1226 42 22 och
765 1227 34 20 att
809 1225 35 22 sä-

81 1259 61 22 ledes
162 1260 41 22 den
223 1259 58 23 förra
301 1261 140 27 ändpunkten
461 1264 26 19 är
502 1261 144 28 fördelaktige
662 1264 27 19 än
705 1262 42 21 den
762 1266 82 16 senare.

81 1293 64 22 Afses
154 1294 48 22 äter
208 1294 160 28 lokaltrafiken,
378 1298 24 19 är
410 1296 37 22 det
455 1296 78 28 troligt
540 1298 33 20 att
582 1296 41 22 den
632 1296 35 22 del
676 1295 66 27 deraf,
753 1301 46 16 som
809 1296 36 21 rör

81 1328 34 27 sig
129 1329 91 22 emellan
232 1330 214 22 mellanstationerna
460 1331 111 27 inbördes,
589 1332 13 21 å
616 1331 42 22 den
674 1329 172 23 österbottniska

81 1362 72 22 banan
171 1375 25 3 —
212 1364 105 21 särskildt
331 1364 8 21 i
354 1365 50 21 dess
420 1365 67 22 södra
503 1365 35 21 del
553 1377 29 4 —
596 1365 42 22 blir
653 1364 96 27 lifligare,
761 1364 28 21 då
799 1365 46 20 stä-

81 1397 67 22 derna
170 1397 58 22 invid
252 1398 126 22 densamma
397 1399 36 22 väl
452 1399 7 22 i
475 1400 69 27 högre
559 1399 55 28 grad
628 1399 86 22 komma
729 1399 33 22 att
777 1397 69 28 draga

81 1431 33 21 till
133 1431 34 27 sig
185 1432 180 28 mellanliggande
386 1435 71 20 orters
478 1433 72 28 trafik,
571 1436 28 19 än
615 1433 27 22 de
657 1433 57 22 invid
728 1431 116 28 Kuopio—

149 1471 191 23 Jernvägsutskottets
354 1472 118 19 betänkande
486 1473 37 18 N:o
535 1474 16 17 1.
