<?xml version="1.0" encoding="UTF-8"?>
<alto xmlns="http://www.loc.gov/standards/alto/ns-v3#" xmlns:xlink="http://www.w3.org/1999/xlink" xmlns:xsi="http://www.w3.org/2001/XMLSchema-instance" xsi:schemaLocation="http://www.loc.gov/standards/alto/ns-v3# http://www.loc.gov/alto/v3/alto-3-0.xsd">
	<Description>
		<MeasurementUnit>pixel</MeasurementUnit>
		<sourceImageInformation>
			<fileName>/tmp/tess__yrq6o1n_input.PNG</fileName>
		</sourceImageInformation>
		<OCRProcessing ID="OCR_0">
			<ocrProcessingStep>
				<processingSoftware>
					<softwareName>tesseract 5.3.4</softwareName>
				</processingSoftware>
			</ocrProcessingStep>
		</OCRProcessing>
	</Description>
	<Layout>
		<Page WIDTH="1025" HEIGHT="1661" PHYSICAL_IMG_NR="0" ID="page_0">
			<PrintSpace HPOS="0" VPOS="0" WIDTH="1025" HEIGHT="1661">
				<ComposedBlock ID="cblock_0" HPOS="261" VPOS="115" WIDTH="537" HEIGHT="29">
					<TextBlock ID="block_0" HPOS="261" VPOS="115" WIDTH="537" HEIGHT="29">
						<TextLine ID="line_0" HPOS="261" VPOS="115" WIDTH="537" HEIGHT="29">
							<String ID="string_0" HPOS="261" VPOS="115" WIDTH="83" HEIGHT="23" WC="0.88" CONTENT="Ständ."/><SP WIDTH="16" VPOS="115" HPOS="344"/>
							<String ID="string_1" HPOS="360" VPOS="115" WIDTH="38" HEIGHT="23" WC="0.93" CONTENT="Sv."/><SP WIDTH="16" VPOS="115" HPOS="398"/>
							<String ID="string_2" HPOS="414" VPOS="127" WIDTH="27" HEIGHT="5" WC="0.90" CONTENT="—"/><SP WIDTH="15" VPOS="127" HPOS="441"/>
							<String ID="string_3" HPOS="456" VPOS="116" WIDTH="73" HEIGHT="28" WC="0.93" CONTENT="Prop."/><SP WIDTH="15" VPOS="116" HPOS="529"/>
							<String ID="string_4" HPOS="544" VPOS="116" WIDTH="41" HEIGHT="22" WC="0.96" CONTENT="N:o"/><SP WIDTH="15" VPOS="116" HPOS="585"/>
							<String ID="string_5" HPOS="600" VPOS="116" WIDTH="35" HEIGHT="22" WC="0.96" CONTENT="18."/><SP WIDTH="150" VPOS="116" HPOS="635"/>
							<String ID="string_6" HPOS="785" VPOS="118" WIDTH="13" HEIGHT="20" WC="0.94" CONTENT="9"/>
						</TextLine>
					</TextBlock>
				</ComposedBlock>
				<ComposedBlock ID="cblock_1" HPOS="274" VPOS="178" WIDTH="554" HEIGHT="56">
					<TextBlock ID="block_1" HPOS="274" VPOS="178" WIDTH="554" HEIGHT="56">
						<TextLine ID="line_1" HPOS="274" VPOS="178" WIDTH="554" HEIGHT="29">
							<String ID="string_7" HPOS="274" VPOS="178" WIDTH="39" HEIGHT="21" WC="0.92" CONTENT="och"/><SP WIDTH="23" VPOS="178" HPOS="313"/>
							<String ID="string_8" HPOS="336" VPOS="178" WIDTH="189" HEIGHT="28" WC="0.90" CONTENT="dagtraktamente"/><SP WIDTH="22" VPOS="178" HPOS="525"/>
							<String ID="string_9" HPOS="547" VPOS="179" WIDTH="69" HEIGHT="28" WC="0.96" CONTENT="enligt"/><SP WIDTH="22" VPOS="179" HPOS="616"/>
							<String ID="string_10" HPOS="638" VPOS="178" WIDTH="98" HEIGHT="22" WC="0.92" CONTENT="nämnda"/><SP WIDTH="21" VPOS="178" HPOS="736"/>
							<String ID="string_11" HPOS="757" VPOS="180" WIDTH="71" HEIGHT="27" WC="0.91" CONTENT="regle-"/>
						</TextLine>
						<TextLine ID="line_2" HPOS="274" VPOS="214" WIDTH="75" HEIGHT="20">
							<String ID="string_12" HPOS="274" VPOS="214" WIDTH="75" HEIGHT="20" WC="0.95" CONTENT="mente."/>
						</TextLine>
					</TextBlock>
				</ComposedBlock>
				<ComposedBlock ID="cblock_2" HPOS="518" VPOS="270" WIDTH="64" HEIGHT="27">
					<TextBlock ID="block_2" HPOS="518" VPOS="270" WIDTH="64" HEIGHT="27">
						<TextLine ID="line_3" HPOS="518" VPOS="270" WIDTH="64" HEIGHT="27">
							<String ID="string_13" HPOS="518" VPOS="270" WIDTH="15" HEIGHT="27" WC="0.92" CONTENT="$"/><SP WIDTH="16" VPOS="270" HPOS="533"/>
							<String ID="string_14" HPOS="549" VPOS="271" WIDTH="33" HEIGHT="19" WC="0.87" CONTENT="11."/>
						</TextLine>
					</TextBlock>
				</ComposedBlock>
				<ComposedBlock ID="cblock_3" HPOS="271" VPOS="313" WIDTH="559" HEIGHT="533">
					<TextBlock ID="block_3" HPOS="271" VPOS="313" WIDTH="558" HEIGHT="233">
						<TextLine ID="line_4" HPOS="336" VPOS="313" WIDTH="493" HEIGHT="29">
							<String ID="string_15" HPOS="336" VPOS="313" WIDTH="84" HEIGHT="22" WC="0.96" CONTENT="Valbar"/><SP WIDTH="16" VPOS="313" HPOS="420"/>
							<String ID="string_16" HPOS="436" VPOS="314" WIDTH="35" HEIGHT="21" WC="0.95" CONTENT="till"/><SP WIDTH="16" VPOS="314" HPOS="471"/>
							<String ID="string_17" HPOS="487" VPOS="314" WIDTH="94" HEIGHT="21" WC="0.96" CONTENT="ledamot"/><SP WIDTH="14" VPOS="314" HPOS="581"/>
							<String ID="string_18" HPOS="595" VPOS="315" WIDTH="10" HEIGHT="20" WC="0.93" CONTENT="i"/><SP WIDTH="15" VPOS="315" HPOS="605"/>
							<String ID="string_19" HPOS="620" VPOS="314" WIDTH="209" HEIGHT="28" WC="0.45" CONTENT="bevillningskomite"/>
						</TextLine>
						<TextLine ID="line_5" HPOS="275" VPOS="347" WIDTH="553" HEIGHT="29">
							<String ID="string_20" HPOS="275" VPOS="350" WIDTH="28" HEIGHT="19" WC="0.93" CONTENT="är"/><SP WIDTH="15" VPOS="350" HPOS="303"/>
							<String ID="string_21" HPOS="318" VPOS="347" WIDTH="76" HEIGHT="28" WC="0.92" CONTENT="hvarje"/><SP WIDTH="14" VPOS="347" HPOS="394"/>
							<String ID="string_22" HPOS="408" VPOS="348" WIDTH="125" HEIGHT="28" WC="0.90" CONTENT="välfrejdad"/><SP WIDTH="16" VPOS="348" HPOS="533"/>
							<String ID="string_23" HPOS="549" VPOS="355" WIDTH="88" HEIGHT="21" WC="0.96" CONTENT="person,"/><SP WIDTH="16" VPOS="355" HPOS="637"/>
							<String ID="string_24" HPOS="653" VPOS="355" WIDTH="45" HEIGHT="14" WC="0.96" CONTENT="som"/><SP WIDTH="16" VPOS="355" HPOS="698"/>
							<String ID="string_25" HPOS="714" VPOS="350" WIDTH="27" HEIGHT="19" WC="0.93" CONTENT="är"/><SP WIDTH="15" VPOS="350" HPOS="741"/>
							<String ID="string_26" HPOS="756" VPOS="348" WIDTH="72" HEIGHT="21" WC="0.91" CONTENT="berät-"/>
						</TextLine>
						<TextLine ID="line_6" HPOS="275" VPOS="382" WIDTH="553" HEIGHT="28">
							<String ID="string_27" HPOS="275" VPOS="383" WIDTH="64" HEIGHT="26" WC="0.92" CONTENT="tigad"/><SP WIDTH="17" VPOS="383" HPOS="339"/>
							<String ID="string_28" HPOS="356" VPOS="385" WIDTH="32" HEIGHT="18" WC="0.90" CONTENT="att"/><SP WIDTH="15" VPOS="385" HPOS="388"/>
							<String ID="string_29" HPOS="403" VPOS="382" WIDTH="9" HEIGHT="21" WC="0.90" CONTENT="i"/><SP WIDTH="14" VPOS="382" HPOS="412"/>
							<String ID="string_30" HPOS="426" VPOS="383" WIDTH="57" HEIGHT="20" WC="0.93" CONTENT="valet"/><SP WIDTH="15" VPOS="383" HPOS="483"/>
							<String ID="string_31" HPOS="498" VPOS="383" WIDTH="100" HEIGHT="27" WC="0.91" CONTENT="deltaga;"/><SP WIDTH="15" VPOS="383" HPOS="598"/>
							<String ID="string_32" HPOS="613" VPOS="382" WIDTH="38" HEIGHT="21" WC="0.96" CONTENT="och"/><SP WIDTH="15" VPOS="382" HPOS="651"/>
							<String ID="string_33" HPOS="666" VPOS="382" WIDTH="38" HEIGHT="21" WC="0.92" CONTENT="bör"/><SP WIDTH="14" VPOS="382" HPOS="704"/>
							<String ID="string_34" HPOS="718" VPOS="383" WIDTH="37" HEIGHT="20" WC="0.96" CONTENT="vid"/><SP WIDTH="15" VPOS="383" HPOS="755"/>
							<String ID="string_35" HPOS="770" VPOS="383" WIDTH="58" HEIGHT="20" WC="0.96" CONTENT="valet"/>
						</TextLine>
						<TextLine ID="line_7" HPOS="276" VPOS="416" WIDTH="552" HEIGHT="29">
							<String ID="string_36" HPOS="276" VPOS="416" WIDTH="113" HEIGHT="29" WC="0.91" CONTENT="iakttagas"/><SP WIDTH="15" VPOS="416" HPOS="389"/>
							<String ID="string_37" HPOS="404" VPOS="419" WIDTH="39" HEIGHT="23" WC="0.96" CONTENT="att,"/><SP WIDTH="15" VPOS="419" HPOS="443"/>
							<String ID="string_38" HPOS="458" VPOS="417" WIDTH="26" HEIGHT="20" WC="0.93" CONTENT="sä"/><SP WIDTH="15" VPOS="417" HPOS="484"/>
							<String ID="string_39" HPOS="499" VPOS="417" WIDTH="45" HEIGHT="21" WC="0.91" CONTENT="vidt"/><SP WIDTH="15" VPOS="417" HPOS="544"/>
							<String ID="string_40" HPOS="559" VPOS="417" WIDTH="86" HEIGHT="28" WC="0.93" CONTENT="möjligt"/><SP WIDTH="14" VPOS="417" HPOS="645"/>
							<String ID="string_41" HPOS="659" VPOS="419" WIDTH="33" HEIGHT="23" WC="0.93" CONTENT="är,"/><SP WIDTH="16" VPOS="419" HPOS="692"/>
							<String ID="string_42" HPOS="708" VPOS="417" WIDTH="21" HEIGHT="27" WC="0.90" CONTENT="ej"/><SP WIDTH="14" VPOS="417" HPOS="729"/>
							<String ID="string_43" HPOS="743" VPOS="417" WIDTH="85" HEIGHT="21" WC="0.96" CONTENT="mindre"/>
						</TextLine>
						<TextLine ID="line_8" HPOS="271" VPOS="451" WIDTH="558" HEIGHT="28">
							<String ID="string_44" HPOS="271" VPOS="451" WIDTH="273" HEIGHT="27" WC="0.48" CONTENT="Jastighetsinnehajvare,"/><SP WIDTH="15" VPOS="451" HPOS="544"/>
							<String ID="string_45" HPOS="559" VPOS="453" WIDTH="30" HEIGHT="19" WC="0.93" CONTENT="än"/><SP WIDTH="15" VPOS="453" HPOS="589"/>
							<String ID="string_46" HPOS="604" VPOS="451" WIDTH="171" HEIGHT="28" WC="0.95" CONTENT="näringsidkare"/><SP WIDTH="16" VPOS="451" HPOS="775"/>
							<String ID="string_47" HPOS="791" VPOS="451" WIDTH="38" HEIGHT="21" WC="0.96" CONTENT="och"/>
						</TextLine>
						<TextLine ID="line_9" HPOS="277" VPOS="485" WIDTH="551" HEIGHT="28">
							<String ID="string_48" HPOS="277" VPOS="485" WIDTH="115" HEIGHT="27" WC="0.96" CONTENT="löntagare"/><SP WIDTH="22" VPOS="485" HPOS="392"/>
							<String ID="string_49" HPOS="414" VPOS="485" WIDTH="85" HEIGHT="21" WC="0.96" CONTENT="komma"/><SP WIDTH="22" VPOS="485" HPOS="499"/>
							<String ID="string_50" HPOS="521" VPOS="488" WIDTH="33" HEIGHT="18" WC="0.96" CONTENT="att"/><SP WIDTH="21" VPOS="488" HPOS="554"/>
							<String ID="string_51" HPOS="575" VPOS="485" WIDTH="9" HEIGHT="21" WC="0.92" CONTENT="i"/><SP WIDTH="21" VPOS="485" HPOS="584"/>
							<String ID="string_52" HPOS="605" VPOS="485" WIDTH="223" HEIGHT="28" WC="0.71" CONTENT="bevillningskomiten"/>
						</TextLine>
						<TextLine ID="line_10" HPOS="277" VPOS="519" WIDTH="104" HEIGHT="27">
							<String ID="string_53" HPOS="277" VPOS="519" WIDTH="104" HEIGHT="27" WC="0.92" CONTENT="inväljas."/>
						</TextLine>
					</TextBlock>
					<TextBlock ID="block_4" HPOS="275" VPOS="553" WIDTH="555" HEIGHT="293">
						<TextLine ID="line_11" HPOS="334" VPOS="553" WIDTH="496" HEIGHT="28">
							<String ID="string_54" HPOS="334" VPOS="553" WIDTH="36" HEIGHT="21" WC="0.96" CONTENT="På"/><SP WIDTH="22" VPOS="553" HPOS="370"/>
							<String ID="string_55" HPOS="392" VPOS="553" WIDTH="36" HEIGHT="21" WC="0.93" CONTENT="det"/><SP WIDTH="23" VPOS="553" HPOS="428"/>
							<String ID="string_56" HPOS="451" VPOS="553" WIDTH="236" HEIGHT="28" WC="0.79" CONTENT="bevillningskomitens"/><SP WIDTH="23" VPOS="553" HPOS="687"/>
							<String ID="string_57" HPOS="710" VPOS="553" WIDTH="120" HEIGHT="21" WC="0.96" CONTENT="ledamöter"/>
						</TextLine>
						<TextLine ID="line_12" HPOS="277" VPOS="586" WIDTH="553" HEIGHT="29">
							<String ID="string_58" HPOS="277" VPOS="588" WIDTH="36" HEIGHT="20" WC="0.90" CONTENT="mä"/><SP WIDTH="23" VPOS="588" HPOS="313"/>
							<String ID="string_59" HPOS="336" VPOS="594" WIDTH="40" HEIGHT="20" WC="0.90" CONTENT="ega"/><SP WIDTH="23" VPOS="594" HPOS="376"/>
							<String ID="string_60" HPOS="399" VPOS="586" WIDTH="91" HEIGHT="27" WC="0.91" CONTENT="tillfälle"/><SP WIDTH="15" VPOS="586" HPOS="490"/>
							<String ID="string_61" HPOS="505" VPOS="590" WIDTH="33" HEIGHT="18" WC="0.92" CONTENT="att"/><SP WIDTH="15" VPOS="590" HPOS="538"/>
							<String ID="string_62" HPOS="553" VPOS="587" WIDTH="96" HEIGHT="21" WC="0.90" CONTENT="inhemta"/><SP WIDTH="16" VPOS="587" HPOS="649"/>
							<String ID="string_63" HPOS="665" VPOS="587" WIDTH="67" HEIGHT="28" WC="0.92" CONTENT="nödig"/><SP WIDTH="16" VPOS="587" HPOS="732"/>
							<String ID="string_64" HPOS="748" VPOS="587" WIDTH="82" HEIGHT="21" WC="0.91" CONTENT="känne-"/>
						</TextLine>
						<TextLine ID="line_13" HPOS="279" VPOS="621" WIDTH="551" HEIGHT="28">
							<String ID="string_65" HPOS="279" VPOS="621" WIDTH="50" HEIGHT="21" WC="0.95" CONTENT="dom"/><SP WIDTH="23" VPOS="621" HPOS="329"/>
							<String ID="string_66" HPOS="352" VPOS="628" WIDTH="34" HEIGHT="14" WC="0.95" CONTENT="om"/><SP WIDTH="21" VPOS="628" HPOS="386"/>
							<String ID="string_67" HPOS="407" VPOS="621" WIDTH="49" HEIGHT="21" WC="0.93" CONTENT="sina"/><SP WIDTH="17" VPOS="621" HPOS="456"/>
							<String ID="string_68" HPOS="473" VPOS="621" WIDTH="141" HEIGHT="27" WC="0.91" CONTENT="äligganden,"/><SP WIDTH="17" VPOS="621" HPOS="614"/>
							<String ID="string_69" HPOS="631" VPOS="621" WIDTH="38" HEIGHT="21" WC="0.93" CONTENT="bör"/><SP WIDTH="15" VPOS="621" HPOS="669"/>
							<String ID="string_70" HPOS="684" VPOS="621" WIDTH="146" HEIGHT="28" WC="0.92" CONTENT="erforderligt"/>
						</TextLine>
						<TextLine ID="line_14" HPOS="278" VPOS="654" WIDTH="552" HEIGHT="29">
							<String ID="string_71" HPOS="278" VPOS="655" WIDTH="65" HEIGHT="21" WC="0.93" CONTENT="antal"/><SP WIDTH="15" VPOS="655" HPOS="343"/>
							<String ID="string_72" HPOS="358" VPOS="655" WIDTH="111" HEIGHT="27" WC="0.96" CONTENT="exemplar"/><SP WIDTH="16" VPOS="655" HPOS="469"/>
							<String ID="string_73" HPOS="485" VPOS="655" WIDTH="31" HEIGHT="27" WC="0.96" CONTENT="af"/><SP WIDTH="10" VPOS="655" HPOS="516"/>
							<String ID="string_74" HPOS="526" VPOS="655" WIDTH="71" HEIGHT="21" WC="0.93" CONTENT="denna"/><SP WIDTH="16" VPOS="655" HPOS="597"/>
							<String ID="string_75" HPOS="613" VPOS="655" WIDTH="79" HEIGHT="28" WC="0.93" CONTENT="stadga"/><SP WIDTH="16" VPOS="655" HPOS="692"/>
							<String ID="string_76" HPOS="708" VPOS="654" WIDTH="122" HEIGHT="22" WC="0.80" CONTENT="tillhanda-"/>
						</TextLine>
						<TextLine ID="line_15" HPOS="279" VPOS="689" WIDTH="551" HEIGHT="29">
							<String ID="string_77" HPOS="279" VPOS="689" WIDTH="73" HEIGHT="21" WC="0.96" CONTENT="hållas"/><SP WIDTH="15" VPOS="689" HPOS="352"/>
							<String ID="string_78" HPOS="367" VPOS="689" WIDTH="159" HEIGHT="21" WC="0.93" CONTENT="vederbörande"/><SP WIDTH="14" VPOS="689" HPOS="526"/>
							<String ID="string_79" HPOS="540" VPOS="689" WIDTH="165" HEIGHT="29" WC="0.93" CONTENT="stadsstyrelser"/><SP WIDTH="19" VPOS="689" HPOS="705"/>
							<String ID="string_80" HPOS="724" VPOS="689" WIDTH="38" HEIGHT="21" WC="0.93" CONTENT="och"/><SP WIDTH="17" VPOS="689" HPOS="762"/>
							<String ID="string_81" HPOS="779" VPOS="690" WIDTH="51" HEIGHT="20" WC="0.91" CONTENT="ord-"/>
						</TextLine>
						<TextLine ID="line_16" HPOS="277" VPOS="723" WIDTH="553" HEIGHT="26">
							<String ID="string_82" HPOS="277" VPOS="724" WIDTH="96" HEIGHT="25" WC="0.96" CONTENT="förande"/><SP WIDTH="15" VPOS="724" HPOS="373"/>
							<String ID="string_83" HPOS="388" VPOS="724" WIDTH="9" HEIGHT="19" WC="0.93" CONTENT="i"/><SP WIDTH="15" VPOS="724" HPOS="397"/>
							<String ID="string_84" HPOS="412" VPOS="723" WIDTH="208" HEIGHT="21" WC="0.51" CONTENT="kommunalnämndä"/><SP WIDTH="22" VPOS="723" HPOS="620"/>
							<String ID="string_85" HPOS="642" VPOS="725" WIDTH="56" HEIGHT="19" WC="0.94" CONTENT="samt"/><SP WIDTH="20" VPOS="725" HPOS="698"/>
							<String ID="string_86" HPOS="718" VPOS="725" WIDTH="29" HEIGHT="19" WC="0.93" CONTENT="ett"/><SP WIDTH="15" VPOS="725" HPOS="747"/>
							<String ID="string_87" HPOS="762" VPOS="730" WIDTH="68" HEIGHT="14" WC="0.89" CONTENT="exem-"/>
						</TextLine>
						<TextLine ID="line_17" HPOS="275" VPOS="757" WIDTH="555" HEIGHT="28">
							<String ID="string_88" HPOS="275" VPOS="757" WIDTH="55" HEIGHT="28" WC="0.89" CONTENT="plar"/><SP WIDTH="22" VPOS="757" HPOS="330"/>
							<String ID="string_89" HPOS="352" VPOS="757" WIDTH="70" HEIGHT="27" WC="0.93" CONTENT="deraf"/><SP WIDTH="18" VPOS="757" HPOS="422"/>
							<String ID="string_90" HPOS="440" VPOS="757" WIDTH="145" HEIGHT="27" WC="0.92" CONTENT="öfverlemnas"/><SP WIDTH="23" VPOS="757" HPOS="585"/>
							<String ID="string_91" HPOS="608" VPOS="757" WIDTH="35" HEIGHT="21" WC="0.93" CONTENT="till"/><SP WIDTH="15" VPOS="757" HPOS="643"/>
							<String ID="string_92" HPOS="658" VPOS="757" WIDTH="78" HEIGHT="28" WC="0.96" CONTENT="hvarje"/><SP WIDTH="14" VPOS="757" HPOS="736"/>
							<String ID="string_93" HPOS="750" VPOS="757" WIDTH="80" HEIGHT="21" WC="0.96" CONTENT="utsedd"/>
						</TextLine>
						<TextLine ID="line_18" HPOS="280" VPOS="791" WIDTH="550" HEIGHT="28">
							<String ID="string_94" HPOS="280" VPOS="791" WIDTH="95" HEIGHT="21" WC="0.96" CONTENT="ledamot"/><SP WIDTH="15" VPOS="791" HPOS="375"/>
							<String ID="string_95" HPOS="390" VPOS="792" WIDTH="8" HEIGHT="20" WC="0.92" CONTENT="i"/><SP WIDTH="15" VPOS="792" HPOS="398"/>
							<String ID="string_96" HPOS="413" VPOS="791" WIDTH="92" HEIGHT="21" WC="0.91" CONTENT="komiten"/><SP WIDTH="14" VPOS="791" HPOS="505"/>
							<String ID="string_97" HPOS="519" VPOS="793" WIDTH="32" HEIGHT="26" WC="0.96" CONTENT="pä"/><SP WIDTH="14" VPOS="793" HPOS="551"/>
							<String ID="string_98" HPOS="565" VPOS="798" WIDTH="82" HEIGHT="15" WC="0.92" CONTENT="samma"/><SP WIDTH="16" VPOS="798" HPOS="647"/>
							<String ID="string_99" HPOS="663" VPOS="792" WIDTH="59" HEIGHT="27" WC="0.91" CONTENT="gäng"/><SP WIDTH="15" VPOS="792" HPOS="722"/>
							<String ID="string_100" HPOS="737" VPOS="791" WIDTH="44" HEIGHT="21" WC="0.96" CONTENT="han"/><SP WIDTH="16" VPOS="791" HPOS="781"/>
							<String ID="string_101" HPOS="797" VPOS="797" WIDTH="33" HEIGHT="15" WC="0.96" CONTENT="om"/>
						</TextLine>
						<TextLine ID="line_19" HPOS="279" VPOS="825" WIDTH="221" HEIGHT="21">
							<String ID="string_102" HPOS="279" VPOS="826" WIDTH="57" HEIGHT="20" WC="0.93" CONTENT="valet"/><SP WIDTH="15" VPOS="826" HPOS="336"/>
							<String ID="string_103" HPOS="351" VPOS="825" WIDTH="149" HEIGHT="21" WC="0.92" CONTENT="underrättas."/>
						</TextLine>
					</TextBlock>
				</ComposedBlock>
				<ComposedBlock ID="cblock_4" HPOS="520" VPOS="882" WIDTH="66" HEIGHT="27">
					<TextBlock ID="block_5" HPOS="520" VPOS="882" WIDTH="66" HEIGHT="27">
						<TextLine ID="line_20" HPOS="520" VPOS="882" WIDTH="66" HEIGHT="27">
							<String ID="string_104" HPOS="520" VPOS="882" WIDTH="15" HEIGHT="27" WC="0.93" CONTENT="$"/><SP WIDTH="16" VPOS="882" HPOS="535"/>
							<String ID="string_105" HPOS="551" VPOS="883" WIDTH="35" HEIGHT="21" WC="0.91" CONTENT="12."/>
						</TextLine>
					</TextBlock>
				</ComposedBlock>
				<ComposedBlock ID="cblock_5" HPOS="269" VPOS="927" WIDTH="568" HEIGHT="538">
					<TextBlock ID="block_6" HPOS="269" VPOS="927" WIDTH="568" HEIGHT="538">
						<TextLine ID="line_21" HPOS="336" VPOS="927" WIDTH="494" HEIGHT="26">
							<String ID="string_106" HPOS="336" VPOS="927" WIDTH="36" HEIGHT="21" WC="0.92" CONTENT="En"/><SP WIDTH="23" VPOS="927" HPOS="372"/>
							<String ID="string_107" HPOS="395" VPOS="928" WIDTH="59" HEIGHT="25" WC="0.95" CONTENT="hvar,"/><SP WIDTH="23" VPOS="928" HPOS="454"/>
							<String ID="string_108" HPOS="477" VPOS="934" WIDTH="45" HEIGHT="15" WC="0.93" CONTENT="som"/><SP WIDTH="23" VPOS="934" HPOS="522"/>
							<String ID="string_109" HPOS="545" VPOS="928" WIDTH="55" HEIGHT="20" WC="0.96" CONTENT="valts"/><SP WIDTH="17" VPOS="928" HPOS="600"/>
							<String ID="string_110" HPOS="617" VPOS="928" WIDTH="34" HEIGHT="21" WC="0.95" CONTENT="till"/><SP WIDTH="16" VPOS="928" HPOS="651"/>
							<String ID="string_111" HPOS="667" VPOS="927" WIDTH="92" HEIGHT="21" WC="0.95" CONTENT="ledamot"/><SP WIDTH="15" VPOS="927" HPOS="759"/>
							<String ID="string_112" HPOS="774" VPOS="928" WIDTH="8" HEIGHT="20" WC="0.93" CONTENT="i"/><SP WIDTH="17" VPOS="928" HPOS="782"/>
							<String ID="string_113" HPOS="799" VPOS="927" WIDTH="31" HEIGHT="21" WC="0.81" CONTENT="be-"/>
						</TextLine>
						<TextLine ID="line_22" HPOS="279" VPOS="961" WIDTH="558" HEIGHT="28">
							<String ID="string_114" HPOS="279" VPOS="962" WIDTH="190" HEIGHT="27" WC="0.82" CONTENT="villningskomite,"/><SP WIDTH="24" VPOS="962" HPOS="469"/>
							<String ID="string_115" HPOS="493" VPOS="964" WIDTH="32" HEIGHT="23" WC="0.93" CONTENT="är,"/><SP WIDTH="23" VPOS="964" HPOS="525"/>
							<String ID="string_116" HPOS="548" VPOS="961" WIDTH="96" HEIGHT="28" WC="0.96" CONTENT="såframt"/><SP WIDTH="23" VPOS="961" HPOS="644"/>
							<String ID="string_117" HPOS="667" VPOS="961" WIDTH="43" HEIGHT="21" WC="0.93" CONTENT="han"/><SP WIDTH="26" VPOS="961" HPOS="710"/>
							<String ID="string_118" HPOS="736" VPOS="961" WIDTH="45" HEIGHT="21" WC="0.94" CONTENT="icke"/><SP WIDTH="26" VPOS="961" HPOS="781"/>
							<String ID="string_119" HPOS="807" VPOS="961" WIDTH="30" HEIGHT="27" WC="0.96" CONTENT="af"/>
						</TextLine>
						<TextLine ID="line_23" HPOS="281" VPOS="995" WIDTH="551" HEIGHT="29">
							<String ID="string_120" HPOS="281" VPOS="997" WIDTH="51" HEIGHT="27" WC="0.96" CONTENT="laga"/><SP WIDTH="18" VPOS="997" HPOS="332"/>
							<String ID="string_121" HPOS="350" VPOS="996" WIDTH="86" HEIGHT="27" WC="0.92" CONTENT="förfall"/><SP WIDTH="22" VPOS="996" HPOS="436"/>
							<String ID="string_122" HPOS="458" VPOS="996" WIDTH="103" HEIGHT="26" WC="0.89" CONTENT="derifrän"/><SP WIDTH="20" VPOS="996" HPOS="561"/>
							<String ID="string_123" HPOS="581" VPOS="996" WIDTH="100" HEIGHT="25" WC="0.95" CONTENT="hindras,"/><SP WIDTH="15" VPOS="996" HPOS="681"/>
							<String ID="string_124" HPOS="696" VPOS="995" WIDTH="88" HEIGHT="29" WC="0.96" CONTENT="skyldig"/><SP WIDTH="15" VPOS="995" HPOS="784"/>
							<String ID="string_125" HPOS="799" VPOS="998" WIDTH="33" HEIGHT="18" WC="0.96" CONTENT="att"/>
						</TextLine>
						<TextLine ID="line_24" HPOS="281" VPOS="1030" WIDTH="551" HEIGHT="28">
							<String ID="string_126" HPOS="281" VPOS="1030" WIDTH="59" HEIGHT="22" WC="0.96" CONTENT="detta"/><SP WIDTH="15" VPOS="1030" HPOS="340"/>
							<String ID="string_127" HPOS="355" VPOS="1030" WIDTH="103" HEIGHT="28" WC="0.96" CONTENT="uppdrag"/><SP WIDTH="11" VPOS="1030" HPOS="458"/>
							<String ID="string_128" HPOS="469" VPOS="1030" WIDTH="110" HEIGHT="28" WC="0.60" CONTENT="fullgöra."/><SP WIDTH="30" VPOS="1030" HPOS="579"/>
							<String ID="string_129" HPOS="609" VPOS="1030" WIDTH="126" HEIGHT="27" WC="0.75" CONTENT="Inträfadt"/><SP WIDTH="11" VPOS="1030" HPOS="735"/>
							<String ID="string_130" HPOS="746" VPOS="1030" WIDTH="86" HEIGHT="27" WC="0.96" CONTENT="förfall"/>
						</TextLine>
						<TextLine ID="line_25" HPOS="281" VPOS="1064" WIDTH="550" HEIGHT="28">
							<String ID="string_131" HPOS="281" VPOS="1064" WIDTH="38" HEIGHT="21" WC="0.95" CONTENT="bör"/><SP WIDTH="21" VPOS="1064" HPOS="319"/>
							<String ID="string_132" HPOS="340" VPOS="1064" WIDTH="127" HEIGHT="28" WC="0.95" CONTENT="skyndsamt"/><SP WIDTH="25" VPOS="1064" HPOS="467"/>
							<String ID="string_133" HPOS="492" VPOS="1064" WIDTH="100" HEIGHT="21" WC="0.95" CONTENT="anmälas"/><SP WIDTH="27" VPOS="1064" HPOS="592"/>
							<String ID="string_134" HPOS="619" VPOS="1064" WIDTH="37" HEIGHT="21" WC="0.95" CONTENT="hos"/><SP WIDTH="25" VPOS="1064" HPOS="656"/>
							<String ID="string_135" HPOS="681" VPOS="1064" WIDTH="150" HEIGHT="28" WC="0.96" CONTENT="magistraten,"/>
						</TextLine>
						<TextLine ID="line_26" HPOS="281" VPOS="1098" WIDTH="551" HEIGHT="27">
							<String ID="string_136" HPOS="281" VPOS="1098" WIDTH="179" HEIGHT="27" WC="0.91" CONTENT="ordningsrätten"/><SP WIDTH="17" VPOS="1098" HPOS="460"/>
							<String ID="string_137" HPOS="477" VPOS="1098" WIDTH="52" HEIGHT="21" WC="0.93" CONTENT="eller"/><SP WIDTH="9" VPOS="1098" HPOS="529"/>
							<String ID="string_138" HPOS="538" VPOS="1098" WIDTH="235" HEIGHT="27" WC="0.90" CONTENT="bevillningskomiténs"/><SP WIDTH="11" VPOS="1098" HPOS="773"/>
							<String ID="string_139" HPOS="784" VPOS="1098" WIDTH="48" HEIGHT="21" WC="0.91" CONTENT="ord-"/>
						</TextLine>
						<TextLine ID="line_27" HPOS="275" VPOS="1131" WIDTH="558" HEIGHT="28">
							<String ID="string_140" HPOS="275" VPOS="1132" WIDTH="106" HEIGHT="27" WC="0.91" CONTENT="förande,"/><SP WIDTH="23" VPOS="1132" HPOS="381"/>
							<String ID="string_141" HPOS="404" VPOS="1132" WIDTH="26" HEIGHT="21" WC="0.96" CONTENT="så"/><SP WIDTH="15" VPOS="1132" HPOS="430"/>
							<String ID="string_142" HPOS="445" VPOS="1134" WIDTH="34" HEIGHT="19" WC="0.96" CONTENT="att"/><SP WIDTH="14" VPOS="1134" HPOS="479"/>
							<String ID="string_143" HPOS="493" VPOS="1132" WIDTH="118" HEIGHT="27" WC="0.96" CONTENT="suppleant"/><SP WIDTH="14" VPOS="1132" HPOS="611"/>
							<String ID="string_144" HPOS="625" VPOS="1132" WIDTH="35" HEIGHT="21" WC="0.96" CONTENT="må"/><SP WIDTH="16" VPOS="1132" HPOS="660"/>
							<String ID="string_145" HPOS="676" VPOS="1131" WIDTH="68" HEIGHT="22" WC="0.93" CONTENT="hinna"/><SP WIDTH="16" VPOS="1131" HPOS="744"/>
							<String ID="string_146" HPOS="760" VPOS="1131" WIDTH="73" HEIGHT="22" WC="0.92" CONTENT="inkal-"/>
						</TextLine>
						<TextLine ID="line_28" HPOS="281" VPOS="1165" WIDTH="552" HEIGHT="28">
							<String ID="string_147" HPOS="281" VPOS="1167" WIDTH="34" HEIGHT="20" WC="0.96" CONTENT="las"/><SP WIDTH="6" VPOS="1167" HPOS="315"/>
							<String ID="string_148" HPOS="321" VPOS="1166" WIDTH="53" HEIGHT="27" WC="0.92" CONTENT="före"/><SP WIDTH="8" VPOS="1166" HPOS="374"/>
							<String ID="string_149" HPOS="382" VPOS="1165" WIDTH="105" HEIGHT="22" WC="0.91" CONTENT="komiténs"/><SP WIDTH="8" VPOS="1165" HPOS="487"/>
							<String ID="string_150" HPOS="495" VPOS="1166" WIDTH="170" HEIGHT="21" WC="0.95" CONTENT="sammanträde."/><SP WIDTH="26" VPOS="1166" HPOS="665"/>
							<String ID="string_151" HPOS="691" VPOS="1165" WIDTH="142" HEIGHT="28" WC="0.96" CONTENT="Ordförande"/>
						</TextLine>
						<TextLine ID="line_29" HPOS="280" VPOS="1200" WIDTH="553" HEIGHT="27">
							<String ID="string_152" HPOS="280" VPOS="1201" WIDTH="53" HEIGHT="21" WC="0.96" CONTENT="eller"/><SP WIDTH="16" VPOS="1201" HPOS="333"/>
							<String ID="string_153" HPOS="349" VPOS="1200" WIDTH="95" HEIGHT="21" WC="0.96" CONTENT="ledamot"/><SP WIDTH="14" VPOS="1200" HPOS="444"/>
							<String ID="string_154" HPOS="458" VPOS="1201" WIDTH="10" HEIGHT="20" WC="0.93" CONTENT="i"/><SP WIDTH="15" VPOS="1201" HPOS="468"/>
							<String ID="string_155" HPOS="483" VPOS="1200" WIDTH="213" HEIGHT="27" WC="0.91" CONTENT="bevillningskomité,"/><SP WIDTH="21" VPOS="1200" HPOS="696"/>
							<String ID="string_156" HPOS="717" VPOS="1207" WIDTH="45" HEIGHT="14" WC="0.96" CONTENT="som"/><SP WIDTH="15" VPOS="1207" HPOS="762"/>
							<String ID="string_157" HPOS="777" VPOS="1202" WIDTH="56" HEIGHT="19" WC="0.96" CONTENT="utan"/>
						</TextLine>
						<TextLine ID="line_30" HPOS="269" VPOS="1233" WIDTH="564" HEIGHT="29">
							<String ID="string_158" HPOS="269" VPOS="1235" WIDTH="62" HEIGHT="27" WC="0.91" CONTENT="-laga"/><SP WIDTH="11" VPOS="1235" HPOS="331"/>
							<String ID="string_159" HPOS="342" VPOS="1234" WIDTH="86" HEIGHT="27" WC="0.96" CONTENT="förfall"/><SP WIDTH="10" VPOS="1234" HPOS="428"/>
							<String ID="string_160" HPOS="438" VPOS="1234" WIDTH="59" HEIGHT="27" WC="0.96" CONTENT="från"/><SP WIDTH="16" VPOS="1234" HPOS="497"/>
							<String ID="string_161" HPOS="513" VPOS="1234" WIDTH="48" HEIGHT="21" WC="0.96" CONTENT="dess"/><SP WIDTH="10" VPOS="1234" HPOS="561"/>
							<String ID="string_162" HPOS="571" VPOS="1234" WIDTH="163" HEIGHT="21" WC="0.93" CONTENT="sammanträde"/><SP WIDTH="10" VPOS="1234" HPOS="734"/>
							<String ID="string_163" HPOS="744" VPOS="1233" WIDTH="89" HEIGHT="28" WC="0.92" CONTENT="uteblif-"/>
						</TextLine>
						<TextLine ID="line_31" HPOS="278" VPOS="1267" WIDTH="554" HEIGHT="29">
							<String ID="string_164" HPOS="278" VPOS="1275" WIDTH="43" HEIGHT="20" WC="0.96" CONTENT="ver,"/><SP WIDTH="23" VPOS="1275" HPOS="321"/>
							<String ID="string_165" HPOS="344" VPOS="1268" WIDTH="59" HEIGHT="21" WC="0.96" CONTENT="skall"/><SP WIDTH="23" VPOS="1268" HPOS="403"/>
							<String ID="string_166" HPOS="426" VPOS="1268" WIDTH="50" HEIGHT="21" WC="0.96" CONTENT="böta"/><SP WIDTH="24" VPOS="1268" HPOS="476"/>
							<String ID="string_167" HPOS="500" VPOS="1269" WIDTH="29" HEIGHT="20" WC="0.96" CONTENT="tio"/><SP WIDTH="15" VPOS="1269" HPOS="529"/>
							<String ID="string_168" HPOS="544" VPOS="1268" WIDTH="69" HEIGHT="26" WC="0.96" CONTENT="mark,"/><SP WIDTH="16" VPOS="1268" HPOS="613"/>
							<String ID="string_169" HPOS="629" VPOS="1267" WIDTH="39" HEIGHT="22" WC="0.93" CONTENT="och"/><SP WIDTH="15" VPOS="1267" HPOS="668"/>
							<String ID="string_170" HPOS="683" VPOS="1275" WIDTH="41" HEIGHT="21" WC="0.93" CONTENT="ega"/><SP WIDTH="16" VPOS="1275" HPOS="724"/>
							<String ID="string_171" HPOS="740" VPOS="1268" WIDTH="26" HEIGHT="21" WC="0.93" CONTENT="de"/><SP WIDTH="15" VPOS="1268" HPOS="766"/>
							<String ID="string_172" HPOS="781" VPOS="1270" WIDTH="51" HEIGHT="19" WC="0.92" CONTENT="när-"/>
						</TextLine>
						<TextLine ID="line_32" HPOS="278" VPOS="1302" WIDTH="555" HEIGHT="27">
							<String ID="string_173" HPOS="278" VPOS="1303" WIDTH="96" HEIGHT="21" WC="0.93" CONTENT="varande"/><SP WIDTH="23" VPOS="1303" HPOS="374"/>
							<String ID="string_174" HPOS="397" VPOS="1303" WIDTH="152" HEIGHT="24" WC="0.91" CONTENT="ledamöterne,"/><SP WIDTH="24" VPOS="1303" HPOS="549"/>
							<String ID="string_175" HPOS="573" VPOS="1309" WIDTH="34" HEIGHT="14" WC="0.96" CONTENT="om"/><SP WIDTH="20" VPOS="1309" HPOS="607"/>
							<String ID="string_176" HPOS="627" VPOS="1302" WIDTH="36" HEIGHT="21" WC="0.96" CONTENT="det"/><SP WIDTH="18" VPOS="1302" HPOS="663"/>
							<String ID="string_177" HPOS="681" VPOS="1302" WIDTH="42" HEIGHT="27" WC="0.93" CONTENT="för"/><SP WIDTH="9" VPOS="1302" HPOS="723"/>
							<String ID="string_178" HPOS="732" VPOS="1303" WIDTH="101" HEIGHT="26" WC="0.91" CONTENT="förrätt-"/>
						</TextLine>
						<TextLine ID="line_33" HPOS="278" VPOS="1336" WIDTH="553" HEIGHT="28">
							<String ID="string_179" HPOS="278" VPOS="1337" WIDTH="93" HEIGHT="27" WC="0.93" CONTENT="ningens"/><SP WIDTH="11" VPOS="1337" HPOS="371"/>
							<String ID="string_180" HPOS="382" VPOS="1337" WIDTH="110" HEIGHT="27" WC="0.91" CONTENT="fortgång"/><SP WIDTH="11" VPOS="1337" HPOS="492"/>
							<String ID="string_181" HPOS="503" VPOS="1336" WIDTH="115" HEIGHT="27" WC="0.96" CONTENT="erfordras"/><SP WIDTH="11" VPOS="1336" HPOS="618"/>
							<String ID="string_182" HPOS="629" VPOS="1336" WIDTH="38" HEIGHT="21" WC="0.96" CONTENT="och"/><SP WIDTH="10" VPOS="1336" HPOS="667"/>
							<String ID="string_183" HPOS="677" VPOS="1337" WIDTH="79" HEIGHT="20" WC="0.93" CONTENT="utsedd"/><SP WIDTH="12" VPOS="1337" HPOS="756"/>
							<String ID="string_184" HPOS="768" VPOS="1343" WIDTH="63" HEIGHT="21" WC="0.93" CONTENT="supp-"/>
						</TextLine>
						<TextLine ID="line_34" HPOS="279" VPOS="1370" WIDTH="552" HEIGHT="27">
							<String ID="string_185" HPOS="279" VPOS="1371" WIDTH="60" HEIGHT="20" WC="0.92" CONTENT="leant"/><SP WIDTH="13" VPOS="1371" HPOS="339"/>
							<String ID="string_186" HPOS="352" VPOS="1370" WIDTH="38" HEIGHT="25" WC="0.96" CONTENT="för"/><SP WIDTH="15" VPOS="1370" HPOS="390"/>
							<String ID="string_187" HPOS="405" VPOS="1370" WIDTH="102" HEIGHT="27" WC="0.96" CONTENT="tillfället"/><SP WIDTH="14" VPOS="1370" HPOS="507"/>
							<String ID="string_188" HPOS="521" VPOS="1370" WIDTH="45" HEIGHT="20" WC="0.96" CONTENT="icke"/><SP WIDTH="8" VPOS="1370" HPOS="566"/>
							<String ID="string_189" HPOS="574" VPOS="1370" WIDTH="43" HEIGHT="20" WC="0.93" CONTENT="kan"/><SP WIDTH="11" VPOS="1370" HPOS="617"/>
							<String ID="string_190" HPOS="628" VPOS="1370" WIDTH="203" HEIGHT="25" WC="0.90" CONTENT="tillstädeskomma,"/>
						</TextLine>
						<TextLine ID="line_35" HPOS="278" VPOS="1403" WIDTH="556" HEIGHT="28">
							<String ID="string_191" HPOS="278" VPOS="1404" WIDTH="87" HEIGHT="22" WC="0.91" CONTENT="inkalla"/><SP WIDTH="15" VPOS="1404" HPOS="365"/>
							<String ID="string_192" HPOS="380" VPOS="1411" WIDTH="76" HEIGHT="14" WC="0.94" CONTENT="annan"/><SP WIDTH="16" VPOS="1411" HPOS="456"/>
							<String ID="string_193" HPOS="472" VPOS="1404" WIDTH="35" HEIGHT="21" WC="0.95" CONTENT="till"/><SP WIDTH="12" VPOS="1404" HPOS="507"/>
							<String ID="string_194" HPOS="519" VPOS="1404" WIDTH="92" HEIGHT="21" WC="0.96" CONTENT="ledamot"/><SP WIDTH="10" VPOS="1404" HPOS="611"/>
							<String ID="string_195" HPOS="621" VPOS="1403" WIDTH="77" HEIGHT="21" WC="0.96" CONTENT="valbar"/><SP WIDTH="8" VPOS="1403" HPOS="698"/>
							<String ID="string_196" HPOS="706" VPOS="1410" WIDTH="83" HEIGHT="21" WC="0.96" CONTENT="person"/><SP WIDTH="11" VPOS="1410" HPOS="789"/>
							<String ID="string_197" HPOS="800" VPOS="1408" WIDTH="34" HEIGHT="18" WC="0.96" CONTENT="att"/>
						</TextLine>
						<TextLine ID="line_36" HPOS="278" VPOS="1432" WIDTH="553" HEIGHT="33">
							<String ID="string_198" HPOS="278" VPOS="1439" WIDTH="9" HEIGHT="20" WC="0.93" CONTENT="i"/><SP WIDTH="14" VPOS="1439" HPOS="287"/>
							<String ID="string_199" HPOS="301" VPOS="1438" WIDTH="106" HEIGHT="21" WC="0.91" CONTENT="komiténs"/><SP WIDTH="15" VPOS="1438" HPOS="407"/>
							<String ID="string_200" HPOS="422" VPOS="1438" WIDTH="99" HEIGHT="27" WC="0.96" CONTENT="göromål"/><SP WIDTH="16" VPOS="1438" HPOS="521"/>
							<String ID="string_201" HPOS="537" VPOS="1438" WIDTH="94" HEIGHT="27" WC="0.93" CONTENT="deltaga."/><SP WIDTH="30" VPOS="1438" HPOS="631"/>
							<String ID="string_202" HPOS="661" VPOS="1432" WIDTH="35" HEIGHT="26" WC="0.95" CONTENT="Är"/><SP WIDTH="15" VPOS="1432" HPOS="696"/>
							<String ID="string_203" HPOS="711" VPOS="1437" WIDTH="54" HEIGHT="22" WC="0.93" CONTENT="både"/><SP WIDTH="16" VPOS="1437" HPOS="765"/>
							<String ID="string_204" HPOS="781" VPOS="1439" WIDTH="50" HEIGHT="21" WC="0.91" CONTENT="ord-"/>
						</TextLine>
					</TextBlock>
				</ComposedBlock>
			</PrintSpace>
		</Page>
	</Layout>
</alto>
