1031 1667
213 120 29 20 24
517 119 36 21 N:o
568 117 35 24 18.

185 188 134 26 ställningar,
333 188 86 21 hvartill
430 188 42 20 han
485 188 33 20 för
531 188 140 26 iakttagande
683 187 22 21 af
716 187 94 21 kronans
819 188 43 19 rätt
871 185 69 22 finner

185 222 33 27 sig
243 228 39 20 ega
302 223 120 26 anledning.
460 222 141 22 Guvernöron
618 229 49 15 vare
684 221 121 24 berättigad
822 223 37 22 att,
877 221 5 20 i
899 220 39 21 och

185 257 33 21 för
234 257 167 27 upplysningars
421 258 146 25 meddelande,
589 258 32 20 till
637 256 230 28 pröfningsnämndens
884 261 55 15 sam-

186 292 122 20 mankomst
330 292 81 21 inkalla
430 292 27 21 de
475 292 149 21 kronoombud
643 292 7 20 i
671 290 267 27 bevillningsnämnderna,

185 326 85 21 hvilkas
289 328 91 20 närvaro
400 333 62 15 anses
481 327 6 20 i
505 326 77 22 sådant
597 326 101 22 afseende
713 326 71 25 nödig.
815 325 24 26 Ej
856 324 84 21 mindre

186 360 64 22 dessa
265 367 110 20 personer,
391 363 27 19 än
434 361 147 21 ledamöterna
597 362 6 19 i
619 360 219 28 pröfningsnämnden
850 365 39 20 ega
900 360 38 24 att,

186 395 27 20 då
236 395 26 20 de
282 395 47 21 icke
351 397 37 18 äro
408 396 7 19 i
435 396 224 20 läneresidensstaden
679 395 92 22 bosatta,
786 392 154 28 tillgodonjuta

186 429 120 26 ersättning
330 429 33 21 för
383 430 140 21 resekostnad
548 430 39 20 och
608 429 155 27 dagunderbåll
780 428 6 21 i
803 428 63 27 sjette
881 427 58 20 klas-

187 469 36 15 sen
240 463 23 21 af
277 464 194 26 resereglementet.

532 492 11 27 $
560 493 32 20 56.

258 532 47 21 Den
325 539 52 20 som,
393 533 27 26 på
440 535 43 18 sätt
498 533 7 20 i
520 533 11 27 &
548 534 27 19 52
591 535 70 24 säges,
678 532 48 21 med
743 531 104 26 skriftligt
863 530 77 21 andra-

186 567 70 26 gande
279 567 33 20 till
337 567 217 26 pröfningsnämnden
577 567 119 25 inkommit,
717 566 97 21 meddele
833 565 106 21 nämnden

187 601 42 20 alla
252 601 26 20 de
301 601 155 27 upplysningar
478 602 78 20 honom
576 601 34 21 stå
625 601 32 21 till
675 601 62 25 buds,
754 600 91 21 rörande
862 599 77 21 honom

186 635 98 27 tillhörig
300 635 113 27 fastighets
429 637 65 20 värde
511 636 52 21 eller
579 636 52 21 hans
648 636 131 20 inkomsters
796 634 96 26 verkliga
903 634 37 21 be-

187 670 57 27 lopp.
275 666 86 25 Önskar
376 671 41 20 han
433 671 6 20 i
453 671 76 20 sådant
541 671 100 20 afseende
653 670 68 21 blifva
731 669 136 27 personligen
879 668 59 25 hörd,

187 711 50 14 vare
254 705 72 21 dertill
343 705 128 26 berättigad.
501 704 94 22 Sålunda
611 705 99 26 frivilligt
726 703 111 22 meddelad
853 702 86 27 uppgift

187 739 34 20 må
244 739 47 21 icke
314 741 51 19 utan
389 740 158 21 besvärandens
567 739 131 27 uttryckliga
719 738 109 27 samtycke
844 737 6 21 i
867 739 72 18 nämn-

187 773 52 20 dens
263 773 109 26 protokoll
395 774 84 26 intagas
502 774 53 21 eller
578 774 22 21 af
618 774 70 26 någon
709 773 117 20 nämndens
846 771 94 21 ledamot

187 809 59 19 utom
269 808 106 21 nämnden
398 809 91 20 omtalas
513 808 38 21 och
574 808 55 21 skall
653 808 48 25 den,
725 807 66 20 sedan
811 806 74 26 frågan
905 811 35 15 om

188 848 81 15 samma
285 842 238 27 bevillningsskyldiges
539 842 62 27 afgift
618 842 71 21 blifvit
705 841 90 27 afgjord,
812 842 76 25 genast
906 839 34 21 till

187 876 78 21 honom
282 877 122 20 återställas
420 877 52 20 eller
488 877 117 26 bevisligen
621 877 106 20 förstöras
740 875 23 21 af
773 875 46 24 den,
831 881 45 14 som
890 875 50 20 den-

188 917 82 14 samma
285 912 119 25 emottagit.
435 911 57 21 Utan
507 911 76 21 hinder
599 911 22 21 af
635 910 106 22 uteblifna
757 910 52 21 eller
828 909 115 21 ofullstän-

188 945 50 26 diga
254 945 115 27 uppgifter,
386 945 54 21 skall
457 945 54 22 dock
527 945 220 27 pröfningsnämnden
762 944 76 27 påföra
853 943 41 21 den
910 943 31 21 fa-

188 979 102 27 stighets-
309 980 52 21 eller
384 980 220 26 inkomstbevillning,
628 986 45 15 som
695 979 98 26 skäligen
809 984 62 15 anses
889 978 53 20 böra

187 1014 23 21 af
226 1014 215 27 bevillningsskyldig
457 1016 94 25 utgöras.

533 1078 12 27 8
561 1078 33 21 57.

260 1117 234 27 Pröfningsnämndens
505 1118 82 21 fattade
598 1118 71 21 beslut
680 1117 63 21 skola
753 1117 6 20 i
771 1116 50 21 dess
832 1115 110 28 protokoll

187 1152 118 21 antecknas
321 1153 39 20 och
375 1153 26 20 de
413 1152 222 27 bevillningsafgifter,
647 1158 46 15 som
705 1151 7 21 i
723 1151 53 26 följd
787 1150 23 21 af
824 1150 117 21 nämndens

187 1187 73 20 beslut
282 1186 125 21 tillkommit
426 1187 52 20 eller
497 1187 70 20 blifvit
586 1186 117 21 faststälda
726 1185 32 21 till
775 1186 66 19 annat
856 1185 85 26 belopp,

188 1223 26 18 än
234 1221 37 21 det
290 1221 235 26 bevillningsnämnden
545 1221 78 26 päfört,
644 1221 62 20 skola
723 1221 106 25 upptagas
845 1219 5 20 i
868 1218 75 21 bevill-

186 1255 190 27 ningslängderna,
393 1256 48 20 med
456 1256 127 26 hänvisning
599 1255 33 21 till
649 1255 27 21 de
692 1254 25 28 $$
728 1254 7 20 i
746 1253 137 27 protokollet,
896 1258 46 15 som

187 1289 109 21 innehälla
312 1290 99 20 besluten
427 1290 79 20 härom.
529 1289 199 26 Verkställigheten
739 1287 63 21 häraf
811 1287 131 21 tillkommer

188 1323 47 27 den,
252 1330 46 14 som
313 1323 59 22 förer
387 1324 140 26 protokollet;
545 1324 38 20 och
599 1324 39 20 bör
654 1322 145 22 ordföranden
816 1321 55 21 vaka
883 1320 60 21 öfver

188 1359 32 20 att
236 1358 77 21 sädant
329 1358 118 26 ordentligt
461 1358 110 26 fullgöres,
587 1360 56 18 samt
659 1355 235 27 bevillningslängdens
911 1354 32 21 öf-

187 1393 201 20 verensstämmelse
404 1392 48 21 med
467 1392 132 27 protokollet
611 1392 91 21 medelst
714 1390 58 21 såväl
784 1389 158 22 ordförandens

188 1432 45 15 som
250 1426 208 27 protokollförarens
474 1426 157 21 underskrifter
647 1425 122 28 bestyrkas.
