1023 1661
301 121 22 24 U.
339 121 24 23 B.
379 133 36 7 —
425 121 62 29 Prop.
505 121 37 22 N:o
558 121 38 23 26.
772 122 27 21 27

276 184 36 21 det
337 184 80 21 täcktes
441 183 30 22 H.
488 183 30 22 K.
534 183 41 22 M:t
591 184 8 21 i
613 183 70 21 nåder
697 184 76 21 anvisa
789 191 40 14 an-

208 218 41 21 dra
265 218 68 21 medel
348 219 35 20 till
397 219 67 20 minst
478 225 84 14 samma
571 218 82 28 belopp,
663 217 44 28 för
721 221 33 18 att
768 218 61 21 emel-

209 253 37 21 lan
262 253 64 21 länen
336 252 104 28 fördelas
455 253 56 26 efter
520 252 136 28 folkmängd
671 252 38 21 och
726 253 35 20 till
771 253 58 20 läns-

209 288 85 27 tingens
304 286 139 29 förfogande
457 288 85 20 ställas.

137 349 82 23 Under
233 349 107 22 vördsam
355 350 143 28 hänvisning
514 350 36 21 till
566 350 63 21 hvad
643 350 116 21 utskottet
775 348 54 22 tidi-

70 392 55 21 gare
147 384 53 22 haft
215 387 55 18 äran
285 384 124 22 framhälla
425 384 120 29 angäende
560 384 164 28 önskligheten
740 383 26 22 af
783 383 47 22 för-

70 418 127 29 ändringar
219 418 8 22 i
250 418 114 22 särskilda
387 418 110 29 gällande
519 418 171 29 förordningar,
714 418 37 22 för
765 418 65 21 bere-

70 452 76 23 dande
162 452 27 22 af
202 455 34 20 ett
251 460 62 14 mera
328 452 117 22 bestämdt
459 452 255 23 verksamhetsomräde
730 453 24 21 ät
768 452 61 22 läns-

70 488 89 28 tingen,
174 487 38 22 fär
225 488 115 21 utskottet
352 487 87 29 jemväl
455 487 85 22 föreslä
556 490 35 19 att
607 487 131 22 Ständerna
757 487 72 21 mätte

70 522 57 29 ingä
142 522 54 22 med
211 522 147 28 underdänig
373 522 141 22 hemställan
528 522 91 22 derom:

279 588 32 18 att
334 585 30 21 H.
380 585 29 22 K.
426 585 41 22 M:t
483 586 8 20 i
506 585 69 22 näder
591 586 49 20 ville
650 585 119 28 förelägga
785 585 46 20 lan-

211 620 46 21 dets
281 620 260 21 nästsammanträdande
566 620 96 21 Ständer
681 619 90 28 förslag
797 619 35 21 till

209 655 124 26 ändringar
347 655 8 20 i
365 655 86 20 sådana
461 654 105 28 gällande
571 653 171 28 förordningar,
758 653 73 21 hvilka

210 689 29 21 H.
263 689 30 20 K.
321 688 40 22 Mt
377 689 80 21 täcktes
473 689 61 21 finna
551 695 52 14 vara
619 688 30 27 af
660 689 40 20 den
717 687 116 27 beskajfen-

213 723 34 20 het
272 725 33 19 att
329 723 33 21 uti
377 723 47 21 dem
441 724 120 27 lämpligen
576 723 71 20 kunde
662 723 53 27 ingä
729 722 104 28 stadgan-

213 757 48 27 den,
286 757 138 28 hvarigenom
450 765 25 13 en
492 757 257 28 länsrepresentationens
764 756 68 21 ända-

212 792 45 21 mäl
273 793 152 20 motsvarande
439 792 133 21 verksamhet
589 791 67 28 blefve
670 792 23 20 ät
709 791 124 27 länstingen

213 826 134 28 uppdragen.

144 888 119 22 Särskilda
287 891 61 19 emot
371 888 159 22 betänkandet
552 888 91 29 afgifna
665 888 169 22 reservationer

73 922 99 30 bifogas.

142 968 43 22 Uti
201 968 106 22 ärendets
323 969 96 28 slutliga
438 968 143 29 behandling
591 968 71 22 hafva
673 968 99 28 deltagit
782 967 51 21 ord-

74 1002 113 22 föranden
204 1003 86 21 Grefve
300 1003 102 21 Armfelt
417 1005 60 19 samt
491 1003 160 21 ledamöterne
666 1010 46 14 von
727 1002 106 27 Alfthan,

74 1037 108 22 Friherre
208 1037 28 22 de
261 1038 22 21 la
306 1037 116 29 Chapelle,
453 1037 134 30 Stjernvall,
616 1038 76 27 Cleve,
713 1036 120 33 Järvinen,

77 1071 118 29 Törnudd,
206 1072 157 28 Westerlund,
379 1072 126 27 Fabritius,
516 1072 111 29 Procope,
638 1071 134 27 Rönnbäck,
789 1071 46 21 Oh-

77 1112 61 22 man,
154 1107 158 28 Hegerström,
327 1107 111 27 Junnola,
454 1107 121 21 Meurman
592 1107 43 21 och
650 1107 134 21 Paunonen.

144 1146 149 29 Helsingfors
309 1146 45 22 den
371 1148 25 20 17
413 1146 46 29 Maj
478 1147 60 21 1882.

150 1491 139 16 Sammansatta
301 1489 50 22 Lag-
364 1489 33 17 och
410 1489 192 18 Ekonomiutskottets
615 1489 115 17 betänkande
743 1493 31 13 n:o
788 1488 17 17 8.
