1025 1664
223 141 27 22 10

389 141 81 22 Ständ.
486 141 38 23 Sv.
541 153 23 4 —
582 141 73 28 Prop.
670 141 41 22 N:o
726 140 33 23 21.

400 204 83 27 läggas.
515 203 73 22 Sedan
611 204 121 21 debetsedel
753 204 9 20 i
784 202 164 27 öfverensstäm-

399 238 63 21 melse
482 239 89 20 dermed
590 245 76 21 genom
680 237 135 28 kronofogde
826 237 32 26 pä
874 236 75 21 landet

399 272 38 21 och
459 272 145 21 kronokassör
626 273 9 20 i
657 272 51 21 stad
731 271 74 27 blifvit
825 270 124 22 tillverkare

399 306 192 25 tillhandahällen,
614 307 87 27 åligger
716 306 35 21 det
770 306 74 25 denne,
859 307 34 19 att
907 306 42 20 sist

400 341 35 20 två
456 341 106 20 månader
585 341 55 25 efter
660 340 74 28 hvarje
753 339 96 29 gvartals
864 340 84 27 utgång

399 375 96 27 beloppet
511 375 35 20 till
561 375 98 21 nämnda
673 374 127 28 myndighet
821 375 126 20 inleverera.

399 408 109 29 Bryggeri
523 409 38 20 och
572 409 143 27 tillverkning
726 410 39 19 äro
777 409 123 26 underpant
907 407 42 28 för

399 442 155 29 bevillningens
570 443 127 28 utgörande.

638 501 15 26 $
668 502 34 20 19.

456 546 37 27 Af
504 546 26 21 de
545 547 73 24 medel,
634 553 45 14 som
695 547 96 20 sålunda
801 547 86 27 inflyta,
899 553 48 21 eger

398 583 107 25 guvernör
527 581 127 20 utanordna
669 581 184 21 kontrollörernes
867 581 80 21 arvode

399 615 129 27 gvartalsvis
543 615 39 20 och
597 615 75 27 öfriga
687 615 48 21 med
748 615 122 20 kontrollen
885 615 61 26 före-

399 649 55 20 nade
469 648 99 28 utgifter.

638 707 14 26 $
666 707 35 20 20.

459 751 73 21 Yrkar
547 751 131 25 tillverkare,
695 754 39 23 att,
746 752 32 27 pä
788 751 73 28 grund
871 752 29 25 af
906 759 40 14 an-

397 785 41 21 dra
461 788 113 19 momentet
593 786 9 20 i
620 787 14 26 $
650 787 14 20 3
675 785 31 27 få
721 785 225 28 bevillningsafgiften

397 820 107 21 återstäld
521 820 41 27 för
585 827 26 14 en
634 820 36 21 del
692 819 31 28 af
733 819 40 21 den
789 820 80 27 mängd
883 820 60 25 malt,

396 860 45 15 som
451 853 42 26 för
507 854 167 27 tillverkningen
688 855 115 26 användts,
815 854 130 22 tillkommer

396 887 35 21 det
452 889 114 26 guvernör,
583 891 33 18 att
633 889 72 20 sådan
720 889 124 20 restitution
860 888 83 28 bevilja,

395 921 71 22 derest
488 922 124 21 tillverkare
631 922 44 21 icke
691 923 94 20 allenast
800 923 95 24 utreder,
911 925 33 18 att

395 956 121 28 maltdryck
530 956 72 27 blifvit
612 957 132 27 exporterad
759 957 52 20 eller
818 957 125 26 förskämd,

391 990 32 27 på
438 993 44 18 sätt
497 991 93 20 nämnde
604 991 15 27 $
630 991 143 26 förutsätter,
789 993 54 18 utan
859 991 84 27 jemväl

395 1024 83 21 lemnar
493 1025 133 28 tillförlitlig
640 1025 120 28 utredning
775 1032 34 13 om
823 1025 35 20 det
869 1025 74 27 belopp

394 1059 60 24 malt,
470 1065 45 14 som
531 1059 76 21 dertill
622 1060 79 26 åtgått.

465 1093 123 21 Guvernörs
604 1093 68 22 beslut
682 1094 9 20 i
703 1093 80 21 sådant
798 1093 145 20 restitutions-

394 1127 81 20 ärende
497 1127 58 21 skall
570 1128 8 20 i
593 1128 74 25 vanlig
684 1127 95 27 ordning
794 1127 149 21 underställas

395 1160 104 22 Senatens
515 1161 274 28 Ekonomiedepartement.

632 1220 15 26 $
661 1221 35 19 21.

452 1263 101 22 Särskild
568 1264 96 27 räkning
675 1265 66 27 öfver
759 1264 25 21 de
801 1263 81 28 belopp,
898 1269 45 15 som

391 1304 76 21 genom
481 1298 71 21 denna
568 1298 117 28 bevillning
701 1298 85 27 influtit
801 1298 52 20 eller
865 1297 78 27 derför

393 1331 106 28 utgifvits,
515 1332 57 21 skall
587 1333 14 20 å
617 1332 142 28 länestyrelse
770 1331 74 28 föras.

634 1391 14 27 $
662 1391 37 21 22.

448 1435 34 21 De
493 1437 7 19 i
510 1436 32 27 $$
551 1437 29 20 13
594 1435 36 22 och
647 1437 29 20 14
691 1437 85 20 utsatta
791 1435 68 28 straff
866 1435 75 20 kunna

391 1470 76 21 endast
482 1470 29 27 af
523 1470 51 27 laga
589 1470 91 21 domstol
697 1470 98 21 ådömas.
