1025 1661
376 105 57 23 N:o
451 105 50 23 23.

334 395 67 23 Hans
417 394 157 29 Kejserliga
586 394 138 28 Majestäts
735 393 78 30 nådiga

265 430 129 28 proposition
418 429 30 23 till
468 429 102 23 Finlands
590 429 94 28 Ständer,
705 427 108 30 angående

265 465 75 27 anslag
351 463 32 24 för
391 463 148 24 fullbordande
550 463 22 24 af
580 463 231 29 jernvägsbyggnaden

264 499 88 22 emellan
369 499 141 23 Tammerfors
526 499 39 22 och
582 498 141 23 Nikolaistad.

133 562 69 22 Sedan
218 562 59 21 Hans
293 562 122 27 Kejserliga
430 562 104 27 Majestät
549 562 36 21 vid
602 563 52 20 1877
666 563 36 20 års
711 562 103 26 landtdag

62 597 91 26 förelagt
176 596 102 22 Finlands
302 597 26 20 då
345 596 130 22 församlade
492 596 93 22 Ständer
600 596 66 27 nådig
681 596 132 27 proposition

62 632 48 20 med
125 632 81 26 förslag
221 631 33 21 till
270 631 149 21 stambansnät
435 631 34 21 för
483 631 145 27 jernvägarne
644 631 7 21 i
667 631 80 27 landet,
759 632 55 20 samt

62 672 26 15 en
110 667 28 25 på
157 666 131 21 Ständernas
307 666 94 26 begäran
417 666 90 20 nedsatt
522 666 139 21 kommission
682 666 83 26 afgifvit
781 667 32 19 ut-

62 701 86 21 låtande
170 707 34 15 om
228 701 35 20 det
286 703 87 25 system,
394 707 45 15 som
460 700 33 21 för
507 700 239 27 jernvägsbyggnaders
762 700 51 21 fort-

63 736 99 20 sättande
179 736 5 20 i
200 736 73 20 landet
288 742 50 14 vore
357 736 6 20 i
380 735 138 21 ekonomiskt
534 735 100 21 afseende
651 735 36 21 det
702 736 55 20 mest
772 734 42 21 för-

63 770 115 27 delaktiga,
194 770 63 21 hafva
273 770 120 21 Ständerna
409 770 34 20 för
459 770 34 20 sin
509 770 35 20 del
559 770 99 21 beslutit:
674 776 6 8 *

134 807 32 19 att
189 806 41 20 den
251 805 96 27 jernväg,
368 811 44 15 som
429 811 39 15 var
485 805 75 21 afsedd
576 807 32 19 att
624 805 73 21 förena
713 804 102 21 städerna

63 840 143 20 Tammerfors
222 840 39 20 och
276 840 144 26 Nikolaistad,
437 840 72 20 skulle
525 840 103 26 anläggas
645 841 92 19 österom
753 838 62 21 Näsi-

61 874 56 27 järvi
133 874 31 27 sjö
180 874 39 21 och
236 880 74 21 genom
327 874 71 22 Etseri
418 874 81 28 kapell,
518 874 7 22 i
540 874 153 26 hufvudsaklig
708 874 107 20 öfverens-

64 909 121 21 stämmelse
201 909 47 21 med
265 909 41 21 den
322 909 58 27 linie,
397 915 45 15 som
462 909 72 21 blifvit
553 909 121 25 föreslagen
690 910 30 19 att
737 908 78 26 dragas

64 943 58 21 öfver
137 943 99 27 Filppula
251 945 67 19 ström
334 943 39 21 och
388 943 70 21 Kolho
475 944 66 25 sund;

135 980 32 18 att
190 978 35 21 det
248 978 22 20 af
286 978 134 20 förbemälda
438 978 142 21 kommission
598 978 123 26 föreslagna
736 979 79 25 system

64 1013 47 21 med
127 1012 121 27 möjligaste
263 1013 150 27 noggrannhet
431 1013 69 21 borde
520 1013 108 27 tillämpas
644 1013 35 20 vid
694 1012 123 27 byggandet

64 1047 24 21 af
101 1047 163 27 ifrågavarande
285 1048 91 26 jernväg
394 1048 40 20 och
450 1048 98 21 rörelsen
565 1048 52 21 derå
630 1047 79 27 jemväl
725 1047 91 21 inrättas

64 1082 7 20 i
87 1082 95 26 enlighet
197 1082 48 21 med
260 1082 179 21 kommissionens
460 1082 89 27 förslag,
566 1083 24 20 så
606 1084 32 19 att
654 1082 18 26 ej
689 1083 70 19 större
774 1080 42 22 far-

64 1116 109 26 hastighet
188 1118 28 19 än
231 1117 35 20 två
282 1117 39 20 och
338 1123 25 14 en
379 1116 46 21 half
440 1117 38 20 mil
490 1117 6 20 i
508 1117 88 20 timmen
605 1116 69 21 blefve
685 1115 131 27 medgifven;

136 1152 32 19 att
184 1151 33 20 till
232 1151 135 26 anläggande
383 1151 23 20 af
418 1151 173 27 jernvägslinien
607 1149 210 22 Tammerfors
764 1145 10 37 —
782 1145 38 37 Et-

65 1185 215 27 seri—Nikolaistad,
303 1185 33 21 för
354 1185 87 21 hvilken
457 1185 51 22 hela
523 1185 121 21 kostnaden
660 1185 22 20 af
697 1184 120 21 Ständerna

65 1219 137 27 uppskattats
218 1219 33 21 till
267 1220 127 26 20,750,000
411 1220 70 27 mark,
499 1220 74 21 anvisa
590 1220 18 27 ej
624 1219 83 22 mindre
723 1219 94 20 kommu-

65 1254 200 21 nikationsfondens
281 1254 126 27 behållning
421 1254 37 21 vid
477 1255 54 20 1877
548 1256 36 19 års
595 1255 87 26 utgång,
691 1253 127 27 kalkylerad

65 1289 33 21 till
121 1289 98 27 omkring
241 1290 113 26 8,660,000
373 1290 68 26 mark,
463 1292 27 18 än
511 1290 39 20 ock
566 1290 26 20 de
608 1289 122 27 tillgångar,
746 1287 73 21 hvilka

66 1330 76 20 genom
158 1324 68 26 årliga
242 1324 159 20 inkomsternas
417 1324 123 21 öfverskott
556 1324 58 21 öfver
625 1323 118 27 utgifterna
751 1322 68 21 under

65 1358 73 26 loppet
160 1358 23 21 af
204 1358 145 21 innevarande
371 1358 81 21 femårs
476 1358 76 26 period
575 1358 69 21 blefve
664 1358 5 20 i
686 1358 67 26 sagda
768 1356 51 22 fond

66 1392 127 27 disponibla,
209 1392 85 21 hvadan
309 1392 50 21 hela
375 1392 100 27 anslaget
491 1393 34 21 för
540 1392 164 27 ifrågavarande
720 1391 100 21 ändamål

66 1427 69 20 under
157 1426 60 21 tiden
239 1426 49 21 från
311 1426 40 21 och
370 1427 49 21 med
437 1428 56 20 1878
508 1427 34 21 till
558 1427 39 21 och
613 1426 49 21 med
678 1427 55 20 1882
748 1425 72 22 kunde
