1025 1664
290 131 32 26 VU.
338 135 28 22 Bi
374 131 123 32 Prop.
510 131 44 26 N:d
568 134 38 23 21.
779 136 12 19 7

80 198 80 20 sextio
172 197 52 20 eller
239 198 72 26 sjuttio
326 193 7 35 :
333 198 72 26 penni,
417 198 96 20 'emedan
529 198 26 20 de
570 198 85 20 befarat
670 200 31 18 att
716 204 27 14 en
757 197 66 26 plöts-

80 230 30 27 lig:
125 232 79 19 större
228 230 94 28 stegring
344 231 25 20 af
389 231 86 20 skatten
497 232 86 20 komme
604 232 38 25 att,
656 231 125 27 :isynnerhet
795 230 28 26 pä

80 264 132 26 ländsorten,
237 264 37 20 der
296 264 145 27 afsättningen
462 268 25 17 är
508 268 96 24 trögare,
624 265 149 21 åstadkomma
786 264 37 20 be-

79 298 99 27 tänkliga
194 299 106 26 störingar
314 298 6 20 i
336 296 213 29 bryggeriindustrin.
560 299 134 20 -Utskottets
709 298 114 28 majoritet,

80 336 48 16 eöm
142 332 50 20 icke
206 332 67 20 heller
288 332 79 20 önskar
377 332 106 20 ähvälfva
497 332 70 21 dennä
579 333 91 20 industri
680 333 87 20 svårare
777 334 45 18 tun-

80 364 84 28 ga,'
137 360 32 38 än
189 366 43 23 den
244 372 45 14 som
306 366 23 20 af
342 366 212 27 omständigheterna
568 367 97 27 påkallas
681 366 40 21 och
736 370 25 17 är
775 366 48 20 med

81 400 118 20 industrins
222 400 156 26 uppehållande
385 395 5 36 :
399 399 100 28 förenlig,
516 400 129 26 har:likväl,:
660 400 11 20 i
682 399 141 21 betraktande

80 434 70 20 "deraf.
162 436 36 17 .att
220 434 92 25 skatten,
325 434 130 23 :beräknad
467 435 55 19 efter
536 434 27 20 80
578 434 113 27 penni:för
705 434 49 26 L%,
767 433 56 21 dock

83 467 49 21 icke
146 468 86 20 komme
246 470 32 17 att
292 467 278 27 utgöra'mer
430 463 33 36 'än
475 467 93 27 omkring
580 468 42 27 2!/,
632 468 64 26 penni
704 471 38 23 per
750 467 73 27 butelj,

82 504 52 18 trott
147 502 141 20 nästnämnda
302 502 7 20 i
324 502 162 26 propositionen
496 502 123 26 föreslagna
629 502 115 21 skattesats
752 502 71 19 kunna

84 536 23 20 af
123 536 159 26 bryggerierna,
297 536 7 20 i
319 536 102 20 händelse
437 536 24 20 af
473 534 71 27 behof,
560 538 50 18 utan
626 536 114 26 olägenhet
754 535 68 21 bäras.

152 570 34 19 Då
205 570 72 20 kändt
286 573 23 17 är
324 572 33 18 att
371 570 6 19 i
392 570 74 20 landet
481 569 67 21 finnas
563 570 53 20 flera
631 569 191 27 smä-bryggerier,

83 602 84 21 hvilkas
189 604 195 26 kornförbrukning
405 604 90 26 uppgått
509 604 32 19 till
559 604 75 20 endast
652 604 109 20 100—150
773 605 48 17 tun-

83 644 45 19 nor,
158 638 149 20 «motsvarande
334 638 153 26 1,000—1,500
512 638 40 20 L%4
576 638 59 26 malt,
658 638 33 20 för
713 638 52 24 året,
784 637 39 19 har

83 673 30 18 ett
142 671 180 20 skatteminimum
348 672 32 19 till
403 672 44 20 det.
463 672 8 19 i
495 672 171 26 propositionens
690 672 16 19 2
730 670 92 28 $-före-

81 706 75 26 slagna
183 705 80 27 belopp
292 708 60 24 synts:
383 706 111 20 Utskottet
517 706 94 26 obilligt,
636 708 51 18 enär
712 712 64 20 egare
801 704 24 21 af

82 739 26 20 de
131 740 77 19 minsta
231 740 153 26 bryggerierna
406 740 123 26 derigenom
553 740 67 20 skulle
640 740 83 26 tvingas
740 741 31 18 att
785 745 36 13 an-

84 774 71 26 tingen
178 773 70 21 drifva
269 780 41 20 upp
334 774 31 20 sin
386 774 138 26 tillverkning
539 774 85 20 utöfver
638 773 55 20 hvad
709 773 113 26 tillgångar

86 808 40 20 och
149 808 116 26 afsättning
287 808 115 26 medgifva,
425 808 52 20 eller
499 808 42 20 ock
560 808 72 20 betala
646 808 34 19 för
694 813 45 14 mer
754 810 26 16 än
796 806 26 20 de

82 842 108 20 tillverkat
205 842 40 20 och
261 842 89 20 sålunda
365 842 74 20 arbeta
453 842 49 24 med
518 842 84 26 ringare
613 842 56 19 vinst
680 844 26 17 än
717 841 26 20 de
754 843 68 17 större

85 875 159 26 bryggerierna.
274 875 142 21 .Alldenstund
437 882 25 13 en
479 876 105 26 skattelag
599 875 48 20 icke
662 875 33 20 får
710 880 61 14 anses
785 874 36 20 be-

81 909 93 26 rättigad
198 909 31 19 till
251 910 76 19 sådant
349 910 90 26 ingrepp
461 910 6 19 i
489 909 185 27 näringsfriheten,
689 908 85 20 hvartill
789 908 33 20 för

84 943 67 26 öfrigt
164 944 54 19 intet
232 944 47 20 skäl
293 944 68 20 heller
376 950 63 20 synes
455 943 122 27 förefinnas,
592 943 38 20 har
644 943 57 20 inom
712 942 111 20 Utskottet

82 978 122 26 föreslagits
227 980 38 18 att:
280 978 108 26 tillstyrka
410 977 144 21 afskaffandet
576 977 22 20 af
616 977 74 26 hvarje
706 976 116 21 -minimibe-

86 1012 116 26 stämning;
222 1018 47 14 men
283 1012 15 20 &
312 1012 71 20 andra
394 1011 61 21 sidan
469 1012 39 19 har
524 1011 126 21 framhållits
664 1010 158 26 nödvändighe-

87 1048 36 17 ten
145 1046 24 19 af
190 1048 31 18 att
235 1046 111 26 uppdraga
361 1046 69 26 nägon
447 1045 98 21 bestämd
560 1048 63 24 gräns
639 1045 76 20 mellan
731 1044 40 20 den
787 1044 35 20 be-

85 1080 99 20 skattade
206 1080 184 26 fabriksnäringen
413 1080 41 20 och
473 1080 146 26 hembrygden
635 1081 55 18 samt
705 1078 118 26 förebygga

87 1120 25 14 en
127 1114 112 26 ymnigare
254 1114 115 26 uppkomst
384 1114 23 20 af
420 1113 88 27 mycket
522 1114 46 20 smä
582 1113 100 27 fabriker,
698 1112 36 21 vid
744 1112 79 25 hvilka,

82 1148 8 19 i
106 1148 107 20 anseende
228 1148 32 20 til]
276 1148 135 27 svårigheten
427 1150 32 18 att
473 1148 145 26 upprätthålla
629 1154 25 13 en
663 1147 99 20 verksam
770 1146 52 20 kon-

82 1182 56 26 troll,
151 1182 105 20 missbruk
271 1182 25 20 af
308 1182 145 27 hvarjehanda
468 1182 47 27 slag
530 1182 70 20 kunde
615 1181 91 21 utöfvas.
735 1181 87 20 Utskot-

83 1218 32 18 tet
136 1216 40 19 har
198 1216 71 20 derför
291 1216 88 21 beslutit
400 1217 84 20 föreslå
503 1218 32 18 ett
549 1216 180 20 skatteminimum
745 1215 23 20 af
781 1215 42 20 800

85 1249 70 26 mark,
176 1250 194 24 motsvarande
339 1245 33 36 en
385 1249 194 28 maltförbrukning
594 1249 24 21 af
632 1249 61 25 1,000
708 1249 47 26 L,
769 1249 54 20 hvil-

84 1283 36 20 ket
142 1283 123 27 antagligen
288 1283 45 27 bör,
353 1286 50 18 utan
420 1286 31 18 att
467 1290 37 18 ens
520 1284 32 20 för
568 1283 26 20 de
609 1284 78 19 minsta
701 1282 122 21 nuvarande

81 1317 129 26 bryggerier
231 1317 51 27 höja
304 1317 40 20 den
367 1318 7 19 i
393 1320 10 22 $
421 1319 9 18 1
448 1320 81 18 utsatta
543 1317 150 27 bevillningen,
710 1317 65 20 förslä
790 1316 33 21 för

80 1351 64 20 ofvan
161 1351 96 26 antydda
270 1351 105 20 ändamäl.

149 1385 74 26 Enligt
244 1392 56 14 mom.
319 1386 11 19 1
351 1386 17 24 $
381 1386 14 19 3
410 1385 6 20 i
433 1385 40 20 den
496 1385 78 27 nådiga
589 1385 166 27 propositionen,
769 1386 53 25 jem-

82 1419 58 20 fördt
154 1419 48 20 med
218 1421 10 22 $
244 1419 26 20 25
286 1419 30 20 uti
332 1419 41 20 den
389 1419 24 20 af
427 1419 119 20 Ständerna
561 1426 27 13 nu
604 1422 93 24 antagna
705 1419 117 20 förordnin-

80 1459 40 20 gen
144 1459 34 13 om
202 1452 126 27 försäljning
347 1453 25 19 af
385 1453 152 26 maltdrycker,
552 1453 68 20 skulle
636 1453 75 20 endast
726 1452 33 21 för
774 1455 49 24 eget

146 1491 201 22 Bevillningsutskottets
360 1491 107 18 betänkande
479 1491 35 18 N:o
526 1492 17 18 3.
