1020 1664
237 98 26 20 68
545 100 34 21 N:o
595 100 36 22 25.

209 166 37 21 det
262 167 32 21 till
311 168 151 27 Länestyrelse
478 169 38 20 och
533 169 77 21 derhos
627 170 131 20 föranstalta
773 172 32 18 att
817 170 87 26 lämplig
915 177 49 19 per-

209 206 38 16 son
268 202 278 28 kontrollörsbefattningen
568 204 138 25 handhafver,
727 204 107 20 intilldess
856 210 69 15 annan
942 204 23 21 af

209 236 97 20 bemälde
327 238 90 25 styrelse
439 238 149 21 tillförordnad
610 239 120 21 kontrollör
751 239 32 25 sig
799 239 102 21 inställer.
933 234 30 25 Är

209 270 121 21 kontrollör
354 272 134 21 urståndsatt
506 273 77 26 jemväl
605 275 32 19 att
657 274 42 20 slik
716 273 157 21 underrättelse
890 274 72 20 ombe-

211 304 58 27 sörja
285 305 51 21 eller
352 306 40 20 har
408 306 40 21 han
468 306 46 22 icke
530 308 113 20 trettiosex
660 308 87 20 timmar
763 307 72 21 förrän
853 308 109 20 bränvins-

209 339 165 27 tillverkningen
398 341 96 26 vidtager
518 342 32 26 sig
570 342 34 20 vid
627 342 99 21 bränneri
743 342 81 25 instält,
841 342 69 26 åligge
926 342 37 20 det

209 374 227 22 bränvinstillverkare
452 376 53 21 eller
521 377 49 21 dess
586 378 80 20 ombud
682 380 33 18 att
731 377 56 21 inom
805 379 31 19 ett
852 378 55 26 dygn
924 377 38 21 hos

209 408 121 26 Magistrat,
352 410 151 26 ordningsman
524 411 50 21 eller
595 412 166 20 kronolänsman
781 412 78 20 sådant
876 412 86 20 tillkän-

212 442 93 27 nagifva,
322 444 108 21 hvarefier
446 445 90 21 förfares
553 446 12 20 å
580 448 44 19 sätt
640 446 88 21 nämndt
745 448 30 18 är.

556 510 11 27 $
583 511 33 20 23.

285 552 16 19 1.
332 550 124 21 Kontrollör
472 550 82 25 åligger
570 551 5 20 i
591 550 128 21 allmänhet:

281 587 25 23 a)
326 587 33 19 att
378 585 57 20 tillse
454 587 32 18 att
506 585 36 20 det
562 585 106 25 bränneri,
686 585 35 20 vid
737 585 82 20 hvilket
834 585 41 20 han
892 585 71 20 blifvit

209 619 92 26 anstäld,
322 620 18 26 ej
361 621 23 19 är
404 619 104 20 inrättadt
527 619 134 21 annorlunda
680 621 26 19 än
724 619 99 26 gällande
840 619 122 21 författnin-

212 660 39 20 gar
267 654 117 25 medgifva;

283 687 21 27 b)
321 690 32 19 att
373 690 101 25 uppmäta
494 689 37 20 och
551 688 75 26 profva
642 689 37 20 det
695 688 128 21 tillverkade
839 688 123 25 bränvinet;

283 723 20 26 e)
320 725 38 21 att,
379 723 67 26 enligt
466 723 68 20 denna
554 723 182 26 ordningsstadga
755 722 112 26 vidfogadt
882 722 80 21 formu-

211 757 39 26 lär,
268 757 46 20 föra
330 757 240 26 tillverkningsjournal,
587 757 66 25 hvari,
671 757 55 21 efter
743 757 68 20 skedd
822 757 140 26 uppmätning

211 791 40 21 och
266 791 106 26 profning,
390 793 75 20 senast
476 791 113 21 inskrifves
601 792 125 20 bränvinets
738 791 107 25 kannetal,
857 791 107 20 skenbara

211 826 81 26 styrka,
316 826 125 26 värmegrad
461 826 37 20 och
520 826 175 25 alkuhol-mängd
716 828 55 18 samt
791 826 108 20 dessutom
917 826 46 19 der-

211 862 59 19 emot
286 860 105 21 svarande
408 860 75 26 belopp
500 860 22 20 af
536 860 169 27 normalstyrka;

283 895 24 24 d)
324 897 32 18 att
372 895 45 20 föra
431 895 84 25 journal
532 895 59 20 öfver
607 895 36 20 det
654 895 27 26 pä
694 895 102 24 nederlag
807 895 79 20 insatta
898 895 64 20 brän-

213 924 68 35 vinet;
750 927 3 3 N

283 965 21 25 e)
328 964 32 20 att
383 964 6 19 i
409 963 267 26 tillverkningsjournalen,
697 969 47 14 som
765 962 32 20 för
817 963 72 25 hvarje
909 962 55 26 gäng

212 998 130 25 anteckning
362 998 45 20 deri
428 1004 49 19 eger
497 1004 45 14 rum
563 998 38 20 bör
617 998 32 20 till
669 997 131 26 riktigheten
815 997 111 20 bekräftas
943 996 22 21 af

213 1031 122 21 kontrollör
351 1034 55 18 samt
422 1032 122 20 tillverkare
564 1032 51 20 eller
635 1032 82 20 dennes
733 1032 79 20 ombud
829 1031 46 21 med
893 1037 71 14 namn-

213 1066 107 26 teckning,
344 1066 70 21 införa
436 1066 26 20 de
481 1066 172 26 anmärkningar,
674 1066 74 20 hvilka
764 1066 118 20 kontrollör
898 1065 67 21 under

211 1100 60 21 tiden
294 1100 32 20 för
350 1101 32 20 sin
406 1100 134 21 verksamhet
562 1100 67 21 finner
653 1106 52 14 vara
729 1100 22 20 af
772 1100 99 20 behofvet
891 1100 73 26 päkal-

213 1135 54 25 lade,
285 1135 39 21 och

281 1169 25 27 F)
324 1172 32 18 att
372 1170 45 20 med
434 1169 147 26 noggrannhet
597 1169 117 21 öfvervaka
735 1170 32 19 att
783 1168 39 20 den
839 1169 7 19 i
863 1168 102 21 kontrakt

213 1203 108 27 medgifna
345 1204 137 25 tillverkning
506 1204 4 20 i
535 1204 155 20 nämnvärdare
714 1209 49 14 mon
784 1203 17 26 ej
821 1202 144 21 öfverskrides

211 1238 40 20 och
267 1238 59 24 gifna
346 1238 131 26 stadganden
498 1238 32 20 för
549 1238 120 20 kontrollen
691 1238 74 20 städse
786 1237 107 25 iakttagas
909 1238 56 19 samt

214 1274 40 24 att,
271 1272 26 20 dä
314 1272 42 21 han
371 1272 67 20 finner
454 1272 153 21 öfverträdelse
623 1272 22 20 af
655 1272 103 26 gällande
769 1272 134 20 töreskrifter
914 1278 51 14 vara

213 1306 118 27 begängen,
353 1313 45 14 som
418 1307 32 21 till
470 1307 42 20 ätal
533 1307 38 20 bör
587 1306 118 25 föranleda,
723 1306 153 26 ofördröjligen
892 1306 73 21 derom

214 1341 41 20 hos
271 1341 78 21 allmän
366 1341 101 27 åklagare
483 1343 51 24 göra
550 1341 103 21 anmälan.
687 1341 132 20 Uuderrätte
838 1341 38 20 ock
894 1341 72 20 derom

214 1375 154 27 Länestyrelse
384 1376 38 21 och
438 1375 185 22 öfverkontrollör.

287 1411 18 19 2.
336 1410 43 21 För
395 1410 64 27 öfrigt
474 1411 62 20 ställe
552 1411 32 26 sig
600 1411 122 20 kontrollör
739 1410 31 20 till
783 1410 143 20 efterrättelse
938 1410 26 20 de
