1034 1659
270 108 81 23 Ständ.
366 109 37 22 Sv.
420 120 27 5 —
462 109 73 28 Prop.
550 109 40 22 N:o
605 108 35 22 31.
796 109 13 19 3

154 171 63 22 Hvad
232 172 95 20 deremot
343 172 35 20 det
394 172 68 20 andra
477 171 25 21 af
514 173 74 20 senast
602 171 132 22 församlade
746 171 93 21 Ständer

86 205 117 27 uppstälda
224 205 92 21 vilkoret
337 205 34 21 för
391 205 128 27 afskrifning
534 206 24 21 af
570 205 166 27 ifrågavarande
751 205 36 21 lån
802 205 37 21 be-

86 239 81 25 träffar,
183 239 39 21 har
238 239 232 28 hypoteksföreningen
485 242 72 19 ansett
573 240 31 26 sig
620 239 47 21 icke
682 240 75 20 kunna
772 240 67 26 något

86 273 92 27 tillgöra.
208 273 73 27 Enligt
303 275 11 25 $
334 274 27 20 16
377 273 24 21 af
413 274 138 27 föreningens
566 274 131 27 reglemente
712 273 53 21 böra
780 280 59 14 nem-

86 307 64 27 ligen,
165 308 8 20 i
188 308 103 20 händelse
306 307 137 28 föreningens
459 308 143 22 reservfond
595 303 9 36 i
618 309 48 20 dess
680 308 74 21 helhet
770 307 69 21 skulle

86 341 98 22 befinnas
206 342 130 27 otillräcklig
351 344 32 19 att
399 344 82 20 ersätta
495 342 147 28 uppkommen
657 342 61 26 brist,
734 342 105 21 erforder-

86 376 44 27 liga
152 376 70 21 medel
245 376 116 22 utskrifvas
383 376 24 22 af
427 377 128 27 delegarene
570 377 7 21 i
593 378 37 20 det
644 376 44 26 län,
703 377 39 20 der
757 376 82 20 bristen

87 411 99 26 uppstått
208 412 62 24 samt,
293 418 34 14 om
349 411 80 21 bristen
445 412 19 26 ej
481 411 68 21 heller
564 412 92 20 sålunda
670 411 43 21 kan
728 410 111 25 betäckas,

87 446 36 20 det
145 445 137 21 återstående
303 445 99 27 beloppet
417 446 84 20 betalas
517 446 24 21 af
554 446 127 27 delegarene
696 446 59 20 inom
770 444 69 26 öfriga

86 479 43 21 län.
160 479 46 21 Och
228 486 46 14 som
297 479 42 21 alla
354 480 37 20 lån
406 480 100 21 hitintills
521 480 97 27 utgifvits
634 480 49 21 med
698 480 36 20 det
749 479 8 21 i
771 478 67 27 regle-

86 515 82 19 mentet
183 513 119 21 föreskifna
317 514 75 26 vilkor,
407 516 32 19 att
454 514 124 28 låntagares
594 513 137 27 ansvarighet
741 512 33 22 för
784 519 55 20 upp-

86 547 100 21 kommen
209 548 53 20 brist
284 548 96 21 inträder
402 548 53 22 först
479 550 67 20 sedan
564 548 153 22 reservfonden
732 547 107 22 användts

87 582 40 21 och
142 583 37 20 det
194 582 56 22 visat
265 582 32 27 sig
313 584 32 20 att
360 583 127 27 delegarene
502 583 7 21 i
525 584 36 20 det
576 583 44 25 län,
636 584 37 20 der
688 582 81 21 bristen
784 587 55 21 upp-

87 617 59 25 stått,
170 616 18 27 ej
213 616 84 21 kunnat
319 616 52 28 fylla
393 618 132 25 densamma,
548 617 40 21 har
602 617 138 27 föreningens
754 615 84 27 bolags-

87 651 92 21 stämma
194 652 71 20 ansett
281 651 31 27 sig
327 652 19 26 ej
363 658 51 15 vara
429 652 93 27 lagligen
538 652 122 26 berättigad
676 653 38 23 att,
730 652 54 19 utan
794 650 45 20 sär-

87 684 67 21 skildt
169 684 129 28 begifvande
313 685 24 21 af
349 685 74 28 hvarje
438 686 61 22 äldre
513 686 119 28 låntagare,
648 686 46 21 deri
702 685 89 27 vidtaga
801 684 39 20 nå-

86 726 43 20 gon
145 719 98 27 ändring.

155 753 126 22 Emellertid
296 754 61 21 torde
371 754 126 28 föreningen
513 755 19 27 ej
544 762 52 15 vara
606 754 92 28 befogad
708 755 34 20 att
753 752 87 22 hvälfva

89 788 119 27 ersättning
230 788 25 21 af
275 788 29 22 all
326 788 146 28 uppkommen
495 789 53 21 brist
570 790 29 26 på
620 790 27 20 de
664 788 42 26 län,
722 785 38 24 der
774 786 67 22 förlu-

90 824 73 20 sterna
178 823 105 27 uppstått,
299 823 52 21 eller
365 823 180 27 hufvudsakligen
560 823 91 27 Kuopio,
667 822 118 27 Uleåborgs
801 820 40 22 och

90 856 30 22 S:t
136 857 89 21 Michels
240 857 43 21 län.
313 857 73 27 Enligt
408 857 23 21 af
450 857 132 22 Ständernas
598 856 142 22 bankutskott
755 854 87 23 anstäld

89 891 121 27 beräkning
218 885 10 38 '
237 892 63 26 utgör
328 891 137 28 föreningens
480 899 5 3 *
494 893 124 21 nuvarande
648 891 96 27 verkliga
768 889 73 22 deficit

89 926 114 25 1,264,939
219 926 61 21 mark
295 926 28 20 87
338 926 71 27 penni.
439 926 50 21 Men
504 927 7 20 i
528 926 146 22 direktionens
689 924 152 22 årsberättelse

88 960 34 20 för
143 960 56 21 1881
222 960 113 27 uppgifves
355 961 41 21 den
411 961 28 27 på
455 967 38 15 sex
507 961 36 21 län
558 961 111 21 fördelade
684 960 105 21 förlusten
805 965 36 14 en-

89 995 49 20 dast
152 994 34 21 till
201 994 114 26 1,090,045
330 994 61 22 mark
406 995 27 21 88
448 995 74 27 penni,
538 995 86 22 hvilken
639 995 83 25 förlust,
738 994 55 21 efter
809 993 31 21 af-

89 1029 53 26 drag
158 1028 24 22 af
195 1030 35 20 det
246 1028 33 22 för
294 1029 37 21 två
345 1029 36 21 län
397 1029 132 27 uppkomna,
540 1029 33 21 till
583 1029 151 22 reservfonden
743 1028 98 21 hörande

90 1062 148 27 öfverskottet,
262 1064 81 26 nedgår
361 1063 34 21 till
410 1064 92 26 970,698
522 1064 61 21 mark
598 1064 28 20 68
641 1063 72 27 penni.
742 1062 100 21 Emellan

89 1097 135 21 sistnämnda
244 1104 83 14 summa
342 1097 39 21 och
397 1098 36 20 det
448 1097 25 21 af
485 1098 166 21 bankutskottet
666 1097 124 22 beräknade
805 1096 37 21 de-

90 1131 45 21 ficit
150 1130 116 22 förefinnes
281 1131 64 21 alltså
360 1138 26 14 en
403 1131 86 21 skilnad
503 1132 25 21 af
541 1132 90 26 294,241
648 1132 61 20 mark
724 1132 28 20 19
767 1130 74 28 penni,

90 1172 46 14 som
150 1165 47 21 icke
208 1165 70 22 blifvit
289 1166 65 27 något
365 1166 36 21 län
411 1166 79 27 påförd
500 1166 25 21 af
533 1166 47 21 skäl
590 1168 32 20 att
633 1166 115 27 nästsagde
758 1171 84 15 summa

89 1200 61 20 torde
166 1200 78 26 utgöra
262 1200 63 21 ränta
341 1200 13 20 å
369 1200 81 21 sådana
465 1200 100 26 förskott,
582 1201 13 20 å
609 1200 79 25 hvilka,
704 1199 67 27 enligt
785 1199 29 20 16
829 1200 11 25 $

91 1234 7 20 i
114 1234 149 27 reglementet,
278 1235 64 21 ränta
357 1235 18 27 ej
393 1234 32 22 får
438 1234 87 22 räknas.

157 1268 48 21 Den
220 1268 131 26 straffränta,
367 1276 45 14 som
427 1269 56 21 efter
498 1271 32 19 tre
546 1269 33 21 för
594 1269 85 21 hundra
694 1276 34 14 om
744 1269 53 24 året,
806 1274 37 14 en-

89 1302 39 27 ligt
145 1304 26 19 12
186 1304 11 25 $
213 1302 24 22 af
250 1302 147 28 reglementet,
412 1303 36 22 vid
463 1303 133 21 försummad
608 1304 70 20 ränte-
694 1302 40 22 och
748 1301 95 28 kapital-

89 1336 113 28 betalning
224 1337 24 21 af
267 1337 112 27 låntagare
401 1337 104 27 erlägges,
528 1337 72 26 borde,
625 1337 67 27 enligt
709 1336 135 21 Ständernas

90 1371 73 25 tanke,
186 1371 108 27 sjelffallet
317 1371 102 21 bokföras
433 1372 8 20 i
455 1372 175 26 intressekontot,
646 1372 63 21 hvars
725 1370 120 22 öfverskott

90 1406 47 20 åter
160 1405 66 27 enligt
251 1407 11 25 $
284 1406 28 20 42
331 1406 66 21 borde
412 1406 51 27 ingå
477 1406 8 21 i
500 1406 158 22 reservfonden.
690 1406 28 21 Sä
732 1406 40 21 har
788 1405 55 21 dock

90 1438 47 22 icke
160 1439 64 26 skett,
247 1441 53 19 utan
323 1440 39 21 har
386 1447 26 14 en
431 1440 95 28 betydlig
542 1440 34 22 del
590 1440 25 22 af
627 1440 165 22 straffräntorna
807 1446 37 14 an-
