1020 1664
243 124 27 19 66
537 124 34 22 N:o
586 124 36 22 25.

214 193 53 25 året,
284 193 85 26 åtföljas
390 193 23 21 af
432 193 135 27 förteckning
586 194 12 20 å
614 194 26 21 de
656 194 57 21 inom
730 194 58 21 länet
804 194 109 26 befintliga
929 195 36 20 de-

214 228 170 20 stillationsverk
408 228 38 21 och
471 229 25 21 de
519 229 34 20 vid
577 229 107 21 desamma
704 228 99 22 anstälde
823 229 142 21 kontrollörer

211 262 67 27 jemte
293 262 86 27 uppgift
394 263 12 20 å
417 262 36 21 det
463 263 33 21 till
508 263 63 21 dessa
582 264 51 20 verk
645 264 101 20 inkomna
757 264 100 20 kannetal
869 264 96 20 bränvin.

287 292 17 20 3.
336 291 40 21 Vid
393 291 107 27 utgången
517 292 22 20 af
556 292 256 26 tillverkningsterminen
829 292 88 21 insände
934 291 31 21 öf-

214 326 159 20 verkontrollör
389 326 32 20 till
440 326 151 27 Länestyrelse
608 326 111 21 utlåtande
735 326 60 21 öfver
811 326 154 21 kontrollörer-

214 366 38 15 nes
268 360 133 21 förhållande
417 361 67 20 under
507 361 159 26 befattningens
686 360 100 27 utöfning
802 362 38 20 och
857 361 70 21 hvilka
943 361 23 20 af

215 395 47 20 dem
286 395 56 26 gjort
368 395 33 25 sig
424 394 100 27 förtjente
545 397 32 19 att
595 396 112 20 enahanda
726 396 98 26 uppdrag
839 396 124 26 ytterligare

214 429 117 21 ombetros.

559 458 10 28 8
589 460 29 20 17.

286 493 186 26 Öfverkontrollör
491 499 82 26 äligger
592 501 32 18 att
643 499 62 20 äfven
725 499 68 20 under
809 499 39 20 den
865 499 37 26 tid,
920 499 43 20 till-

214 533 104 26 verkning
338 533 46 20 icke
404 533 72 26 pågår,
496 533 27 27 pä
542 534 68 25 grund
632 534 22 20 af
668 533 26 20 de
711 534 124 25 gvittenser,
852 540 44 14 som
910 534 53 26 jem-

214 567 40 21 likt
270 568 11 26 $
297 569 26 19 38
340 567 61 21 skola
420 568 77 21 honom
519 569 119 25 tillsändas,
659 568 47 21 föra
720 568 84 27 journal
821 569 90 20 rörande
928 575 35 14 ne-

214 602 96 26 derlaget
334 605 60 23 samt,
419 603 72 20 derest
513 603 242 26 bränvinstillverkning
782 603 5 20 i
812 603 151 26 sammanhang

213 637 49 21 med
285 637 221 27 pressjästberedning
529 644 50 20 eger
602 645 45 13 rum
671 637 68 21 under
762 644 69 14 annan
851 639 25 19 än
897 638 39 20 den
956 638 7 20 i

213 671 116 21 allmänhet
345 671 33 22 för
393 672 240 26 bränvinstillverkning
649 671 85 22 tillätna
750 672 37 26 tid,
802 672 78 26 jemväl
896 672 67 21 sädan

213 706 138 27 tillverkning
368 707 120 20 öfvervaka.

557 735 10 27 8
586 736 31 20 18.

287 776 16 19 1.
334 775 53 25 Den,
408 781 44 15 som
473 775 78 20 önskar
571 775 65 21 blifva
652 775 72 21 säsom
740 775 120 21 kontrollör
876 775 86 20 anstäld

213 809 35 21 vid
264 809 99 21 bränneri
380 809 52 21 eller
448 809 204 27 destilleringsverk,
665 809 92 21 inlemne
768 809 32 21 till
813 809 150 27 Länestyrelse

212 844 96 21 ansökan
324 844 73 21 derom
414 844 38 21 och
468 843 85 27 vidfoge
569 844 148 26 ansökningen
733 844 42 20 alla
787 844 25 20 de
824 844 63 25 bevis,
900 844 62 21 hvar-

212 879 49 20 med
278 879 39 20 han
338 879 36 20 vill
394 878 73 27 styrka
486 879 31 20 sin
541 879 131 26 lämplighet,
694 878 111 21 deribland
821 879 140 25 ovilkorligen

212 914 61 26 intyg
289 913 21 21 af
325 913 180 21 öfverkontrollör
520 916 32 18 att
568 914 110 20 sökanden
695 920 50 20 eger
765 914 17 25 cj
800 914 81 20 mindre
898 914 63 26 nödig

212 948 119 20 kännedom
348 954 33 14 om
398 950 66 18 sättet
479 948 32 20 för
527 947 204 27 bränvinsprofning
751 948 47 20 med
818 948 54 20 hvad
890 948 71 20 dertill

212 982 70 25 hörer,
303 984 25 18 än
349 982 38 20 ock
406 988 33 14 om
460 982 25 20 de
504 982 90 21 rörande
613 982 243 26 bränvinstillverkning
872 982 37 20 och
926 982 35 21 de-

212 1017 106 25 stillering
334 1019 56 18 samt
405 1017 100 26 tillsynen
523 1017 72 20 dervid
611 1017 101 26 gällande
723 1016 157 27 författningar.
906 1016 55 21 Kon-

211 1051 101 21 trollörer
328 1051 34 21 vid
379 1051 152 21 brännerierna
547 1051 102 21 tillsättas
666 1051 34 21 för
716 1051 73 27 hvarje
800 1051 161 26 bränningster-

212 1086 44 20 min
272 1085 108 26 särskildt,
398 1086 109 20 hvaremot
523 1086 119 21 kontrollör
658 1086 37 20 vid
712 1085 196 21 destillationsverk
919 1085 42 21 kan

211 1120 34 21 för
261 1120 44 20 helt
320 1112 128 28 kalenderät
463 1120 118 20 förordnas.

284 1154 40 20 Till
341 1154 120 21 kontrollör
479 1154 34 21 mä
532 1155 47 20 icke
594 1157 59 19 utses
670 1154 71 26 nägon
758 1161 45 14 som
819 1154 89 21 innehar
923 1154 38 21 all-

212 1190 49 19 män
285 1188 51 21 eller
360 1188 84 21 enskild
466 1189 65 27 tjenst
551 1189 51 21 eller
621 1189 128 27 befattning,
767 1189 33 21 för
816 1189 62 20 hvars
895 1189 66 20 hand-

211 1222 105 21 hafvande
339 1223 42 20 han
404 1224 24 19 är
447 1225 91 25 tvungen
559 1226 32 18 att
610 1224 33 26 sig
662 1223 50 21 frän
727 1224 124 20 bränneriet
866 1222 95 27 aflägsna

211 1257 53 21 eller
287 1257 125 21 förhindrad
435 1260 38 24 att,
496 1260 39 18 när
553 1258 55 21 helst
628 1258 122 27 päfordras,
770 1258 80 21 besöka
867 1258 94 20 destille-

212 1292 113 26 ringsverk
340 1292 39 21 och
395 1292 164 27 tillverkningen
575 1293 37 21 der
628 1292 123 22 öfvervaka.

554 1355 11 28 8
584 1357 30 20 19.

284 1394 82 21 Genast
384 1395 54 21 efter
458 1395 35 22 det
512 1396 119 21 kontrollör
649 1395 73 22 blifvit
741 1396 32 21 till
793 1396 32 21 sin
841 1395 120 27 befattning

211 1429 86 26 utsedd,
320 1429 54 21 skall
398 1429 42 22 han
459 1436 33 15 om
512 1431 32 20 sin
561 1431 100 26 bonings-
678 1430 52 21 eller
746 1431 123 20 vistelseort
884 1430 77 21 under-
