1025 1664
240 129 13 20 2
402 127 82 23 Ständ.
499 127 38 23 Sv.
553 140 26 3 —
595 128 72 27 Prop.
683 127 41 22 N:o
738 127 34 22 21.

213 191 64 26 1,500
291 191 85 28 lispund
391 192 57 25 malt,
466 191 32 22 för
512 191 51 26 året,
579 191 38 21 har
640 193 31 20 ett
686 190 181 23 skatteminimum
883 191 32 22 till
931 192 35 22 det

209 226 8 21 i
233 227 14 25 &
264 227 13 20 2
292 225 117 29 föreslagna
424 227 75 28 belopp
523 227 58 27 synts
602 225 119 22 Ständerna
736 225 86 28 obilligt,
840 231 49 16 enär
905 235 60 20 egare

210 260 24 21 af
254 261 26 20 de
303 261 77 21 minsta
400 258 151 31 bryggerierna
569 260 121 28 derigenom
706 260 68 21 skulle
789 260 82 28 tvingas
887 263 30 20 att
932 270 33 13 an-

211 295 73 28 tingen
299 295 69 21 drifva
383 303 43 20 upp
442 295 32 21 sin
489 295 138 28 tillverkning
642 294 84 22 utöfver
741 295 55 20 hvad
807 295 110 28 tillgångar
928 297 38 20 och

210 329 115 28 afsättning
341 329 111 28 medgifva,
470 330 51 20 eller
537 329 38 21 ock
591 329 69 22 betala
675 329 57 21 skatt
746 329 33 21 för
793 337 45 13 mer
854 334 25 16 än
891 330 25 21 de
927 330 40 21 till-

211 363 81 22 verkat.
317 363 118 22 Ständerna
450 363 64 22 hafva
530 363 69 22 derför
609 363 91 22 faststält
711 365 30 20 ett
751 363 180 22 skatteminimum
946 364 23 22 af

210 399 43 20 800
269 398 65 25 mark,
351 398 147 22 motsvarande
515 406 26 13 en
556 397 192 28 maltförbrukning
763 397 23 22 af
800 399 63 25 1,000
875 398 90 29 lispund.

281 439 74 28 Enligt
369 439 65 22 första
449 447 63 13 mom.
528 439 6 20 i
551 439 13 26 &
580 439 13 21 3
609 439 68 21 skulle
694 439 72 21 endast
781 438 32 21 för
828 440 47 26 eget
893 439 72 21 husbe-

209 472 38 22 hof
269 473 123 22 tillverkadt
415 474 20 20 öl
454 474 38 21 och
508 473 124 28 svagdricka
648 473 73 21 kunna
736 473 45 21 från
798 473 116 28 bevillning
929 481 36 13 un-

210 507 106 28 dantagas,
328 508 39 21 och
378 507 131 29 följaktligen
520 507 129 29 svagdricka,
661 507 153 22 ästadkommet
824 515 75 20 genom
909 507 56 22 hem-

210 542 73 28 brygd,
306 542 8 21 i
336 542 100 22 händelse
460 543 115 21 detsamma
595 543 67 20 hölles
682 542 33 21 till
730 542 51 25 salu,
799 550 48 13 vara
863 542 101 21 underka-

209 577 57 21 stadt
281 577 267 28 tillverkningsbevillning
563 577 54 21 efter
632 577 40 20 den
688 576 7 21 i
712 577 13 25 $
743 577 10 20 1
770 576 97 28 stadgade
890 577 73 27 grund.

209 610 36 22 Dä
268 611 118 21 emellertid
408 611 120 22 kontrollen
544 611 23 21 af
581 611 40 21 den
637 610 129 28 hembrygda
781 618 63 13 varan
860 610 105 28 sjelffallet

210 644 67 23 mäste
300 653 50 14 vara
372 645 86 22 förenad
477 646 48 21 med
540 645 121 29 synnerliga
675 645 136 28 svärigheter,
828 648 53 18 samt
896 645 68 28 nägon

209 680 117 22 nämnvärd
341 680 93 22 inkomst
450 680 32 22 för
496 680 127 22 statsverket
638 680 47 21 icke
701 680 67 21 heller
782 684 23 16 är
823 682 30 19 att
868 679 96 22 förvänta

207 714 24 21 af
252 714 40 22 den
314 714 130 29 hembrygda
466 715 103 28 dryckens
584 714 144 25 beskattande,
747 722 49 13 men
814 714 33 21 väl
863 714 100 22 särskilda

208 748 136 28 olägenheter
358 749 61 21 deraf
432 749 69 22 blefve
517 757 26 13 en
559 748 58 29 följd,
633 748 64 22 hafva
712 748 118 22 Ständerna
842 750 74 24 ansett,
933 751 30 19 att

208 783 129 28 svagdricka,
362 791 33 14 om
418 784 116 21 detsamma
552 784 47 21 icke
615 784 109 21 tillverkas
739 782 170 29 fabriksmässigt,
927 784 36 20 bör

207 817 64 22 äfven
287 825 34 14 om
335 818 77 22 handel
428 818 85 22 dermed
529 818 61 27 afses,
605 818 47 22 från
667 817 117 27 bevilloing
801 816 91 30 fritagas,
909 819 54 19 samt

206 852 7 20 i
237 852 218 22 öfverensstämmelse
478 853 86 21 dermed
586 853 140 28 omredigerat
748 851 157 28 ifrågavarande
921 860 40 13 mo-

208 888 65 20 ment.

276 920 58 22 Enär
349 921 49 21 hela
412 921 36 22 det
463 921 117 29 föreslagna
595 921 247 29 beskattningssystemet
856 921 69 22 hvilar
935 920 26 29 pä

207 954 40 22 den
271 955 141 22 automatiska
435 956 152 25 maltmätaren,
611 956 38 21 har
672 956 36 22 det
722 958 59 26 synts
796 956 73 28 nödigt
884 958 31 19 att
930 955 31 21 uti

206 991 31 19 ett
259 989 65 22 skildt
346 992 94 19 moment
462 990 7 21 i
492 991 13 25 &
527 991 10 20 7
555 990 142 28 uttryckligen
713 990 72 28 stadga
800 998 34 13 om
848 990 113 28 bryggares

205 1023 123 29 skyldighet
343 1024 7 20 i
365 1024 99 22 afseende
479 1024 13 21 &
506 1026 125 26 apparatens
653 1024 136 21 anskaffande
804 1024 39 22 och
859 1024 102 21 vidmakt-

205 1057 106 27 hällande,
326 1058 107 22 hvarefter
448 1058 32 22 uti
495 1058 92 29 följande
602 1061 94 19 moment
711 1059 80 21 lemnas
805 1058 107 22 föreskrift
927 1066 33 13 om

206 1091 132 23 densammas
354 1093 144 21 användande.
521 1092 110 29 Derjemte
647 1094 38 20 har
696 1093 157 21 slutmomentet
863 1093 8 21 i
881 1100 80 14 samma

204 1126 100 29 paragraf
317 1126 83 23 erhällit
416 1135 26 13 en
458 1127 63 29 nägot
535 1127 155 29 förtydligande
706 1127 179 29 omformulering.

273 1167 13 21 I
301 1167 69 22 stället
385 1167 32 22 för
432 1168 26 21 de
473 1168 8 21 i
496 1169 13 25 &
526 1168 12 21 8
554 1167 126 22 föreskrifna
697 1167 264 29 journalanteckningarna

204 1200 65 23 hafva
291 1201 119 22 Ständerna
432 1202 8 20 i
463 1210 80 14 samma
558 1202 99 28 paragraf
669 1202 97 28 upptagit
780 1202 131 22 föreskrifter
926 1209 34 13 om

204 1238 31 19 ett
249 1236 170 28 bokföringssätt,
435 1244 44 14 som
497 1239 59 25 synts
572 1236 120 22 Ständerna
706 1244 58 14 mera
779 1235 180 29 ändamälsenligt.

275 1277 13 25 8
312 1276 26 21 14
360 1276 39 22 har
421 1276 85 23 erhällit
527 1284 25 14 en
575 1284 76 18 annan,
673 1276 66 28 enligt
754 1276 129 22 Ständernas
897 1276 61 28 äsigt,

202 1309 105 28 tydligare
328 1310 86 28 lydelse,
438 1311 8 20 i
469 1311 35 22 det
526 1312 31 20 att
579 1311 67 21 under
668 1310 245 29 straffbestämningarna
928 1311 31 20 ut-

202 1343 119 29 tryckligen
344 1344 120 29 inbegripes
484 1345 80 28 jemväl
579 1345 141 22 underlätelse
736 1345 7 21 i
759 1345 77 28 sviklig
850 1344 63 28 afsigt
929 1346 30 19 att

201 1377 91 28 fullgöra
316 1378 25 21 de
364 1378 58 22 säväl
445 1379 31 22 uti
495 1379 277 28 bevillningsförordningen
788 1387 44 13 som
848 1379 32 21 uti
895 1379 40 20 den
951 1379 7 20 i

201 1411 68 29 tredje
285 1420 61 13 mom.
364 1413 24 21 af
402 1414 13 26 8
432 1414 11 21 7
460 1414 92 28 antydda
567 1413 169 23 administrativa
751 1413 72 29 stadga
841 1413 51 21 eller
907 1413 50 28 eljes

201 1446 90 29 lagligen
315 1447 126 22 föreskrifna
464 1448 131 29 åligganden,
616 1448 66 28 jemte
706 1449 35 21 det
757 1448 118 22 Ständerna
890 1447 68 28 tillagt
