1028 1664
229 99 27 20 46
430 98 24 22 U.
470 98 24 22 B.
510 111 28 2 —
553 99 65 28 Prop.
635 99 40 22 N:o
692 97 36 23 24.

200 163 150 23 förhällanden
367 164 73 22 kunna
460 164 86 22 inträda
566 165 40 22 och
625 163 122 23 framställa
766 171 40 21 nya
821 165 139 28 synpunkter,

200 204 47 16 som
262 204 30 16 nu
308 198 17 28 ej
342 198 122 23 förefinnas.

270 250 31 21 Pä
317 251 69 27 grund
402 250 22 22 af
437 251 42 21 den
494 250 80 28 nädiga
588 251 164 27 propositionen
768 251 94 22 äterstär
877 252 37 21 det
926 253 34 21 ut-

201 284 84 22 skottet
300 287 33 19 att
349 287 56 19 ännu
420 284 79 28 afgifva
514 286 100 26 yttrande
630 292 34 15 om
681 286 117 21 ansläende
813 286 23 22 af
846 286 72 22 medel
927 286 33 22 för

199 318 137 23 bekostande
358 319 23 22 af
401 320 73 22 vidare
493 320 296 27 jernvägsundersökningar.
819 321 10 21 I
849 321 61 21 detta
929 320 31 22 af-

201 354 80 21 seende
304 354 39 21 har
365 354 60 22 Hans
447 354 122 28 Kejserliga
589 355 105 27 Majestät
712 354 115 28 meddelat,
848 357 33 19 att
896 355 23 22 af
933 355 27 22 de

202 390 92 24 160,000
309 388 68 27 mark,
393 395 47 15 som
452 391 74 19 senast
536 389 130 22 församlade
677 389 90 22 ständer
777 390 92 26 anslagit
879 390 33 22 för
923 391 37 21 be-

200 423 109 21 kostande
322 422 23 22 af
353 423 139 22 oftanämnda
501 424 148 26 kommission,
662 424 110 22 äfvensom
782 424 33 22 för
825 425 135 22 anställande

201 456 23 23 af
237 457 166 23 instrumentala
418 458 192 28 undersökningar,
620 458 34 22 för
665 458 123 22 ändamälet
799 459 105 21 användts
915 465 45 16 om-

200 492 63 27 kring
279 494 78 25 60,000
373 493 67 21 mark.

269 544 114 27 Utgäende
402 544 46 23 frän
468 545 41 22 den
525 545 129 27 erfarenhet,
671 551 47 16 som
733 545 78 22 hittills
826 545 87 23 utförda
927 546 33 22 in-

201 580 143 21 strumentala
365 580 185 28 undersökningar
574 580 66 28 gifvit,
657 580 41 22 och
720 580 88 22 hvilken
827 581 82 22 utvisar
927 583 33 20 att

200 615 76 26 nyttan
297 614 23 21 af
339 614 109 22 desamma
466 615 47 21 icke
532 615 43 21 kan
595 621 63 16 anses
678 621 53 16 vara
750 615 118 27 obestridd,
889 616 28 21 dä
932 616 27 22 de

200 648 192 28 kostnadsförslag,
414 656 46 15 som
478 650 29 27 pä
525 650 70 27 grund
613 650 23 21 af
648 650 112 22 desamma
774 650 119 28 uppgjorts,
909 650 50 22 med

201 684 56 21 ända
276 684 33 21 till
328 686 29 19 40
373 684 30 26 %
419 682 120 30 öfverstigit
555 684 42 22 den
611 684 97 28 verkliga
723 684 128 27 kostnaden,
868 685 39 22 och
923 685 36 22 sä-

200 718 60 22 ledes
281 718 81 22 lemnat
377 725 26 15 en
419 719 83 27 ganska
516 719 53 21 liten
584 719 88 27 ledning
687 719 35 22 vid
738 719 132 27 beviljandet
885 719 23 22 af
921 726 38 15 an-

200 752 47 28 slag
261 752 34 22 för
309 753 262 28 jernvägsbyggnaderna,
589 753 39 22 och
645 754 38 22 det
694 754 111 22 dessutom
817 756 24 19 är
851 754 108 22 utskottet

200 787 87 27 bekant,
304 789 33 20 att
351 788 8 21 i
375 788 41 22 alla
432 788 26 22 de
473 788 37 22 fall
525 788 28 22 dä
567 794 26 16 en
601 788 204 28 jernvägsbyggnad
815 788 83 28 belagts
909 788 50 22 med

200 822 82 26 arbete,
299 828 27 15 en
341 822 130 28 fullkomligt
486 829 27 21 ny
525 822 119 28 detaljerad
656 823 162 27 undersökning
828 822 77 22 utförts
917 822 41 23 och

199 856 34 22 väl
249 856 58 22 mäst
321 856 90 23 utföras.
434 858 10 20 I
459 858 77 26 mänga
552 857 38 22 fall
605 857 63 22 hafva
684 858 26 21 de
725 857 139 27 preliminära
878 858 80 22 instru-

200 891 95 21 mentala
310 891 214 28 undersökningarna
539 892 125 22 tillochmed
680 891 56 22 varit
751 891 32 22 till
799 892 73 26 skada,
889 892 27 21 dä
931 892 27 22 de

200 925 61 27 gifvit
280 926 116 27 anledning
416 926 32 22 till
467 926 73 22 beslut
555 932 34 16 om
604 926 147 22 fasthällande
766 926 23 22 af
801 926 59 22 vissa
875 926 84 22 sträck-

200 960 77 27 ningar
293 960 40 22 och
349 961 99 27 punkter,
465 960 72 23 hvilka
551 961 35 22 vid
602 963 99 19 närmare
712 960 160 28 undersökning
882 960 76 23 befun-

199 994 43 22 nits
257 995 83 21 mindre
355 995 107 28 lämpliga.
486 996 86 21 Endast
588 1002 26 16 en
630 996 40 21 sak
687 1001 63 22 synes
766 995 157 28 otvifvelaktigt
938 994 23 23 af

200 1029 110 22 desamma
329 1030 64 22 hafva
412 1030 108 28 framgått,
538 1030 108 27 nemligen
661 1030 95 27 insigten
772 1030 79 26 derom,
868 1031 33 21 att
915 1032 44 20 ter-

199 1064 190 27 rängförhällande
404 1065 7 21 i
426 1065 48 22 värt
492 1065 51 22 land
563 1067 53 19 utan
636 1064 74 22 alltför
733 1067 46 19 stor
794 1064 103 22 afvikelse
912 1064 48 22 frän

200 1098 194 23 medelkostnaden
414 1099 70 22 tilläta
504 1099 120 27 dragandet
644 1098 22 23 af
685 1105 27 16 en
729 1098 152 28 jernvägslinie
895 1099 8 21 i
918 1099 42 22 alla

201 1132 60 22 delar
277 1132 22 22 af
312 1133 81 23 landet.
414 1133 115 23 Skilnaden
544 1134 8 21 i
567 1133 166 23 medelkostnad
746 1140 40 20 per
800 1135 59 20 verst
869 1134 90 27 uppgår,

200 1168 67 27 enligt
283 1168 27 21 de
326 1168 71 22 siffror
412 1175 46 15 som
473 1168 41 22 här
528 1168 90 27 anförts,
634 1168 128 27 visserligen
773 1168 56 21 ända
839 1168 32 21 till
882 1170 78 25 20,000

199 1202 68 27 mark,
283 1202 72 22 men'i
370 1203 118 22 allmänhet
502 1204 68 27 stiger
583 1204 42 21 den
636 1203 19 28 ej
668 1203 32 22 till
710 1209 46 15 mer
766 1205 28 19 än
805 1203 76 26 10,000
892 1203 67 21 mark.

199 1237 34 21 Dä
249 1237 120 22 emellertid
385 1238 27 21 de
426 1237 195 28 kostnadsförslag,
636 1237 83 28 hvarpä
734 1237 64 22 dessa
815 1236 69 23 siffror
897 1237 65 21 stöda

200 1271 39 27 sig,
256 1273 38 20 äro
309 1272 122 28 uppgjorda
446 1273 67 26 enligt
527 1273 115 27 principer,
658 1271 122 23 hvilkaisä
790 1271 107 27 väsentlig
907 1270 54 28 grad

199 1305 72 22 afvika
285 1305 48 22 frän
349 1307 48 22 dem
414 1313 46 16 som
475 1313 89 16 numera
578 1307 71 28 följas,
665 1308 34 21 att
710 1306 72 22 säsom
792 1305 59 22 förut
861 1307 23 20 är
895 1304 64 22 fram-

198 1339 75 28 hället,
289 1341 194 23 medelkostnaden
498 1348 38 21 per
551 1343 60 20 verst
626 1341 33 22 för
674 1341 67 22 Wasa
756 1340 70 22 banan
841 1339 118 22 beräknats

199 1374 32 22 till
248 1376 93 25 100,000
356 1376 68 27 mark,
440 1382 49 16 men
505 1377 69 21 denna
589 1376 57 21 bana
661 1375 73 22 säsom
746 1375 69 21 kändt
824 1381 29 14 nu
863 1374 97 21 kommer

200 1411 32 19 att
248 1409 82 28 byggas
352 1409 33 22 för
405 1411 87 27 vidpass
514 1412 77 25 60,000
608 1410 68 27 mark,
692 1409 95 28 framgär
801 1408 68 27 häraf,
885 1410 33 19 att
934 1407 27 23 de

267 1449 193 23 Jernvägsutskottets
472 1449 117 19 betänkande
601 1450 37 18 N:o
650 1451 16 16 1.
