1031 1661
294 161 29 23 U.
338 161 28 24 B.
384 175 23 3 —
424 162 72 27 Prop.
511 161 42 23 N:o
569 161 37 22 29.
780 162 11 20 3

148 225 113 20 Dessutom
277 225 39 20 har
331 225 180 26 Borgareständet
526 225 93 27 päyrkat
634 227 32 18 att
682 225 65 20 orden
759 221 18 35 ,,
773 225 47 20 med

79 259 48 20 häst
149 259 52 20 eller
216 259 50 20 båt"
282 260 30 19 uti
329 262 9 22 $
354 260 26 19 36
396 259 67 20 borde
479 259 113 25 uteslutas;
607 259 40 20 och
662 259 39 20 har
717 259 105 20 utskottet

79 293 69 20 funnit
170 293 92 20 nämnda
284 293 140 27 anmärkning
447 292 92 27 förtjena
562 292 107 26 afseende,
692 295 51 17 enär
759 292 26 20 de
801 292 24 20 af

79 326 181 28 Borgareständet
275 328 106 19 uteslutna
396 327 66 20 orden
476 327 78 20 saknas
565 327 30 19 uti
606 326 40 20 den
657 326 79 27 nädiga
744 332 76 20 propo-

80 361 90 20 sitionen
200 361 40 21 och
264 361 79 27 jemväl
367 362 71 19 kunna
461 367 61 14 anses
550 360 147 27 öfverflödiga,
720 360 100 20 hvarföre

82 394 104 20 utskottet
202 395 89 20 föreslär

285 431 33 20 att
333 429 73 28 öfriga
420 428 67 22 ständ
501 429 67 21 mätte
581 427 122 29 godkänna
712 427 111 29 Borgare-

216 463 99 22 ständets
330 462 195 29 ändringsförslag
539 463 9 21 i
563 463 75 21 denna
653 462 40 22 del.

148 497 58 20 Enär
221 497 104 20 utskottet
340 497 115 26 dessutom,
471 497 45 20 dels
532 504 76 20 genom
620 497 5 20 i
637 497 90 20 ständen
739 495 82 21 fattade

79 531 77 25 beslut,
172 531 45 20 dels
233 531 23 20 af
270 531 47 20 dess
334 531 145 26 medlemmar,
494 532 68 26 gjorts
577 531 160 26 uppmärksamt
751 531 29 26 pä
790 530 29 19 ät-

80 565 92 27 skilliga,
195 565 184 27 hufvudsakligast
394 566 6 19 i
417 565 40 20 den
474 565 67 21 finska
557 567 72 18 texten
646 563 175 22 förekommande

79 599 160 25 redaktionsfel,
255 599 89 20 föreslär
360 599 104 20 utskottet
479 600 110 20 vördsamt

272 634 33 20 att
327 633 102 28 samtliga
451 633 68 22 stånd
533 633 52 22 ville
603 632 112 28 samtycka
731 631 35 22 till
780 630 41 29 föl-

200 666 72 28 jande
286 666 165 29 förändringar
465 667 40 21 och
519 667 118 22 rättelser:

272 703 32 20 att
319 701 34 21 uti
375 702 7 26 $
397 701 14 21 6
425 708 63 15 mom.
505 701 57 22 Iuti
571 700 94 22 svenska
678 702 74 20 texten
759 698 62 23 emel-

204 734 39 22 lan
258 736 69 21 orden
341 735 69 27 ,,och
424 735 40 21 och
478 736 68 26 ,der*
565 736 14 20 ä
594 735 41 21 6:te
649 735 72 21 raden
735 733 87 28 inskju-

205 770 30 20 tes
250 769 62 22 ordet
326 770 69 26 ,att'';
409 771 57 20 samt
480 770 35 21 uti
529 769 72 27 finska
617 770 74 20 texten
703 768 14 22 ä
726 770 93 20 motsva-

204 803 70 22 rande
289 803 64 21 ställe
369 804 62 21 ordet
445 804 82 26 ,että';

275 838 32 20 att
329 837 34 21 uti
377 837 10 27 $
402 837 31 21 12
445 837 40 21 och
505 837 47 22 dess
568 837 68 28 tredje
650 838 96 20 moment
761 835 61 22 ordet

203 871 123 27 »puolelle"
339 871 86 27 utbytes
439 873 45 19 mot
498 871 133 27 ,,puolella*;

273 906 33 20 att
327 905 35 21 uti
381 905 11 27 &
407 905 29 21 17
451 905 62 22 ordet
527 905 114 27 ,,saakon*
653 905 31 25 pä
698 905 73 27 första
785 911 35 15 ra-

205 938 42 22 den
261 940 72 20 rättas
349 938 36 22 till
399 938 129 27 ,,saakoon**
543 940 56 20 samt
619 940 32 20 att
666 939 55 21 sista
735 938 86 22 menin-

203 979 43 21 gen
261 973 9 20 i
285 972 49 22 4:de
349 972 82 28 stycket
446 972 28 28 af
486 973 43 21 den
543 972 72 28 finska
630 974 74 20 texten
721 972 100 28 afskiljes

205 1007 35 21 till
262 1008 30 20 ett
306 1007 68 21 skildt
389 1009 101 25 moment,
506 1007 9 21 i
530 1007 223 27 öfverensstämmelse
774 1006 49 22 med

206 1041 42 21 den
262 1041 94 22 svenska
371 1043 84 24 texten;

273 1077 32 20 att
326 1076 35 21 uti
378 1076 14 26 $
407 1075 28 21 21
452 1075 62 22 ordet
528 1074 182 28 ,annettakoon**
721 1075 34 27 pä
769 1075 48 21 7:de

204 1109 72 22 raden
297 1109 85 22 ändras
405 1109 35 22 till
465 1109 144 27 ,antakoon*
631 1109 62 21 ordet
715 1109 106 27 ,tuomio-

205 1143 120 22 istuimen**
344 1143 33 28 pä
399 1143 30 21 13
443 1143 72 22 raden
529 1143 84 22 ändras
629 1143 35 22 till
678 1143 143 27 ,oikeuden',

204 1179 56 20 samt
285 1179 33 20 att
333 1177 119 22 enahanda
475 1178 100 27 ändring
594 1178 97 27 vidtages
717 1177 103 28 öfverallt

204 1211 39 22 der
262 1212 62 21 ordet
338 1212 185 27 ,,tuomioistuin'*
537 1211 151 28 förekommer;

272 1247 32 20 att
325 1246 35 21 uti
379 1246 14 26 $
412 1245 32 22 23
458 1245 159 22 mellansatsen
631 1262 6 10 ,
638 1245 68 28 jotka
720 1252 40 15 sen
771 1245 51 28 pai-

204 1279 45 22 kan
264 1279 77 22 kautta
355 1279 161 22 matkustaessa
530 1279 111 22 maksutta
656 1279 89 22 varalla
757 1279 64 27 pide-

203 1314 70 21 tään**
288 1313 87 22 ändras
390 1313 36 22 till
441 1313 36 22 det
492 1313 176 28 spräkriktigare
684 1313 70 28 ,joita
768 1315 53 20 mat-

204 1347 119 22 kustaville
339 1347 111 22 maksutta
465 1347 89 22 varalla
565 1347 133 27 pidetään'';

271 1383 33 19 att
325 1381 35 21 wti
373 1381 33 20 26
420 1381 15 27 $
449 1381 71 21 orden
534 1397 12 10 ,
550 1381 139 26 kaatuneen
700 1381 34 27 pä
749 1380 74 22 andra

202 1414 71 23 raden
295 1414 35 22 uti
353 1414 13 21 1
389 1421 62 15 mom.
471 1414 86 23 ändras
572 1414 35 22 till
621 1414 131 27 ,,kuolleen*
767 1415 56 21 samt

202 1450 34 20 att
249 1449 72 27 första
335 1449 119 27 meningen
469 1449 9 21 i
493 1449 56 21 sista
556 1448 83 28 stycket
646 1449 28 27 af
679 1449 42 22 den
729 1447 94 23 svenska

203 1484 74 21 texten
300 1483 67 21 måtte
382 1482 36 21 till
433 1482 109 21 särskildt
556 1484 95 20 moment
665 1482 112 28 afskiljas;

148 1521 64 22 Bilaga
224 1521 28 18 till
264 1521 127 18 Sammansatta
403 1521 45 22 Lag-
461 1521 32 18 och
505 1521 175 18 Ekonomiutskottets
692 1522 31 17 bet.
736 1521 35 17 N:o
784 1522 17 17 4.
