1031 1661
212 124 29 21 20

380 125 80 23 Ständ.
476 127 35 22 Sv.
528 139 27 4 —
571 127 71 28 Prop.
657 128 41 23 N:o
712 127 36 23 29.

390 189 72 26 gande
484 189 70 28 deraf
574 193 33 18 att
629 191 48 20 alla
697 191 171 27 entreprenader
883 192 58 22 inom

390 223 59 21 länet
464 224 114 27 samtidigt
594 225 50 27 löpa
660 225 36 20 till
710 225 66 21 ända.

632 277 16 25 $
662 277 34 20 12.

458 313 180 22 Kronolänsman
654 315 91 27 åligger,
762 318 32 18 att
810 316 58 20 inom
878 316 61 28 fjor-

390 350 36 18 ton
440 348 72 27 dagar
527 348 55 27 efter
597 349 119 21 auktionen
727 350 106 20 tillsända
844 350 94 21 kommu-

389 382 147 21 nalnämnden
559 382 93 27 afskrift
676 382 29 26 af
718 384 35 20 det
768 384 37 20 vid
820 384 118 21 auktionen

384 415 72 27 förda
462 415 118 28 protokoll,
592 417 142 28 upptagande
742 417 46 21 alla
796 417 76 22 dervid
878 419 59 26 gjor-

388 449 30 21 da
441 449 85 26 anbud;
548 450 39 21 och
606 457 40 21 ega
661 451 155 21 kommunerna
831 451 55 22 hvar
896 451 42 28 för

386 484 42 27 sig,
436 485 96 20 rörande
540 484 76 28 hvarje
624 485 127 21 kommunen
760 486 110 21 tilldelaat
878 487 58 26 gäst-

386 518 88 27 gifveri,
490 519 13 20 &
518 518 219 22 kommunalstämma
751 519 87 28 afgöra,
849 520 87 21 huruvi-

387 552 29 20 da
431 552 159 27 skjutsningen,
610 553 39 20 der
664 554 122 27 ersättning
800 553 86 27 utöfver
900 560 35 15 en-

386 586 34 20 kel
443 586 47 27 lega
508 586 112 26 fordrats,
640 586 58 22 skall
712 588 14 20 å
742 588 144 26 entreprenad
902 588 34 26 öf-

387 621 99 24 verlätas,
502 623 56 18 samt
574 620 61 27 öfver
650 621 26 21 de
689 622 81 26 gjorda
786 622 99 21 anbuden
901 622 34 28 sig

386 657 66 25 yttra.
648 682 5 4 N

457 688 38 21 Om
510 690 132 20 röstantalet
652 689 43 27 för
710 689 38 21 och
762 692 54 18 emot
827 692 107 25 entrepre-

386 723 56 21 nads
465 723 126 21 inrättande
612 725 28 19 är
655 723 51 25 lika,
722 724 58 26 gälle
795 724 9 20 i
818 724 66 27 sagde
900 724 33 27 af-

386 757 76 21 seende
477 757 41 21 den
534 758 94 26 mening,
644 764 45 14 som
704 758 82 20 uttalat
800 758 34 27 sig
846 758 42 26 för
898 764 35 15 en-

386 791 124 27 treprenad.

455 824 239 22 Kommunalstämmas
706 826 109 27 protokoll
829 826 59 20 skall
904 826 32 21 in-

386 865 32 14 om
430 859 72 21 trettio
516 859 71 28 dagar
596 859 56 27 efter
660 859 118 22 auktionen
787 859 104 26 aflemnas
900 859 36 21 till

385 893 219 26 kronolänsmannen,
619 900 45 14 som
680 893 135 28 ojörtöjvadt
829 894 106 21 insänder

384 927 118 21 detsamma
512 928 67 27 jemte
592 927 238 28 auktionsprotokollen
841 927 37 21 och
889 930 46 25 eget

384 961 104 27 yttrande
503 962 35 20 till
553 963 143 26 guvernören,
713 961 90 25 hvilken,
815 962 7 20 i
831 961 103 22 händelse

384 997 140 25 entreprenör
548 995 94 28 befinnes
665 996 92 27 lämplig
778 995 38 21 och
830 995 55 21 stält
900 1002 34 14 ve-

384 1029 112 28 derhäftig
512 1029 79 28 borgen
606 1029 42 28 för
663 1029 131 28 ätagandets
805 1029 128 28 fullgöran-

383 1064 31 24 de,
431 1071 49 20 eger
491 1064 120 26 fastställa
627 1064 26 20 de
662 1063 120 28 godkända
792 1063 102 21 anbuden
904 1064 29 19 el-

383 1098 38 24 ler,
444 1104 34 14 om
495 1098 59 26 flera
572 1097 45 21 lika
634 1097 124 27 beskaffade
773 1097 108 27 afgifvits,
897 1097 36 21 det

382 1131 31 25 af
424 1132 54 25 dem,
494 1138 45 14 som
555 1131 102 26 erbjuder
672 1132 82 20 största
769 1130 106 22 säkerhet.

625 1177 16 27 $
656 1178 34 20 13.

450 1217 73 27 Egare
540 1217 35 20 till
592 1216 54 21 bruk
661 1216 55 21 eller
731 1223 73 13 annan
819 1218 71 19 större
898 1217 33 20 in-

380 1251 93 21 dustriel
495 1252 131 26 inrättning,
648 1257 46 14 som
716 1252 26 18 är
759 1250 57 27 från
838 1250 93 21 allmänt

379 1285 132 27 gästgifveri
526 1285 83 27 aflägse
624 1284 96 28 belägen,
737 1285 35 20 mä
783 1285 32 26 pä
831 1291 51 20 egen
898 1284 32 21 be-

380 1319 94 21 kostnad
496 1320 92 25 inrätta;
602 1318 140 28 gästgifveri,
762 1318 96 26 såframt
872 1318 57 21 kom-

380 1360 77 14 munen
472 1354 80 20 sådant
567 1353 118 27 medgifver
694 1352 37 21 och
740 1354 134 25 guvernören
882 1353 48 20 der-

379 1387 36 20 till
437 1387 98 26 bifaller,
559 1393 46 14 men
622 1393 50 14 vare
688 1386 53 20 dock
756 1387 22 26 ej
787 1385 58 26 från
861 1386 68 20 delta-

378 1421 71 26 gande
460 1421 33 20 uti
502 1420 139 21 kommunens
651 1419 143 29 gästgifveri-
802 1419 38 21 och
848 1419 81 28 skjuts-

379 1454 187 28 ningsskyldighet
582 1455 127 27 härigenom
726 1453 91 27 befriad.
