1020 1661
221 136 26 19 10
421 135 25 22 U.
462 135 23 22 B.
503 148 24 3 —
544 136 65 28 Prop.
625 136 38 22 N:o
678 135 32 23 27.

190 200 88 22 marken
298 201 41 21 och
357 203 84 20 vattnet
455 202 48 21 icke
519 202 53 22 höra
588 202 69 22 under
671 202 71 27 någon
758 208 71 16 annan
844 204 101 20 mantals-

189 235 108 27 lägenhet,
319 236 86 22 således
425 236 47 22 icke
492 237 68 21 heller
580 237 129 21 inberäknas
725 237 7 21 i
748 237 67 27 något
835 237 109 23 hemmans

190 270 135 26 grundskatt.
356 271 82 26 Frågan
454 271 69 21 under
538 271 56 21 hvad
609 278 64 15 namn
691 272 70 27 dylika
776 272 169 27 qvarnlägenhe-

190 307 33 18 ter
235 306 36 20 äro
283 305 133 22 antecknade
427 305 6 21 i
444 306 27 21 de
481 306 108 21 kamerala
599 305 194 28 förteckningarna,
805 307 42 20 kan
857 307 8 20 i
875 307 71 21 skilda

190 339 37 22 fall
247 346 51 15 vara
319 340 49 21 svår
388 342 31 19 att
438 341 49 20 med
507 341 102 21 säkerhet
628 341 80 27 afgöra,
725 341 90 22 emedan
831 341 63 22 deras
910 348 35 15 ur-

191 375 123 27 sprungliga
329 377 64 19 natur
408 375 80 28 begynt
502 375 81 22 lemnas
600 376 116 21 obeaktad.
747 376 49 21 Men
812 376 28 27 på
856 378 33 19 ort
905 377 40 20 och

191 409 64 21 ställe
277 409 73 22 kunna
372 410 26 21 de
417 410 111 27 lätteligen
546 411 55 21 både
620 410 119 27 igenfinnas
761 411 39 21 och
816 410 47 21 från
878 411 67 21 andra

191 444 119 27 särskiljas,
332 445 134 27 synnerligen
487 445 84 22 derföre
590 447 33 20 att
639 446 108 21 desamma
762 445 7 21 i
785 445 40 22 och
840 445 33 22 för
887 446 58 21 vissa

192 479 97 27 kyrkliga
312 485 65 16 onera
398 479 38 22 och
456 479 129 28 rättigheter
605 480 38 21 allt
662 479 133 23 fortfarande
813 482 37 19 äro
867 481 78 20 satta
934 475 15 37 i

191 513 105 22 särskildt
310 514 87 27 mantal,
414 514 144 22 hvarförutom
576 515 36 21 det
619 515 132 27 jordstycke,
763 515 27 21 de
801 514 145 28 sjelfständigt

192 548 87 26 besitta,
299 548 25 21 så
344 549 118 27 obetydligt
481 549 36 21 det
536 551 27 19 än
583 549 35 21 må
637 556 56 19 vara,
711 549 54 21 dock
781 549 48 21 icke
845 549 41 21 kan
902 549 42 21 för-

192 583 75 21 svinna
285 590 25 14 ur
330 584 253 21 landtmäteri-kartorna.
614 584 40 21 Till
675 590 80 15 samma
770 584 98 26 kategori
884 584 61 22 torde

189 618 80 26 jemväl
292 618 53 21 höra
368 618 26 21 de
418 624 109 21 ,gvarnar,
548 618 91 22 afskilda
659 618 47 22 från
727 618 218 27 donationsgodsen
933 614 16 35 i

191 652 101 28 Wiborgs
308 652 57 27 län",
381 652 71 22 hvilka
468 656 123 18 omnämnas
605 654 8 20 i
628 653 169 27 propositionen,
814 653 67 21 ehuru
896 656 49 19 när-

191 693 59 15 mare
269 687 116 27 utredning
400 694 34 15 om
450 688 74 21 dessas
540 690 64 19 natur
619 688 48 22 icke
682 688 82 21 kunnat
779 688 81 21 vinnas.
891 688 9 21 I
916 688 28 21 all

191 722 105 21 händelse
312 722 46 21 står
372 722 37 21 det
423 722 48 26 fast,
488 724 32 19 att
534 729 92 20 qvarnar
636 722 138 26 förekomma,
786 722 72 21 hvilka
869 724 77 25 utgöra

192 755 150 28 sjelfständiga
363 757 154 26 possessioner.
548 757 57 21 Utan
628 756 102 22 afseende
753 757 58 23 derå,
832 756 55 22 hvad
908 757 38 22 be-

192 791 101 26 nämning
312 791 72 27 dylika
404 791 148 28 sjelfständiga
572 798 91 21 gvarnar
678 792 7 21 i
702 791 36 22 det
758 797 40 16 ena
814 791 51 22 eller
880 792 67 21 andra

191 825 62 21 fallet
271 825 53 22 bära
340 827 55 20 samt
410 826 56 21 hvad
482 826 118 21 desammes
616 826 110 21 kamerala
741 832 107 20 ursprung
864 826 81 21 kunnat

192 866 57 20 vara,
271 866 63 16 anser
352 860 36 28 jag
408 861 36 21 det
462 867 50 15 vara
528 861 168 26 ovedersägligt,
713 862 32 19 att
760 860 63 21 deras
839 860 59 21 skatt
913 860 33 22 för

191 896 134 20 närvarande
340 896 46 20 icke
402 898 24 18 är
440 895 130 27 fullkomligt
585 895 93 21 likartad
693 895 49 21 med
758 894 67 28 öfrige
836 901 109 20 gvarnars.

192 929 40 21 Om
247 936 36 20 nu,
300 930 72 21 såsom
387 930 111 21 Utskottet
511 930 96 26 föreslår,
619 929 62 22 äfven
692 930 63 20 desse
767 936 91 20 gvarnar
868 929 78 21 befrias

191 964 47 21 från
261 964 29 22 all
313 965 65 26 skatt,
401 965 85 21 komma
509 965 26 21 de
556 965 136 27 synbarligen
707 964 7 21 i
730 966 31 19 ett
779 963 167 27 fördelaktigare

191 999 49 26 läge
261 1001 27 19 än
304 999 43 21 alla
363 999 68 27 öfriga
445 1000 33 21 till
494 1000 69 21 denna
578 1000 92 21 industri
685 998 96 22 hörande
796 998 149 27 inrättningar,

191 1034 7 20 i
214 1034 37 20 det
271 1034 27 21 de
316 1036 53 19 utan
384 1034 29 21 all
428 1034 59 22 skatt
502 1034 83 28 åtnjuta
601 1034 42 21 den
659 1034 22 21 af
697 1034 48 20 dem
761 1033 97 21 använda
872 1035 74 19 natur-

191 1068 92 27 kraften,
302 1069 78 21 medan
400 1068 26 22 de
444 1075 96 20 qvarnar,
560 1074 46 16 som
622 1070 37 20 äro
676 1067 106 27 uppförda
797 1068 28 26 på
841 1069 32 20 ett
888 1068 58 20 hem-

191 1108 61 15 mans
273 1103 67 26 mark,
360 1103 85 26 erlägga
461 1103 89 21 arrende
566 1102 32 22 för
613 1103 86 26 platsen
715 1102 32 21 till
762 1102 184 26 lägenhets-inne-

190 1136 111 27 hafvaren,
321 1137 85 22 hvilken
422 1137 46 22 åter
483 1137 85 22 härföre
582 1137 92 21 likasom
689 1136 33 21 för
737 1135 69 28 öfriga
822 1141 51 22 egor
888 1136 58 21 skat-

191 1173 34 19 tar
244 1171 34 21 till
296 1172 88 21 kronan.
415 1172 33 21 Då
466 1171 84 22 således
569 1172 67 26 enligt
651 1171 44 21 min
711 1171 65 20 tanke
792 1171 37 20 det
844 1172 25 19 är
883 1170 63 26 klart,

191 1207 33 19 att
246 1206 131 21 åtminstone
400 1212 26 15 en
448 1206 95 27 betydlig
566 1206 34 21 del
621 1205 22 22 af
661 1205 163 27 ifrågavarande
845 1211 102 20 qvarnars

191 1240 61 21 skatt
275 1243 23 18 är
320 1241 72 26 vanlig
410 1241 135 26 grundskatt,
564 1241 86 21 hvilken
670 1241 37 20 det
725 1239 94 22 hvarken
835 1241 24 19 är
873 1239 75 27 nödigt

191 1275 53 21 eller
260 1281 38 15 ens
314 1275 80 27 skäligt
409 1277 32 20 att
456 1276 7 21 i
478 1275 41 22 den
529 1275 41 22 fria
581 1275 174 22 konkurrensens
765 1274 94 21 intresse
869 1273 78 28 aflyfta,

191 1315 50 16 men
263 1310 14 21 å
299 1310 67 21 andra
385 1310 61 21 sidan
465 1310 113 21 Utskottet
597 1309 146 28 ådagalägger
763 1309 33 26 sig
815 1308 48 21 icke
883 1307 63 22 hafva

191 1344 84 21 kunnat
290 1345 96 27 urskilja,
402 1345 82 21 hvilket
497 1344 79 28 belopp
592 1344 22 22 af
628 1345 88 21 skatten
730 1344 7 20 i
753 1343 61 21 detta
829 1343 37 21 fall
882 1345 23 19 är
916 1344 32 19 att

191 1378 103 22 betrakta
314 1379 72 21 såsom
404 1379 127 27 qvarnskatt
546 1379 52 21 eller
614 1380 72 20 såsom
702 1378 94 27 egentlig
811 1377 136 27 grundskatt,

190 1412 70 23 finner
273 1413 37 27 jag
325 1413 116 26 tillräcklig
456 1413 114 27 utredning
585 1414 7 20 i
608 1414 61 21 detta
683 1412 124 22 hänseende
818 1411 78 22 saknas
908 1411 40 21 och

191 1453 64 16 anser
270 1449 80 20 rättast
365 1454 57 21 vara,
439 1454 34 15 om

261 1487 150 18 Statsutskottets
423 1487 116 18 betänkande
551 1488 36 17 N:o
598 1488 16 17 2.
