1023 1661
300 123 26 22 U.
341 123 23 22 B.
382 136 25 2 —
424 123 64 29 Prop.
504 123 38 22 N:o
557 122 33 23 27.
782 124 10 19 1

67 189 90 22 sälunda
172 191 33 20 att
220 190 114 21 Utskottet
348 189 118 27 föreslagit,
481 191 33 19 att
525 189 152 27 gvarnskatten
689 189 33 22 för
733 189 24 21 är
769 190 53 20 1883

68 224 69 22 skulle
156 224 98 27 erläggas
270 224 33 21 till
320 224 38 21 sitt
373 223 52 22 fulla
440 224 87 27 belopp,
543 230 48 16 men
608 224 97 22 deremot
719 223 47 22 frän
783 223 40 22 och

67 258 49 22 med
132 259 24 21 är
172 260 54 20 1834
242 258 46 22 helt
302 258 40 22 och
357 258 69 21 hållet
440 259 105 26 upphöra.

136 294 32 21 De
187 293 149 27 förändringar
354 293 114 22 Utskottet
483 293 7 22 i
506 293 11 28 8
533 295 13 20 2
561 293 98 28 vidtagit,
675 296 38 19 äro
729 299 26 16 en
770 293 53 21 kon-

68 335 91 20 segvens
176 327 22 22 af
211 328 143 21 nästnämnda
366 328 80 27 förslag
459 328 93 21 rörande
567 327 225 28 bestämningarna
757 323 10 37 i
779 323 10 37 $
806 329 17 20 1.

68 363 62 22 Dock
144 363 38 21 har
197 363 113 21 Utskottet
326 364 74 20 ansett
415 363 37 21 det
468 369 52 15 vara
535 363 107 26 lämpligt,
658 364 32 20 att
705 362 119 27 skattlägg-

68 398 51 27 ning
135 397 23 22 af
172 404 92 21 gvarnar
279 397 40 22 och
336 397 124 28 stampverk
476 397 85 28 upphör
576 397 86 22 säsnart
672 397 152 27 författningen

68 432 70 22 blifvit
158 432 106 27 utfärdad,
286 432 90 21 oaktadt
395 432 67 27 något
482 432 141 27 upphörande
639 431 22 22 af
675 433 149 26 gvarnräntan,

69 467 67 27 enligt
155 467 123 22 Utskottets
298 466 87 27 förslag,
407 467 28 20 då
450 469 57 19 ännu
523 467 48 21 icke
587 473 50 20 eger
652 473 51 15 rnm.
735 466 33 21 Då
784 466 40 21 den

68 502 49 21 med
137 501 25 22 så
181 502 77 27 många
274 502 118 27 omgångar
405 501 103 22 förenade
524 501 188 28 skattläggningen
727 501 23 21 af
763 507 61 21 qvar-

68 543 40 14 nar
122 535 46 22 från
186 538 53 19 1884
255 536 55 21 skall
326 535 79 22 förlora
420 536 28 21 all
464 536 117 28 betydelse,
598 536 69 21 skulle
682 535 142 22 verkställan-

70 570 37 22 det
126 570 23 22 af
167 570 71 28 dylika
256 570 155 27 förrättningar
430 571 68 21 under
520 570 23 22 år
565 572 52 20 1883
635 570 66 22 sakna
717 570 38 21 allt
769 572 55 19 mot-

70 605 104 22 svarande
190 611 61 21 gagn.

138 640 160 26 Qvarnräntans
322 639 131 22 afskaffande
476 640 96 27 innebär,
593 642 33 20 att
645 639 180 28 husbehofsqvar-

71 682 65 14 narne
151 674 113 22 framdeles
280 677 38 19 äro
334 674 152 22 oförhindrade
502 676 33 20 att
549 675 92 22 förrätta
656 675 57 21 mäld
728 676 45 20 mot
788 674 36 22 be-

71 710 87 27 talning.
188 710 49 21 Men
260 710 70 21 denna
352 711 45 20 rätt
418 716 64 21 synes
501 710 18 27 ej
541 710 51 21 böra
612 710 48 21 dem
679 710 145 25 tillerkännas,

71 745 64 21 innan
150 745 26 21 de
192 744 121 27 skattlagda
329 751 131 20 qvarnarnes
472 744 138 22 skattefrihet
620 744 107 27 verkligen
737 744 88 26 inträdt,

72 781 52 20 enär
146 779 26 22 de
194 779 132 22 sistnämnde
347 785 77 16 annars
443 779 72 22 blefve
535 779 150 22 förfördelade.
714 779 41 21 Till
770 778 55 22 före-

72 814 127 21 kommande
217 813 22 21 af
256 813 150 22 missförstånd
421 813 41 22 och
477 814 88 27 möjliga
580 814 140 26 rättegångar
735 813 91 21 rörande

72 848 61 22 detta
148 850 67 25 ämne,
227 848 39 22 har
278 848 111 22 Utskottet
399 848 71 27 tillagt
480 850 33 20 ett
524 848 119 27 stadgande
655 848 73 22 härom
738 848 36 21 vid
784 847 11 28 $
806 849 19 20 2.

141 883 31 21 På
192 883 69 27 grund
279 883 23 21 af
314 883 57 21 hvad
386 883 115 21 Utskottet
516 883 47 21 haft
578 885 51 19 äran
645 882 79 27 anföra,
739 882 33 22 får
787 882 39 22 Ut-

73 918 83 22 skottet
170 918 84 22 derföre
270 918 110 22 vördsamt
394 918 89 22 föreslå:

210 955 31 19 att
262 953 82 21 landets
366 952 112 28 höglofliga
500 953 88 21 ständer
609 952 65 22 skulle
693 952 85 22 anmäla
797 953 31 20 att

176 988 114 21 ständerna
314 988 81 26 antagit
414 988 40 20 den
474 988 121 26 föreslagna
615 987 152 28 författningen
781 986 47 21 med

176 1022 69 27 några
260 1024 82 20 smärre
356 1022 159 28 förändringar,
528 1022 85 28 tillföljd
621 1022 78 27 hvaraf
705 1022 39 21 den
755 1020 73 22 erhölle

175 1057 93 27 följande
283 1057 87 27 lydelse:

278 1113 140 29 Förordning
434 1113 116 30 angående
565 1113 153 30 upphäfvande
734 1113 25 22 af
769 1113 60 22 skat-

210 1148 38 22 ten
264 1148 13 22 å
291 1148 151 29 mjölgvarnar
457 1149 42 22 och
515 1149 200 28 sädesstampverk.

431 1189 11 28 8
459 1193 18 18 1.

211 1223 49 22 Den
275 1224 62 27 skatt,
354 1231 45 15 som
414 1225 68 21 under
498 1231 65 16 namn
578 1225 27 27 af
611 1226 127 26 qvarnränta
748 1226 83 26 utgöres

178 1259 52 27 från
249 1259 142 27 mjölgvarnar
407 1259 36 22 och
460 1259 189 28 sädesstampverk,
665 1259 52 22 skall
731 1261 53 20 utan
800 1259 30 27 af-

177 1293 74 22 seende
270 1295 15 20 ä
303 1294 187 27 inrättningarnas
510 1297 64 19 natur
594 1295 27 26 af
634 1295 63 26 odal-,
718 1294 47 22 tull-
785 1293 47 22 eller

177 1327 203 28 husbehofsgvarnar
395 1329 51 26 från
462 1329 38 21 och
514 1329 47 21 med
577 1329 25 21 är
617 1330 59 20 1884
689 1329 101 27 upphöra.

432 1374 10 27 8
459 1376 19 19 2.

212 1407 62 22 Frän
290 1408 36 21 och
340 1408 48 21 med
402 1415 83 15 samma
502 1409 25 21 är
543 1409 114 27 öfvertager
666 1409 81 21 kronan
757 1409 75 20 ersätt-

177 1442 77 27 ningen
270 1442 31 21 till
316 1442 207 27 indelningshafvare
538 1443 34 26 för
587 1443 24 21 de
627 1443 44 21 dem
686 1443 58 26 ifrån
760 1442 72 27 ofvan-

144 1480 149 19 Statsutskottets
306 1481 116 18 betänkande
435 1482 36 17 N:o
483 1483 18 17 2.
