1028 1661
260 121 82 23 Ständ.
358 121 38 23 Sv.
412 133 26 5 —
454 122 72 27 Prop.
542 122 40 22 N:o
598 121 34 23 18.
785 122 12 20 3

332 186 42 20 2:0.
397 184 45 21 För
453 191 25 14 en
494 184 93 21 inkomst
593 184 58 27 från
663 185 97 20 tvåtusen
771 184 55 27 fem-

276 218 88 21 hundra
388 218 35 22 till
446 218 38 21 och
506 218 48 21 med
572 217 111 27 femtusen
706 218 69 26 mark,
790 218 37 26 för

276 252 49 21 hela
342 252 96 27 beloppet
448 252 57 28 fyra
517 252 115 27 femtedels
644 254 104 25 procent;

334 287 42 21 3:0.
399 286 133 27 Derutöfver
554 287 36 20 till
612 286 39 21 och
669 287 48 20 med
733 287 92 20 tiotusen

277 320 68 25 mark,
361 327 25 14 en
399 323 103 25 procent;
518 323 56 18 samt

333 356 41 19 4:0.
391 355 45 20 För
444 355 66 28 högre
518 355 93 20 inkomst
619 356 28 19 än
657 355 92 20 tiotusen
758 355 67 25 mark,

276 395 26 14 en
318 389 37 21 och
372 395 26 15 en
409 389 117 27 femtedels
539 391 98 25 procent.

528 446 14 27 $
558 447 21 20 2.

340 491 128 28 Utländing,
492 497 44 15 som
557 498 25 14 en
598 491 33 21 tid
647 491 30 26 af
689 494 28 18 ett
733 492 26 20 är
775 491 52 21 eller

276 525 127 27 derutöfver
418 527 27 19 är
460 525 9 20 i
485 525 74 22 landet
581 525 76 26 bosatt,
674 526 100 27 erlägger
785 525 42 28 för

278 560 41 20 den
334 559 100 25 inkomst,
450 559 44 21 han
511 559 41 21 här
567 560 70 20 under
653 560 58 20 tiden
727 559 44 21 kan
779 559 49 27 för-

277 594 87 26 värjfva,
387 593 212 27 inkomstdevillning
623 594 67 27 enligt
711 593 115 21 enahanda

278 628 104 28 grunder,
399 634 43 14 som
454 627 43 27 för
512 628 84 21 landets
612 634 53 22 egna
681 628 106 21 invänare
802 630 26 18 är

278 662 110 28 gällande.

529 719 15 27 $
559 720 20 19 3.

260 779 6 5 N
338 763 71 22 Aktie-
426 763 36 21 och
480 763 126 28 bankbolag,
630 763 83 22 hvilkas
736 764 93 27 stadgar

279 797 75 27 blifvit
364 797 156 28 öfverhetligen
530 798 144 27 stadfästade,
686 798 51 21 böra
749 799 78 26 utgöra

278 831 174 28 ofvanstadgade
464 831 118 28 bevillning
588 831 41 28 för
637 832 57 20 ärets
703 839 53 13 rena
765 832 63 26 vinst,

282 865 47 21 deri
344 865 137 21 inberäknad
496 866 40 20 den
552 866 40 26 del,
608 872 45 14 som
665 866 72 27 lägges
749 866 35 20 till
795 865 33 21 bo-

281 900 69 27 lagets
365 899 127 27 veservfond
508 900 52 20 eller
575 906 82 15 annars
679 899 78 28 blifver
772 900 8 20 i
796 899 32 21 bo-

282 934 57 27 laget
362 934 146 20 innestäende.
544 933 120 22 Utländska
677 933 152 28 försäkrings-

281 968 64 27 bolag
369 969 77 26 utgöra
465 974 83 15 samma
564 968 116 27 bevillning
691 967 41 27 för
747 968 83 21 inkom-

281 1004 47 18 sten
344 1002 30 26 af
386 1002 64 20 deras
472 1002 81 21 vörelse
568 1002 57 21 inom
641 1002 104 25 Finland,
763 1002 67 28 enligt

281 1038 104 26 agentens
400 1036 96 28 uppgift.

532 1093 14 27 $
560 1094 20 20 4.

339 1138 47 21 Ren
409 1138 93 21 inkomst
525 1140 27 19 är
575 1138 40 21 den
638 1137 132 29 behållning,
787 1145 43 14 som

281 1173 101 26 uppstår,
398 1173 27 20 då
448 1172 64 27 ifrån
532 1172 40 21 den
588 1173 35 20 till
635 1173 126 26 penningar
776 1179 56 20 upp-

282 1207 101 20 skattade
406 1206 159 28 afkastningen
587 1205 29 28 af
626 1213 25 14 en
664 1213 92 20 persons
767 1207 64 26 fasta

283 1241 53 20 eller
350 1241 85 27 rörliga
450 1240 92 27 kapital,
560 1241 70 26 tjenst,
641 1241 80 20 rörelse
732 1241 53 20 eller
796 1247 36 14 ar-

283 1274 179 21 betsverksamhet
484 1277 56 18 samt
562 1274 61 28 ifrån
639 1274 55 21 hans
705 1274 126 28 förmögen-

284 1309 44 20 hets
352 1308 116 28 tillökning
489 1309 8 20 i
512 1309 69 27 öfrigt
603 1315 74 21 genom
699 1308 46 27 arf,
769 1311 63 18 testa-

284 1345 74 23 mente,
370 1342 139 26 fideikomiss,
519 1342 67 28 fynd,
594 1343 99 27 pension,
703 1343 73 20 nådår
786 1343 47 20 med

284 1384 59 13 mera
366 1376 103 27 afdrages
493 1377 19 27 ej
527 1376 84 21 mindre
626 1376 25 21 de
667 1376 72 27 årliga
756 1376 77 21 under-

285 1410 106 21 hålls-och
401 1410 213 27 driftkostnaderna,
623 1409 139 26 arbetslöner,
767 1412 66 19 ränta

282 1445 32 26 på
337 1444 95 25 skulder,
456 1444 90 28 sytning
567 1444 48 21 med
638 1451 65 18 mera,
723 1445 28 19 än
768 1444 65 27 äfven
