1025 1664
214 117 15 20 2
376 115 88 24 -Ständ.
479 116 39 22 Sv.
532 128 30 4 —
576 116 72 28 Prop.
664 116 40 22 N:o
721 116 36 22 20.

184 178 36 22 för
234 178 109 22 särskilda
357 178 104 22 ändamål
475 178 107 28 behöfliga
591 179 83 28 anslag,
685 178 104 28 beloppet
799 178 24 22 af
833 180 27 21 de
873 180 78 26 medel,

185 220 47 14 som
254 213 35 21 till
309 213 96 28 fyllande
427 213 25 22 af
471 213 85 22 landets
571 213 69 22 behof
651 214 69 21 måste
735 220 79 21 genom
829 213 120 28 bevillning

187 248 118 26 anskaffas,
322 248 49 22 icke
387 249 59 21 ännu
461 248 84 22 kunnat
560 248 112 26 uträknas,
689 248 66 22 hafva
769 248 125 22 Ständerna
908 248 41 22 lik-

186 282 36 22 väl
245 282 37 22 vid
299 282 130 28 pröfningen
444 282 25 22 af
481 290 30 14 nu
526 282 167 28 ifrägavarande
709 282 80 28 nädiga
804 282 145 28 proposition,

186 316 8 22 i
210 316 146 22 betraktande
371 316 25 22 af
413 318 27 20 de
455 316 82 28 anslag,
553 324 47 14 som
615 316 34 22 för
664 316 170 28 uppehällandet
850 317 41 21 och
907 318 43 21 den

188 350 76 22 vidare
286 350 171 28 fortbildningen
480 350 25 22 af
524 350 86 23 landets
633 351 176 22 militärväsende
829 351 121 27 veterligen

187 384 97 27 kräfvas,
306 384 73 23 funnit
401 385 32 27 sig
448 385 138 28 öfvertygade
602 386 74 21 derom
694 387 33 20 att
742 385 51 22 hela
807 386 37 21 det
859 385 89 28 belopp,

188 426 46 15 som
249 426 79 20 genom
342 419 167 29 ifrägavarande
524 419 118 28 bevillning
657 420 44 22 kan
717 420 141 28 uppbringas,
875 421 25 20 är
915 420 35 21 för

187 454 70 27 sagda
278 454 103 22 ändamål
403 454 174 28 oundgängligen
599 454 140 28 nödvändigt,
758 454 111 22 äfvensom
885 454 62 22 Stän-

188 489 69 20 derna
272 491 71 19 ansett
358 488 246 23 tobakskonsumtionen
618 489 77 22 kunna
709 491 54 20 utan
778 489 116 28 olägenhet
909 496 40 15 un-

188 523 114 21 derkastas
324 523 67 28 högre
409 523 139 28 beskattning
563 525 29 20 än
606 523 110 22 härintills
731 523 41 22 och
788 523 72 22 derför
875 523 74 22 funnit

187 557 74 22 denna
278 557 117 28 bevillning
410 557 137 28 synnerligen
562 557 90 28 lämplig
667 559 33 20 att
716 557 153 22 företrädesvis
884 560 65 25 tagas

186 591 8 21 i
209 591 103 28 anspräk,
328 591 57 22 helst
400 591 150 22 erfarenheten
565 591 69 28 gifver
648 592 37 22 vid
701 592 87 21 handen
799 594 39 23 att,
849 592 98 21 fränsedt

187 626 85 21 mindre
294 626 118 27 vexlingar,
435 626 185 28 tobaksimporten
643 626 34 21 till
697 627 82 25 landet,
795 627 28 21 dä
838 633 27 15 en
880 627 68 26 nägot

186 660 77 27 längre
285 660 98 28 tidsföljd
405 660 64 27 afses,
491 661 39 21 har
552 667 27 15 en
600 661 103 27 temligen
725 661 105 21 konstant
845 661 105 21 karaktär

187 695 51 21 med
253 695 97 22 sträfvan
365 695 34 21 till
413 695 88 28 ökning,
516 695 8 21 i
537 695 55 28 följd
606 695 80 22 hvaraf
701 696 42 21 den
754 695 102 26 inkomst,
867 702 47 15 som
925 695 27 22 af

187 734 28 15 en
238 728 211 23 konsumtionsskatt
470 730 29 27 pä
521 731 72 20 denna
616 737 52 15 vara
691 731 24 20 är
733 732 33 19 att
781 729 107 26 förvänta,
904 729 44 21 kan

187 765 94 26 antagas
294 763 68 28 jemte
376 763 136 28 varaktighet
527 771 40 20 ega
582 764 98 22 fördelen
697 766 33 19 att
742 764 75 21 kunna
832 764 33 21 till
876 763 74 28 belop-

187 799 38 26 pet
240 798 51 21 med
306 798 136 27 nägorlunda
457 798 136 22 sannolikhet
609 799 29 27 pä
662 798 95 22 förhand
767 798 113 22 beräknas.

256 831 33 22 De
311 833 148 21 summariska
473 833 115 27 uppgifter,
604 840 46 15 som
664 833 107 27 förelegat
785 833 93 21 rörande
895 833 54 21 1881

187 867 36 20 års
243 866 176 27 tobaksinförsel,
439 867 69 22 förete
522 867 67 28 högre
608 867 70 22 siffror
693 868 28 21 än
737 868 66 26 något
818 867 133 27 föregående

186 901 26 21 år
232 901 41 21 och
288 901 160 28 öfverstigande
466 902 140 21 1874—1880
622 903 35 21 års
672 901 152 28 medelimport
839 902 50 20 med
903 901 47 21 ine-

185 937 47 19 mot
250 936 28 20 36
294 936 34 28 ?/,.
360 936 43 21 Om
417 937 29 20 än
462 937 71 21 denna
548 936 98 28 stegring
660 936 51 22 icke
726 936 109 22 bestämdt
851 936 44 21 kan
911 942 39 14 ens

185 969 35 21 till
235 970 73 27 nägon
324 970 35 22 del
375 970 125 22 tillskrifvas
515 971 104 27 vidtagna
634 970 203 28 försigtighetsmätt
851 970 48 21 frän
909 970 38 21 im-

186 1005 142 26 portörernas
349 1005 47 21 sida
410 1005 8 20 i
433 1005 117 27 anledning
566 1004 24 22 af
604 1006 42 20 den
661 1005 114 21 motsedda
791 1004 154 28 bevillningen,

186 1039 64 20 torde
273 1039 61 21 detta
354 1039 131 21 ätminstone
501 1039 153 27 obestridligen
670 1039 67 22 delvis
753 1046 52 14 vara
820 1038 61 22 fallet
897 1039 50 21 med

187 1072 27 22 de
230 1072 97 28 ovanligt
344 1072 110 28 betydliga
469 1073 141 28 uttagningar
626 1073 25 22 af
663 1073 68 21 tobak
741 1072 48 22 frän
800 1072 149 22 kreditneder-

184 1106 44 28 lag,
250 1106 74 22 hvilka
339 1107 69 21 under
422 1107 144 22 nästförlidna
581 1108 106 21 mänader
703 1107 118 27 veterligen
837 1109 35 25 egt
894 1114 55 18 rum;

184 1140 42 22 och
248 1140 8 21 i
278 1140 44 22 alla
344 1141 117 21 händelser
482 1148 56 19 vore,
554 1142 7 20 i
576 1142 38 21 fall
630 1143 42 20 den
693 1148 42 21 nya
751 1140 88 22 skatten
853 1141 98 21 infördes

183 1174 55 22 först
253 1174 49 22 frän
318 1176 42 20 den
376 1176 11 21 1
401 1176 88 27 januari
503 1176 63 26 1883,
577 1183 32 19 en
622 1176 110 22 storartad
746 1175 137 27 spekulation
895 1179 54 17 utan

186 1208 75 23 tvifvel
272 1210 32 20 uti
315 1209 185 28 tobaksimporten
512 1212 31 20 att
557 1212 72 20 motse
641 1211 70 21 under
720 1210 147 22 innevarande
878 1210 31 25 är,
917 1209 34 21 till

182 1243 108 27 betydligt
300 1243 87 29 förfäng
397 1244 33 22 för
439 1244 173 22 skatteintraden
628 1246 70 20 under
714 1245 37 20 det
761 1243 188 22 nästkommande-

184 1277 130 27 Ständerna,
331 1286 46 14 som
392 1279 31 21 uti
439 1280 71 20 denna
535 1279 161 28 omständighet
711 1278 71 22 funnit
797 1280 32 19 ett
845 1280 48 26 nytt
903 1277 49 22 skäl

182 1314 35 19 att
232 1314 55 20 utan
302 1313 103 28 dröjsmål
420 1313 155 22 slutbehandla
590 1313 167 28 ifrågavarande
775 1313 87 25 ärende,
878 1312 73 22 hafva»

183 1346 34 21 till
239 1346 162 29 förebyggande
420 1348 25 21 af
458 1349 131 20 omnämnda
604 1347 148 28 spekulation,
767 1347 58 21 velat
842 1346 109 28 tillstyrka

181 1380 153 28 påbjudandet
349 1381 24 22 af
387 1383 42 20 den
444 1389 30 14 nu
489 1384 95 25 antagna
600 1382 148 27 bevillningen
764 1382 69 20 redan
845 1381 49 20 från
907 1381 42 20 den

182 1415 12 20 1
212 1415 198 22 nästinstundande
425 1417 51 26 maj,
493 1417 70 20 derest
577 1416 155 27 förordningen
743 1415 43 22 kan
798 1415 68 21 hinna
877 1415 67 20 innan

181 1449 111 27 sistsagda
307 1450 32 21 tid
355 1451 155 26 promulgeras.
