1020 1664
217 100 28 20 80
526 100 34 22 N:o
576 100 36 22 25.

191 169 41 21 riet
250 169 97 26 vidtager
367 170 31 20 till
419 170 38 21 och
479 170 47 20 med
546 170 69 20 första
631 170 123 26 söcknedag
770 170 54 20 efter
840 170 39 20 den
897 170 47 26 dag,

193 203 27 21 då
236 204 153 26 afverkningen
405 204 90 27 upphör.

265 239 18 19 2.
313 238 100 22 Inställes
434 239 243 26 bränvinstillverkning
697 238 32 21 till
751 238 52 27 följd
820 238 22 21 af
857 239 89 20 bränne-

192 272 96 27 riegares
305 273 137 25 förvällande,
464 274 34 20 mä
519 274 151 26 Länestyrelse
690 273 81 27 afgöra,
787 279 33 15 om
838 273 37 21 och
891 273 55 20 huru

193 308 47 20 stor
256 308 119 26 ersättning
391 308 40 20 bör
446 308 23 21 af
483 308 167 26 bränneriegare
666 308 95 21 tilldelas
778 308 119 20 kontrollör
913 307 33 21 för

194 342 40 20 den
252 342 77 21 honom
345 342 146 27 tillskyndade
507 342 91 22 kostnad
616 343 53 21 eller
685 342 79 21 förlust
800 342 48 21 Men
871 341 76 21 varder

193 376 100 21 bränneri
319 383 75 20 genom
419 377 176 27 olyckshändelse
614 377 93 21 skadadt
728 377 52 20 eller
796 376 110 26 förstördt,
923 376 25 21 sä

194 412 32 20 att
242 411 49 20 dess
308 411 135 21 verksamhet
459 412 22 20 af
496 412 65 20 sädan
578 412 65 20 orsak
659 412 53 20 eller
728 414 51 18 utan
796 411 151 26 bränneriega-

195 451 34 15 res
253 445 132 21 förvällande
409 446 102 26 afbrytes,
536 446 38 21 och
599 446 105 21 ästundar
727 446 164 26 bränneriegare
915 447 33 19 att

195 480 121 21 kontrollör
332 480 12 21 &
360 480 122 21 bränneriet
498 483 148 24 gvarstannar,
658 480 108 21 intilldess
778 480 117 21 detsamma
907 480 40 21 kan

195 514 67 21 blifva
286 515 53 26 ånyo
363 515 123 26 iständsatt,
510 516 62 25 utgår
596 515 132 21 kontrollörs
750 515 78 20 arvode
846 515 22 20 af
886 515 62 20 brän-

195 549 284 27 vinstillverkningsmedlen
496 550 33 21 för
545 552 33 19 tre
593 550 74 27 dagar,
685 550 111 20 hvaremot
812 549 88 21 arvodet
915 549 34 20 för

195 583 41 21 den
253 583 69 27 öfriga
338 585 173 24 väntningstiden
528 585 83 20 betalas
628 585 23 20 af
665 585 173 23 bränneriegare.

268 619 19 20 3.
318 619 41 20 För
379 619 71 27 hvarje
470 620 154 26 tilländalupen
646 619 122 21 halftermin
786 619 22 20 af
823 619 126 26 brännings-

194 653 60 20 tiden
279 654 107 20 utbetalas
410 654 54 21 ifrän
488 654 166 21 landtränteriet
675 654 4 20 i
702 654 58 20 länet
776 653 22 21 af
812 653 32 21 dit
860 653 89 21 influtna

195 687 323 27 bränvinstillverkningsmedel
543 689 121 20 kontrollör
688 688 162 21 tillkommande
870 687 79 21 arvode

196 722 39 21 och
252 723 280 26 resekostnadsersättning,
549 723 55 21 efter
620 723 134 26 granskning
770 723 23 20 af
807 723 39 20 den
859 722 90 25 räkning

198 756 58 26 derä,
273 757 120 21 kontrollör
408 757 38 21 bör
462 758 33 20 till
511 757 150 27 Länestyrelse
678 757 87 26 ingifva,
781 763 46 15 men
840 757 109 26 slutligvid

197 793 63 24 göres
278 791 17 26 ej
312 792 63 20 innan
393 792 119 21 kontrollör
532 793 55 20 visat
607 792 33 26 sig
660 791 65 21 hafva
741 791 32 21 till
790 791 160 21 vederbörande

196 825 89 21 insändt
309 826 26 21 de
358 826 132 27 handlingar,
515 827 90 20 rörande
622 826 166 25 tillverkningen
805 826 34 20 vid
859 825 91 20 bränne-

198 860 47 25 riet,
271 860 75 21 honom
371 861 81 26 åligger
476 860 96 25 aflemna,
591 861 110 20 äfvensom
723 861 25 20 de
768 861 133 24 instrument,
917 859 33 21 läs

198 900 26 15 m.
242 901 33 19 m.,
292 901 45 15 som
354 895 40 21 han
411 895 166 21 omhänderfätt.

541 948 11 27 S
569 948 33 20 43.

274 989 16 19 1.
321 984 185 25 Öfverkontrollör
522 988 38 21 och
576 988 124 21 kontrollör
717 994 37 20 ege
770 988 6 20 i
788 987 119 25 ersättning
918 986 33 20 för

199 1022 187 21 skrifmaterialier
402 1023 38 21 och
456 1025 112 25 postporto
591 1025 56 19 samt
663 1023 33 21 för
713 1022 26 20 de
755 1022 197 26 förseglingsmate-

198 1056 80 25 rialier,
295 1056 120 22 kontrollör
435 1057 39 21 bör
493 1057 102 25 anskaffa,
617 1057 34 21 vid
667 1056 76 26 hvarje
759 1056 193 25 tillverkningster-

197 1090 56 21 mins
270 1091 44 21 slut
329 1091 46 21 frän
393 1092 165 20 landtränteriet
575 1092 5 20 i
597 1091 58 21 länet
672 1090 104 27 uppbära,
796 1089 157 21 öfverkontrol-

198 1125 32 21 lör
251 1127 68 19 sextio
344 1126 37 21 och
403 1126 119 21 kontrollör
540 1126 77 26 fyratio
638 1125 69 25 mark,
725 1131 44 14 som
786 1124 52 26 utgä
853 1124 22 20 af
889 1124 64 20 brän-

198 1160 290 27 vinstillverkningsmedlen.

272 1196 18 19 2.
321 1196 45 20 Den
383 1196 119 26 ersättning
519 1195 33 21 för
568 1195 69 27 skjuts
655 1194 39 22 och
717 1194 150 25 traktamente,
885 1192 69 22 öfver-

197 1229 121 21 kontrollör
342 1230 38 20 och
404 1230 119 20 kontrollör
543 1230 86 26 jemlikt
647 1228 102 28 gällande
769 1228 132 26 förordning,
917 1233 36 15 an-

202 1263 82 27 gående
300 1264 96 20 vilkoren
413 1264 32 20 för
461 1264 138 26 tillverkning
616 1264 39 20 och
672 1263 136 25 destillering
824 1262 22 20 af
856 1261 97 25 bränvin,

198 1298 23 21 af
235 1298 84 21 kronan
335 1299 90 26 åtnjuta,
441 1298 105 21 beräknas
563 1298 33 21 för
612 1297 184 22 öfverkontrollör
812 1296 67 27 enligt
888 1296 66 20 femte

200 1333 39 21 och
263 1333 32 20 för
318 1333 121 21 kontrollör
462 1333 67 26 enligt
549 1333 64 27 sjette
630 1333 87 21 klassen
734 1332 6 21 i
756 1331 197 27 resereglementet.

545 1379 11 28 8
573 1380 33 20 44.

270 1413 41 22 För
328 1414 39 21 den
384 1414 246 26 bränvinstillverkning,
651 1419 47 15 som
723 1412 53 21 efter
792 1411 103 21 särskildt
911 1411 44 20 till-
