1023 1664
230 107 28 21 30
436 107 23 22 U.
476 107 23 24 B,
514 118 30 7 —
560 108 60 28 Prop.
637 107 37 23 N:o
689 107 37 23 26.

274 238 124 22 Utskottet
411 239 43 21 har
469 239 51 22 haft
535 239 37 29 sig
591 239 98 22 tillmätt
704 246 29 14 en
748 238 95 22 alldeles
859 238 37 22 för
910 238 54 22 kort

203 272 36 22 tid
254 272 38 23 för
306 273 173 29 behandlingen
495 274 27 21 af
534 274 77 22 denna
626 274 92 28 vigtiga
733 273 44 22 och
792 274 5 21 i
810 274 57 22 vära
877 273 87 22 sociala

202 306 165 23 förhållanden
389 307 68 29 djupt
478 308 140 29 ingripande
637 308 73 29 fråga,
726 308 70 22 hvars
811 308 104 29 lyckliga
929 308 34 21 lö-

202 342 72 21 sande
289 342 117 22 försvåras
421 342 72 28 deraf,
509 344 36 20 att
560 342 24 22 vi
599 343 9 21 i
624 342 134 22 densamma
774 342 73 22 sakna
862 342 32 22 all
904 342 59 22 erfa-

202 376 89 22 renhet.
320 376 48 22 Det
389 376 26 22 af
434 377 116 22 utskottet
568 376 156 29 omarbetade,
744 376 43 22 här
801 376 161 30 föreliggande

204 410 155 30 lagförslaget
374 411 47 28 bär,
437 412 76 21 såsom
528 412 49 28 mig
592 419 76 21 synes,
684 411 71 22 äfven
764 412 54 28 spår
828 411 26 22 af
862 413 35 20 att
906 418 57 15 vara

202 447 35 19 ett
253 445 136 29 brådmoget
404 446 84 22 arbete.
518 446 48 22 För
581 448 35 20 att
626 446 100 29 åberopa
742 446 62 22 blott
813 448 35 20 ett
858 446 105 28 exempel

202 479 38 22 till
256 480 53 22 stöd
323 480 37 22 för
375 480 64 22 detta
454 481 54 21 mitt
522 480 134 30 påstående,
671 480 41 22 ber
724 480 42 30 jag
782 482 34 20 att
830 480 25 22 få
864 480 99 22 hänvisa

202 514 38 22 till
264 514 39 22 det
326 515 129 29 otympliga
478 515 43 22 och
546 516 70 28 oviga
638 516 94 27 valsätt,
755 514 99 23 medelst
872 514 90 22 hvilket

202 548 201 30 länsfullmäktige
418 550 124 29 platserne,
558 550 75 29 enligt
648 550 124 29 förslagets
783 550 73 22 andra
866 549 96 29 kapitel,

203 583 95 22 komme
320 586 35 20 att
377 584 108 22 besättas.
508 598 28 2 —
551 585 44 21 Att
609 584 209 29 länsfullmäktige,
835 584 75 22 såsom
925 586 38 20 ut-

204 618 88 22 skottet
306 618 104 28 föreslår,
425 621 63 19 utses
503 626 85 22 genom
604 619 92 21 direkta
710 619 46 28 val,
771 626 67 14 anser
850 618 42 30 jag
906 625 57 15 vara

202 652 147 29 fullkomligt
364 653 8 21 i
387 653 36 21 sin
439 653 106 29 ordning,
562 660 37 15 om
615 660 84 16 annars
714 654 168 21 kommunerne
897 652 66 23 skola

202 686 138 22 intresseras
362 687 37 22 för
421 687 77 22 denna
513 687 73 29 fråga.
616 688 55 22 Men
687 690 35 19 att
736 688 64 29 välja
814 687 148 29 fullmäktige

203 720 129 29 häradsvis,
349 724 35 19 att
398 722 81 22 skicka
486 722 178 22 kommunernas
675 722 179 29 valprotocoller
868 722 37 22 till
915 722 47 22 Gu-

201 759 121 24 vernören,
338 756 37 21 för
389 758 36 20 att
439 756 26 22 få
479 759 103 19 rösterne
598 756 200 30 hopsummerade,
814 756 43 22 och
872 758 36 20 att
922 764 40 14 an-

202 790 78 22 vända
302 790 40 22 det
356 790 37 22 för
407 790 258 23 Kommunalstämman
681 790 145 22 främmande
842 792 70 20 sättet
928 792 34 21 att

202 826 64 20 rösta
282 824 58 22 efter
354 824 158 29 hufvudtalet,
528 825 91 22 hvilket
634 828 48 19 sätt
697 827 35 20 att
747 827 63 20 rösta
824 825 139 29 visserligen

201 858 43 22 har
269 858 138 30 förtjensten
429 859 27 22 af
476 862 35 19 att
532 867 56 14 vara
613 860 152 28 synnerligen
788 859 174 29 demokratiskt,

201 900 55 14 men
271 893 89 22 lemnar
375 894 200 29 länsfullmäktige
590 894 130 28 platsernes
736 893 138 23 besättande
888 894 9 21 i
906 894 56 22 hän-

201 927 72 22 derne
295 928 31 28 pä
350 928 45 21 den
419 928 72 22 minst
510 928 149 29 intelligenta
674 928 69 22 delen
759 928 27 22 af
798 928 80 27 folket,
895 935 67 15 anser

199 961 43 29 jag
267 970 56 14 vara
347 962 125 29 högeligen
497 962 158 29 misslyckadt.
686 962 123 22 Erkännas
831 962 81 28 mäste,
928 964 35 20 att

203 996 46 22 den
274 996 37 22 för
335 996 53 22 hela
412 997 176 21 institutionens
607 996 97 22 framtid
720 997 91 29 vigtiga
826 996 83 29 frägan
924 1004 38 14 om

201 1030 115 23 valsättet
338 1034 25 18 är
378 1032 150 28 synnerligen
544 1032 54 21 svär
612 1034 35 19 att
662 1032 31 28 pä
708 1034 34 19 ett
757 1030 205 23 tillfredställande

201 1067 48 19 sätt
264 1066 56 28 lösa,
335 1073 54 14 men
403 1065 60 22 hade
477 1066 116 21 utskottet
607 1066 53 21 haft
674 1066 38 28 sig
726 1073 65 14 mera
806 1065 35 22 tid
856 1065 104 28 tillmätt,

202 1100 27 21 sä
254 1100 60 22 hade
340 1100 40 22 det
399 1100 78 22 säkert
491 1100 97 28 kunnat,
604 1100 70 22 äfven
690 1100 54 22 med
758 1099 164 23 bibehållande
938 1099 27 22 af

202 1134 40 21 det
258 1134 92 22 direkta
364 1134 116 28 valsättet,
496 1134 99 22 uttänka
605 1135 79 28 nägon
695 1134 138 29 lämpligare
846 1134 43 22 och
899 1141 64 15 mera

201 1168 109 29 praktisk
325 1171 73 26 utväg
413 1171 35 19 att
463 1169 92 21 komma
570 1168 37 22 till
622 1169 79 21 mälet.

270 1203 87 29 Många
373 1203 72 22 andra
459 1203 146 29 berättigade
621 1203 189 28 anmärkningar,
826 1210 38 14 om
884 1203 42 21 ock
942 1202 20 29 ej

201 1237 49 22 lika
266 1237 98 29 vigtiga,
380 1237 78 22 kunde
473 1241 68 25 göras
557 1239 63 20 emot
635 1237 118 29 förslaget.

271 1272 35 21 På
328 1271 76 29 grund
429 1271 73 28 häraf,
526 1272 42 21 och
584 1271 30 22 då
629 1271 145 29 antagandet
789 1271 27 22 af
828 1279 29 13 en
872 1271 92 22 författ-

200 1305 60 30 ning
284 1306 72 22 sådan
379 1313 49 15 som
443 1306 77 21 denna
535 1307 19 28 ej
572 1310 62 17 ännu
649 1306 67 22 torde
732 1306 80 21 kunna
828 1313 66 14 anses
910 1313 54 20 syn-

200 1340 108 29 nerligen
330 1341 153 28 brådskande,
505 1341 42 21 och
563 1341 30 21 då
608 1341 40 21 det
662 1341 75 21 måste
753 1340 119 21 betraktas
888 1340 76 21 såsom

202 1381 29 14 en
252 1377 49 19 stor
316 1375 65 22 vinst
396 1375 37 22 för
448 1375 78 28 saken,
543 1382 37 14 om
596 1375 136 22 densamma
746 1376 84 27 genast
844 1373 53 22 från
912 1373 52 22 bör-

198 1408 43 29 jan
266 1409 84 22 ordnas
373 1410 30 28 på
425 1412 35 19 ett
482 1410 25 21 så
526 1409 197 29 ändamålsenligt
738 1411 48 19 sätt
801 1416 49 14 som
865 1408 99 29 möjligt,

200 1443 75 28 vågar
290 1443 133 29 ödmjukast
435 1444 41 28 jag
491 1443 95 22 föreslå:

271 1484 142 18 Sammansatta
426 1486 49 21 Lag-
487 1484 33 18 och
532 1484 192 18 Ekonomiutskottets
737 1483 117 18 betänkande
866 1487 32 13 n:o
912 1483 16 16 8.
