1025 1664
409 166 36 23 N:o
461 166 37 22 20.
792 167 13 20 8

75 235 33 27 sig
124 235 33 21 till
173 236 44 21 last
231 235 29 22 fel
277 236 52 21 eller
344 236 154 26 försumlighet
513 236 7 21 i
531 236 102 27 tjensten,
645 241 63 21 synes
719 235 67 27 något
797 241 36 15 an-

74 275 50 16 svar
139 270 125 21 derutöfver
280 270 47 21 icke
342 270 54 21 böra
412 270 158 27 ifrågakomma
580 270 34 21 för
624 270 63 21 visad
697 269 136 22 uraktlåten-

73 304 37 22 het
129 305 35 20 vid
184 305 127 26 uppbörden
331 305 53 20 eller
404 305 166 26 redovisningen
586 305 23 20 af
623 311 29 14 nu
667 304 165 26 ifrågavarande

74 339 200 27 bevillningsafgift,
294 345 48 15 men
362 340 98 21 deremot
480 340 100 26 lämpligt
599 345 79 15 ansvar
694 339 89 26 stadgas
799 338 34 21 för

74 374 47 26 den,
141 380 46 15 som
207 373 100 27 olofligen
328 375 39 20 och
383 377 52 18 utan
452 375 131 26 erläggande
599 374 23 21 af
637 374 67 21 sådan
720 373 63 27 afgift
798 373 34 20 till

74 409 74 21 landet
163 408 57 21 inför
235 409 53 20 eller
304 409 99 21 försöker
419 409 71 20 införa
505 409 74 21 tobak.

145 443 39 21 Ett
199 443 6 20 i
223 443 223 21 öfverensstämmelse
462 443 90 21 härmed
568 443 118 27 uppgjordt
701 442 82 27 förslag
797 442 34 21 till

73 477 127 27 förordning
219 478 6 20 i
246 480 72 19 ämnet
336 478 40 21 har
392 478 60 21 Hans
469 478 122 27 Kejserliga
606 477 104 27 Majestät
725 477 58 20 velat
798 476 33 21 till

74 511 133 22 Ständernas
223 512 161 27 handläggning
400 513 7 20 i
423 513 67 20 nåder
506 513 141 25 öfverlemna;
659 511 95 22 varande
764 511 68 27 sagda

74 547 82 26 förslag
172 547 23 21 af
209 547 95 26 följande
320 547 90 26 lydelse:

350 627 130 34 Förslag
492 628 43 26 till
547 627 146 34 förordning
704 626 126 34 angående

280 668 235 33 bevillningsafgift
533 668 39 27 för
589 668 83 26 tobak.

431 732 11 28 8
460 733 18 19 1.

145 777 76 22 Såsom
243 778 77 27 bidrag
342 779 33 20 till
398 779 141 21 bestridande
559 778 23 21 af
599 778 26 21 de
645 778 69 21 ökade
734 776 97 27 utgifter,

73 813 73 21 hvilka
169 813 85 21 landets
278 813 175 21 militärväsende
474 813 93 26 kräfver,
588 813 55 21 skall
662 812 48 21 frän
727 811 39 22 och
781 811 49 22 med

76 848 41 21 den
139 849 9 20 1
168 848 91 21 Januari
281 849 54 20 1883
354 848 33 21 till
407 848 39 21 och
462 848 49 21 med
528 848 41 21 den
585 849 24 20 31
627 847 119 21 December
762 847 70 20 188—

75 882 34 21 för
132 883 72 26 tobak,
229 889 45 15 som
294 883 72 20 blifvit
384 883 33 20 till
437 883 92 21 Finland
548 882 77 26 införd,
642 882 98 26 erläggas
757 881 74 21 bevill-

74 917 129 26 ningsafgift
218 917 33 21 till
267 917 162 22 nedanstäende
445 918 86 26 belopp,
547 917 117 26 nämligen:

359 987 102 22 Oarbetad
477 987 72 21 tobak:

75 1029 32 19 1:o
122 1027 48 21 från
186 1027 118 27 Ryssland:

130 1062 24 25 a)
171 1062 51 21 blad
233 1063 49 20 med
292 1062 53 21 eller
355 1064 53 19 utan
419 1061 66 27 stjelk
495 1061 34 21 för
543 1061 87 54 MN
660 1062 12 19 3
683 1060 62 21 mark
756 1071 28 4 —
794 1059 37 28 pii.

130 1095 22 28 0)
169 1097 65 26 stjelk
250 1097 33 21 för
299 1097 34 20 d:o
365 1111 155 6 .......-
558 1111 67 5 <...
658 1096 9 19 1
707 1111 9 11 5
754 1095 28 20 50
807 1111 10 10 ,

74 1132 33 20 2:0
123 1131 48 20 från
187 1133 66 19 annat
269 1131 59 21 land:

130 1168 26 23 a)
173 1165 50 22 blad
233 1166 49 21 med
293 1166 53 21 eller
356 1168 53 19 utan
420 1165 65 27 stjelk
496 1165 35 21 för
541 1165 87 27 lispund
657 1165 13 20 8
707 1181 9 10 ,
754 1164 27 21 50
807 1179 9 11 ,

130 1199 22 28 0)
170 1200 65 27 stjelk
250 1200 34 21 för
300 1201 34 20 do...
405 1216 7 5 .
429 1214 197 7 onn.
657 1200 13 19 4
707 1215 9 10 ,»
754 1199 28 20 50
807 1214 10 10 ,

130 1234 65 21 Anm.
218 1235 43 21 För
277 1234 137 21 tobaksaffall
430 1235 101 26 erlägges
547 1240 82 15 samma

74 1269 193 27 bevillningsafgift
283 1276 45 15 som
344 1269 34 22 för
394 1269 137 21 tobaksblad.

368 1333 86 21 Arbetad
471 1332 69 27 tobak,

73 1385 51 15 vare
140 1379 33 26 sig
189 1379 48 20 frän
252 1379 108 27 Ryssland
376 1379 53 21 eller
445 1381 68 19 annat
528 1379 59 21 land:

130 1415 26 23 a)
175 1413 114 26 röktobak,
310 1413 83 21 karvad
412 1413 53 21 eller
481 1419 98 20 spunnen
595 1414 32 19 to-

178 1448 41 20 bak
239 1449 57 20 samt
314 1447 68 21 tobak
400 1447 8 20 i
428 1448 75 25 ringar
522 1447 53 21 eller
590 1447 37 21 ka-

177 1484 70 19 rotter
262 1482 35 21 för
312 1482 108 27 skålpund.
452 1497 3 5 .
472 1496 153 6 ........
658 1482 9 19 1
707 1497 9 10 »
754 1493 27 2 —
809 1496 9 10 »
