1020 1664
234 122 25 19 12
534 121 34 21 N:o
584 121 35 21 26.

548 190 11 27 8
575 191 33 20 40.

275 224 70 26 Äskar
360 230 70 26 någon
446 230 34 20 vid
496 230 153 27 föredragning
665 230 23 21 af
703 232 31 19 ett
749 230 49 21 utaf
808 230 145 26 Guvernören,

202 264 156 21 länsutskottet
374 264 52 21 eller
443 265 84 21 enskild
547 265 122 27 fullmäktig
688 265 64 20 väckt
766 264 88 28 förslag,
870 266 31 19 att
917 264 37 20 det

202 298 6 21 i
226 299 107 21 anseende
349 299 33 21 till
398 300 32 20 sin
447 300 44 26 vigt
510 300 54 20 eller
583 300 105 21 outredda
708 299 148 21 beskaffenhet
870 300 35 20 må
919 298 33 21 till

202 335 64 19 nästa
290 333 94 27 länsting
407 334 134 27 uppskjutas,
558 334 54 21 skall
629 334 59 21 öfver
704 334 70 20 denna
790 334 93 26 begäran
899 333 54 21 först

201 367 104 21 beslutas.

546 402 12 27 $
574 404 33 20 41.

274 442 43 21 Der
333 443 79 21 ärende
428 444 24 19 är
468 443 22 21 af
505 443 40 21 den
561 443 155 27 beskaffenhet,
732 445 32 19 att
780 443 36 21 det
831 443 84 21 fordrar
926 448 26 15 en

201 478 100 20 närmare
312 477 122 28 utredning,
444 478 36 21 må
490 478 118 27 länstinget
618 478 73 21 kunna
703 478 22 21 åt
735 477 154 22 länsutskottet
900 477 52 21 eller

201 511 59 21 vissa
270 511 46 22 sina
325 512 119 21 ledamöter
452 513 130 20 öfverlemna
592 513 49 20 dess
651 512 156 21 förberedande
816 512 136 27 behandling.

545 588 11 27 $
573 589 32 20 42.

274 627 41 20 För
336 627 73 27 hvarje
432 628 67 27 fråga,
522 634 46 15 som
591 628 33 21 till
648 627 131 27 behandling
804 627 148 27 förekommer,

201 661 56 21 skall
280 661 151 28 ordföranden,
450 663 66 20 sedan
533 663 191 26 öfverläggningen
740 662 116 21 förklarats
872 662 78 27 slutad,

200 695 121 22 framställa
344 697 140 27 proposition,
504 698 24 20 så
544 697 95 27 affattad,
661 699 32 19 att
710 697 40 20 den
766 698 35 19 må
816 697 71 20 kunna
903 697 48 20 med

198 730 24 27 ja
238 731 53 20 eller
306 731 33 27 nej
356 731 108 22 besvaras.
495 731 149 22 Ordföranden
660 731 176 27 tillkännagifver
851 731 100 27 derefter,

200 765 62 27 huru,
279 765 66 27 enligt
361 766 54 21 hans
430 766 143 27 uppfattning,
589 766 94 21 beslutet
699 765 87 27 utfallit,
803 766 38 21 och
856 765 95 22 befäster

201 799 126 28 detsamma,
343 800 38 21 der
392 801 132 26 omröstning
535 801 18 26 ej
565 801 97 26 begäres,
673 801 50 20 med
730 800 121 27 klubbslag.
881 795 70 26 Äskas

200 834 141 27 omröstning,
365 835 55 20 skall
443 835 40 21 den
506 835 129 21 verkställas
651 836 72 26 öppet,
738 837 59 18 utom
812 835 35 20 vid
863 835 33 20 val
911 835 39 20 och

200 868 131 21 tillkommer
348 869 74 21 dervid
437 869 74 28 hvarje
526 870 123 27 fullmäktig
665 876 26 14 en
707 871 52 19 röst.
790 865 43 25 Äro
849 870 6 20 i
870 869 80 27 frågor,

200 909 46 15 som
262 910 75 20 genom
355 904 61 21 enkel
433 904 151 27 röstöfvervigt
599 904 94 27 afgöras,
705 906 99 19 rösterna
812 904 44 21 lika
867 903 83 28 delade,

200 938 57 26 gälle
273 938 41 21 den
329 939 87 26 mening
432 938 144 22 ordföranden
591 939 104 27 biträder,
713 938 72 21 derest
799 938 42 21 han
858 938 66 27 enligt
939 938 11 27 8

200 973 26 20 39
243 978 50 20 eger
309 974 100 24 rösträtt;
426 980 47 14 men
490 980 78 15 annars
584 974 73 26 afgöre
673 973 76 21 lotten.

272 1007 41 21 Vid
335 1008 41 26 val,
400 1014 45 14 som
468 1008 48 21 med
531 1008 72 21 slutna
625 1008 72 21 sedlar
721 1007 135 27 verkställas,
875 1007 76 27 skiljer

199 1041 68 21 lotten
284 1042 92 20 emellan
392 1042 54 28 dem,
464 1049 44 15 som
524 1042 87 22 erhållit
625 1042 46 21 lika
687 1042 97 21 röstetal.

543 1118 11 26 8
570 1118 33 20 43.

271 1157 41 21 För
328 1159 32 19 att
376 1158 70 20 såsom
463 1158 128 26 länstingets
607 1157 71 21 beslut
694 1157 64 27 gälla,
774 1156 107 22 erfordras
892 1156 7 21 i
910 1156 40 21 föl-

195 1191 67 27 jande
278 1194 77 18 ämnen
376 1194 33 18 att
424 1193 36 20 två
475 1192 131 27 tredjedelar
621 1192 24 21 af
659 1192 26 20 de
706 1191 80 27 afgifna
802 1193 98 19 rösterna
915 1197 34 15 om

197 1225 96 21 beslutet
309 1226 33 26 sig
357 1226 95 21 förenat:

269 1261 24 25 a)
309 1260 183 22 underkännande
515 1260 23 22 af
554 1260 129 27 behörighet
699 1263 32 18 att
747 1261 70 20 såsom
833 1260 94 21 ledamot
942 1259 7 21 i

196 1293 121 27 länstinget
331 1296 52 24 taga
398 1294 96 26 inträde;

270 1328 23 26 b)
308 1329 135 26 påläggande
460 1329 22 21 af
496 1329 92 27 afgifter,
605 1335 46 16 som
667 1329 99 21 erfordra
782 1329 123 26 uttaxering
915 1328 35 21 för

196 1362 76 27 längre
288 1363 31 20 tid
335 1365 27 18 än
378 1365 33 19 tre
427 1365 35 24 år;

269 1398 21 26 e;
305 1398 138 26 upptagande
459 1398 22 21 af
490 1398 42 27 län,
544 1398 67 21 stäldt
621 1399 28 25 pä
659 1398 75 26 längre
746 1397 204 26 äterbetalningstid

194 1433 28 19 än
238 1433 34 19 tre
288 1433 33 24 är;
