1025 1664
252 152 25 19 14

436 151 30 22 U:
474 151 39 22 Bi
560 151 79 28 Prop.
653 151 102 22 N:o:21.:

415 214 71 20 Redan
510 215 114 25 berättigad
646 214 117 21 tillverkare
779 215 26 24 af
815 215 110 24 maltdryek
940 217 25 18 är

341 249 75 24 jemväl
437 249 77 25 skyldig
537 249 33 20 till
586 249 64 20 sådan
666 249 93 20 anmälan
772 249 65 20 minst
847 249 33 19 två
895 249 71 20 veckor

345 282 60 19 innan
426 282 45 24 han,
495 283 51 24 efter
570 283 33 20 det
620 283 63 20 denna
698 282 117 25 förordning
830 283 55 19 trädt
899 283 8 19 i
919 283 45 25 gäl-

346 316 57 19 lande
421 316 62 25 kraft,
498 317 44 20 med
556 313 117 51 vlöfvande:
680 317 27 24 af
718 317 31 19 sin
763 317 96 24 rättighet
873 317 91 25 vidtager

346 349 49 20 eller
408 350 112 24 förtsätter.

416 389 136 26 Tillverkning
568 395 66 14 "anses
651 363 91 51 förtfavå
755 390 35 20 och
806 390 105 25 bevillning
927 391 36 19 bör

346 423 90 25 erläggas
457 423 53 20 intill
532 423 46 20 dess
598 423 116 20 tillverkare
729 430 30 13 om
773 424 100 20 rörelsens
887 424 74 25 upphö-

346 453 69 24 rande
428 458 75 20 anmält
524 458 40 20 hos
583 457 129 20 Guvernören
733 458 9 19 i
760 454 58 28 längt,
834 458 80 20 hvilken
929 458 35 20 det

346 487 77 30 åligger
443 493 30 19 att
493 498 31 14 om
546 492 65 19 sådan
628 492 93 20 anmälan
735 492 118 20 underrätta
869 492 96 20 vederbö-

345 526 62 19 rande
422 526 110 20 kontrollör
546 526 34 19 och
596 526 163 25 kronobetjening.

557 591 17 28 $
590 595 17 19 6.

417 639 37 20 Vid
476 639 109 20 beredande
604 640 26 24 af
640 639 111 25 maltdryck
764 640 33 19 mä
811 639 42 21 icke
867 640 95 19 maltsur-

345 675 57 23 rogat
415 674 102 19 användas
531 674 9 19 i
552 674 70 20 stället
636 674 34 25 för
683 674 55 19 malt.

549 743 13 24 $
578 729 23 44 7.

414 787 66 25 Egare
495 788 49 20 eller
558 788 132 24 innehafvare
705 787 30 25 af.
745 787 95 26 bryggeri,
852 787 66 24 afsedt
927 787 35 24 för

345 821 126 25 tillverkning
485 821 26 25 af
522 821 136 25 maltdrycker
673 821 33 20 till
715 821 123 25 försäljning,
850 827 48 14 vare
909 821 54 24 skyl-

345 855 34 24 dig
400 857 31 18 att
451 855 10 20 i
481 855 113 26 bryggeriet
610 856 49 19 eller
674 855 117 20 dithörande
807 855 87 25 byggnad
907 861 50 19 upp-

345 889 61 19 ställa
427 889 34 20 och
480 889 88 24 derefter
584 890 9 19 i
606 889 55 20 skick
676 889 57 20 hälla
747 896 23 13 en
783 889 44 20 med
841 889 122 20 automatisk

345 923 124 20 maltmätare
482 923 83 25 försedd
580 930 63 19 gvarn
657 924 50 19 eller
721 923 63 24 kross,
800 929 42 14 som
856 924 51 24 efter
917 923 45 20 der-

344 957 57 24 öfver
421 957 97 20 inlemnad
542 957 122 26 beskrifning
687 957 70 25 blifvit
771 957 25 24 af
807 957 129 20 Guvernören
950 957 9 19 i

345 990 53 21 länet
413 991 96 24 godkänd.
539 991 115 25 Ansökning
667 991 71 20 härom
752 991 36 20 bör
803 991 52 20 inom
869 991 34 19 två
917 997 41 13 vec-

345 1024 37 20 kor
396 1025 51 24 efter
464 1025 45 19 dess
528 1025 121 20 inlemmande
664 1025 26 24 af
703 1025 104 20 Guvernör
821 1025 31 20 till
863 1025 98 24 pröfning

345 1059 104 24 upptagas.

414 1092 57 23 Malt,
493 1098 42 14 som
554 1093 32 19 till
602 1093 61 24 brygd
678 1092 54 20 skall
747 1092 107 24 användas,
869 1092 34 20 må
917 1092 43 20 icke

345 1125 128 21 annorstädes
487 1126 79 21 skrotas
582 1127 25 19 än
621 1127 10 19 i
645 1126 122 25 bryggeriets
782 1132 50 22 egen,
843 1126 44 20 med
897 1126 64 20 sådan

344 1159 125 21 maltmätare
483 1160 97 24 försedda
594 1167 64 19 gvarn
672 1160 55 20 eller.
736 1160 67 22 -kross.

411 1199 32 20 På
467 1199 91 20 Senatens
582 1199 250 25 Ekonomiedepartement.
849 1200 112 19 ankommer

343 1233 31 19 att
389 1233 83 24 utfärda
485 1233 73 26 nödiga
571 1233 133 25 föreskrifter
719 1233 86 20 rörande
819 1233 139 24 handhafvan-

343 1266 33 20 det
397 1267 26 24 af
441 1267 81 26 behörig
541 1268 87 19 kontroll
642 1268 34 24 för
691 1267 77 20 sådana
783 1267 133 25 tilläfventyrs
931 1267 29 20 in-

343 1300 98 25 träffande
461 1301 45 24 fall,
531 1303 31 18 att
585 1301 37 20 den
646 1301 39 20 här
695 1301 65 24 ofvan
773 1301 125 24 föreskrifna
911 1302 49 18 mät-

342 1334 145 25 ningsapparat
508 1335 110 25 bevisligen
633 1335 42 20 icke
691 1335 70 20 hunnit
775 1335 33 20 till
823 1335 92 25 bryggeri
928 1341 34 13 an-

342 1368 77 25 skaffas
439 1369 45 24 före
505 1369 37 20 den
566 1369 38 24 tid,
618 1369 27 20 dä
660 1369 64 20 denna
738 1369 117 25 förordning
870 1369 69 19 träder
953 1369 10 19 i

341 1401 93 26 gällande
455 1403 62 24 kraft,
540 1403 50 20 eller
610 1404 31 19 att
654 1404 111 24 apparaten
779 1403 36 19 vid
830 1402 132 26 begagnandet

335 1436 60 25 "tagit
414 1436 69 25 skada,
505 1437 129 24 hvarigenom
655 1437 113 20 densamma
785 1437 64 25 gjorts
862 1436 99 32 oanvänd-

343 1470 44 20 var.

286 1508 199 23 Bevillningsutskottets
497 1509 105 18 betänkande
614 1509 36 18 N:o
662 1509 17 18 3.
