1031 1667
217 120 24 20 18
521 120 34 21 N:o
571 120 31 21 18.

187 191 61 19 anter
271 189 33 21 till
327 192 32 18 ett
381 190 57 21 antal
458 189 153 21 motsvarande
630 189 67 21 minst
711 185 82 22 hälften
809 184 22 21 af
845 184 94 20 ledamö-

187 225 80 19 ternas.

260 258 28 21 Så
307 260 60 19 snart
386 259 34 20 val
440 258 123 27 försiggått,
580 258 39 20 bör
635 257 167 21 valförrättaren
818 253 122 26 ofördröjli-

187 298 41 20 gen
246 293 85 20 anmäla
351 299 32 15 om
401 293 109 27 utgången
530 292 62 21 deraf
605 292 39 20 hos
665 291 146 23 Guvernören,
829 294 45 14 som
890 293 50 20 eger

187 326 103 22 förordna
313 333 25 14 en
361 327 22 21 af
404 328 26 20 de
448 327 92 21 utsedde
561 327 146 20 ledamöterne
723 326 33 18 att
772 323 35 21 vid
823 322 117 21 nämndens

188 362 172 20 sammanträden
376 362 46 20 föra
438 362 68 25 ordet,
521 362 66 26 jemte
603 361 115 26 suppleant
734 358 33 21 för
783 358 84 20 hunom.

259 396 42 20 Vid
317 396 219 27 bevillningsnämnds
553 395 159 21 sammanträde
723 392 56 22 skall
790 390 151 22 Häradsskrif-

187 436 66 15 varen
269 431 52 20 eller
338 431 46 26 den,
395 431 139 21 Guvernören
550 431 6 20 i
573 431 53 20 hans
642 429 63 22 ställe
717 427 121 25 förordnar,
850 427 92 19 närvara

187 465 34 21 för
245 467 32 19 att
300 465 70 21 lemna
389 466 79 26 nödiga
487 465 155 27 upplysningar
659 465 56 20 samt
730 461 123 22 handhafva
869 462 72 25 proto-

188 499 157 27 kollsföringen
361 501 38 20 och
416 499 156 28 upprättandet
587 499 23 21 af
624 496 233 27 bevillningslängden.

260 534 43 21 För
315 536 32 19 att
356 535 35 20 vid
402 535 158 26 förrättningen
570 534 83 21 bevaka
664 533 95 21 kronans
772 532 49 24 rätt,
830 529 113 22 förordnar

189 567 142 23 Guvernören
346 569 104 21 särskildt
465 569 154 21 kronoombud.

534 644 12 27 8
562 645 33 19 42.

261 689 31 22 På
307 690 161 21 vederbörande
483 690 101 21 kommun
600 690 125 20 ankommer
741 687 126 24 bestämma,
881 685 65 20 huru-

188 724 51 21 vida
261 724 40 21 och
324 725 33 20 till
379 725 83 21 hvilket
484 725 77 26 belopp
581 724 122 25 ersättning
723 721 132 21 tillkommer
872 719 74 20 bevill-

188 759 156 26 ningsnämnds
367 759 129 22 ordförande
516 760 39 20 och
575 759 125 24 ledamöter,
722 755 87 22 hvilken
825 753 121 26 ersättning

189 793 65 26 utgår
276 793 23 21 af
320 793 141 22 kommunens
484 795 75 20 medel.
598 791 181 23 Kronoombudet
801 796 56 19 eger,
874 789 73 20 derest

189 828 43 20 han
248 827 47 22 icke
310 829 25 20 är
353 829 74 21 bosatt
445 829 7 21 i
472 835 81 14 samma
569 829 47 20 stad
633 829 52 20 eller
701 826 30 27 på
747 824 73 22 landet
835 823 60 21 invid
911 822 36 20 det

191 863 70 26 ställe,
277 862 38 21 der
331 863 235 27 bevillningsnämnden
582 860 180 25 sammanträder,
774 859 85 26 åtnjuta
869 858 78 19 ersätt-

191 897 52 26 ning
258 897 34 20 för
303 897 142 22 resekostnad
456 898 40 21 och
514 897 111 21 underhåll
642 897 34 20 till
695 900 84 15 samma
797 893 85 26 belopp,
902 897 45 14 som

191 931 27 20 de
234 931 33 21 till
285 931 77 26 sjunde
379 931 87 22 klassen
484 932 8 21 i
512 932 191 26 reseregiementet
723 928 24 21 af
764 928 41 20 den
824 927 12 20 6
858 926 90 20 Decem-

191 965 38 21 ber
247 966 54 20 1875
317 965 105 22 hänförde
436 973 110 20 personer,
562 966 91 21 såframt
667 965 45 21 han
728 963 47 20 icke
792 962 6 20 i
814 961 53 26 följd
883 959 22 22 af
916 959 33 21 sin

190 1000 68 26 tjenst
281 1001 24 19 är
327 999 124 28 berättigad
473 1001 32 20 till
529 1000 69 27 skjuts
621 999 40 22 och
681 995 159 28 dagunderhäll
859 995 7 20 i
882 994 67 26 högre

191 1034 66 21 klass.
289 1034 209 22 Häradsskrifvaren
520 1035 95 26 åtnjuter
637 1032 109 23 likaledes
770 1029 121 26 ersättning
915 1027 35 21 för

191 1068 72 27 skjuts
279 1068 39 21 och
334 1069 188 26 dagtraktamente
537 1069 67 26 enligt
619 1067 96 22 nämnda
731 1065 138 26 reglemente.

538 1143 12 28 8
565 1144 33 20 43.

264 1190 82 21 Valbar
361 1191 34 20 till
411 1191 95 21 ledamot
520 1190 7 21 i
542 1186 215 29 bevillningsnämnd
773 1187 24 19 är
814 1183 75 26 hvarje
909 1182 43 21 väl-

191 1225 84 26 frejdad
295 1231 86 20 person,
402 1231 46 15 som
466 1227 24 19 är
510 1224 122 27 berättigad
650 1225 34 19 att
700 1222 9 21 i
725 1221 59 21 valet
799 1219 96 26 deltaga;
913 1217 40 21 och

193 1258 39 21 bör
255 1260 35 20 vid
313 1260 59 20 valet
396 1260 108 26 iakttagas
523 1261 39 24 att,
582 1258 24 22 sä
620 1258 47 22 vidt
682 1256 90 26 möjligt
787 1256 30 24 är,
834 1253 18 27 ej
868 1251 85 22 mindre

193 1292 262 28 fastighetsinneliafvare,
471 1296 27 19 än
513 1293 164 27 näringsidkare
689 1290 44 22 och
744 1290 112 25 löntagare
867 1287 86 21 komma

194 1328 33 19 att
243 1327 6 19 i
264 1328 239 25 bevillningsnämnden
519 1328 95 26 inväljas.

265 1361 30 21 På
311 1362 36 21 det
363 1362 247 27 bevillningspämndens
625 1361 126 21 ledamöter
767 1358 34 20 mä
817 1362 40 20 ega
867 1354 87 22 tillfälle

191 1398 34 17 att
243 1394 92 23 inhemta
351 1398 67 24 nödig
432 1396 119 22 kännedom
568 1402 34 16 om
618 1396 47 21 sina
682 1392 140 28 åligganden,
834 1391 40 20 bör
885 1388 69 22 erfor-

191 1429 82 26 derligt
296 1431 55 21 anta]
375 1431 111 27 exemplar
503 1430 23 22 af
542 1430 70 22 denna
626 1428 133 25 förordning
775 1423 177 23 tillhandahållas
