1023 1661
290 110 23 25 U.
328 110 26 23 Bi
367 121 31 6 —
414 111 62 28 Prop.
494 110 37 23 N.o
547 110 39 25 26,
763 110 27 21 23

197 168 53 23 från
265 167 97 22 hemman
378 167 48 22 eller
438 167 124 29 fastigheter
577 169 56 26 utgå,
650 167 46 22 eller
707 167 8 20 i
726 167 96 28 afseende

196 203 16 19 å
235 201 70 22 hvilka
323 202 72 21 andra
408 203 98 26 grunder
517 202 40 29 för
573 202 152 21 kostnadernas
741 205 81 17 uttaxe-

197 236 51 28 ring
271 239 38 18 äro
329 237 109 25 bestämde,
457 236 70 22 ställer
542 236 110 28 länstinget
667 237 30 27 sig
712 234 31 23 till
759 235 61 29 efter-

197 270 89 26 rättelse,
302 270 56 22 hvad
372 272 9 19 i
398 275 20 24 ty
428 271 44 29 fall
488 271 98 28 stadgadt
602 274 32 18 är.

270 304 15 21 I
298 305 68 28 öfrigt
381 305 102 21 bestridas
497 306 122 27 utgifterna,
630 306 24 20 så
666 305 45 21 vidt
721 304 100 22 särskildt

198 340 36 26 för
256 339 122 29 länstingets
402 339 64 29 behof
487 339 70 22 dertill
579 339 104 28 anslagna
699 339 65 21 medel
779 338 43 22 icke

193 373 77 30 förslå,
288 374 25 28 af
319 374 157 28 kommunerna,
494 376 7 19 i
508 374 134 26 förhållande
654 373 31 21 till
698 374 58 21 deras
765 373 56 29 folk-

199 408 81 27 mängd
303 408 61 28 enligt
387 412 79 17 senaste
488 408 165 28 mantalslängd.
686 407 61 22 Inom
763 408 59 20 kom-

200 450 104 14 munerna
329 443 45 21 sker
400 443 78 26 härför
502 444 64 26 nödig
585 443 121 27 uttaxering
721 442 61 28 enligt
797 442 25 22 de

198 478 100 27 grunder,
314 485 43 13 som
367 478 35 26 för
412 477 219 27 kommunaltaxering
643 480 38 18 äro
689 476 131 29 fastställda.

272 511 86 28 Bidrag
374 511 32 21 till
419 512 122 21 bekostande
557 513 22 26 af
596 512 65 21 helso-
677 511 34 21 och
721 511 102 28 sjukvård

202 547 34 19 mä
252 546 57 27 dock,
325 554 33 13 om
374 546 110 27 länstinget
493 547 74 28 finner
583 546 110 27 anledning
710 545 68 22 dertill
792 546 31 25 fö-

200 583 112 22 rekomma,
331 581 184 28 sammanbringas
529 588 74 21 genom
617 580 105 29 personlig
736 580 86 21 beskatt-

202 615 59 28 ning,
286 615 127 28 upp:dende
424 615 39 28 för
478 617 26 18 är
521 615 30 21 till
565 615 56 28 högst
637 615 58 28 tjugu
707 615 68 28 penni
786 615 36 26 för

202 656 49 15 man
274 649 37 21 och
336 650 26 20 tio
375 650 68 28 penni
456 650 36 26 för
507 650 84 28 qvinna,
607 649 68 21 hvilka
690 649 77 28 bidrag
779 650 43 28 på-

200 685 58 24 föras
273 684 73 28 hvarje
361 683 213 30 mantalspenningar
590 683 112 22 betalande
716 691 84 20 person.

481 741 16 28 $
512 741 37 26 45,

273 775 60 22 Lika
348 775 53 22 med
416 777 13 26 $
445 776 27 21 49
488 775 9 22 i
512 775 182 30 propositionen.

478 833 16 28 $
509 833 37 21 46.

276 866 40 21 Vid
332 866 119 29 länstingets
466 868 76 28 början
557 867 54 22 läter
627 867 148 29 ordföranden
787 867 37 28 för

203 902 118 20 detsamma
336 901 120 29 framlägga
474 910 24 13 en
514 902 28 29 af
555 902 136 21 kamreraren
707 901 35 22 och
757 901 67 21 sekre-

204 940 83 17 teraren
310 936 117 28 upprättad
441 936 114 28 beräkning
571 937 57 25 öfver
643 936 58 21 såväl
720 936 24 21 de
759 935 65 29 utgif-

202 974 35 21 ter,
264 969 75 26 hvilka,
358 972 31 27 pä
404 971 72 27 grund
492 971 29 27 af
532 971 128 28 föregäende
674 970 102 28 länstings
790 970 35 20 be-

202 1004 46 26 slut,
264 1004 57 22 skola
338 1005 66 21 under
420 1006 34 20 det
469 1005 144 29 nästföljande
628 1008 46 18 äret
685 1008 22 22 af
717 1004 108 28 länstings-

203 1040 75 21 kassan
300 1039 107 25 bestridas,
430 1048 44 13 som
497 1041 41 20 den
553 1040 124 28 behållning,
692 1039 81 22 hvilken
790 1039 36 20 vid

204 1076 54 20 årets
273 1073 40 22 slut
329 1075 40 20 kan
387 1082 51 13 vara
456 1078 31 17 att
499 1075 107 28 päräkna,
622 1075 34 21 och
675 1075 151 23 deinkomster,

204 1108 67 22 hvilka
297 1108 64 28 enligt
382 1109 130 28 föregäende
536 1109 105 28 länstings
655 1108 62 22 beslut
733 1108 50 22 eller
796 1108 30 28 pä

203 1151 72 13 annan
297 1144 73 27 grund
394 1143 50 21 böra
470 1144 69 21 under
557 1144 33 21 det
607 1147 47 17 näst
667 1143 100 28 följande
783 1143 44 20 året

204 1177 80 29 inflyta.

483 1209 17 23 $
514 1206 35 21 47.

274 1240 50 22 Med
339 1241 87 29 ledning
442 1242 26 28 af
480 1242 69 20 denna
563 1241 115 27 beräkning
693 1240 38 21 och
741 1240 87 20 länstin-

203 1278 44 25 gets
257 1276 89 28 fattade
361 1276 73 27 beslut,
449 1276 52 20 skall
518 1276 69 26 tinget,
603 1276 68 20 innan
683 1276 34 20 det
728 1273 99 28 ätskiljes,

204 1311 104 27 upprätta
330 1310 132 28 fullständig
488 1310 81 28 utgifts-
593 1310 38 21 och
651 1310 129 20 inkomsistat
793 1309 35 26 för

204 1344 34 21 det
262 1344 141 29 nästföljande
426 1346 51 23 året,
504 1345 113 20 utvisande
641 1345 12 19 ä
669 1351 39 13 ena
723 1344 64 20 sidan
804 1343 26 21 de

204 1378 106 21 särskilda
326 1379 175 28 utgiftsposterna
517 1378 38 21 och
571 1380 12 19 &
599 1379 41 20 den
659 1378 71 21 andra
747 1378 27 20 de
790 1376 40 21 till-

204 1413 82 27 gängar
301 1413 36 20 och
352 1413 120 24 inkomster,
488 1413 68 21 hvilka
572 1416 40 17 äro
624 1416 29 17 att
661 1411 102 30 päräkna
774 1414 55 17 samt

205 1447 32 20 det
253 1446 79 29 belopp,
349 1455 43 13 som
408 1447 51 21 skall
475 1451 116 18 uttaxeras.

136 1487 140 18 Sammansatta
288 1487 52 22 Lag-
353 1486 33 19 och
398 1487 192 18 Ekonomiutskottets
603 1486 118 18 betänkande
734 1489 30 15 n:o
778 1485 17 18 8.
