1025 1667
227 136 14 20 4
531 137 34 21 N:o
582 137 35 21 24.

201 204 74 22 dertill
290 205 96 21 hörande
402 206 140 27 reservation,
558 212 29 14 nu
603 206 84 21 lemnar
698 205 121 21 Ständerna
827 204 86 22 tillfälle
924 205 33 20 att

199 239 86 21 besluta
301 246 33 14 om
348 240 175 27 jernvägsnätets
538 241 75 21 vidare
628 240 154 26 utsträckning
797 240 7 20 i
819 240 81 26 landet,
915 239 42 21 har

199 273 60 22 Hans
275 274 122 27 Kejserliga
412 275 103 27 Majestät
530 275 59 21 velat
604 275 90 21 föreslå:

271 310 33 19 att
319 309 41 21 den
375 310 151 26 projekterade
540 310 118 26 jernvägen
674 309 50 21 från
734 308 131 22 Davidstads
874 308 80 21 station

199 342 33 21 till
256 342 31 22 S:t
303 342 78 22 Michel
396 343 76 21 främst
491 344 68 20 måtte
579 344 82 26 byggas
680 344 41 20 och
737 343 103 21 arbetena
856 344 13 20 å
885 343 69 20 denna

199 376 56 22 bana
270 377 101 27 påbörjas
387 378 54 21 efter
457 378 132 21 afslutandet
605 378 23 21 af
642 377 312 22 Tammerfors—Nikolaistad

197 411 209 28 jernvägsbyggnad,
422 412 7 21 i
446 413 40 21 den
501 414 50 20 mån
568 413 78 21 sådant
661 412 117 27 lämpligen
795 412 43 21 kan
854 412 49 25 ske;

271 448 32 19 att
318 447 35 20 vid
369 447 164 27 ifrågavarande
547 447 206 28 jernvägsbyggnad
768 447 67 21 måtte
844 446 108 26 tillämpas

199 486 82 15 samma
304 481 199 29 byggnadssystem,
527 489 46 14 som
595 482 71 21 blifvit
689 481 35 22 till
743 481 140 27 iakttagande
899 480 56 21 före-

199 515 90 21 skrifvet
312 515 33 21 för
366 516 261 27 jernvägsanläggningen
650 516 82 21 mellan
753 515 144 22 Tammerfors
913 515 39 21 och

198 549 137 22 Nikolaistad
341 557 4 19 ;

271 586 32 19 att
319 585 121 21 Ständerna
462 587 67 19 mätte
552 585 34 21 för
602 585 40 21 den
659 591 31 15 nu
705 585 123 26 föreslagna
842 585 111 26 jernvägs-

199 618 127 27 byggnaden
342 619 74 22 anvisa
432 621 27 20 de
474 620 121 27 disponibla
615 620 182 26 behällningarna
812 619 7 21 i
834 619 119 21 kommuni-

199 653 165 22 kationsfonden
387 655 68 21 under
477 655 174 27 byggnadstiden
674 656 58 19 samt
750 655 110 20 dessutom
880 654 73 21 ikläda

198 688 33 27 sig
247 689 85 26 garanti
348 689 33 21 för
397 691 31 19 ett
443 690 92 21 statslän
551 690 24 21 af
588 690 100 26 omkring
704 690 113 26 5,000,000
827 689 68 27 mark,
907 695 46 14 som

197 722 69 21 blefve
282 723 76 27 nödigt
374 726 32 18 att
421 724 33 21 för
470 724 125 21 ändamälet
609 726 105 25 upptaga,
730 726 56 19 samt

269 759 32 19 att
317 757 127 28 Ständerna,
468 759 6 20 i
497 759 104 20 händelse
617 759 25 20 de
658 759 71 20 önska
744 758 74 21 vidare
833 757 118 22 undersök-

197 791 76 27 ningar
296 792 33 21 för
350 793 175 26 jernvägsnätets
541 793 159 27 utsträckning,
716 793 68 20 mätte
801 793 72 20 dertill
889 792 62 21 anslä

196 826 79 27 nödiga
298 827 76 27 medel,
398 827 7 21 i
420 827 82 22 hvilket
517 827 102 22 afseende
634 827 62 21 Hans
712 827 123 27 Kejserliga
850 827 102 27 Majestät

196 861 58 20 velat
269 861 105 27 meddela,
391 864 32 19 att
438 862 24 21 af
475 863 41 20 den
532 862 49 21 utaf
595 862 130 27 Ständerna,
742 861 32 21 för
786 861 133 22 bekostande
931 861 24 21 af

196 895 158 21 ofvannämnda
369 896 140 21 kommission
525 897 110 20 äfvensom
653 896 23 21 af
690 896 168 21 instrumentala
873 896 78 21 under-

196 929 124 28 sökningar,
337 931 104 26 anslagna
457 937 82 15 summa
555 931 23 21 af
593 932 90 27 160,000
700 931 69 27 mark,
784 931 34 20 för
829 930 124 21 ändamälet

196 965 106 20 användts
319 965 99 26 omkring
434 967 77 26 60,000
527 966 68 21 mark.

267 999 32 20 De
314 999 34 21 till
372 1000 89 21 ärendet
482 1000 96 21 hörande
600 1001 81 26 kartor,
702 1000 114 26 ritningar,
837 999 115 21 kostnads-

195 1032 82 27 förslag
293 1033 39 21 och
348 1033 69 27 öfriga
432 1034 130 27 handlingar
578 1035 61 20 skola
655 1034 145 21 öfverlemnas
815 1034 34 20 till
866 1034 36 21 det
917 1036 35 18 ut-

195 1067 66 28 skott,
277 1068 33 21 till
326 1068 82 21 hvilket
424 1069 89 21 ärendet
529 1069 6 20 i
551 1069 102 21 afseende
665 1070 12 19 &
689 1068 158 21 förberedande
856 1068 96 21 behand-

195 1102 45 27 ling
256 1103 77 21 varder
350 1103 22 21 af
387 1103 120 22 Ständerna
523 1104 132 27 hänskjutet.

469 1156 73 27 Enligt
561 1156 60 21 Hans
641 1156 122 27 Kejserliga
782 1155 115 27 Majestäts
913 1155 38 21 nä-

400 1189 50 27 diga
480 1190 125 27 befallning,
633 1190 74 27 gifven
734 1190 6 21 i
768 1189 119 22 Gatschina
909 1190 40 21 den

416 1247 8 13 3
434 1247 91 14 December

408 1223 17 13 21
435 1223 101 22 November
554 1220 60 35 1881.

437 1294 36 16 T.
492 1293 174 19 BRUUN.

629 1346 34 22 Ch.
680 1346 42 21 Em.
738 1346 22 21 af
776 1345 115 22 Frosterus.

325 1460 124 22 Helsingfors,
462 1460 12 18 å
485 1460 106 24 Kejserliga
603 1461 92 18 Senatens
708 1460 88 24 tryckeri,
811 1461 50 17 1881.
