1028 1664
216 124 27 19 40
418 123 25 22 U.
459 122 23 23 B.
498 135 28 3 —
541 123 66 29 Prop.
622 123 39 22 N:o
678 121 35 24 24.

188 188 122 22 Davidstad
325 189 70 22 banan
411 188 111 29 befintliga
537 189 147 22 trafikcentra.
703 189 51 22 Men
764 189 134 22 beträffande
909 190 42 21 den

189 223 34 22 del
239 223 23 22 af
275 223 150 23 lokaltrafiken
442 230 45 16 som
505 224 39 27 gär
558 224 47 22 frän
621 224 216 23 mellanstationerna
852 225 32 21 till
898 225 52 22 änd-

188 258 123 27 punkterna
333 259 41 22 och
396 260 92 21 tvertom
511 261 58 20 samt
586 259 33 22 till
638 259 108 22 stationer
761 261 60 21 utom
836 259 114 27 bandelen,

188 293 42 22 kan
254 292 38 22 det
313 293 58 22 hvad
389 299 47 16 som
455 295 61 26 sagts
537 299 34 16 om
592 293 113 28 Uleäborg
723 293 40 22 och
778 293 84 28 Kuopio
879 294 71 21 säsom

189 328 138 28 ändpunkter
345 329 108 28 tillämpas
473 329 29 28 pä
520 329 27 22 de
561 329 58 22 bäda
634 329 109 22 banornas
759 329 191 22 mellanstationer.

188 363 33 22 De
241 363 172 22 österbottniska
428 364 102 21 städerna
545 365 115 26 exportera
676 363 41 23 och
732 364 118 27 importera
864 363 87 28 mycket

189 397 102 28 sjöledes,
313 398 40 21 och
371 398 86 22 komma
471 404 97 21 varorna,
584 404 34 16 om
634 399 27 21 de
677 398 41 22 alls
734 399 77 21 beröra
824 398 126 27 jernvägen,

189 433 7 21 i
211 432 76 27 hvarje
303 432 104 23 händelse
422 434 33 20 att
470 433 77 22 endast
562 439 27 16 en
605 433 57 27 gäng
677 439 91 21 passera
780 433 130 26 densamma,
922 433 28 21 dä

190 467 27 22 de
237 467 63 22 skola
319 467 84 28 spridas
419 467 32 22 till
466 467 157 27 landsorterna,
640 467 114 22 hvaremot
770 467 27 22 de
813 469 69 20 större
898 467 52 22 mel-

189 501 136 28 lanliggande
345 502 197 27 trafikpunkternas
561 503 28 26 pä
609 503 86 27 Kuopio
715 503 72 21 banan
802 502 56 22 både
874 504 79 25 export

190 536 41 23 och
245 537 80 27 import
345 537 51 22 sker
409 537 7 21 i
430 537 129 28 jernvägens
579 537 102 28 riktning,
702 537 41 22 och
761 537 85 22 således
862 543 26 16 en
904 539 48 20 stor

191 571 35 22 del
243 571 62 22 deraf
317 571 97 22 kommer
429 573 32 20 att
475 572 37 21 tvä
527 572 82 27 gänger
623 572 102 27 begagna
737 572 125 27 jernvägen,
881 571 71 23 första

190 606 85 27 gängen
291 606 28 21 dä
333 612 92 16 varorna
439 606 84 22 hemtas
539 606 40 22 hos
595 606 158 22 trafikanterna
769 607 40 22 och
820 606 67 22 andra
898 606 52 27 gän-

190 647 41 21 gen
248 640 28 21 dä
291 640 28 22 de
333 641 85 27 spridas
434 641 33 22 till
481 641 189 22 konsumenterna.
690 641 35 22 Då
739 641 73 22 härtill
827 641 75 28 lägges
917 643 33 20 att

189 675 86 27 Kuopio
293 675 71 22 banan
381 675 102 28 antingen
499 676 84 22 direkte
599 676 64 22 berör
679 676 54 22 eller
747 681 77 22 genom
839 676 63 22 korta
917 677 33 21 bi-

189 709 69 22 banor
277 710 42 21 kan
339 711 69 21 sättas
428 711 7 21 i
453 710 131 23 förbindelse
600 711 49 22 med
664 711 136 22 vidsträckta
815 711 135 27 vattendrag,

190 745 62 21 torde
268 745 38 22 det
320 745 71 22 måsta
406 747 91 26 antagas
513 747 33 20 att
560 745 166 22 hufvudbanans
742 745 152 22 trafikområde
909 745 42 22 blir

192 779 92 26 bredare
304 781 27 20 än
347 779 13 22 å
375 779 41 22 den
433 780 176 27 österbottniska,
626 780 32 21 till
674 780 87 21 hvilken
777 786 26 16 en
819 782 45 19 stor
880 780 34 21 del
929 779 24 22 af

190 813 41 22 den
255 813 70 26 trafik,
346 820 46 15 som
412 814 96 22 kommer
528 816 33 20 att
580 816 50 21 röra
648 815 34 26 sig
702 821 40 20 per
755 815 89 27 jernväg
859 813 92 23 tillföres

191 848 78 22 endast
283 847 127 23 förmedelst
418 849 157 27 landsvägarna
585 849 62 28 längs
659 849 127 22 elfdalarna.
803 849 77 22 Såsom
890 849 61 21 kom-

190 883 207 22 munikationsleder
410 883 73 22 kunna
499 883 64 22 dessa
579 890 77 15 senare
672 884 49 21 icke
737 883 119 26 betraktas,
868 883 28 22 då
904 885 46 20 vat-

190 917 156 28 tentillgången
361 918 7 21 i
384 918 110 22 desamma
513 921 23 19 är
556 919 26 21 så
601 918 136 27 varierande,
758 920 33 20 att
810 918 26 21 de
853 918 97 21 vårtiden

190 951 156 23 öfversvämma
361 953 40 22 och
416 953 79 22 endast
510 959 26 16 en
551 953 51 22 kort
617 953 32 22 tid
664 953 75 22 kunna
755 953 109 27 begagnas
878 953 72 21 såsom

189 986 106 27 flötleder,
311 993 48 16 men
375 987 67 22 sedan
457 987 57 28 ligga
527 987 159 28 jemförelsevis
703 990 66 19 torra.

258 1021 44 22 Det
321 1022 113 22 anmärkta
452 1021 146 23 förhällandet
615 1021 137 23 beträffande
768 1022 84 27 Kuopio
868 1022 83 21 banans

189 1056 159 27 trafikomräde,
364 1057 40 21 har
418 1057 91 27 tidigare
525 1057 108 28 uttryckts
650 1057 101 26 sålunda,
768 1059 33 19 att
816 1057 27 21 de
858 1056 37 27 tal,
904 1062 47 15 som

189 1091 62 21 skola
267 1091 72 22 utvisa
354 1091 42 22 den
411 1091 112 22 sannolika
535 1091 120 22 relationen
666 1091 80 22 mellan
757 1091 70 22 skilda
836 1091 115 22 bandelars

189 1125 127 22 emotsedda
335 1125 71 27 trafik,
425 1126 86 21 komma
528 1128 33 19 att
578 1126 34 22 för
632 1126 73 22 denna
721 1126 57 21 bana
793 1125 64 22 blifva
872 1127 78 25 större,

189 1162 27 19 än
231 1160 42 22 den
290 1160 64 22 enkla
369 1160 185 27 zonberäkningen
570 1167 39 20 ger
624 1160 35 22 vid
675 1160 94 22 handen.

257 1195 34 21 Dä
314 1195 38 22 det
373 1195 74 22 vidare
469 1197 24 20 är
508 1195 75 28 troligt
602 1197 34 20 att
655 1201 107 21 personer
780 1195 41 22 och
836 1195 37 21 det
888 1195 63 26 gods,

189 1235 46 16 som
250 1229 145 22 härstammar
409 1229 47 22 från
472 1229 120 28 aflägsnare
604 1230 92 27 trakter,
707 1230 8 21 i
725 1229 118 22 allmänhet
853 1229 99 27 begagna

188 1263 33 27 sig
240 1263 23 22 af
276 1264 119 27 jernvägen
410 1264 29 27 på
454 1265 74 26 längre
543 1265 107 26 sträckor,
666 1267 29 19 än
712 1264 27 22 de
755 1270 47 16 som
817 1263 135 22 härstamma

187 1297 47 22 från
255 1297 83 23 banans
357 1299 85 26 närhet,
461 1299 43 22 kan
519 1299 62 22 detta
596 1299 36 21 vid
647 1299 27 21 de
691 1299 75 26 banor,
783 1304 46 16 som
844 1300 38 19 äro
899 1303 52 22 gyn-

188 1338 83 16 samma
287 1332 35 23 för
341 1339 26 16 en
391 1333 68 22 sådan
482 1333 121 28 aflägsnare
618 1333 73 26 trafik,
708 1333 7 21 i
729 1333 108 26 väsentlig
852 1332 53 27 grad
920 1331 32 22 in-

184 1367 71 22 verka
274 1367 29 27 på
323 1367 27 22 de
369 1367 72 22 skilda
455 1373 105 16 zonernas
576 1367 116 28 betydelse
708 1366 33 23 för
756 1365 92 23 trafiken
864 1365 40 22 och
919 1366 33 21 in-

187 1401 100 22 komsten
309 1401 66 22 deraf.
405 1402 46 21 Allt
470 1408 63 22 synes
549 1402 86 21 således
651 1401 75 22 utvisa
741 1403 34 20 att
790 1407 83 16 summa
888 1399 64 22 trafik

256 1441 192 23 Jernvägsutskottets
461 1441 116 19 betänkande
589 1441 36 18 N:o
637 1442 17 17 4.
