1034 1667
226 109 14 20 4
535 110 35 21 N:o
588 110 33 21 18.

269 178 43 20 För
325 178 227 27 jordbruksfastighet
563 180 23 19 är
598 178 220 26 bevillningsafgiften
830 178 42 21 fem
883 178 72 27 penni,

197 212 33 20 för
254 212 27 21 all
302 219 71 14 annan
393 213 104 26 fastighet
516 213 25 21 så
556 213 28 27 på
600 214 73 20 landet
689 219 45 15 som
751 213 7 20 i
774 213 48 20 stad
839 219 36 15 sex
892 213 63 27 penni

198 246 12 21 å
226 247 73 26 hvarje
316 247 84 21 hundra
416 248 61 20 mark
493 248 23 20 af
532 248 143 26 egendomens
692 248 145 26 uppskattade
854 248 71 20 värde.

555 311 11 27 $
584 312 18 19 2.

270 350 122 27 Bevillning
408 350 34 21 för
461 350 105 27 fastighet
581 351 99 26 erlägges
696 350 23 21 af
733 350 142 26 fastighetens
892 356 63 20 egare

199 386 60 19 utom
274 385 57 21 hvad
345 385 28 21 de
389 386 68 20 under
473 386 93 26 stadgad
577 386 177 26 besittningsrätt
764 385 105 27 upplåtna
879 385 78 21 krono-

199 419 98 21 hemman
314 419 39 21 och
368 419 119 27 kronotorp
503 420 74 26 angår,
594 420 34 20 för
643 420 74 20 hvilka
728 420 144 26 bevillningen
884 420 38 20 bör
933 419 23 21 af

200 454 68 21 åboen
285 454 106 27 erläggas.

270 488 149 27 Bevillningen
444 490 109 20 debiteras
577 490 38 20 och
638 489 108 27 uppbäres
770 489 5 20 i
800 489 40 21 den
861 491 40 23 ort,
919 489 37 21 der

199 522 131 28 fastigheten
347 525 24 19 är
387 524 96 26 belägen.

556 553 10 27 8
584 554 18 20 3.

272 592 57 21 Från
345 594 122 25 utgörande
483 593 22 21 af
520 593 236 26 fastighetsbevillning
774 594 37 19 äro
829 593 105 21 befriade:

272 628 21 26 a)
310 629 71 19 staten
396 627 34 21 för
445 628 27 20 all
485 628 49 20 dess
546 628 57 20 fasta
614 628 111 26 egendom,
738 628 168 23 kronohemman
918 627 39 21 och

200 661 118 27 kronotorp
339 662 54 21 dock
409 663 145 25 undantagna,
571 669 51 15 vare
638 663 33 26 sig
686 664 34 19 att
736 662 130 26 egendomen
883 664 23 18 är
921 662 34 20 för

200 696 66 26 något
281 697 90 20 allmänt
386 697 99 21 ändamål
502 698 134 20 omedelbart
652 697 85 21 använd
753 697 52 20 eller
821 697 27 26 på
864 697 90 20 arrende

200 730 133 27 bortgifven;

273 766 20 24 b)
310 765 126 21 kommuner
452 766 38 20 och
507 766 100 26 kyrkliga
622 766 159 26 församlingar,
794 766 162 26 vetenskapliga

200 800 146 26 inrättningar
361 800 40 21 och
418 801 226 26 undervisningsverk,
661 800 160 26 hushållnings-
837 800 38 20 och
887 800 68 21 landt-

200 834 173 27 brukssällskap,
390 837 56 19 samt
462 835 294 26 barmhertighetsstiftelser,
773 835 33 20 för
817 835 80 21 sådana
909 835 46 20 dem

200 868 111 27 tillhöriga
327 869 131 27 byggnader,
475 872 79 18 tomter
565 870 38 20 och
615 870 88 26 platser,
716 869 73 21 hvilka
800 871 37 19 äro
849 869 33 21 för
893 870 62 20 deras

201 903 99 21 ändamål
317 904 90 20 afsedda
423 904 39 21 och
477 907 121 24 upptagna;

273 938 19 26 €)
309 944 64 20 egare
389 939 23 20 af
426 939 70 25 kanal,
510 940 97 25 jernväg,
624 938 90 25 flottled,
732 938 34 26 kaj
783 938 39 21 och
838 938 70 25 hamn,
923 938 34 20 för

200 972 60 20 såväl
281 972 41 21 den
342 972 62 21 deraf
418 975 111 24 upptagna
544 973 67 26 mark,
628 980 46 14 som
690 973 40 21 ock
747 973 25 20 de
788 973 33 20 för
837 973 66 20 sådan
920 978 37 15 an-

201 1006 114 27 läggnings
333 1007 139 26 begagnande
488 1008 142 26 erforderliga
646 1008 120 26 bygnader;

274 1041 23 27 d)
321 1041 139 21 innehafvare
483 1042 20 20 at
524 1042 111 26 nybyggen
656 1042 24 20 så
696 1042 63 26 länge
775 1042 63 20 deras
855 1041 101 21 frihetsår

200 1081 61 20 vara;
279 1077 56 19 samt

275 1111 20 25 e)
312 1116 63 20 egare
392 1110 39 21 och
447 1110 66 21 åboer
528 1110 23 21 af
566 1110 97 21 hemman
680 1111 18 25 ej
716 1110 83 20 mindre
815 1111 6 19 i
833 1110 40 20 den
885 1112 72 25 egent-

201 1144 45 26 liga
269 1144 157 26 Lappmarken,
450 1145 106 26 nemligen
576 1145 126 25 Enontekis,
723 1144 84 26 Kittilä,
828 1144 128 27 Sodankylä,

202 1177 134 27 Kuolajärvi,
353 1179 77 23 Enare,
447 1179 86 27 Utsjoki
550 1179 38 21 och
605 1179 110 21 Kuusamo
733 1179 126 21 kommuner
875 1181 25 19 än
917 1179 40 21 ock

201 1213 7 19 i
224 1212 155 22 Muonioniska
394 1214 108 20 kommun.
558 1242 10 27 N

585 1244 18 18 4.

274 1281 34 21 Då
324 1288 27 20 ny
367 1282 104 26 fastighet
490 1282 124 21 tillkommit
634 1283 52 20 eller
703 1282 47 21 från
768 1282 115 26 bevillning
899 1282 58 21 förut

202 1316 86 20 befriad
303 1316 104 27 fastighet
428 1316 109 27 öivergätt
552 1317 32 21 till
601 1323 63 20 egare
680 1317 54 21 eller
749 1316 144 26 innehafvare,
911 1322 45 15 som

203 1350 68 26 enligt
287 1350 11 27 $
315 1352 12 19 2
344 1345 72 27 derför
432 1351 55 21 skall
503 1351 89 26 erlägga
606 1351 124 26 bevillning,
751 1351 96 20 inträder
863 1350 95 27 skyldig-

203 1384 65 21 heten
284 1386 33 19 att
333 1385 66 21 sådan
415 1387 78 25 utgöra
508 1386 48 20 med
572 1386 47 20 året
634 1388 49 18 näst
700 1386 56 20 efter
772 1385 42 25 det,
825 1385 69 21 under
904 1385 54 21 hvil-

204 1418 36 21 ket
257 1419 94 21 berörda
365 1419 127 27 förändring
507 1419 103 21 inträffat.
