1039 1664
220 90 11 19 6
410 89 64 20 Ständ.
490 90 28 19 Sv.
534 100 26 3 —
578 90 53 24 Prop.
649 89 30 20 N:o
695 89 33 20 24.

191 160 38 20 gar
252 153 58 22 inom
328 154 38 21 sitt
381 153 153 23 trafikområde
550 154 40 22 och
606 156 75 20 närma
696 154 33 28 sig
745 154 82 22 trakter
842 155 49 21 med
907 155 42 21 till-

190 189 57 27 gång
262 189 29 27 på
306 188 132 22 vattenkraft
454 189 40 21 och
508 189 130 21 råmaterial.

260 225 44 23 4:0)
324 224 32 20 De
372 224 52 21 böra
438 223 52 27 följa
506 223 41 21 den
562 225 60 19 stora
637 223 102 21 trafikens
757 223 106 22 allmänna
878 224 70 20 stråk-

190 259 73 25 vägar,
288 258 24 21 så
333 259 32 20 att
388 258 40 21 den
448 258 19 27 ej
484 258 59 22 ledes
559 258 7 21 i
582 264 41 21 nya
638 258 67 21 banor
722 258 52 21 eller
789 258 70 27 gamla
874 257 73 22 trafik-

191 294 75 20 centra
280 292 100 22 beröfvas
397 293 61 21 deras
475 292 57 22 förra
548 292 158 22 trafikomräde.

261 326 43 28 5:0)
321 328 32 20 De
369 328 52 20 böra
430 328 99 26 slutligen
538 328 49 21 icke
597 328 134 21 konkurrera
741 328 49 21 med
799 327 84 27 färdiga
890 327 57 27 jern-

189 363 74 25 vägar.

260 396 41 22 Vid
316 396 140 22 förevarande
472 397 91 21 ärendes
579 396 132 28 behandling
726 396 6 21 i
745 396 63 27 öfrigt
815 396 63 22 hafva
887 396 61 21 Stän-

190 431 74 25 derna,
276 432 49 20 med
341 431 100 22 afseende
458 432 12 21 å
486 432 40 20 den
542 433 61 19 stora
619 432 50 26 vigt,
686 437 47 15 som
748 431 69 27 ligger
833 430 67 28 derpå
915 432 32 19 att

190 466 175 21 stambansnätet
380 468 44 19 rätt
440 466 128 27 uppdrages,
584 465 71 21 funnit
671 465 76 27 nödigt
762 467 32 19 att
805 465 26 21 de
842 465 106 21 allmänna

190 500 114 27 principer,
329 500 71 21 hvilka
416 500 61 22 ofvan
493 500 126 26 framstälts,
633 502 26 19 än
675 500 74 21 vidare
765 500 110 21 utvecklas
892 501 55 19 samt

190 534 7 21 i
213 534 65 28 detalj
295 535 92 27 belysas,
403 535 72 21 förrän
491 537 31 19 ett
538 534 107 22 definitivt
659 535 72 21 beslut
747 535 7 21 i
769 534 74 27 frågan
858 534 32 22 till
899 534 49 22 hela

191 569 50 21 dess
257 570 151 26 utsträckning
422 570 72 26 fattas,
511 569 100 23 hvarföre
627 570 121 21 Ständerna
756 569 47 21 icke
813 569 63 26 velat,
885 568 62 22 fram-

191 604 59 21 deles
274 604 202 22 sammanträdande
500 604 92 22 Ständer
615 605 6 20 i
644 604 81 27 förväg,
749 610 28 15 nu
792 604 108 21 fastställa
915 605 32 20 ett

189 638 151 22 stambansnät
362 638 33 22 för
409 639 79 22 landet.
519 640 104 21 Deremot
637 638 64 22 hafva
717 638 126 27 Ständerna,
860 638 33 22 för
908 640 37 25 att,

189 673 29 27 pä
240 673 70 27 grund
332 674 23 21 af
376 674 38 21 allt
436 674 164 27 fullständigare
621 674 40 22 och
677 680 147 21 noggrannare
841 674 50 21 data
907 674 39 21 och

188 708 143 26 iakttagelser
353 708 111 27 angående
486 709 71 21 lokala
582 709 139 21 ekonomiska
744 708 147 22 förhållanden
907 709 39 21 och

189 742 69 27 öfriga
272 743 75 26 vilkor,
364 743 72 21 kunna
448 743 78 27 afgöra
536 750 34 14 om
576 744 175 26 jernvägsnätets
760 744 72 21 vidare
841 744 106 21 utsträck-

189 777 57 27 ning,
264 777 89 21 beslutit
368 778 64 21 ställa
449 780 90 24 100,000
550 778 68 26 mark,
627 778 23 21 af
659 777 286 22 kommunikationsfondens

189 811 121 27 tillgångar,
335 812 32 21 till
390 813 117 27 styrelsens
532 813 128 27 disposition
675 812 34 22 för
725 812 134 22 bekostande
875 812 22 21 af
909 819 37 15 un-

189 846 157 27 dersökningar
368 847 7 21 i
391 847 135 21 omförmäldt
542 847 55 27 syfte
613 849 56 19 samt
684 847 93 27 fyllande
793 847 22 21 af
830 847 26 21 de
871 847 75 21 luckor

189 880 41 22 och
253 881 183 27 bristfälligheter,
454 888 45 15 som
522 881 115 22 förefinnas
660 882 7 20 i
683 883 87 20 senaste
784 882 161 26 jernvägskom-

189 915 101 21 missions
306 916 120 26 utredning.
458 916 112 27 Utgående
585 916 48 22 från
649 917 40 21 den
705 916 128 26 erfarenhet,
845 922 45 15 som
906 916 39 21 hit-

188 950 44 20 tills
256 950 134 26 preliminärt
412 950 86 22 utförda
512 950 166 22 instrumentala
691 950 254 27 jernvägsundersöknin-

188 990 40 20 gar
249 984 189 27 vidhandengifvit,
462 985 106 27 nemligen
591 987 33 19 att
646 986 75 26 nyttan
737 984 23 22 af
775 984 108 22 desamma
898 985 47 21 icke

187 1020 122 20 motsvarar
328 1019 151 27 kostnaderna,
496 1020 58 21 helst
568 1020 7 20 i
591 1020 42 20 alla
649 1020 26 20 de
691 1019 44 26 fall,
752 1019 27 21 då
795 1025 25 15 en
833 1019 112 27 jernvägs-

187 1053 101 27 byggnad
311 1054 83 26 belagts
418 1054 48 22 med
488 1054 81 26 arbete,
593 1060 26 15 en
639 1054 130 26 fullkomligt
784 1060 27 20 ny
827 1053 118 27 detaljerad

187 1088 163 27 undersökning
370 1089 68 21 måste
454 1088 88 28 utföras,
560 1091 56 19 samt
633 1089 27 21 då
677 1088 22 22 af
713 1088 64 22 dessa
792 1088 153 22 undersöknin-

187 1128 40 20 gar
250 1122 108 28 framgått,
382 1125 33 19 att
437 1123 250 27 terrängförhällandena
709 1123 8 21 i
739 1122 80 26 landet,
839 1124 52 20 utan
907 1123 38 21 allt

186 1156 34 23 för
243 1159 47 20 stor
310 1157 108 28 afvikning
440 1158 46 21 från
508 1158 201 26 medelkostnaden,
733 1157 69 21 tillåta
817 1157 91 22 ledande
924 1157 23 22 af

184 1192 167 27 jernvägslinier
366 1192 6 21 i
388 1192 43 21 alla
446 1193 60 21 delar
521 1192 23 21 af
557 1193 126 25 detsamma,
700 1198 52 15 anse
768 1191 122 22 Ständerna
905 1193 38 24 att,

186 1226 113 27 samtidigt
321 1226 49 21 med
394 1226 61 22 ofvan
478 1227 127 22 omnämnda
635 1226 122 27 utredning,
780 1226 165 27 terrängunder-

186 1260 118 27 sökningar
326 1261 127 27 visserligen
475 1261 53 22 böra
550 1261 89 26 utföras,
656 1267 49 15 men
721 1262 34 20 att
771 1261 109 21 desamma
894 1261 7 20 i
917 1260 27 22 de

185 1294 65 22 flesta
272 1294 38 22 fall
332 1295 73 22 kunna
420 1296 128 21 inskränkas
564 1296 33 21 till
613 1296 90 21 okulära
719 1295 154 27 besigtningar.
902 1295 42 21 En-

186 1329 50 21 dast
251 1329 36 21 vid
303 1329 87 22 svärare
406 1331 92 26 punkter
512 1330 68 22 borde
596 1336 125 21 noggranna
735 1329 76 28 planer
826 1329 40 22 och
881 1328 63 28 profi-

184 1363 33 22 ler
240 1366 109 25 uppgöras
372 1364 32 23 för
423 1366 33 20 att
476 1365 71 22 lemna
563 1365 49 22 stöd
627 1365 34 22 för
676 1364 138 27 tillförlitliga
828 1363 114 22 kostnads-
