1025 1661
241 111 27 20 22
431 111 27 22 U.
475 111 26 22 B.
517 123 23 4 —
555 111 72 28 Prop.
643 112 41 21 N:o
700 111 37 22 29.

214 173 53 27 (26),
283 181 44 13 som
344 175 6 19 i
367 174 65 27 öfrigt
447 174 105 21 förblifvit
567 173 137 22 oförändrad.
733 173 66 20 Detta
815 180 62 14 mom.
889 173 71 26 lyder:

213 207 133 27 ”Skjutskarl
367 215 50 14 vare
436 209 93 26 skyldig,
548 210 32 19 att
595 208 40 21 den
651 207 93 22 resande
760 208 82 27 åtfölja,
858 214 47 14 men
921 214 40 21 ege

213 242 19 26 ej
248 244 51 24 rätt,
315 244 31 18 att
361 243 51 26 sjelf
424 243 54 20 köra
493 243 46 20 sina
554 243 78 24 hästar,
643 242 73 21 derest
725 242 50 20 icke
785 242 90 20 resande
886 241 75 20 sådant

213 275 100 20 önskar”.
344 276 133 27 Stadgandet
496 279 23 17 är
539 277 114 26 onekligen
674 278 32 18 ett
724 275 24 21 af
761 276 27 20 de
803 275 136 27 ömtäligaste
954 276 6 18 i

213 309 139 27 skjutslagen.
373 310 58 25 Den
451 310 102 21 resandes
575 312 43 18 rätt
640 314 30 23 är,
694 312 31 18 att
746 310 7 20 i
777 310 72 27 gifven
872 310 89 26 ordning

213 344 131 20 fortkomma
366 344 32 20 till
423 345 31 19 sin
478 344 191 21 bestämmelseort.
700 344 137 27 Skjutslegan
857 348 24 16 är
895 344 66 26 priset

214 377 33 21 för
268 377 36 20 det
323 378 74 20 arbete
417 378 74 21 dervid
511 378 68 27 ätgär.
614 378 48 21 Men
682 378 41 21 den
742 378 90 21 resande
852 378 42 20 kan
913 377 48 20 icke

214 411 140 21 tillerkännas
374 413 70 26 nägon
465 413 81 26 egande
566 415 43 18 rätt
628 413 32 19 till
675 413 83 25 hästen,
775 419 36 14 ens
827 413 33 20 för
875 412 40 20 den
931 411 31 20 tid

213 446 42 20 han
271 446 45 27 legt
331 446 49 21 dess
400 447 135 20 arbetskraft.
566 440 21 27 Ä
607 447 66 20 andra
688 446 60 21 sidan
765 447 45 20 står
825 446 26 20 lif
865 446 40 20 och
920 446 40 19 lem

214 480 33 19 för
263 480 40 21 den
319 481 90 20 resande
424 481 6 20 i
447 481 67 26 fräga,
534 487 34 14 om
583 481 42 20 han
641 481 81 26 nödgas
738 481 96 20 anförtro
851 481 32 26 sig
899 481 21 19 ät
935 487 25 13 en

215 521 55 13 ovan
286 515 52 20 eller
354 515 97 27 opälitlig
467 515 97 20 körsven.
594 515 37 28 Dä
646 515 52 20 vära
713 515 59 20 äldre
788 515 128 26 skjutslagar
931 515 30 19 in-

215 549 88 26 genting
324 549 6 19 i
346 549 60 20 detta
424 549 101 20 afseende
544 549 126 26 bestämma,
685 549 39 20 har
739 549 56 20 inom
812 549 104 19 utskottet
931 549 30 19 af-

215 582 106 25 handlats,
345 590 34 13 om
402 584 18 26 ej
445 583 48 20 bäst
512 590 58 19 vore,
587 585 30 18 att
632 584 72 19 lemna
718 583 71 20 denna
805 583 38 20 sak
858 583 5 19 i
881 589 80 13 samma

215 616 61 20 skick
292 624 44 13 som
353 617 50 26 förr,
419 618 27 20 dä
460 618 119 26 veterligen
594 618 90 20 resande
700 617 41 20 och
756 617 124 27 skjutsande
896 618 6 18 i
917 620 44 17 ota-

215 651 44 26 liga
278 651 38 20 fall
336 652 35 19 väl
391 652 47 19 redt
458 652 32 26 sig
505 654 50 18 utan
571 654 31 18 ett
618 651 77 21 sädant
709 651 162 27 lagstadgande.
901 651 60 20 Inom

215 685 106 20 utskottet
335 685 39 20 har
390 685 55 21 dock
460 686 41 20 den
517 686 85 26 mening
617 687 79 25 segrat,
712 687 32 18 att
759 687 32 18 ett
801 685 160 20 bestämmande

215 725 51 13 vore
288 721 31 18 att
334 719 131 26 föredragas.
496 720 55 20 Utan
567 720 79 20 tvekan
665 720 39 19 har
719 719 111 26 utskottet,
847 719 62 20 äfven
927 726 34 13 om

215 760 48 13 man
286 753 125 27 godkänner
431 754 78 20 tanken
527 754 6 20 i
554 754 40 20 den
615 754 79 26 nädiga
708 754 168 26 propositionen,
893 756 68 17 ansett

216 787 143 27 stiliseringen
375 788 81 20 mindre
471 788 85 26 lyckad.
585 788 88 26 Nödgas
689 794 49 14 man
754 787 23 21 af
790 794 26 13 en
832 787 52 21 eller
893 794 68 13 annan

216 822 64 19 orsak
303 821 73 21 afvika
398 822 46 20 från
460 822 36 20 det
514 822 123 27 principielt
651 824 63 23 rätta,
730 822 53 20 böra
799 822 128 20 åtminstone
943 822 18 25 ej

215 854 66 21 orden
297 858 63 24 göras
375 856 90 20 hårdare
480 859 27 17 än
522 856 75 27 nödigt
612 859 29 17 är.
671 856 49 20 Men
736 856 105 19 utskottet
856 855 39 19 har
910 857 50 17 trott

215 889 33 26 sig
263 889 58 20 finna
335 896 26 14 en
382 890 118 26 medelväg,
520 897 45 14 som
582 890 80 20 kanske
678 890 74 25 kunde
764 889 156 20 tillfredsställa
935 889 26 19 de

215 924 144 20 intresserade
381 927 107 23 parterna.
518 924 110 20 Utskottet
650 924 118 20 fastställer
787 930 45 14 som
848 923 67 27 regel,
931 925 30 17 att

216 957 143 26 skjutskarlen
380 958 38 20 bör
438 958 51 26 sjelf
506 958 53 20 köra
574 959 47 19 sina
634 958 80 24 hästar,
730 964 35 14 om
780 958 20 26 ej
817 957 40 20 den
873 957 89 20 resande

215 990 72 21 färdas
307 992 49 19 med
376 994 49 24 eget
443 992 71 20 åkdon
534 992 40 20 och
589 992 79 20 önskar
683 992 51 26 sjelf
748 992 53 19 köra
815 991 53 20 eller
883 991 79 26 begag-

216 1032 38 12 nar
277 1032 54 20 egen
350 1026 61 20 kusk.
440 1026 43 20 Det
502 1029 23 17 är
545 1026 122 27 egentligen
686 1026 36 20 vid
742 1025 71 20 färder
833 1025 47 20 med
901 1031 62 20 vagn,

215 1055 46 24 söm
280 1059 37 20 det
336 1060 42 19 kan
398 1060 29 20 bli
446 1060 119 27 betänkligt
583 1063 32 17 att
632 1060 133 20 öfverlemna
785 1059 100 27 tyglarna
900 1059 21 19 åt
937 1065 25 13 en

216 1099 55 20 ovan
295 1094 123 25 skjutskarl,
440 1094 40 20 och
507 1094 97 20 stundom
627 1095 24 19 så
673 1094 35 19 väl
732 1094 122 25 obeqvämt,
869 1100 44 13 som
930 1093 33 19 för

215 1127 96 20 åkdonet
326 1128 82 27 vådligt
422 1128 63 20 äfven
501 1135 34 14 om
551 1129 40 20 den
607 1128 91 20 resande
712 1127 111 27 begagnar
833 1129 50 24 eget
893 1126 69 20 åkdon

216 1161 23 20 af
261 1164 66 17 annat
350 1162 52 26 slag,
426 1162 40 20 och
491 1169 25 13 en
542 1162 93 25 fordran,
659 1164 32 18 att
716 1162 40 19 den
783 1161 90 20 resande
898 1161 66 19 under

215 1195 64 20 dessa
302 1195 147 21 förhållanden
469 1197 34 19 må
523 1196 21 20 få
564 1196 50 27 sjelf
630 1196 60 25 köra,
709 1195 42 20 kan
768 1195 19 26 ej
803 1195 96 20 befinnas
915 1201 47 20 syn-

215 1229 98 26 nerligen
329 1229 105 21 stötande.
465 1230 79 20 Färdas
564 1230 97 20 deremot
676 1229 40 20 den
733 1229 90 20 resande
839 1229 28 26 på
881 1229 82 26 vanligt

216 1262 141 26 skjutsåkdon
373 1263 48 20 med
436 1263 133 20 körsvennen
585 1263 58 20 invid
659 1263 40 27 sig,
715 1263 39 20 bör
770 1263 64 26 ingen
849 1262 53 26 fara,
918 1269 44 13 som

215 1297 20 25 ej
251 1297 7 19 i
274 1297 31 19 tid
320 1297 43 20 kan
378 1298 111 26 undvikas,
505 1298 71 20 kunna
591 1298 83 26 uppstå,
686 1297 41 20 och
742 1303 65 20 synes
822 1296 37 20 det
873 1296 27 20 då
916 1297 47 19 med

215 1330 100 27 billighet
333 1331 240 27 öfverensstämmande,
592 1334 32 18 att
643 1332 41 20 den
700 1330 125 28 skjutsande
840 1330 74 21 sköter
929 1337 33 13 om

215 1364 107 26 tyglarna.
352 1366 10 19 I
378 1365 70 20 denna
463 1368 10 22 $
488 1366 39 19 har
541 1366 104 19 utskottet
660 1366 107 19 dessutom
787 1364 65 20 infört
866 1367 31 17 ett
907 1364 56 20 stad-

215 1398 71 26 gande
309 1399 72 20 derom
405 1402 31 17 att
456 1399 128 27 minderårig
607 1401 18 25 ej
649 1399 35 20 må
699 1398 109 21 användas
824 1398 32 20 till
871 1399 92 19 körsven

215 1439 34 12 om
266 1433 19 25 ej
302 1433 40 20 den
359 1433 90 20 resande
465 1433 75 20 sådant
555 1433 93 27 medger.

286 1472 126 17 Sammansatta
425 1473 45 22 Lag-
481 1473 30 16 och
523 1472 175 17 Ekonomiutskottets
712 1471 106 17 betänkande
829 1470 35 18 N:o
877 1471 17 16 4.
