1028 1664
240 116 26 20 36

442 115 28 24 U.
485 118 28 23 B.
529 131 23 3 —
566 118 72 29 Prop.
652 119 42 22 N:o
710 118 39 22 29.

344 182 72 26 nödiga
440 183 111 25 byggnader
572 184 34 24 för
627 184 138 25 gästyifveriet
785 180 48 23 utan
850 183 108 25 ersättning

344 216 102 25 upplåtits,
470 218 62 20 ehvad
555 218 255 25 gästyifvarebefattningen
832 218 25 24 af
872 218 87 24 lägenhe-

344 251 42 19 tens
400 251 128 25 innehafvare
543 252 49 25 sjelf
606 252 122 25 handhafves
742 250 49 22 eller
805 252 69 24 blifvit
888 252 22 19 ät
926 258 32 13 an-

343 290 39 15 nan
401 286 139 24 öfverlemnad,
564 286 89 26 ätnjutas
673 287 63 24 frihet
756 286 48 24 från
826 286 134 26 ingvartering

343 319 35 19 och
399 319 130 26 kronoskjuts,
552 320 104 20 hvarutom
678 320 123 26 lägenhetens
823 320 134 24 innehafvare,

341 353 59 24 äfven
414 360 30 14 om
458 354 178 26 skjutshällningen
648 355 124 25 handhafves
787 355 26 24 af
824 356 135 24 entreprenör,

343 393 44 19 eger
405 388 31 25 sig
458 388 130 26 tillgodogöra
602 389 118 25 spillningen
735 388 51 28 efter
800 390 158 24 entreprenörens

342 421 76 25 hästar,
439 422 66 21 derom
521 423 146 20 vederbörande
681 423 74 25 jemväl
775 423 48 20 böra
838 422 34 21 vid
887 422 71 26 skjuts-

343 456 80 26 ningens
438 457 122 25 utbjudande
575 458 13 20 å
602 458 81 20 auktion
697 457 134 21 underrättas.

550 537 14 27 $
578 536 36 21 21.

410 581 145 22 Förekommer
577 582 37 21 vid
636 582 39 22 den
691 582 123 28 besigtning,
829 589 43 14 som
886 582 28 28 af
926 588 31 14 ve-

342 614 129 23 derbörande
486 615 141 29 kronobetjent
639 616 33 28 pä
687 616 72 21 landet
775 616 49 21 eller
836 615 122 29 myndighet

340 649 9 21 i
368 649 48 21 stad
431 649 37 21 bör
483 650 14 20 &
510 650 127 28 gästyifveri
651 650 110 27 anställas,
776 650 49 21 eller
840 650 58 27 eljest
912 649 46 21 skäl

340 682 34 22 till
390 683 146 29 anmärkning,
550 687 52 17 emot
613 685 132 27 entreprenör
754 684 51 21 eller
811 684 145 29 föreständare

339 717 37 27 för
390 717 145 28 skjutsanstalt
550 718 92 21 anmäles
657 718 71 21 derom
743 721 52 18 utan
810 718 102 28 dröjsmål
920 718 36 20 hos

341 752 141 27 Guvernören,
497 753 50 26 som,
561 753 10 19 i
586 752 96 21 händelse
691 752 110 28 förseelsen
808 752 90 28 pröfvas
906 752 51 20 kun-

339 793 29 13 na
386 786 48 21 med
448 787 91 28 varning
554 786 71 29 aflöpa
640 794 46 20 eger
701 786 46 21 låta
762 786 96 21 meddela
872 786 39 21 den
926 786 30 28 fe-

340 820 63 21 lande
417 821 90 27 varning
520 828 75 20 genom
607 820 154 22 vederbörande
770 820 127 29 kronofogde
908 820 49 21 eller

339 854 122 28 myndighet
486 855 9 20 i
516 854 53 21 stad.
598 850 33 25 Är
652 854 157 29 försummelsen
832 854 28 29 af
870 855 86 20 svårare

339 887 143 29 beskaffenhet,
498 888 50 22 eller
559 888 39 22 har
608 890 133 28 entreprenör
751 889 50 21 eller
809 889 147 28 föreståndare

337 921 36 28 för
398 922 145 28 skjutsanstalt
565 923 44 21 icke
625 923 55 21 låtit
700 923 28 28 af
739 924 90 27 varning
844 924 32 27 sig
890 924 66 25 rätta,

337 954 56 22 skall
414 958 62 19 saken
499 956 35 21 till
553 956 97 22 domstols
669 957 128 28 behandling
811 957 144 28 öfverlemnas,

337 996 45 14 men
400 989 134 23 Guvernören
549 998 35 20 ege
598 992 57 20 makt
670 994 31 18 att
717 991 38 21 den
770 990 122 29 försumlige
902 990 52 29 från

337 1023 124 28 utöfvandet
483 1024 27 29 af
526 1025 32 20 sin
574 1024 117 29 befattning
707 1024 117 22 tillsvidare
839 1024 64 28 skilja
918 1024 38 22 och

335 1057 50 28 foge
403 1057 111 29 skyndsam
530 1059 78 21 anstalt
623 1059 77 27 derom,
715 1062 32 18 att
761 1058 75 29 skjuts-
851 1059 37 21 och
896 1060 59 27 gäst-

334 1090 204 30 gifverihållningen
554 1093 67 21 varda
635 1094 9 20 i
659 1093 65 28 nödig
739 1093 90 28 ordning
844 1092 109 28 ombesörj-

336 1125 35 21 da.
402 1126 35 28 Af
448 1126 112 22 domstolen
576 1127 64 21 varde
655 1127 40 21 den
709 1127 124 28 försumlige
848 1130 106 25 entrepre-

336 1160 64 21 nören
422 1159 50 22 eller
492 1160 162 29 föreståndaren
675 1162 37 27 för
734 1160 152 29 skjutsanstalt,
902 1160 52 29 efter

334 1193 122 28 förseelsens
478 1194 142 29 beskaffenhet,
645 1195 63 21 dömd
731 1198 32 18 att
785 1195 47 21 böta
847 1195 57 20 ända
920 1195 34 20 till

335 1227 114 22 etthundra
472 1229 68 26 mark,
560 1229 49 22 eller
624 1229 36 22 ock
675 1232 32 18 att
721 1229 52 28 från
788 1230 32 20 sin
836 1229 118 28 befattning

334 1261 82 28 skiljas.

544 1325 14 27 $
572 1325 38 20 22.

405 1374 44 22 Gör
470 1375 131 29 gästgifoare
620 1375 51 22 eller
683 1376 149 27 föreståndare
846 1376 36 28 för
893 1378 60 26 post-

331 1408 58 28 gård
404 1409 50 21 eller
467 1410 141 20 resersstation
623 1410 120 27 ändringar
753 1410 36 21 och
797 1410 77 28 tillägg
885 1411 8 20 i
900 1410 52 27 dag-

333 1441 45 28 bok,
401 1442 100 22 hvarmed
523 1443 146 28 skjutsanstalt
687 1443 56 22 skall
756 1451 74 20 genom
846 1444 105 21 Guvernö-

265 1481 129 18 Sammansatta
406 1482 44 23 Lag-
463 1483 29 17 och
504 1483 175 18 Ekonomiutskottets
692 1484 106 17 betänkande
809 1484 38 17 N:o
861 1484 17 17 4.
