1023 1664
221 105 12 19 4
422 103 24 22 U.
462 103 23 22 B.
503 115 25 3 —
546 103 65 28 Prop.
627 103 37 22 N:o
679 101 33 23 27.

191 169 47 22 från
254 169 41 22 den
311 169 106 22 allmänna
432 169 108 22 moralens
556 169 109 28 synpunkt
679 169 70 22 måste
765 175 51 16 vara
825 169 123 27 önskvärdt,

192 205 33 20 att
248 203 28 22 all
299 204 114 27 anledning
435 204 148 27 undanrödjes
600 204 32 21 till
648 204 40 21 den
705 203 25 22 så
745 204 84 27 vanliga
844 204 105 27 lagöfver-

192 238 117 27 trädelsen,
326 240 33 20 att
373 239 56 21 mäld
446 239 128 22 verkställes
589 241 46 19 mot
650 239 40 21 tull
705 239 13 21 å
733 239 215 27 hnsbehofsqvarnar.

261 273 77 27 Någon
353 273 79 22 tvekan
448 273 39 22 har
502 273 34 22 väl
551 273 57 22 inom
625 273 114 22 Utskottet
754 275 79 26 yttrats
850 275 57 20 emot
917 275 33 20 att

192 307 87 22 förorda
295 314 25 15 en
336 309 91 26 gammal
444 309 70 21 skatts
530 308 116 28 aflyftande
661 309 28 26 pä
705 314 25 15 en
747 308 37 27 tid,
801 309 27 21 dä
843 315 40 21 nya
891 308 58 21 skat-

192 342 114 21 tebördors
329 343 106 26 ätagande
459 345 24 20 är
505 343 48 22 med
578 343 161 27 nödvändighet
753 343 117 27 päkalladt.
901 343 49 21 Men

193 377 115 22 Utskottet
331 384 63 15 anser
413 377 71 22 denna
499 377 61 28 fräga
573 378 48 21 icke
636 378 53 21 böra
705 377 112 22 betraktas
834 378 76 21 endast
925 384 26 15 ur

192 410 98 23 finansiel
307 412 112 27 synpunkt.
451 413 33 21 Dä
500 412 37 22 det
552 413 67 26 enligt
634 412 125 22 Utskottets
775 413 65 21 tanke
849 413 44 21 stär
901 412 48 27 fast,

193 447 34 20 att
242 447 173 26 gvarnindustrin
431 447 50 22 icke
496 447 43 22 kan
554 447 102 22 utveckla
671 447 34 27 sig
720 447 40 22 och
777 447 27 27 gä
818 447 85 26 framät,
915 447 35 21 sä-

193 481 64 26 länge
273 481 41 22 den
329 482 85 27 tryckes
431 482 22 21 af
467 482 153 27 gvarnskatten
638 482 40 21 och
694 481 88 22 dermed
803 481 147 22 sammanhän-

195 516 70 26 gande
288 517 167 27 skattläggning,
471 517 25 22 sä
510 517 69 27 ligger
595 517 46 21 deri
656 516 32 22 för
703 516 74 22 landet
792 516 48 22 fullt
855 516 48 21 skäl
919 517 32 20 att

195 551 132 22 underkasta
342 551 33 28 sig
391 551 40 22 den
447 551 121 28 uppoffring
584 551 23 22 af
621 551 96 27 omkring
735 553 90 24 100,000
841 551 60 21 mark
917 550 34 22 är-

195 585 64 27 ligen,
283 592 46 15 som
352 586 22 21 af
390 587 41 21 den
447 587 79 26 nädiga
541 587 174 27 propositionens
733 585 120 28 antagande
869 585 40 21 blir
925 592 25 15 en

194 619 59 28 följd.

263 654 72 22 Jemte
358 655 37 22 det
418 656 113 22 Utskottet
554 656 91 21 sälunda
667 656 6 21 i
697 655 121 22 hufvudsak
835 655 117 27 tillstyrker

195 690 166 26 avarnskattens
378 690 156 28 upphäfvande,
551 697 64 15 anser
630 691 32 27 sig
678 690 114 22 Utskottet
807 690 52 22 böra
867 690 85 27 påpeka

195 724 67 26 några
286 724 31 22 till
339 724 75 28 frågan
436 726 96 21 hörande
552 725 190 27 omständigheter,
760 731 46 15 som
822 731 63 21 synas
901 730 51 16 vara

194 758 103 28 förtjenta
313 758 22 23 af
349 766 25 16 en
391 760 93 22 särskild
499 760 198 28 uppmärksamhet.

265 794 32 21 En
313 800 54 21 egen
383 795 102 27 ställning
500 795 74 27 intaga
589 795 26 21 de
631 801 16 15 s.
664 795 20 21 k.
694 794 175 27 odalgvarnarne,
881 794 71 21 hvilka

197 828 22 22 af
241 829 104 27 gammalt
359 830 60 22 bilda
433 830 150 28 sjelfständiga
598 830 149 27 possessioner
762 828 33 22 för
810 829 39 27 sig.
880 828 73 27 Enligt

195 863 101 27 gällande
311 864 134 22 föreskrifter
460 864 67 22 borde
544 864 64 22 dessa
622 864 68 22 finnas
711 863 134 22 antecknade
860 863 6 21 i
880 862 71 28 jorde-

195 898 78 26 boken,
297 904 49 16 men
365 899 24 21 sä
405 901 24 19 är
444 905 87 15 numera
546 899 6 21 i
569 899 116 21 allmänhet
701 898 47 22 icke
764 898 67 25 fallet,
847 899 51 19 utan
915 899 36 19 äro

195 932 26 22 de
242 932 68 28 jemte
334 932 67 28 öfriga
424 934 123 26 skattlagda
570 940 91 20 gvarnar
682 934 112 26 upptagna
816 932 8 21 i
843 932 40 21 den
899 938 16 15 s.
932 932 20 20 k.

191 968 226 28 gvarntull-längden.
447 968 44 22 Det
513 970 23 19 är
560 967 84 23 derföre
663 967 101 23 förenadt
780 966 48 22 med
844 966 109 27 svårighet

195 1003 32 19 att
243 1002 90 27 urskilja
350 1002 109 22 desamma
473 1002 47 22 frän
536 1002 67 22 andra
618 1009 98 21 gvarnar.
743 1002 60 21 Dock
818 1001 82 21 lemnar
917 1000 36 22 det

194 1036 144 22 förhällandet
346 1038 33 20 att
394 1037 161 27 ifrägavarande
572 1043 91 21 gvarnar
679 1036 100 27 vanligen
796 1038 37 19 äro
850 1035 103 27 anslagna

194 1071 33 21 till
251 1073 102 25 augment
375 1072 23 21 ät
420 1072 91 21 rusthäll
529 1072 74 24 härvid
619 1072 70 26 nägon
706 1070 92 27 ledning,
815 1070 40 22 och
871 1070 7 20 i
893 1069 59 34 äldre

192 1106 146 27 jordeböcker
354 1106 115 22 äterfinnas
487 1107 108 21 desamma
610 1106 119 26 behörigen
745 1104 140 23 antecknade.
916 1100 36 25 Äf-

195 1147 40 15 ven
259 1141 65 21 dessa
347 1147 90 21 gvarnar
461 1143 36 19 äro
513 1141 7 21 i
536 1141 26 21 de
579 1140 60 22 aldra
654 1140 64 22 flesta
733 1139 44 27 fall,
793 1139 77 21 liksom
886 1138 67 28 öfriga

195 1175 125 27 skattlagda
336 1182 96 21 gvarnar,
449 1176 129 21 beskattade
594 1175 31 21 till
642 1181 25 15 en
685 1174 92 27 stadgad
793 1176 62 19 ränta
870 1174 7 20 i
889 1179 63 21 span-

194 1210 43 21 mål
261 1210 52 22 eller
333 1210 123 27 penningar,
472 1216 48 16 men
536 1210 67 27 några
617 1210 22 21 få
652 1209 65 22 hafva
731 1209 34 27 sig
780 1208 76 28 päförd
871 1207 82 27 verklig

194 1244 140 27 grundränta,
358 1251 88 15 numera
469 1246 80 20 omsatt
571 1245 7 21 i
601 1244 128 22 rubelskatt.
760 1243 11 21 I
785 1242 114 23 Utskottet
913 1242 40 22 har

193 1279 73 21 såsom
288 1279 83 27 möjligt
394 1278 134 27 framhållits,
550 1280 33 20 att
599 1279 69 26 någon
685 1278 35 22 del
736 1277 23 22 af
773 1277 179 27 odalqvarnarnes

192 1315 64 20 ränta
279 1319 51 16 vore
346 1320 25 15 en
389 1313 48 22 dem
452 1314 57 21 åsatt
523 1313 116 28 jordskatt,
657 1313 91 22 emedan
765 1313 26 21 de
806 1312 6 21 i
829 1313 65 20 annat
909 1311 42 26 fall,

193 1349 53 20 enär
269 1347 27 22 de
318 1348 49 21 icke
382 1348 119 28 underlyda
516 1348 71 27 någon
603 1348 111 27 skattlagd
727 1346 158 29 jordlägenhet,
901 1351 52 16 vore

192 1381 117 23 skattefria
329 1383 207 27 jordpossessioner.
566 1383 77 26 Någon
665 1382 65 22 säker
749 1381 114 26 utredning
879 1380 74 21 härom

191 1416 40 22 har
248 1417 113 22 Utskottet
375 1417 48 22 icke
438 1417 82 22 kunnat
536 1417 87 26 erhålla,
641 1423 49 16 men
707 1417 27 21 de
750 1416 59 21 äldre
832 1414 120 27 skattlägg-

245 1456 151 18 Statsutskottets
409 1457 115 17 betänkande
537 1457 36 17 N:o
586 1458 17 17 2.
