1031 1664
227 124 25 20 14
532 124 34 21 N:o
582 124 36 21 25.

541 193 11 27 $
571 194 30 20 17.

268 232 83 21 Varder
375 232 98 22 bränneri
495 233 52 21 eller
568 234 45 20 deri
633 233 112 27 begagnad
765 232 93 27 redskap
875 238 76 20 genom

195 266 78 21 vädeld
289 267 52 21 eller
357 273 69 14 annan
443 267 177 27 olyckshändelse
636 267 149 26 väsendtligen
803 267 97 24 skadadt,
917 266 35 20 mä

196 302 125 20 tillverkare
337 302 90 26 beviljas
444 302 101 20 befrielse
561 302 48 20 frän
621 301 132 27 erläggande
764 302 23 20 af
797 302 58 20 skatt
865 301 33 21 för
909 301 41 20 den

195 342 76 20 genom
289 336 102 21 kontrakt
407 336 32 21 till
455 337 140 26 tillverkning
611 336 116 21 faststälda
743 336 126 26 myckenhet
886 336 64 20 brän-

195 371 41 25 vin,
262 377 45 14 som
331 372 76 24 skolat,
427 378 47 14 men
494 372 17 26 ej
533 372 88 24 kunnat,
642 371 113 21 tillverkas
771 367 68 25 under
855 371 40 20 den
911 370 39 26 tid,

196 405 123 21 bränneriet
336 406 71 20 blifvit
426 412 75 20 genom
518 406 136 26 olycksfallet
669 406 7 20 i
693 405 152 21 overksamhet
859 405 90 25 försatt;

196 440 125 20 tillverkare
341 440 80 20 erhälle
442 440 38 21 ock
501 440 46 20 äter
567 441 24 20 sä
607 443 46 18 stor
673 440 34 20 del
725 440 23 20 af
762 440 138 20 förskottsvis
917 446 33 14 er-

195 474 51 27 lagd
263 474 64 27 skatt,
345 481 45 15 som
407 475 17 27 ej
441 477 120 18 motsvaras
578 475 23 20 af
615 474 128 21 tillverkadt
758 474 39 21 och
808 476 99 25 uppmätt
919 474 30 21 äf-

195 515 89 15 vensom
300 509 107 27 befintligt
422 512 113 25 ouppmätt
547 511 96 20 bränvin.
667 509 103 21 Ansökan
783 509 78 24 derom,
874 509 76 26 åtföljd

196 544 22 21 af
233 545 193 26 kontrollörsintyg
446 545 39 20 och
505 545 128 26 handlingar
653 545 60 20 öfver
733 544 36 20 vid
790 544 90 20 domstol
898 543 52 21 eller

196 585 68 14 annan
288 579 125 26 myndighet
437 580 5 20 i
466 581 60 19 orten
551 579 68 21 skedd
639 579 162 26 undersökning
817 585 33 14 om
867 578 83 27 olycks-

195 613 124 26 händelsen,
336 614 90 26 ingifves
442 614 33 21 till
491 614 157 27 Länestyrelse,
665 620 45 14 som
722 613 7 20 i
741 613 88 20 ärendet
840 613 109 20 meddelar

195 648 79 25 utslag,
292 648 88 26 hvilket,
397 649 26 20 då
443 648 75 27 frågan
538 649 63 20 berör
617 648 126 21 restitution
759 647 22 21 af
796 647 107 21 inbetalde
919 647 31 20 af-

195 682 71 27 gifter,
279 683 143 20 underställes
434 683 103 20 Senatens
549 683 282 26 Ekonomiedepartements
842 682 107 26 pröfning.

542 747 11 27 $
572 747 31 20 18.

270 787 17 20 1.
318 786 40 21 Vid
376 786 89 21 utförsel
482 786 22 21 af
518 787 96 25 bränvin,
631 793 50 14 vare
698 786 115 21 afsändare
830 785 119 26 berättigad

195 822 33 19 att
244 821 12 19 å
272 821 166 20 landtränteriet
448 821 161 20 återbekomma
621 821 39 20 den
672 820 217 25 tillverkningsskatt,
903 825 45 14 som

195 855 34 20 för
245 855 41 20 den
302 855 141 26 exporterade
460 861 65 15 varan
541 856 88 25 erlagts,
646 855 37 21 der
700 855 115 20 afsändare
831 860 75 20 genom
918 854 31 19 in-

195 891 37 25 tyg
248 889 23 21 af
286 889 89 27 behörig
391 890 208 26 embetsmyndighet
614 890 7 20 i
638 889 171 26 lossningsorten
821 889 85 26 styrker
917 890 33 18 att

195 924 113 20 bränvinet
324 924 71 20 blifvit
411 925 30 19 dit
457 924 85 21 infördt.

268 959 19 19 2.
318 958 117 21 Enahanda
452 960 43 19 rätt
511 959 31 20 till
559 958 126 21 återfående
701 958 23 20 af
739 957 210 26 tillverkningsskatt

194 992 119 26 medgifves
321 992 79 26 jemväl
411 992 33 21 för
455 993 37 20 det
503 993 99 27 kannetal
614 993 98 25 bränvin,
725 998 45 15 som
783 992 115 26 bevisligen
913 997 36 15 an-

194 1026 78 21 vändts
288 1027 33 20 till
337 1027 116 26 beredning
464 1027 22 21 af
496 1027 74 25 ättika,
583 1027 137 25 chloroform,
733 1027 79 20 chloral
825 1026 38 21 och
875 1026 75 20 ther.

510 1123 61 27 Art.
591 1123 48 27 111.

332 1192 35 22 Om
385 1192 131 28 destillering
531 1192 39 22 och
587 1192 75 28 rening
677 1191 24 23 af
715 1191 97 23 bränvin.

540 1256 11 26 $
571 1256 30 20 19.

265 1296 10 20 I
290 1296 100 20 bränneri
414 1302 50 14 vare
487 1296 134 26 destillering
641 1296 22 20 af
683 1295 91 21 bränvin
791 1294 108 22 äfvensom
916 1301 33 14 re-

192 1331 51 25 ning
260 1330 62 21 deraf
339 1330 28 25 pä
386 1330 43 21 kall
449 1332 40 24 väg
504 1331 166 25 bränneriegare
687 1329 86 21 tilläten
789 1329 48 21 med
852 1329 41 21 den
916 1329 34 21 för

192 1364 211 26 bränvinsbränning
423 1364 89 21 afsedda
532 1364 98 27 redskap,
647 1364 56 21 dock
721 1364 76 20 endast
813 1364 6 20 i
835 1363 75 27 början
927 1363 23 21 af

192 1399 27 20 de
241 1399 7 20 i
272 1399 11 27 &
306 1401 14 18 4
339 1405 62 14 mom.
422 1400 8 19 1
453 1399 111 21 bestämda
579 1399 103 20 terminer
699 1398 39 21 och
755 1398 68 21 under
838 1398 73 27 tillsyn
928 1397 24 22 af

191 1433 122 20 kontrollör
336 1435 56 19 samt
414 1433 65 20 innan
503 1433 133 27 destillering
658 1440 25 14 ur
705 1433 61 20 mäsk
786 1433 37 20 der
844 1433 105 25 vidtager.
