1028 1664
239 117 26 19 76
442 115 25 23 U.
482 115 24 22 B.
522 128 27 3 —
565 115 65 29 Prop.
646 115 38 23 N:o
700 113 35 24 24.

279 180 31 22 På
325 181 70 27 grund
409 181 23 22 af
445 181 40 22 allt
501 181 37 22 det
553 181 69 28 sagda
636 181 23 22 få
673 181 21 22 vi
709 181 147 22 vödsammast
870 181 81 22 föreslå

383 224 31 19 att
435 222 117 21 ständerna
571 222 47 21 ville
637 221 81 22 besluta
734 223 31 20 att
779 221 189 28 bansträckningen

313 256 108 22 Nurmo—
428 257 104 27 Uleåborg
549 257 66 27 jemte
634 257 77 21 bihana
731 256 32 22 till
784 255 77 23 Gamla
875 255 94 28 Karleby

315 291 36 21 och
370 291 77 28 Yxpila
461 291 64 22 hamn
539 291 80 27 främst
632 292 66 21 måtte
713 291 89 27 utföras.

280 331 133 27 Helsingfors
429 331 41 22 den
487 333 26 20 19
529 331 60 28 April
607 333 61 20 1882.

279 376 26 23 A.
320 377 25 22 L.
361 377 144 29 Gripenberg.
703 377 24 22 0.
742 377 94 22 Donner.

280 411 24 22 H.
320 411 24 22 E.
360 411 144 23 Schroderus.
700 411 27 22 A.
743 411 24 22 0.
783 411 116 22 Snellman.

279 445 22 22 C.
317 445 24 23 6.
358 445 115 24 Sanmark.
702 446 24 22 6.
742 446 26 23 A.
783 446 97 29 Ingman.

280 480 23 21 P.
319 480 135 23 Päivärinta.

576 585 29 21 2.

281 628 73 24 Sedan
367 631 212 27 jernvägsutskottet
594 633 74 20 ansett
678 631 33 27 sig
720 631 54 22 böra
783 631 67 22 inläta
860 631 33 27 sig
904 631 62 27 uppä,

211 666 32 19 att
263 664 40 22 hos
321 664 86 23 landets
426 666 89 21 ständer
533 666 49 21 icke
602 666 94 21 allenast
714 665 86 27 föreslä,
815 665 86 22 hvilken
916 665 52 22 ban-

212 698 124 27 sträckning
353 699 7 21 i
377 699 40 22 den
437 701 108 20 närmaste
564 700 114 22 framtiden
694 700 68 21 borde
777 700 49 21 med
841 700 75 21 arbete
930 699 38 22 be-

211 733 82 27 läggas,
309 735 52 20 utan
377 733 60 23 äfven
454 734 111 22 hemställt
581 741 40 20 om,
633 737 33 19 att
677 735 118 21 ständerna
805 735 66 21 mätte
881 734 87 22 besluta

211 767 110 27 angäende
342 768 41 22 den
399 769 210 28 jernvägsbyggnad,
626 775 46 16 som
689 769 94 21 derefter
797 769 70 21 skulle
882 769 85 21 komma

211 804 33 19 att
263 802 33 21 till
316 803 113 22 utförande
449 803 116 28 företagas,
582 803 40 23 och
638 804 28 21 dä
682 803 61 22 detta
757 803 87 27 förslag,
862 805 58 19 utom
936 805 33 19 att

211 836 120 22 detsamma
345 837 90 22 innebär
451 839 32 21 ett
497 837 73 23 försök
586 840 33 20 att
634 839 28 26 gä
677 837 129 22 kommande
820 837 147 27 landtdagar
954 832 17 38 i

211 870 80 28 förväg,
311 871 6 22 i
337 872 34 27 sig
393 872 58 27 sjelft
472 874 64 26 utgör
556 874 33 21 ett
607 872 132 28 frängäende
758 872 46 22 frän
820 872 26 21 de
861 872 107 27 principer

212 905 40 22 och
275 905 41 22 den
339 907 96 26 ordning,
459 906 55 23 efter
532 907 73 22 hvilka
621 906 255 29 jernvägsbyggnaderna
896 906 7 21 i
920 907 49 21 värt

211 939 51 22 land
287 940 68 27 enligt
379 941 48 21 vårt
451 941 139 22 förmenande
613 941 69 22 borde
704 941 153 28 följdriktigast
879 941 89 21 fortsät-

211 977 41 23 tas,
273 974 26 22 sä
318 975 86 22 anhälla
418 976 21 21 vi
455 977 32 20 att
501 976 112 22 vördsamt
628 976 40 22 här
683 975 22 22 fä
720 976 69 21 uttala
804 976 37 21 vär
856 975 112 22 afvikande

211 1009 94 26 mening:

280 1043 114 22 Utskottet
413 1044 40 22 har
473 1045 33 21 väl
525 1045 72 22 säsom
614 1045 41 22 den
670 1045 69 22 första
755 1045 22 21 af
791 1044 26 22 de
832 1044 136 22 bantsträck-

211 1078 82 27 ningar,
315 1078 72 22 hvilka
405 1079 51 27 ingä
471 1079 31 22 uti
519 1079 37 22 det
571 1079 24 22 af
608 1080 110 21 utskottet
733 1079 126 28 uppdragna
874 1079 94 21 stamba-

211 1114 90 21 nenätet
322 1113 42 22 och
387 1114 71 21 säsom
481 1114 41 21 den
544 1114 86 22 hvilken
651 1114 71 22 skulle
741 1114 86 21 komma
847 1115 32 20 att
894 1113 76 22 främst

211 1147 48 22 med
269 1147 76 22 arbete
356 1147 111 28 beläggas,
479 1148 112 28 föreslagit
601 1149 107 22 bandelen
719 1148 120 22 Davidstad
850 1147 119 28 (eventuelt

211 1181 98 27 Kaipiais
327 1182 54 21 eller
399 1183 71 26 någon
489 1189 70 16 annan
574 1183 70 28 punkt
658 1183 29 28 pä
701 1183 65 22 linien
782 1182 188 22 Riihimäki—Wi-

211 1215 62 27 borg)
298 1216 98 27 Kuopio,
420 1223 55 21 men,
496 1217 6 21 i
522 1217 75 22 stället
617 1217 35 22 för
671 1219 34 20 att
723 1217 129 27 följdriktigt
866 1216 104 22 fortsätta

212 1251 71 21 denna
295 1250 169 29 bansträckning
478 1252 32 21 till
526 1252 50 22 dess
592 1252 108 27 naturliga
715 1251 119 27 slutpunkt,
851 1251 117 26 Uleäborg,

212 1284 93 22 afbrutit
325 1285 71 22 denna
415 1286 111 22 mellersta
541 1287 114 21 stambana
670 1287 36 21 vid
721 1286 92 27 Kuopio,
829 1285 34 22 för
878 1287 32 20 att
926 1285 42 22 den

211 1325 17 14 s.
243 1319 21 21 k.
281 1314 180 28 Österbottniska
478 1320 122 23 kustbanan
621 1320 96 23 derefter
737 1321 68 21 mätte
820 1320 33 21 till
870 1319 100 28 byggnad

211 1353 115 27 företagas.

280 1387 75 22 Ehuru
371 1389 114 26 utskottet,
501 1389 72 22 säsom
589 1396 26 15 ur
629 1389 150 22 betänkandet
793 1388 101 27 framgär,
909 1387 60 22 med-

211 1421 74 28 gifver,
301 1424 34 20 att
350 1423 66 22 sedan
434 1424 153 21 centralbanan
603 1424 83 26 dragits
697 1423 57 22 ända
764 1423 33 22 till
807 1422 110 27 Uleåborg
928 1422 40 22 den

281 1461 190 24 Jernvägsutskottets
484 1463 117 18 betänkande
613 1463 37 18 N:o
663 1464 16 16 1.
