1061 1706
187 179 12 18 6
345 176 72 23 Ständ.
433 176 43 22 Pet.
493 189 27 4 —
535 176 143 22 Petitionsbet.
694 176 34 22 N:o
743 176 30 23 14.

185 239 70 29 jemte
271 240 73 21 denna
366 239 149 29 näringsgren
536 239 185 29 monopoliserats
736 239 7 21 i
759 241 31 19 ett
810 238 57 22 fåtal
882 238 53 22 hän-

189 274 45 21 der.
256 274 12 21 I
283 274 56 28 följd
356 273 68 22 häraf
436 273 40 22 har
491 274 38 22 vid
541 273 136 29 försäljning
689 274 25 21 af
722 274 64 21 virke
796 273 52 21 från
855 273 80 21 krono-

188 308 113 28 skogarna
315 308 38 22 vid
368 308 120 22 Uleåträsk
499 308 56 22 ända
570 308 34 21 till
615 310 89 20 senaste
714 308 32 21 tid
755 308 84 28 erlagts
846 307 69 28 högst
923 310 12 18 3

187 343 64 21 mark
266 342 43 22 och
323 345 13 19 3
352 342 63 22 mark
430 344 27 20 25
472 342 68 30 penni
554 342 37 22 för
601 344 63 23 stam,
675 342 261 28 medan
760 338 15 38 i
786 342 150 28 angränsande

188 377 73 21 revier
275 377 52 21 vida
342 376 70 28 högre
427 378 45 27 pris
489 376 105 22 erhållits.
618 376 45 22 Det
679 380 24 18 är
717 376 134 29 uppenbart,
863 378 34 19 att
904 378 33 19 ett

187 410 71 29 högre
273 412 46 28 pris
334 411 45 21 kan
395 411 70 22 blifva
480 412 106 20 konstant
602 410 42 22 och
659 410 131 29 ytterligare
802 412 86 26 stegras
899 418 37 14 en-

189 446 49 22 dast
253 447 74 21 derest
342 447 141 21 konkurrens
498 446 81 22 mellan
594 446 54 22 fere
660 446 145 29 spekulanter
816 452 52 21 eger
878 453 57 14 rum.

255 482 46 21 Det
316 484 24 18 är
355 482 7 20 i
376 489 32 14 nu
423 482 95 21 anförda
532 480 191 29 omständigheter
739 488 48 14 som
796 480 140 21 hufvudskä-

189 516 31 21 let
235 516 72 28 ligger
322 516 36 21 för
374 516 26 22 de
417 516 70 22 banor
501 515 35 22 till
550 515 127 26 Uleäträsk,
693 515 78 21 hvilka
785 514 80 22 härvid
881 514 55 22 äro
926 510 15 38 i

188 550 71 28 fråga.
289 550 162 22 Underlättade
466 550 148 22 förbindelser
629 550 51 21 med
696 549 81 22 nämda
793 549 90 21 område
897 552 39 18 äro

189 584 26 22 af
227 587 47 19 stor
296 584 116 29 betydelse
434 585 35 21 för
492 584 104 22 städerna
614 584 116 28 Uleåborg
745 584 44 22 och
804 584 132 25 Brahestad,

188 627 53 14 men
262 619 36 22 för
320 622 74 20 staten
416 622 73 20 såsom
512 620 135 28 skogsegare
670 622 24 18 är
712 619 38 21 det
765 618 71 22 likaså
852 618 26 22 af
890 620 47 20 stor

188 654 56 28 vigt,
267 656 35 19 att
327 654 139 28 stockprisen
493 660 81 22 genom
598 654 138 21 tillkomsten
760 652 26 22 af
808 660 46 21 nya
876 653 61 21 kom-

188 688 214 22 munikationsleder
424 688 42 22 och
489 688 65 22 deraf
574 687 133 23 framkallad
723 687 57 21 ökad
795 688 142 21 konkurrens

188 724 77 27 uppnå
287 722 83 22 sådana
392 723 89 29 belopp,
505 730 48 14 som
575 722 70 22 redan
662 722 95 28 tidigare
772 722 100 21 erhållits
887 722 50 21 icke

189 757 58 21 blott
262 757 7 21 i
285 757 112 29 sydligare
412 760 54 18 utan
489 757 67 22 äfven
572 758 7 20 i
593 756 126 27 nordligare
734 756 138 22 forstrevier.
901 756 36 21 En

189 791 96 29 höjning
306 792 25 21 af
351 792 144 28 medelpriset
516 791 36 22 för
574 794 57 19 stam
653 791 51 21 med
727 791 79 21 endast
830 798 29 14 en
874 790 63 22 mark

189 826 73 21 skulle
277 826 70 22 redan
361 826 7 21 i
384 826 42 22 och
440 826 36 22 för
492 827 35 28 sig
541 829 113 19 motsvara
669 825 129 29 betydande
814 825 123 29 uppoffrin-

189 868 41 21 gar
244 860 52 22 från
311 861 145 21 statsverkets
480 861 48 22 sida
542 860 36 23 för
598 860 197 22 ästadkommande
811 860 25 21 af
847 860 90 28 jernvä-

189 902 41 21 gar
244 895 7 21 i
267 896 64 21 dessa
347 896 91 22 trakter.

257 930 51 21 Med
324 930 105 21 afseende
445 930 54 22 derä
514 932 32 20 att
561 930 88 28 vigtiga
662 929 275 29 jernvägsanläggningar

189 964 8 21 i
212 964 59 22 olika
289 965 61 21 delar
368 964 25 22 af
405 964 77 22 landet
497 965 35 21 för
547 964 141 22 närvarande
703 967 54 25 taga
772 966 84 19 statens
872 964 65 21 verk-

189 999 87 21 samhet
291 998 43 22 och
348 998 72 22 medel
435 999 8 20 i
457 999 103 29 anspräk,
576 998 125 28 hvarjemte
717 998 126 22 Ständerna
856 998 36 21 för
903 998 34 21 sin

190 1033 36 21 del
240 1033 82 25 funnit,
338 1036 32 18 att
386 1032 67 22 äfven
468 1034 70 21 andra
555 1033 68 21 banor
638 1032 55 22 böra
702 1033 73 21 under
785 1032 152 22 instundande

189 1067 152 28 finansperiod
363 1067 50 21 med
436 1067 76 22 arbete
534 1067 113 28 beläggas,
663 1067 63 22 torde
742 1067 38 21 det
795 1066 49 21 icke
860 1066 77 22 kunna

188 1101 90 22 komma
293 1102 8 20 i
316 1101 64 28 fråga
394 1103 33 19 att
442 1101 130 29 någondera
582 1101 25 21 af
615 1100 96 29 linjerna
730 1101 127 28 Uleäborg—
869 1096 67 39 Vaala

189 1136 54 21 eller
257 1135 185 29 Lappi—Nissilä
457 1136 72 21 under
540 1136 44 21 den
594 1138 112 19 närmaste
716 1135 122 22 framtiden
848 1135 89 22 komme

189 1170 34 21 till
244 1169 120 22 utförande
387 1171 72 20 säsom
479 1170 120 21 statsbana.
625 1169 107 22 Deremot
747 1177 68 20 synes
830 1169 38 22 det
882 1177 55 14 vara

189 1204 115 28 päkalladt
319 1206 38 23 att,
371 1204 28 21 dä
410 1205 126 27 respektive
547 1204 157 21 ortsintressen
713 1204 94 27 betinga
818 1203 27 22 de
855 1204 82 21 nämda

189 1238 111 20 banornas
315 1238 115 24 tillkomst,
446 1239 50 19 med
513 1238 27 21 de
556 1238 88 20 relativt
659 1238 88 20 mindre
762 1237 128 27 betydande
901 1238 36 20 be-

188 1271 61 27 lopp,
271 1277 49 14 som
341 1270 36 21 för
399 1271 80 20 sädant
494 1270 103 21 ändamäl
612 1270 117 26 erfordras,
745 1270 138 22 understöda
900 1271 38 20 det

188 1305 89 28 privata.
291 1304 125 22 initiativet.

256 1339 51 21 Med
331 1339 105 22 afseende
452 1341 12 19 å
479 1339 74 21 banan
574 1334 135 37 Uleäborg—
717 1334 78 37 Vaala,
814 1339 67 22 hvars
901 1339 36 22 be-

188 1373 87 29 tydelse
291 1373 95 29 tidigare
399 1373 40 22 vid
450 1373 108 22 särskilda
568 1373 168 22 ständermöten
746 1373 76 22 blifvit
833 1373 104 29 utförligt

188 1407 141 27 framhällen,
340 1408 63 22 torde
411 1409 76 27 nägon
499 1410 103 19 närmare
613 1408 136 29 motivering
759 1407 19 30 ej
793 1416 56 14 vara
860 1409 76 28 nödig.

255 1443 68 21 Hvad
339 1445 46 20 äter
401 1442 106 22 beträffar
522 1442 108 29 förslaget
646 1450 36 14 om
697 1450 28 14 en
740 1442 51 23 frän
806 1443 74 30 Lappi
895 1447 42 18 sta-

189 1478 48 21 tion
251 1477 34 21 till
300 1477 202 28 Iisalmi-Kajana
517 1477 74 22 banan
607 1477 85 28 dragen
701 1477 104 29 jernväg,
817 1478 72 22 skulle
899 1480 39 19 nä-
