1061 1709
202 181 13 19 4
407 160 247 49 Petitionsbetänkande
671 176 36 23 N:o
724 176 32 22 14.

276 242 48 28 »att
355 241 201 24 förstkommande
584 241 113 29 landtdag
720 240 73 24 måtte
817 240 132 30 föreläggas

204 277 72 30 nådig
299 279 142 28 proposition
466 277 123 30 angående
613 277 138 30 byggandet
766 277 24 23 af
806 284 28 16 en
850 277 99 22 normal-

204 315 80 29 spårig
304 315 104 28 järnväg
423 314 8 21 i
447 313 150 23 härförinnan
622 313 105 23 tekniskt
745 313 131 23 undersökt
893 313 56 22 rikt-

205 351 58 28 ning
286 349 54 23 från
355 349 104 23 Värtsilä
475 350 85 22 station
577 349 35 22 till
628 349 85 22 Lieksa
729 349 31 29 by
776 350 8 21 i
798 349 149 29 Pielisjärvi.*

276 386 36 22 Dä
336 386 34 22 tre
393 384 82 24 ständs
499 385 256 23 sammanstämmande
776 385 77 22 beslut
867 385 84 22 härvid

206 421 53 23 med
284 421 107 24 afseende
416 421 14 22 å
454 421 44 23 den
522 421 63 23 förra
607 421 121 23 klämmen
751 421 132 30 föreligger,
907 421 44 23 och

206 457 45 23 den
274 464 89 21 senare,
387 457 108 23 fränsedt
518 457 39 23 det
581 457 24 22 af
628 457 170 29 Ridderskapet
814 457 42 22 och
872 457 78 22 Adeln

208 493 54 23 med
286 493 109 23 afseende
412 493 14 22 ä
442 493 76 29 öfriga
533 493 89 23 besluts
638 493 116 23 invärkan
769 494 31 29 pä
816 493 39 23 det
871 493 80 23 defini-

207 531 48 21 tiva
279 530 123 23 resultatet
425 529 83 30 gjorda
531 529 120 27 förbehäll,
675 529 134 23 äfvenledes
830 529 122 23 omfattats

208 565 25 23 af
248 567 35 21 tre
300 565 75 28 ständ,
391 565 87 23 tilläter
494 567 37 28 sig
545 565 122 24 Utskottet
682 565 121 23 vördsamt
818 565 96 23 föreslä:

494 616 32 19 att
551 614 26 21 de
601 614 28 27 af
648 613 106 23 Utskottet
777 613 8 22 i
808 613 145 29 förevarande

421 650 67 28 fråga
500 650 78 28 gjorda
591 650 86 28 förslag
684 650 66 22 måtte
762 650 29 28 af
794 650 100 22 Ständen
902 650 51 28 god-

424 687 92 21 kännas.

280 734 115 30 Slutligen
416 734 42 23 har
478 734 54 23 med
548 734 111 23 afseende
675 733 14 24 å
704 734 132 23 Utskottets
852 734 41 23 sid.
913 737 40 20 159

210 770 24 23 af
257 770 161 24 betänkandet
436 770 83 30 gjorda
534 771 89 29 förslag
639 769 147 25 beträffande
803 770 39 24 det
857 770 97 24 totalbe-

209 807 59 30 lopp,
293 813 51 17 som
360 806 72 23 borde
449 808 93 22 anvisas
559 808 34 22 att
609 814 27 15 ur
651 807 304 23 kommunikationsfonden

210 844 58 30 utgå
283 844 8 22 i
307 842 166 24 subventioner
489 844 25 22 åt
529 842 108 24 enskilda
650 844 136 29 järnvägar,
802 843 44 23 den
863 844 92 22 erinran

211 879 23 24 af
250 879 171 30 Ridderskapet
436 879 43 23 och
495 879 74 24 Adeln
585 881 80 28 gjorts,
683 881 34 21 att
733 879 72 24 sådan
818 880 137 29 förändring

211 915 71 24 borde
298 916 7 22 i
321 915 251 30 resolutionsförslaget
595 915 115 30 vidtagas,
734 922 50 17 som
808 915 147 24 föranleddes

212 951 24 24 af
258 951 106 24 ståndets
381 951 99 30 tidigare
496 953 8 22 i
520 951 126 30 anledning
666 951 25 24 af
706 952 154 23 förevarande
875 952 80 23 betän-

211 987 79 24 kande
313 987 90 24 fattade
426 988 85 28 beslut,
535 995 55 16 men
612 988 101 27 komme,
730 987 79 24 därest
824 988 133 23 Utskottets

213 1023 70 24 ofvan
301 1023 82 30 gjorda
399 1023 89 30 förslag
503 1025 72 22 vinna
590 1024 115 23 Ståndens
722 1024 178 29 godkännande,
917 1023 39 24 nå-

212 1066 47 23 gon
286 1060 101 29 ändring
411 1060 24 22 af
458 1060 262 29 resolutionsförslagets
744 1060 88 29 lydelse
854 1060 53 23 icke
923 1061 35 22 att

212 1096 74 23 blifva
302 1095 143 30 erforderlig.

284 1162 10 22 I
317 1162 372 30 sammanjämkningsförslagets
714 1162 150 29 uppgörande
887 1161 71 23 hafva

214 1198 98 29 deltagit
328 1198 155 23 ordföranden
498 1199 97 22 friherre
605 1199 24 22 E.
644 1198 25 23 G.
679 1199 98 22 Palmen
787 1199 62 22 samt
857 1198 100 22 ledamö-

214 1236 66 21 terne
303 1234 80 23 herrar
406 1234 27 23 A.
458 1235 23 22 F.
500 1234 111 27 Granfelt,
627 1234 35 29 Hj.
680 1234 97 27 Schildt,
793 1234 27 22 A.
838 1234 24 22 F.
879 1233 78 28 Tiger-

214 1268 68 28 stedt,
305 1269 116 29 Hedberg,
445 1269 110 27 Hallstön,
580 1269 24 22 F.
629 1269 27 22 A.
673 1269 109 27 Juselius,
800 1268 24 23 C.
841 1268 24 23 E.
882 1268 75 22 Holm-

214 1305 64 29 berg,
302 1304 171 30 Schybergson,
498 1304 120 30 Tallgvist,
641 1304 105 28 Avellan,
763 1304 136 27 Kokkonen,
916 1303 43 23 och

214 1340 115 24 Pitkänen
353 1340 120 23 äfvensom
498 1340 177 30 suppleanterne
695 1340 97 24 friherre
816 1340 144 30 Gripenberg

215 1379 61 23 samt
292 1378 79 23 herrar
387 1378 105 22 Ilmanen
509 1377 42 23 och
567 1377 79 23 Roiha.

286 1420 150 30 Helsingfors,
453 1420 45 23 den
514 1424 28 19 28
558 1420 45 29 Maj
623 1423 62 19 1900.

285 1512 126 23 Helsingfors,
424 1511 60 18 Finsk
497 1510 102 18 Tidskrifts
612 1510 91 23 Tryckeri
715 1509 120 23 Aktiebolag,
850 1509 51 18 1900.
