<?xml version="1.0" encoding="UTF-8"?>
<alto xmlns="http://www.loc.gov/standards/alto/ns-v3#" xmlns:xlink="http://www.w3.org/1999/xlink" xmlns:xsi="http://www.w3.org/2001/XMLSchema-instance" xsi:schemaLocation="http://www.loc.gov/standards/alto/ns-v3# http://www.loc.gov/alto/v3/alto-3-0.xsd">
	<Description>
		<MeasurementUnit>pixel</MeasurementUnit>
		<sourceImageInformation>
			<fileName>/tmp/tess_9nboblc0_input.PNG</fileName>
		</sourceImageInformation>
		<OCRProcessing ID="OCR_0">
			<ocrProcessingStep>
				<processingSoftware>
					<softwareName>tesseract 5.3.4</softwareName>
				</processingSoftware>
			</ocrProcessingStep>
		</OCRProcessing>
	</Description>
	<Layout>
		<Page WIDTH="1067" HEIGHT="1709" PHYSICAL_IMG_NR="0" ID="page_0">
			<PrintSpace HPOS="0" VPOS="0" WIDTH="1067" HEIGHT="1709">
				<ComposedBlock ID="cblock_0" HPOS="231" VPOS="164" WIDTH="542" HEIGHT="22">
					<TextBlock ID="block_0" HPOS="231" VPOS="164" WIDTH="542" HEIGHT="22">
						<TextLine ID="line_0" HPOS="231" VPOS="164" WIDTH="542" HEIGHT="22">
							<String ID="string_0" HPOS="231" VPOS="166" WIDTH="11" HEIGHT="19" WC="0.96" CONTENT="2"/><SP WIDTH="148" VPOS="166" HPOS="242"/>
							<String ID="string_1" HPOS="390" VPOS="164" WIDTH="275" HEIGHT="22" WC="0.91" CONTENT="Petitionsbetänkande"/><SP WIDTH="17" VPOS="164" HPOS="665"/>
							<String ID="string_2" HPOS="682" VPOS="164" WIDTH="41" HEIGHT="22" WC="0.95" CONTENT="N:o"/><SP WIDTH="16" VPOS="164" HPOS="723"/>
							<String ID="string_3" HPOS="739" VPOS="164" WIDTH="34" HEIGHT="21" WC="0.95" CONTENT="11."/>
						</TextLine>
					</TextBlock>
				</ComposedBlock>
				<ComposedBlock ID="cblock_1" HPOS="198" VPOS="233" WIDTH="755" HEIGHT="1256">
					<TextBlock ID="block_1" HPOS="200" VPOS="233" WIDTH="750" HEIGHT="84">
						<TextLine ID="line_1" HPOS="201" VPOS="233" WIDTH="749" HEIGHT="26">
							<String ID="string_4" HPOS="201" VPOS="234" WIDTH="92" HEIGHT="25" WC="0.93" CONTENT="terligare"/><SP WIDTH="15" VPOS="234" HPOS="293"/>
							<String ID="string_5" HPOS="308" VPOS="234" WIDTH="71" HEIGHT="25" WC="0.96" CONTENT="skärpa"/><SP WIDTH="14" VPOS="234" HPOS="379"/>
							<String ID="string_6" HPOS="393" VPOS="240" WIDTH="98" HEIGHT="13" WC="0.96" CONTENT="censuren"/><SP WIDTH="14" VPOS="240" HPOS="491"/>
							<String ID="string_7" HPOS="505" VPOS="234" WIDTH="37" HEIGHT="19" WC="0.96" CONTENT="och"/><SP WIDTH="14" VPOS="234" HPOS="542"/>
							<String ID="string_8" HPOS="556" VPOS="234" WIDTH="64" HEIGHT="19" WC="0.96" CONTENT="införa"/><SP WIDTH="14" VPOS="234" HPOS="620"/>
							<String ID="string_9" HPOS="634" VPOS="236" WIDTH="29" HEIGHT="17" WC="0.93" CONTENT="ett"/><SP WIDTH="15" VPOS="236" HPOS="663"/>
							<String ID="string_10" HPOS="678" VPOS="234" WIDTH="116" HEIGHT="19" WC="0.91" CONTENT="drakoniskt"/><SP WIDTH="16" VPOS="234" HPOS="794"/>
							<String ID="string_11" HPOS="810" VPOS="233" WIDTH="140" HEIGHT="25" WC="0.90" CONTENT="indragnings-"/>
						</TextLine>
						<TextLine ID="line_2" HPOS="201" VPOS="262" WIDTH="749" HEIGHT="26">
							<String ID="string_12" HPOS="201" VPOS="265" WIDTH="76" HEIGHT="23" WC="0.96" CONTENT="system"/><SP WIDTH="22" VPOS="265" HPOS="277"/>
							<String ID="string_13" HPOS="299" VPOS="263" WIDTH="29" HEIGHT="19" WC="0.96" CONTENT="för"/><SP WIDTH="23" VPOS="263" HPOS="328"/>
							<String ID="string_14" HPOS="351" VPOS="262" WIDTH="106" HEIGHT="25" WC="0.96" CONTENT="tidningar,"/><SP WIDTH="16" VPOS="262" HPOS="457"/>
							<String ID="string_15" HPOS="473" VPOS="268" WIDTH="44" HEIGHT="14" WC="0.96" CONTENT="som"/><SP WIDTH="16" VPOS="268" HPOS="517"/>
							<String ID="string_16" HPOS="533" VPOS="263" WIDTH="59" HEIGHT="19" WC="0.96" CONTENT="redan"/><SP WIDTH="12" VPOS="263" HPOS="592"/>
							<String ID="string_17" HPOS="604" VPOS="263" WIDTH="42" HEIGHT="19" WC="0.93" CONTENT="före"/><SP WIDTH="15" VPOS="263" HPOS="646"/>
							<String ID="string_18" HPOS="661" VPOS="263" WIDTH="124" HEIGHT="25" WC="0.91" CONTENT="utgifvandet"/><SP WIDTH="15" VPOS="263" HPOS="785"/>
							<String ID="string_19" HPOS="800" VPOS="262" WIDTH="96" HEIGHT="25" WC="0.96" CONTENT="granskas"/><SP WIDTH="16" VPOS="262" HPOS="896"/>
							<String ID="string_20" HPOS="912" VPOS="262" WIDTH="38" HEIGHT="19" WC="0.96" CONTENT="och"/>
						</TextLine>
						<TextLine ID="line_3" HPOS="200" VPOS="291" WIDTH="402" HEIGHT="26">
							<String ID="string_21" HPOS="200" VPOS="292" WIDTH="115" HEIGHT="25" WC="0.95" CONTENT="godkännas"/><SP WIDTH="15" VPOS="292" HPOS="315"/>
							<String ID="string_22" HPOS="330" VPOS="292" WIDTH="21" HEIGHT="18" WC="0.96" CONTENT="af"/><SP WIDTH="15" VPOS="292" HPOS="351"/>
							<String ID="string_23" HPOS="366" VPOS="291" WIDTH="145" HEIGHT="20" WC="0.96" CONTENT="vederbörande"/><SP WIDTH="15" VPOS="291" HPOS="511"/>
							<String ID="string_24" HPOS="526" VPOS="297" WIDTH="76" HEIGHT="14" WC="0.96" CONTENT="censor."/>
						</TextLine>
					</TextBlock>
					<TextBlock ID="block_2" HPOS="200" VPOS="320" WIDTH="752" HEIGHT="258">
						<TextLine ID="line_4" HPOS="269" VPOS="320" WIDTH="683" HEIGHT="25">
							<String ID="string_25" HPOS="269" VPOS="320" WIDTH="44" HEIGHT="20" WC="0.95" CONTENT="Den"/><SP WIDTH="20" VPOS="320" HPOS="313"/>
							<String ID="string_26" HPOS="333" VPOS="320" WIDTH="118" HEIGHT="25" WC="0.95" CONTENT="befogenhet"/><SP WIDTH="18" VPOS="320" HPOS="451"/>
							<String ID="string_27" HPOS="469" VPOS="326" WIDTH="42" HEIGHT="13" WC="0.96" CONTENT="som"/><SP WIDTH="19" VPOS="326" HPOS="511"/>
							<String ID="string_28" HPOS="530" VPOS="320" WIDTH="83" HEIGHT="20" WC="0.93" CONTENT="sålunda"/><SP WIDTH="14" VPOS="320" HPOS="613"/>
							<String ID="string_29" HPOS="627" VPOS="320" WIDTH="111" HEIGHT="19" WC="0.92" CONTENT="tillerkänts"/><SP WIDTH="16" VPOS="320" HPOS="738"/>
							<String ID="string_30" HPOS="754" VPOS="320" WIDTH="25" HEIGHT="19" WC="0.96" CONTENT="de"/><SP WIDTH="14" VPOS="320" HPOS="779"/>
							<String ID="string_31" HPOS="793" VPOS="320" WIDTH="159" HEIGHT="19" WC="0.96" CONTENT="administrativa"/>
						</TextLine>
						<TextLine ID="line_5" HPOS="202" VPOS="348" WIDTH="750" HEIGHT="26">
							<String ID="string_32" HPOS="202" VPOS="349" WIDTH="165" HEIGHT="25" WC="0.96" CONTENT="myndigheterna"/><SP WIDTH="14" VPOS="349" HPOS="367"/>
							<String ID="string_33" HPOS="381" VPOS="349" WIDTH="35" HEIGHT="19" WC="0.96" CONTENT="har"/><SP WIDTH="15" VPOS="349" HPOS="416"/>
							<String ID="string_34" HPOS="431" VPOS="349" WIDTH="50" HEIGHT="19" WC="0.96" CONTENT="dock"/><SP WIDTH="22" VPOS="349" HPOS="481"/>
							<String ID="string_35" HPOS="503" VPOS="349" WIDTH="50" HEIGHT="19" WC="0.96" CONTENT="ända"/><SP WIDTH="15" VPOS="349" HPOS="553"/>
							<String ID="string_36" HPOS="568" VPOS="349" WIDTH="29" HEIGHT="19" WC="0.94" CONTENT="till"/><SP WIDTH="16" VPOS="349" HPOS="597"/>
							<String ID="string_37" HPOS="613" VPOS="349" WIDTH="29" HEIGHT="19" WC="0.96" CONTENT="för"/><SP WIDTH="15" VPOS="349" HPOS="642"/>
							<String ID="string_38" HPOS="657" VPOS="351" WIDTH="29" HEIGHT="17" WC="0.96" CONTENT="ett"/><SP WIDTH="15" VPOS="351" HPOS="686"/>
							<String ID="string_39" HPOS="701" VPOS="348" WIDTH="22" HEIGHT="20" WC="0.96" CONTENT="år"/><SP WIDTH="12" VPOS="348" HPOS="723"/>
							<String ID="string_40" HPOS="735" VPOS="349" WIDTH="60" HEIGHT="19" WC="0.91" CONTENT="sedan"/><SP WIDTH="13" VPOS="349" HPOS="795"/>
							<String ID="string_41" HPOS="808" VPOS="349" WIDTH="87" HEIGHT="19" WC="0.91" CONTENT="utöfvats"/><SP WIDTH="11" VPOS="349" HPOS="895"/>
							<String ID="string_42" HPOS="906" VPOS="349" WIDTH="46" HEIGHT="19" WC="0.96" CONTENT="med"/>
						</TextLine>
						<TextLine ID="line_6" HPOS="200" VPOS="377" WIDTH="750" HEIGHT="26">
							<String ID="string_43" HPOS="200" VPOS="384" WIDTH="25" HEIGHT="14" WC="0.96" CONTENT="en"/><SP WIDTH="17" VPOS="384" HPOS="225"/>
							<String ID="string_44" HPOS="242" VPOS="378" WIDTH="40" HEIGHT="20" WC="0.96" CONTENT="viss"/><SP WIDTH="15" VPOS="378" HPOS="282"/>
							<String ID="string_45" HPOS="297" VPOS="378" WIDTH="49" HEIGHT="25" WC="0.96" CONTENT="grad"/><SP WIDTH="14" VPOS="378" HPOS="346"/>
							<String ID="string_46" HPOS="360" VPOS="378" WIDTH="20" HEIGHT="19" WC="0.96" CONTENT="af"/><SP WIDTH="14" VPOS="378" HPOS="380"/>
							<String ID="string_47" HPOS="394" VPOS="378" WIDTH="86" HEIGHT="24" WC="0.95" CONTENT="hänsyn,"/><SP WIDTH="21" VPOS="378" HPOS="480"/>
							<String ID="string_48" HPOS="501" VPOS="377" WIDTH="75" HEIGHT="20" WC="0.96" CONTENT="hvilket"/><SP WIDTH="20" VPOS="377" HPOS="576"/>
							<String ID="string_49" HPOS="596" VPOS="377" WIDTH="85" HEIGHT="25" WC="0.96" CONTENT="framgår"/><SP WIDTH="20" VPOS="377" HPOS="681"/>
							<String ID="string_50" HPOS="701" VPOS="378" WIDTH="55" HEIGHT="19" WC="0.96" CONTENT="deraf"/><SP WIDTH="17" VPOS="378" HPOS="756"/>
							<String ID="string_51" HPOS="773" VPOS="379" WIDTH="30" HEIGHT="18" WC="0.96" CONTENT="att"/><SP WIDTH="15" VPOS="379" HPOS="803"/>
							<String ID="string_52" HPOS="818" VPOS="378" WIDTH="61" HEIGHT="19" WC="0.96" CONTENT="sedan"/><SP WIDTH="17" VPOS="378" HPOS="879"/>
							<String ID="string_53" HPOS="896" VPOS="378" WIDTH="54" HEIGHT="19" WC="0.96" CONTENT="1867"/>
						</TextLine>
						<TextLine ID="line_7" HPOS="200" VPOS="406" WIDTH="751" HEIGHT="26">
							<String ID="string_54" HPOS="200" VPOS="407" WIDTH="31" HEIGHT="19" WC="0.96" CONTENT="till"/><SP WIDTH="15" VPOS="407" HPOS="231"/>
							<String ID="string_55" HPOS="246" VPOS="406" WIDTH="100" HEIGHT="26" WC="0.96" CONTENT="ingången"/><SP WIDTH="21" VPOS="406" HPOS="346"/>
							<String ID="string_56" HPOS="367" VPOS="407" WIDTH="20" HEIGHT="19" WC="0.92" CONTENT="af"/><SP WIDTH="19" VPOS="407" HPOS="387"/>
							<String ID="string_57" HPOS="406" VPOS="406" WIDTH="85" HEIGHT="20" WC="0.91" CONTENT="sistlidet"/><SP WIDTH="18" VPOS="406" HPOS="491"/>
							<String ID="string_58" HPOS="509" VPOS="406" WIDTH="21" HEIGHT="20" WC="0.96" CONTENT="år"/><SP WIDTH="16" VPOS="406" HPOS="530"/>
							<String ID="string_59" HPOS="546" VPOS="407" WIDTH="71" HEIGHT="19" WC="0.96" CONTENT="endast"/><SP WIDTH="20" VPOS="407" HPOS="617"/>
							<String ID="string_60" HPOS="637" VPOS="412" WIDTH="24" HEIGHT="14" WC="0.96" CONTENT="en"/><SP WIDTH="16" VPOS="412" HPOS="661"/>
							<String ID="string_61" HPOS="677" VPOS="406" WIDTH="78" HEIGHT="25" WC="0.96" CONTENT="tidning"/><SP WIDTH="15" VPOS="406" HPOS="755"/>
							<String ID="string_62" HPOS="770" VPOS="406" WIDTH="66" HEIGHT="19" WC="0.96" CONTENT="blifvit"/><SP WIDTH="15" VPOS="406" HPOS="836"/>
							<String ID="string_63" HPOS="851" VPOS="406" WIDTH="100" HEIGHT="25" WC="0.95" CONTENT="indragen."/>
						</TextLine>
						<TextLine ID="line_8" HPOS="200" VPOS="435" WIDTH="751" HEIGHT="25">
							<String ID="string_64" HPOS="200" VPOS="436" WIDTH="72" HEIGHT="19" WC="0.96" CONTENT="Härtill"/><SP WIDTH="16" VPOS="436" HPOS="272"/>
							<String ID="string_65" HPOS="288" VPOS="436" WIDTH="88" HEIGHT="18" WC="0.96" CONTENT="kommer"/><SP WIDTH="21" VPOS="436" HPOS="376"/>
							<String ID="string_66" HPOS="397" VPOS="437" WIDTH="29" HEIGHT="17" WC="0.96" CONTENT="att"/><SP WIDTH="22" VPOS="437" HPOS="426"/>
							<String ID="string_67" HPOS="448" VPOS="435" WIDTH="64" HEIGHT="19" WC="0.96" CONTENT="under"/><SP WIDTH="22" VPOS="435" HPOS="512"/>
							<String ID="string_68" HPOS="534" VPOS="436" WIDTH="65" HEIGHT="19" WC="0.96" CONTENT="denna"/><SP WIDTH="15" VPOS="436" HPOS="599"/>
							<String ID="string_69" HPOS="614" VPOS="435" WIDTH="28" HEIGHT="19" WC="0.96" CONTENT="tid"/><SP WIDTH="16" VPOS="435" HPOS="642"/>
							<String ID="string_70" HPOS="658" VPOS="435" WIDTH="42" HEIGHT="19" WC="0.96" CONTENT="icke"/><SP WIDTH="15" VPOS="435" HPOS="700"/>
							<String ID="string_71" HPOS="715" VPOS="435" WIDTH="89" HEIGHT="19" WC="0.96" CONTENT="inträffat"/><SP WIDTH="14" VPOS="435" HPOS="804"/>
							<String ID="string_72" HPOS="818" VPOS="437" WIDTH="29" HEIGHT="17" WC="0.96" CONTENT="att"/><SP WIDTH="16" VPOS="437" HPOS="847"/>
							<String ID="string_73" HPOS="863" VPOS="435" WIDTH="88" HEIGHT="25" WC="0.96" CONTENT="myndig,"/>
						</TextLine>
						<TextLine ID="line_9" HPOS="201" VPOS="464" WIDTH="751" HEIGHT="25">
							<String ID="string_74" HPOS="201" VPOS="464" WIDTH="108" HEIGHT="25" WC="0.92" CONTENT="välfrejdad"/><SP WIDTH="20" VPOS="464" HPOS="309"/>
							<String ID="string_75" HPOS="329" VPOS="464" WIDTH="52" HEIGHT="19" WC="0.96" CONTENT="finsk"/><SP WIDTH="21" VPOS="464" HPOS="381"/>
							<String ID="string_76" HPOS="402" VPOS="464" WIDTH="127" HEIGHT="24" WC="0.95" CONTENT="medborgare"/><SP WIDTH="21" VPOS="464" HPOS="529"/>
							<String ID="string_77" HPOS="550" VPOS="464" WIDTH="65" HEIGHT="19" WC="0.96" CONTENT="skulle"/><SP WIDTH="16" VPOS="464" HPOS="615"/>
							<String ID="string_78" HPOS="631" VPOS="465" WIDTH="79" HEIGHT="23" WC="0.96" CONTENT="vägrats"/><SP WIDTH="17" VPOS="465" HPOS="710"/>
							<String ID="string_79" HPOS="727" VPOS="464" WIDTH="90" HEIGHT="18" WC="0.96" CONTENT="tillstånd"/><SP WIDTH="14" VPOS="464" HPOS="817"/>
							<String ID="string_80" HPOS="831" VPOS="465" WIDTH="30" HEIGHT="17" WC="0.93" CONTENT="att"/><SP WIDTH="14" VPOS="465" HPOS="861"/>
							<String ID="string_81" HPOS="875" VPOS="464" WIDTH="77" HEIGHT="24" WC="0.91" CONTENT="utgifva"/>
						</TextLine>
						<TextLine ID="line_10" HPOS="200" VPOS="491" WIDTH="751" HEIGHT="27">
							<String ID="string_82" HPOS="200" VPOS="493" WIDTH="100" HEIGHT="25" WC="0.95" CONTENT="periodisk"/><SP WIDTH="19" VPOS="493" HPOS="300"/>
							<String ID="string_83" HPOS="319" VPOS="492" WIDTH="62" HEIGHT="22" WC="0.96" CONTENT="skrift,"/><SP WIDTH="23" VPOS="492" HPOS="381"/>
							<String ID="string_84" HPOS="404" VPOS="492" WIDTH="69" HEIGHT="20" WC="0.93" CONTENT="medan"/><SP WIDTH="23" VPOS="492" HPOS="473"/>
							<String ID="string_85" HPOS="496" VPOS="492" WIDTH="88" HEIGHT="20" WC="0.93" CONTENT="deremot"/><SP WIDTH="20" VPOS="492" HPOS="584"/>
							<String ID="string_86" HPOS="604" VPOS="492" WIDTH="63" HEIGHT="20" WC="0.92" CONTENT="under"/><SP WIDTH="15" VPOS="492" HPOS="667"/>
							<String ID="string_87" HPOS="682" VPOS="492" WIDTH="87" HEIGHT="20" WC="0.90" CONTENT="sistlidet"/><SP WIDTH="14" VPOS="492" HPOS="769"/>
							<String ID="string_88" HPOS="783" VPOS="492" WIDTH="23" HEIGHT="19" WC="0.96" CONTENT="år"/><SP WIDTH="15" VPOS="492" HPOS="806"/>
							<String ID="string_89" HPOS="821" VPOS="492" WIDTH="6" HEIGHT="19" WC="0.96" CONTENT="i"/><SP WIDTH="16" VPOS="492" HPOS="827"/>
							<String ID="string_90" HPOS="843" VPOS="492" WIDTH="24" HEIGHT="19" WC="0.95" CONTENT="de"/><SP WIDTH="15" VPOS="492" HPOS="867"/>
							<String ID="string_91" HPOS="882" VPOS="492" WIDTH="20" HEIGHT="19" WC="0.95" CONTENT="få"/><SP WIDTH="15" VPOS="492" HPOS="902"/>
							<String ID="string_92" HPOS="917" VPOS="491" WIDTH="34" HEIGHT="21" WC="0.95" CONTENT="fall"/>
						</TextLine>
						<TextLine ID="line_11" HPOS="201" VPOS="521" WIDTH="751" HEIGHT="25">
							<String ID="string_93" HPOS="201" VPOS="521" WIDTH="91" HEIGHT="20" WC="0.96" CONTENT="tillstånd"/><SP WIDTH="23" VPOS="521" HPOS="292"/>
							<String ID="string_94" HPOS="315" VPOS="521" WIDTH="30" HEIGHT="19" WC="0.95" CONTENT="till"/><SP WIDTH="22" VPOS="521" HPOS="345"/>
							<String ID="string_95" HPOS="367" VPOS="521" WIDTH="88" HEIGHT="25" WC="0.89" CONTENT="tidnings"/><SP WIDTH="22" VPOS="521" HPOS="455"/>
							<String ID="string_96" HPOS="477" VPOS="522" WIDTH="115" HEIGHT="24" WC="0.89" CONTENT="utgifvande"/><SP WIDTH="23" VPOS="522" HPOS="592"/>
							<String ID="string_97" HPOS="615" VPOS="521" WIDTH="114" HEIGHT="25" WC="0.90" CONTENT="medgifvits"/><SP WIDTH="20" VPOS="521" HPOS="729"/>
							<String ID="string_98" HPOS="749" VPOS="521" WIDTH="54" HEIGHT="19" WC="0.96" CONTENT="detta"/><SP WIDTH="15" VPOS="521" HPOS="803"/>
							<String ID="string_99" HPOS="818" VPOS="521" WIDTH="53" HEIGHT="19" WC="0.96" CONTENT="skett"/><SP WIDTH="17" VPOS="521" HPOS="871"/>
							<String ID="string_100" HPOS="888" VPOS="521" WIDTH="64" HEIGHT="19" WC="0.95" CONTENT="under"/>
						</TextLine>
						<TextLine ID="line_12" HPOS="201" VPOS="550" WIDTH="417" HEIGHT="28">
							<String ID="string_101" HPOS="201" VPOS="550" WIDTH="116" HEIGHT="28" WC="0.92" CONTENT="oantagliga,"/><SP WIDTH="15" VPOS="550" HPOS="317"/>
							<String ID="string_102" HPOS="332" VPOS="550" WIDTH="6" HEIGHT="19" WC="0.96" CONTENT="i"/><SP WIDTH="16" VPOS="550" HPOS="338"/>
							<String ID="string_103" HPOS="354" VPOS="550" WIDTH="33" HEIGHT="24" WC="0.96" CONTENT="lag"/><SP WIDTH="14" VPOS="550" HPOS="387"/>
							<String ID="string_104" HPOS="401" VPOS="550" WIDTH="16" HEIGHT="24" WC="0.95" CONTENT="ej"/><SP WIDTH="16" VPOS="550" HPOS="417"/>
							<String ID="string_105" HPOS="433" VPOS="550" WIDTH="102" HEIGHT="24" WC="0.95" CONTENT="grundade"/><SP WIDTH="16" VPOS="550" HPOS="535"/>
							<String ID="string_106" HPOS="551" VPOS="550" WIDTH="67" HEIGHT="19" WC="0.96" CONTENT="vilkor."/>
						</TextLine>
					</TextBlock>
					<TextBlock ID="block_3" HPOS="199" VPOS="578" WIDTH="754" HEIGHT="626">
						<TextLine ID="line_13" HPOS="269" VPOS="578" WIDTH="682" HEIGHT="25">
							<String ID="string_107" HPOS="269" VPOS="579" WIDTH="64" HEIGHT="19" WC="0.95" CONTENT="Äfven"/><SP WIDTH="23" VPOS="579" HPOS="333"/>
							<String ID="string_108" HPOS="356" VPOS="579" WIDTH="63" HEIGHT="19" WC="0.92" CONTENT="under"/><SP WIDTH="22" VPOS="579" HPOS="419"/>
							<String ID="string_109" HPOS="441" VPOS="578" WIDTH="122" HEIGHT="20" WC="0.92" CONTENT="förstnämda"/><SP WIDTH="22" VPOS="578" HPOS="563"/>
							<String ID="string_110" HPOS="585" VPOS="578" WIDTH="135" HEIGHT="20" WC="0.95" CONTENT="förhållanden"/><SP WIDTH="23" VPOS="578" HPOS="720"/>
							<String ID="string_111" HPOS="743" VPOS="579" WIDTH="35" HEIGHT="19" WC="0.96" CONTENT="har"/><SP WIDTH="15" VPOS="579" HPOS="778"/>
							<String ID="string_112" HPOS="793" VPOS="578" WIDTH="50" HEIGHT="20" WC="0.96" CONTENT="dock"/><SP WIDTH="15" VPOS="578" HPOS="843"/>
							<String ID="string_113" HPOS="858" VPOS="584" WIDTH="93" HEIGHT="19" WC="0.96" CONTENT="pressens"/>
						</TextLine>
						<TextLine ID="line_14" HPOS="208" VPOS="607" WIDTH="744" HEIGHT="25">
							<String ID="string_114" HPOS="208" VPOS="610" WIDTH="37" HEIGHT="22" WC="0.92" CONTENT="äge"/><SP WIDTH="15" VPOS="610" HPOS="245"/>
							<String ID="string_115" HPOS="260" VPOS="608" WIDTH="50" HEIGHT="18" WC="0.96" CONTENT="varit"/><SP WIDTH="15" VPOS="608" HPOS="310"/>
							<String ID="string_116" HPOS="325" VPOS="608" WIDTH="79" HEIGHT="18" WC="0.96" CONTENT="osäkert"/><SP WIDTH="21" VPOS="608" HPOS="404"/>
							<String ID="string_117" HPOS="425" VPOS="608" WIDTH="36" HEIGHT="18" WC="0.96" CONTENT="och"/><SP WIDTH="23" VPOS="608" HPOS="461"/>
							<String ID="string_118" HPOS="484" VPOS="608" WIDTH="67" HEIGHT="24" WC="0.95" CONTENT="tryckt"/><SP WIDTH="21" VPOS="608" HPOS="551"/>
							<String ID="string_119" HPOS="572" VPOS="609" WIDTH="52" HEIGHT="17" WC="0.96" CONTENT="samt"/><SP WIDTH="16" VPOS="609" HPOS="624"/>
							<String ID="string_120" HPOS="640" VPOS="607" WIDTH="180" HEIGHT="24" WC="0.95" CONTENT="yttrandefriheten"/><SP WIDTH="16" VPOS="607" HPOS="820"/>
							<String ID="string_121" HPOS="836" VPOS="607" WIDTH="81" HEIGHT="19" WC="0.96" CONTENT="bunden"/><SP WIDTH="15" VPOS="607" HPOS="917"/>
							<String ID="string_122" HPOS="932" VPOS="607" WIDTH="20" HEIGHT="19" WC="0.95" CONTENT="af"/>
						</TextLine>
						<TextLine ID="line_15" HPOS="201" VPOS="635" WIDTH="751" HEIGHT="25">
							<String ID="string_123" HPOS="201" VPOS="637" WIDTH="24" HEIGHT="19" WC="0.96" CONTENT="de"/><SP WIDTH="22" VPOS="637" HPOS="225"/>
							<String ID="string_124" HPOS="247" VPOS="636" WIDTH="137" HEIGHT="24" WC="0.96" CONTENT="oberäkneliga"/><SP WIDTH="21" VPOS="636" HPOS="384"/>
							<String ID="string_125" HPOS="405" VPOS="636" WIDTH="38" HEIGHT="19" WC="0.96" CONTENT="och"/><SP WIDTH="21" VPOS="636" HPOS="443"/>
							<String ID="string_126" HPOS="464" VPOS="636" WIDTH="29" HEIGHT="18" WC="0.96" CONTENT="för"/><SP WIDTH="24" VPOS="636" HPOS="493"/>
							<String ID="string_127" HPOS="517" VPOS="636" WIDTH="132" HEIGHT="19" WC="0.95" CONTENT="allmänheten"/><SP WIDTH="17" VPOS="636" HPOS="649"/>
							<String ID="string_128" HPOS="666" VPOS="636" WIDTH="40" HEIGHT="18" WC="0.96" CONTENT="ofta"/><SP WIDTH="20" VPOS="636" HPOS="706"/>
							<String ID="string_129" HPOS="726" VPOS="635" WIDTH="78" HEIGHT="19" WC="0.96" CONTENT="okända"/><SP WIDTH="20" VPOS="635" HPOS="804"/>
							<String ID="string_130" HPOS="824" VPOS="636" WIDTH="128" HEIGHT="23" WC="0.94" CONTENT="föreskrifter,"/>
						</TextLine>
						<TextLine ID="line_16" HPOS="201" VPOS="664" WIDTH="751" HEIGHT="25">
							<String ID="string_131" HPOS="201" VPOS="665" WIDTH="66" HEIGHT="19" WC="0.95" CONTENT="hvilka"/><SP WIDTH="23" VPOS="665" HPOS="267"/>
							<String ID="string_132" HPOS="290" VPOS="664" WIDTH="108" HEIGHT="20" WC="0.92" CONTENT="meddelats"/><SP WIDTH="23" VPOS="664" HPOS="398"/>
							<String ID="string_133" HPOS="421" VPOS="665" WIDTH="234" HEIGHT="24" WC="0.88" CONTENT="pressombudsmännen."/><SP WIDTH="36" VPOS="665" HPOS="655"/>
							<String ID="string_134" HPOS="691" VPOS="664" WIDTH="147" HEIGHT="24" WC="0.47" CONTENT="Eganderätten"/><SP WIDTH="23" VPOS="664" HPOS="838"/>
							<String ID="string_135" HPOS="861" VPOS="664" WIDTH="31" HEIGHT="19" WC="0.96" CONTENT="till"/><SP WIDTH="22" VPOS="664" HPOS="892"/>
							<String ID="string_136" HPOS="914" VPOS="664" WIDTH="38" HEIGHT="19" WC="0.96" CONTENT="den"/>
						</TextLine>
						<TextLine ID="line_17" HPOS="209" VPOS="692" WIDTH="743" HEIGHT="26">
							<String ID="string_137" HPOS="209" VPOS="694" WIDTH="127" HEIGHT="24" WC="0.90" CONTENT="örmögenhet"/><SP WIDTH="15" VPOS="694" HPOS="336"/>
							<String ID="string_138" HPOS="351" VPOS="699" WIDTH="24" HEIGHT="13" WC="0.96" CONTENT="en"/><SP WIDTH="16" VPOS="699" HPOS="375"/>
							<String ID="string_139" HPOS="391" VPOS="693" WIDTH="77" HEIGHT="25" WC="0.96" CONTENT="tidning"/><SP WIDTH="15" VPOS="693" HPOS="468"/>
							<String ID="string_140" HPOS="483" VPOS="695" WIDTH="147" HEIGHT="23" WC="0.96" CONTENT="representerar"/><SP WIDTH="14" VPOS="695" HPOS="630"/>
							<String ID="string_141" HPOS="644" VPOS="693" WIDTH="37" HEIGHT="19" WC="0.96" CONTENT="har"/><SP WIDTH="14" VPOS="693" HPOS="681"/>
							<String ID="string_142" HPOS="695" VPOS="693" WIDTH="42" HEIGHT="19" WC="0.96" CONTENT="icke"/><SP WIDTH="17" VPOS="693" HPOS="737"/>
							<String ID="string_143" HPOS="754" VPOS="693" WIDTH="50" HEIGHT="19" WC="0.96" CONTENT="varit"/><SP WIDTH="14" VPOS="693" HPOS="804"/>
							<String ID="string_144" HPOS="818" VPOS="693" WIDTH="6" HEIGHT="19" WC="0.96" CONTENT="i"/><SP WIDTH="11" VPOS="693" HPOS="824"/>
							<String ID="string_145" HPOS="835" VPOS="692" WIDTH="117" HEIGHT="25" WC="0.96" CONTENT="åtnjutande"/>
						</TextLine>
						<TextLine ID="line_18" HPOS="200" VPOS="721" WIDTH="752" HEIGHT="25">
							<String ID="string_146" HPOS="200" VPOS="723" WIDTH="20" HEIGHT="18" WC="0.95" CONTENT="af"/><SP WIDTH="21" VPOS="723" HPOS="220"/>
							<String ID="string_147" HPOS="241" VPOS="722" WIDTH="68" HEIGHT="24" WC="0.96" CONTENT="lagens"/><SP WIDTH="24" VPOS="722" HPOS="309"/>
							<String ID="string_148" HPOS="333" VPOS="721" WIDTH="70" HEIGHT="25" WC="0.95" CONTENT="skydd."/><SP WIDTH="30" VPOS="721" HPOS="403"/>
							<String ID="string_149" HPOS="433" VPOS="721" WIDTH="27" HEIGHT="19" WC="0.92" CONTENT="Så"/><SP WIDTH="20" VPOS="721" HPOS="460"/>
							<String ID="string_150" HPOS="480" VPOS="722" WIDTH="107" HEIGHT="24" WC="0.91" CONTENT="lifskraftig"/><SP WIDTH="22" VPOS="722" HPOS="587"/>
							<String ID="string_151" HPOS="609" VPOS="722" WIDTH="35" HEIGHT="18" WC="0.96" CONTENT="har"/><SP WIDTH="22" VPOS="722" HPOS="644"/>
							<String ID="string_152" HPOS="666" VPOS="722" WIDTH="38" HEIGHT="18" WC="0.94" CONTENT="den"/><SP WIDTH="19" VPOS="722" HPOS="704"/>
							<String ID="string_153" HPOS="723" VPOS="722" WIDTH="110" HEIGHT="24" WC="0.94" CONTENT="periodiska"/><SP WIDTH="15" VPOS="722" HPOS="833"/>
							<String ID="string_154" HPOS="848" VPOS="722" WIDTH="104" HEIGHT="24" WC="0.96" CONTENT="pressen"/><SP WIDTH="-11" VPOS="722" HPOS="952"/>
							<String ID="string_155" HPOS="941" VPOS="717" WIDTH="15" HEIGHT="34" WC="0.95" CONTENT="i"/>
						</TextLine>
						<TextLine ID="line_19" HPOS="202" VPOS="750" WIDTH="750" HEIGHT="27">
							<String ID="string_156" HPOS="202" VPOS="751" WIDTH="43" HEIGHT="19" WC="0.96" CONTENT="vårt"/><SP WIDTH="14" VPOS="751" HPOS="245"/>
							<String ID="string_157" HPOS="259" VPOS="750" WIDTH="47" HEIGHT="19" WC="0.96" CONTENT="land"/><SP WIDTH="15" VPOS="750" HPOS="306"/>
							<String ID="string_158" HPOS="321" VPOS="750" WIDTH="50" HEIGHT="19" WC="0.96" CONTENT="dock"/><SP WIDTH="17" VPOS="750" HPOS="371"/>
							<String ID="string_159" HPOS="388" VPOS="750" WIDTH="54" HEIGHT="24" WC="0.96" CONTENT="varit,"/><SP WIDTH="15" VPOS="750" HPOS="442"/>
							<String ID="string_160" HPOS="457" VPOS="752" WIDTH="30" HEIGHT="17" WC="0.96" CONTENT="att"/><SP WIDTH="12" VPOS="752" HPOS="487"/>
							<String ID="string_161" HPOS="499" VPOS="750" WIDTH="37" HEIGHT="19" WC="0.96" CONTENT="den"/><SP WIDTH="16" VPOS="750" HPOS="536"/>
							<String ID="string_162" HPOS="552" VPOS="752" WIDTH="50" HEIGHT="17" WC="0.96" CONTENT="trots"/><SP WIDTH="22" VPOS="752" HPOS="602"/>
							<String ID="string_163" HPOS="624" VPOS="750" WIDTH="59" HEIGHT="19" WC="0.93" CONTENT="dessa"/><SP WIDTH="18" VPOS="750" HPOS="683"/>
							<String ID="string_164" HPOS="701" VPOS="756" WIDTH="131" HEIGHT="19" WC="0.91" CONTENT="ogynsamma"/><SP WIDTH="14" VPOS="756" HPOS="832"/>
							<String ID="string_165" HPOS="846" VPOS="752" WIDTH="54" HEIGHT="25" WC="0.93" CONTENT="yttre"/><SP WIDTH="16" VPOS="752" HPOS="900"/>
							<String ID="string_166" HPOS="916" VPOS="750" WIDTH="36" HEIGHT="18" WC="0.92" CONTENT="vil-"/>
						</TextLine>
						<TextLine ID="line_20" HPOS="207" VPOS="778" WIDTH="745" HEIGHT="24">
							<String ID="string_167" HPOS="207" VPOS="785" WIDTH="29" HEIGHT="13" WC="0.96" CONTENT="kor"/><SP WIDTH="15" VPOS="785" HPOS="236"/>
							<String ID="string_168" HPOS="251" VPOS="779" WIDTH="55" HEIGHT="19" WC="0.95" CONTENT="raskt"/><SP WIDTH="15" VPOS="779" HPOS="306"/>
							<String ID="string_169" HPOS="321" VPOS="778" WIDTH="99" HEIGHT="19" WC="0.96" CONTENT="utvecklat"/><SP WIDTH="15" VPOS="778" HPOS="420"/>
							<String ID="string_170" HPOS="435" VPOS="779" WIDTH="31" HEIGHT="23" WC="0.95" CONTENT="sig"/><SP WIDTH="13" VPOS="779" HPOS="466"/>
							<String ID="string_171" HPOS="479" VPOS="780" WIDTH="50" HEIGHT="18" WC="0.96" CONTENT="samt"/><SP WIDTH="15" VPOS="780" HPOS="529"/>
							<String ID="string_172" HPOS="544" VPOS="778" WIDTH="64" HEIGHT="20" WC="0.91" CONTENT="blifvit"/><SP WIDTH="15" VPOS="778" HPOS="608"/>
							<String ID="string_173" HPOS="623" VPOS="778" WIDTH="12" HEIGHT="19" WC="0.91" CONTENT="å"/><SP WIDTH="15" VPOS="778" HPOS="635"/>
							<String ID="string_174" HPOS="650" VPOS="784" WIDTH="36" HEIGHT="13" WC="0.96" CONTENT="ena"/><SP WIDTH="16" VPOS="784" HPOS="686"/>
							<String ID="string_175" HPOS="702" VPOS="778" WIDTH="56" HEIGHT="20" WC="0.96" CONTENT="sidan"/><SP WIDTH="15" VPOS="778" HPOS="758"/>
							<String ID="string_176" HPOS="773" VPOS="784" WIDTH="25" HEIGHT="13" WC="0.94" CONTENT="en"/><SP WIDTH="17" VPOS="784" HPOS="798"/>
							<String ID="string_177" HPOS="815" VPOS="778" WIDTH="63" HEIGHT="24" WC="0.96" CONTENT="viktig"/><SP WIDTH="9" VPOS="778" HPOS="878"/>
							<String ID="string_178" HPOS="887" VPOS="778" WIDTH="65" HEIGHT="19" WC="0.95" CONTENT="faktor"/>
						</TextLine>
						<TextLine ID="line_21" HPOS="202" VPOS="806" WIDTH="749" HEIGHT="26">
							<String ID="string_179" HPOS="202" VPOS="808" WIDTH="28" HEIGHT="19" WC="0.93" CONTENT="för"/><SP WIDTH="14" VPOS="808" HPOS="230"/>
							<String ID="string_180" HPOS="244" VPOS="807" WIDTH="186" HEIGHT="19" WC="0.91" CONTENT="framåtskridandet"/><SP WIDTH="15" VPOS="807" HPOS="430"/>
							<String ID="string_181" HPOS="445" VPOS="806" WIDTH="26" HEIGHT="26" WC="0.96" CONTENT="på"/><SP WIDTH="14" VPOS="806" HPOS="471"/>
							<String ID="string_182" HPOS="485" VPOS="807" WIDTH="38" HEIGHT="19" WC="0.96" CONTENT="alla"/><SP WIDTH="15" VPOS="807" HPOS="523"/>
							<String ID="string_183" HPOS="538" VPOS="806" WIDTH="93" HEIGHT="20" WC="0.96" CONTENT="områden"/><SP WIDTH="16" VPOS="806" HPOS="631"/>
							<String ID="string_184" HPOS="647" VPOS="807" WIDTH="36" HEIGHT="19" WC="0.93" CONTENT="och"/><SP WIDTH="16" VPOS="807" HPOS="683"/>
							<String ID="string_185" HPOS="699" VPOS="806" WIDTH="11" HEIGHT="20" WC="0.89" CONTENT="å"/><SP WIDTH="15" VPOS="806" HPOS="710"/>
							<String ID="string_186" HPOS="725" VPOS="807" WIDTH="38" HEIGHT="19" WC="0.96" CONTENT="den"/><SP WIDTH="16" VPOS="807" HPOS="763"/>
							<String ID="string_187" HPOS="779" VPOS="807" WIDTH="61" HEIGHT="19" WC="0.96" CONTENT="andra"/><SP WIDTH="16" VPOS="807" HPOS="840"/>
							<String ID="string_188" HPOS="856" VPOS="808" WIDTH="29" HEIGHT="18" WC="0.92" CONTENT="ett"/><SP WIDTH="15" VPOS="808" HPOS="885"/>
							<String ID="string_189" HPOS="900" VPOS="812" WIDTH="51" HEIGHT="14" WC="0.92" CONTENT="sam-"/>
						</TextLine>
						<TextLine ID="line_22" HPOS="201" VPOS="835" WIDTH="719" HEIGHT="26">
							<String ID="string_190" HPOS="201" VPOS="836" WIDTH="115" HEIGHT="22" WC="0.92" CONTENT="hällsbehof,"/><SP WIDTH="16" VPOS="836" HPOS="316"/>
							<String ID="string_191" HPOS="332" VPOS="841" WIDTH="43" HEIGHT="14" WC="0.93" CONTENT="som"/><SP WIDTH="15" VPOS="841" HPOS="375"/>
							<String ID="string_192" HPOS="390" VPOS="835" WIDTH="57" HEIGHT="26" WC="0.92" CONTENT="lifligt"/><SP WIDTH="16" VPOS="835" HPOS="447"/>
							<String ID="string_193" HPOS="463" VPOS="836" WIDTH="74" HEIGHT="19" WC="0.92" CONTENT="kännes"/><SP WIDTH="15" VPOS="836" HPOS="537"/>
							<String ID="string_194" HPOS="552" VPOS="836" WIDTH="53" HEIGHT="19" WC="0.96" CONTENT="inom"/><SP WIDTH="15" VPOS="836" HPOS="605"/>
							<String ID="string_195" HPOS="620" VPOS="836" WIDTH="38" HEIGHT="19" WC="0.96" CONTENT="alla"/><SP WIDTH="15" VPOS="836" HPOS="658"/>
							<String ID="string_196" HPOS="673" VPOS="836" WIDTH="54" HEIGHT="24" WC="0.96" CONTENT="lager"/><SP WIDTH="15" VPOS="836" HPOS="727"/>
							<String ID="string_197" HPOS="742" VPOS="836" WIDTH="19" HEIGHT="19" WC="0.96" CONTENT="af"/><SP WIDTH="14" VPOS="836" HPOS="761"/>
							<String ID="string_198" HPOS="775" VPOS="836" WIDTH="145" HEIGHT="25" WC="0.96" CONTENT="befolkningen."/>
						</TextLine>
						<TextLine ID="line_23" HPOS="268" VPOS="865" WIDTH="684" HEIGHT="25">
							<String ID="string_199" HPOS="268" VPOS="865" WIDTH="69" HEIGHT="19" WC="0.96" CONTENT="Under"/><SP WIDTH="22" VPOS="865" HPOS="337"/>
							<String ID="string_200" HPOS="359" VPOS="865" WIDTH="33" HEIGHT="19" WC="0.93" CONTENT="det"/><SP WIDTH="23" VPOS="865" HPOS="392"/>
							<String ID="string_201" HPOS="415" VPOS="867" WIDTH="80" HEIGHT="17" WC="0.92" CONTENT="senaste"/><SP WIDTH="16" VPOS="867" HPOS="495"/>
							<String ID="string_202" HPOS="511" VPOS="865" WIDTH="42" HEIGHT="19" WC="0.92" CONTENT="äret"/><SP WIDTH="15" VPOS="865" HPOS="553"/>
							<String ID="string_203" HPOS="568" VPOS="865" WIDTH="59" HEIGHT="19" WC="0.91" CONTENT="hafva"/><SP WIDTH="14" VPOS="865" HPOS="627"/>
							<String ID="string_204" HPOS="641" VPOS="865" WIDTH="110" HEIGHT="19" WC="0.91" CONTENT="emellertid"/><SP WIDTH="23" VPOS="865" HPOS="751"/>
							<String ID="string_205" HPOS="774" VPOS="865" WIDTH="178" HEIGHT="25" WC="0.91" CONTENT="pressangelägen-"/>
						</TextLine>
						<TextLine ID="line_24" HPOS="201" VPOS="893" WIDTH="752" HEIGHT="25">
							<String ID="string_206" HPOS="201" VPOS="895" WIDTH="83" HEIGHT="19" WC="0.93" CONTENT="heterna"/><SP WIDTH="10" VPOS="895" HPOS="284"/>
							<String ID="string_207" HPOS="294" VPOS="893" WIDTH="105" HEIGHT="20" WC="0.92" CONTENT="handhafts"/><SP WIDTH="11" VPOS="893" HPOS="399"/>
							<String ID="string_208" HPOS="410" VPOS="893" WIDTH="26" HEIGHT="25" WC="0.96" CONTENT="pä"/><SP WIDTH="15" VPOS="893" HPOS="436"/>
							<String ID="string_209" HPOS="451" VPOS="896" WIDTH="28" HEIGHT="17" WC="0.93" CONTENT="ett"/><SP WIDTH="16" VPOS="896" HPOS="479"/>
							<String ID="string_210" HPOS="495" VPOS="896" WIDTH="44" HEIGHT="22" WC="0.96" CONTENT="sätt,"/><SP WIDTH="10" VPOS="896" HPOS="539"/>
							<String ID="string_211" HPOS="549" VPOS="900" WIDTH="41" HEIGHT="13" WC="0.95" CONTENT="som"/><SP WIDTH="16" VPOS="900" HPOS="590"/>
							<String ID="string_212" HPOS="606" VPOS="900" WIDTH="71" HEIGHT="18" WC="0.96" CONTENT="genom"/><SP WIDTH="19" VPOS="900" HPOS="677"/>
							<String ID="string_213" HPOS="696" VPOS="894" WIDTH="43" HEIGHT="19" WC="0.93" CONTENT="sina"/><SP WIDTH="18" VPOS="894" HPOS="739"/>
							<String ID="string_214" HPOS="757" VPOS="894" WIDTH="121" HEIGHT="24" WC="0.96" CONTENT="verkningar"/><SP WIDTH="10" VPOS="894" HPOS="878"/>
							<String ID="string_215" HPOS="888" VPOS="894" WIDTH="29" HEIGHT="18" WC="0.96" CONTENT="uti"/><SP WIDTH="11" VPOS="894" HPOS="917"/>
							<String ID="string_216" HPOS="928" VPOS="900" WIDTH="25" HEIGHT="12" WC="0.96" CONTENT="en"/>
						</TextLine>
						<TextLine ID="line_25" HPOS="207" VPOS="922" WIDTH="746" HEIGHT="26">
							<String ID="string_217" HPOS="207" VPOS="922" WIDTH="91" HEIGHT="20" WC="0.88" CONTENT="härintills"/><SP WIDTH="17" VPOS="922" HPOS="298"/>
							<String ID="string_218" HPOS="315" VPOS="922" WIDTH="62" HEIGHT="20" WC="0.92" CONTENT="oanad"/><SP WIDTH="15" VPOS="922" HPOS="377"/>
							<String ID="string_219" HPOS="392" VPOS="922" WIDTH="47" HEIGHT="25" WC="0.95" CONTENT="grad"/><SP WIDTH="16" VPOS="922" HPOS="439"/>
							<String ID="string_220" HPOS="455" VPOS="922" WIDTH="80" HEIGHT="26" WC="0.96" CONTENT="ingripit"/><SP WIDTH="15" VPOS="922" HPOS="535"/>
							<String ID="string_221" HPOS="550" VPOS="923" WIDTH="5" HEIGHT="19" WC="0.93" CONTENT="i"/><SP WIDTH="17" VPOS="923" HPOS="555"/>
							<String ID="string_222" HPOS="572" VPOS="922" WIDTH="157" HEIGHT="20" WC="0.88" CONTENT="samhällslifvet."/><SP WIDTH="27" VPOS="922" HPOS="729"/>
							<String ID="string_223" HPOS="756" VPOS="923" WIDTH="45" HEIGHT="19" WC="0.92" CONTENT="Icke"/><SP WIDTH="13" VPOS="923" HPOS="801"/>
							<String ID="string_224" HPOS="814" VPOS="929" WIDTH="39" HEIGHT="18" WC="0.96" CONTENT="nog"/><SP WIDTH="15" VPOS="929" HPOS="853"/>
							<String ID="string_225" HPOS="868" VPOS="922" WIDTH="45" HEIGHT="19" WC="0.95" CONTENT="med"/><SP WIDTH="10" VPOS="922" HPOS="913"/>
							<String ID="string_226" HPOS="923" VPOS="924" WIDTH="30" HEIGHT="17" WC="0.96" CONTENT="att"/>
						</TextLine>
						<TextLine ID="line_26" HPOS="200" VPOS="951" WIDTH="752" HEIGHT="25">
							<String ID="string_227" HPOS="200" VPOS="951" WIDTH="153" HEIGHT="25" WC="0.85" CONTENT="censureringen"/><SP WIDTH="24" VPOS="951" HPOS="353"/>
							<String ID="string_228" HPOS="377" VPOS="951" WIDTH="114" HEIGHT="19" WC="0.0" CONTENT="verkställts"/><SP WIDTH="20" VPOS="951" HPOS="491"/>
							<String ID="string_229" HPOS="511" VPOS="952" WIDTH="98" HEIGHT="24" WC="0.91" CONTENT="nyckfullt"/><SP WIDTH="16" VPOS="952" HPOS="609"/>
							<String ID="string_230" HPOS="625" VPOS="951" WIDTH="36" HEIGHT="19" WC="0.92" CONTENT="och"/><SP WIDTH="16" VPOS="951" HPOS="661"/>
							<String ID="string_231" HPOS="677" VPOS="951" WIDTH="153" HEIGHT="25" WC="0.91" CONTENT="inkonsegvent,"/><SP WIDTH="14" VPOS="951" HPOS="830"/>
							<String ID="string_232" HPOS="844" VPOS="951" WIDTH="59" HEIGHT="19" WC="0.96" CONTENT="äfven"/><SP WIDTH="16" VPOS="951" HPOS="903"/>
							<String ID="string_233" HPOS="919" VPOS="951" WIDTH="33" HEIGHT="19" WC="0.96" CONTENT="det"/>
						</TextLine>
						<TextLine ID="line_27" HPOS="200" VPOS="980" WIDTH="752" HEIGHT="25">
							<String ID="string_234" HPOS="200" VPOS="982" WIDTH="46" HEIGHT="22" WC="0.95" CONTENT="sätt,"/><SP WIDTH="15" VPOS="982" HPOS="246"/>
							<String ID="string_235" HPOS="261" VPOS="980" WIDTH="26" HEIGHT="25" WC="0.93" CONTENT="pä"/><SP WIDTH="14" VPOS="980" HPOS="287"/>
							<String ID="string_236" HPOS="301" VPOS="980" WIDTH="76" HEIGHT="19" WC="0.93" CONTENT="hvilket"/><SP WIDTH="14" VPOS="980" HPOS="377"/>
							<String ID="string_237" HPOS="391" VPOS="980" WIDTH="211" HEIGHT="24" WC="0.92" CONTENT="indragningsmakten"/><SP WIDTH="16" VPOS="980" HPOS="602"/>
							<String ID="string_238" HPOS="618" VPOS="980" WIDTH="96" HEIGHT="24" WC="0.61" CONTENT="utöfvats,"/><SP WIDTH="10" VPOS="980" HPOS="714"/>
							<String ID="string_239" HPOS="724" VPOS="980" WIDTH="35" HEIGHT="19" WC="0.61" CONTENT="har"/><SP WIDTH="15" VPOS="980" HPOS="759"/>
							<String ID="string_240" HPOS="774" VPOS="980" WIDTH="50" HEIGHT="19" WC="0.93" CONTENT="varit"/><SP WIDTH="16" VPOS="980" HPOS="824"/>
							<String ID="string_241" HPOS="840" VPOS="980" WIDTH="18" HEIGHT="24" WC="0.96" CONTENT="ej"/><SP WIDTH="17" VPOS="980" HPOS="858"/>
							<String ID="string_242" HPOS="875" VPOS="980" WIDTH="77" HEIGHT="18" WC="0.96" CONTENT="mindre"/>
						</TextLine>
						<TextLine ID="line_28" HPOS="208" VPOS="1008" WIDTH="744" HEIGHT="25">
							<String ID="string_243" HPOS="208" VPOS="1011" WIDTH="21" HEIGHT="17" WC="0.93" CONTENT="ör"/><SP WIDTH="15" VPOS="1011" HPOS="229"/>
							<String ID="string_244" HPOS="244" VPOS="1009" WIDTH="38" HEIGHT="19" WC="0.93" CONTENT="den"/><SP WIDTH="16" VPOS="1009" HPOS="282"/>
							<String ID="string_245" HPOS="298" VPOS="1008" WIDTH="171" HEIGHT="24" WC="0.92" CONTENT="tidningsläsande"/><SP WIDTH="21" VPOS="1008" HPOS="469"/>
							<String ID="string_246" HPOS="490" VPOS="1008" WIDTH="133" HEIGHT="20" WC="0.96" CONTENT="allmänheten"/><SP WIDTH="22" VPOS="1008" HPOS="623"/>
							<String ID="string_247" HPOS="645" VPOS="1010" WIDTH="25" HEIGHT="17" WC="0.96" CONTENT="än"/><SP WIDTH="22" VPOS="1010" HPOS="670"/>
							<String ID="string_248" HPOS="692" VPOS="1009" WIDTH="30" HEIGHT="19" WC="0.92" CONTENT="för"/><SP WIDTH="19" VPOS="1009" HPOS="722"/>
							<String ID="string_249" HPOS="741" VPOS="1009" WIDTH="124" HEIGHT="24" WC="0.91" CONTENT="utgifvarene"/><SP WIDTH="15" VPOS="1009" HPOS="865"/>
							<String ID="string_250" HPOS="880" VPOS="1008" WIDTH="19" HEIGHT="19" WC="0.93" CONTENT="af"/><SP WIDTH="15" VPOS="1008" HPOS="899"/>
							<String ID="string_251" HPOS="914" VPOS="1008" WIDTH="38" HEIGHT="19" WC="0.93" CONTENT="tid-"/>
						</TextLine>
						<TextLine ID="line_29" HPOS="200" VPOS="1036" WIDTH="752" HEIGHT="26">
							<String ID="string_252" HPOS="200" VPOS="1037" WIDTH="70" HEIGHT="25" WC="0.92" CONTENT="ningar"/><SP WIDTH="12" VPOS="1037" HPOS="270"/>
							<String ID="string_253" HPOS="282" VPOS="1037" WIDTH="83" HEIGHT="24" WC="0.90" CONTENT="olidligt."/><SP WIDTH="29" VPOS="1037" HPOS="365"/>
							<String ID="string_254" HPOS="394" VPOS="1036" WIDTH="67" HEIGHT="20" WC="0.93" CONTENT="Under"/><SP WIDTH="15" VPOS="1036" HPOS="461"/>
							<String ID="string_255" HPOS="476" VPOS="1036" WIDTH="42" HEIGHT="20" WC="0.92" CONTENT="äret"/><SP WIDTH="18" VPOS="1036" HPOS="518"/>
							<String ID="string_256" HPOS="536" VPOS="1038" WIDTH="53" HEIGHT="18" WC="0.93" CONTENT="1899"/><SP WIDTH="16" VPOS="1038" HPOS="589"/>
							<String ID="string_257" HPOS="605" VPOS="1037" WIDTH="58" HEIGHT="19" WC="0.92" CONTENT="hafva"/><SP WIDTH="16" VPOS="1037" HPOS="663"/>
							<String ID="string_258" HPOS="679" VPOS="1037" WIDTH="84" HEIGHT="19" WC="0.92" CONTENT="sälunda"/><SP WIDTH="16" VPOS="1037" HPOS="763"/>
							<String ID="string_259" HPOS="779" VPOS="1039" WIDTH="12" HEIGHT="17" WC="0.93" CONTENT="4"/><SP WIDTH="17" VPOS="1039" HPOS="791"/>
							<String ID="string_260" HPOS="808" VPOS="1037" WIDTH="99" HEIGHT="24" WC="0.92" CONTENT="tidningar"/><SP WIDTH="14" VPOS="1037" HPOS="907"/>
							<String ID="string_261" HPOS="921" VPOS="1037" WIDTH="31" HEIGHT="18" WC="0.91" CONTENT="in-"/>
						</TextLine>
						<TextLine ID="line_30" HPOS="200" VPOS="1065" WIDTH="752" HEIGHT="25">
							<String ID="string_262" HPOS="200" VPOS="1066" WIDTH="75" HEIGHT="24" WC="0.91" CONTENT="dragits"/><SP WIDTH="22" VPOS="1066" HPOS="275"/>
							<String ID="string_263" HPOS="297" VPOS="1066" WIDTH="30" HEIGHT="18" WC="0.96" CONTENT="för"/><SP WIDTH="22" VPOS="1066" HPOS="327"/>
							<String ID="string_264" HPOS="349" VPOS="1065" WIDTH="56" HEIGHT="19" WC="0.96" CONTENT="alltid"/><SP WIDTH="22" VPOS="1065" HPOS="405"/>
							<String ID="string_265" HPOS="427" VPOS="1066" WIDTH="37" HEIGHT="18" WC="0.96" CONTENT="och"/><SP WIDTH="17" VPOS="1066" HPOS="464"/>
							<String ID="string_266" HPOS="481" VPOS="1066" WIDTH="24" HEIGHT="18" WC="0.93" CONTENT="17"/><SP WIDTH="16" VPOS="1066" HPOS="505"/>
							<String ID="string_267" HPOS="521" VPOS="1066" WIDTH="101" HEIGHT="24" WC="0.93" CONTENT="tidningar"/><SP WIDTH="15" VPOS="1066" HPOS="622"/>
							<String ID="string_268" HPOS="637" VPOS="1066" WIDTH="26" HEIGHT="18" WC="0.93" CONTENT="27"/><SP WIDTH="16" VPOS="1066" HPOS="663"/>
							<String ID="string_269" HPOS="679" VPOS="1066" WIDTH="64" HEIGHT="18" WC="0.92" CONTENT="skilda"/><SP WIDTH="14" VPOS="1066" HPOS="743"/>
							<String ID="string_270" HPOS="757" VPOS="1065" WIDTH="75" HEIGHT="25" WC="0.92" CONTENT="gänger"/><SP WIDTH="15" VPOS="1065" HPOS="832"/>
							<String ID="string_271" HPOS="847" VPOS="1065" WIDTH="105" HEIGHT="25" WC="0.93" CONTENT="förbjudits"/>
						</TextLine>
						<TextLine ID="line_31" HPOS="201" VPOS="1094" WIDTH="751" HEIGHT="24">
							<String ID="string_272" HPOS="201" VPOS="1094" WIDTH="100" HEIGHT="19" WC="0.95" CONTENT="utkomma"/><SP WIDTH="21" VPOS="1094" HPOS="301"/>
							<String ID="string_273" HPOS="322" VPOS="1094" WIDTH="65" HEIGHT="18" WC="0.96" CONTENT="under"/><SP WIDTH="18" VPOS="1094" HPOS="387"/>
							<String ID="string_274" HPOS="405" VPOS="1100" WIDTH="24" HEIGHT="12" WC="0.96" CONTENT="en"/><SP WIDTH="21" VPOS="1100" HPOS="429"/>
							<String ID="string_275" HPOS="450" VPOS="1094" WIDTH="28" HEIGHT="18" WC="0.96" CONTENT="tid"/><SP WIDTH="15" VPOS="1094" HPOS="478"/>
							<String ID="string_276" HPOS="493" VPOS="1094" WIDTH="19" HEIGHT="19" WC="0.93" CONTENT="af"/><SP WIDTH="17" VPOS="1094" HPOS="512"/>
							<String ID="string_277" HPOS="529" VPOS="1095" WIDTH="53" HEIGHT="18" WC="0.61" CONTENT="1—6"/><SP WIDTH="16" VPOS="1095" HPOS="582"/>
							<String ID="string_278" HPOS="598" VPOS="1094" WIDTH="99" HEIGHT="19" WC="0.93" CONTENT="månader."/><SP WIDTH="30" VPOS="1094" HPOS="697"/>
							<String ID="string_279" HPOS="727" VPOS="1094" WIDTH="74" HEIGHT="19" WC="0.88" CONTENT="Hvilka"/><SP WIDTH="24" VPOS="1094" HPOS="801"/>
							<String ID="string_280" HPOS="825" VPOS="1094" WIDTH="127" HEIGHT="24" WC="0.96" CONTENT="olägenheter"/>
						</TextLine>
						<TextLine ID="line_32" HPOS="200" VPOS="1122" WIDTH="752" HEIGHT="25">
							<String ID="string_281" HPOS="200" VPOS="1122" WIDTH="36" HEIGHT="20" WC="0.92" CONTENT="och"/><SP WIDTH="15" VPOS="1122" HPOS="236"/>
							<String ID="string_282" HPOS="251" VPOS="1122" WIDTH="93" HEIGHT="19" WC="0.90" CONTENT="förluster"/><SP WIDTH="15" VPOS="1122" HPOS="344"/>
							<String ID="string_283" HPOS="359" VPOS="1122" WIDTH="114" HEIGHT="24" WC="0.90" CONTENT="härigenom"/><SP WIDTH="22" VPOS="1122" HPOS="473"/>
							<String ID="string_284" HPOS="495" VPOS="1122" WIDTH="91" HEIGHT="25" WC="0.92" CONTENT="uppstätt"/><SP WIDTH="15" VPOS="1122" HPOS="586"/>
							<String ID="string_285" HPOS="601" VPOS="1122" WIDTH="50" HEIGHT="19" WC="0.93" CONTENT="läter"/><SP WIDTH="14" VPOS="1122" HPOS="651"/>
							<String ID="string_286" HPOS="665" VPOS="1122" WIDTH="37" HEIGHT="20" WC="0.96" CONTENT="lätt"/><SP WIDTH="15" VPOS="1122" HPOS="702"/>
							<String ID="string_287" HPOS="717" VPOS="1123" WIDTH="62" HEIGHT="19" WC="0.96" CONTENT="tänka"/><SP WIDTH="15" VPOS="1123" HPOS="779"/>
							<String ID="string_288" HPOS="794" VPOS="1122" WIDTH="36" HEIGHT="25" WC="0.89" CONTENT="sig."/><SP WIDTH="30" VPOS="1122" HPOS="830"/>
							<String ID="string_289" HPOS="860" VPOS="1122" WIDTH="92" HEIGHT="19" WC="0.89" CONTENT="Förutom"/>
						</TextLine>
						<TextLine ID="line_33" HPOS="199" VPOS="1150" WIDTH="753" HEIGHT="25">
							<String ID="string_290" HPOS="199" VPOS="1153" WIDTH="30" HEIGHT="17" WC="0.94" CONTENT="att"/><SP WIDTH="21" VPOS="1153" HPOS="229"/>
							<String ID="string_291" HPOS="250" VPOS="1153" WIDTH="29" HEIGHT="17" WC="0.95" CONTENT="ett"/><SP WIDTH="24" VPOS="1153" HPOS="279"/>
							<String ID="string_292" HPOS="303" VPOS="1152" WIDTH="50" HEIGHT="18" WC="0.95" CONTENT="stort"/><SP WIDTH="22" VPOS="1152" HPOS="353"/>
							<String ID="string_293" HPOS="375" VPOS="1150" WIDTH="53" HEIGHT="20" WC="0.92" CONTENT="antal"/><SP WIDTH="23" VPOS="1150" HPOS="428"/>
							<String ID="string_294" HPOS="451" VPOS="1151" WIDTH="87" HEIGHT="19" WC="0.92" CONTENT="arbetare"/><SP WIDTH="22" VPOS="1151" HPOS="538"/>
							<String ID="string_295" HPOS="560" VPOS="1151" WIDTH="114" HEIGHT="24" WC="0.92" CONTENT="härigenom"/><SP WIDTH="23" VPOS="1151" HPOS="674"/>
							<String ID="string_296" HPOS="697" VPOS="1151" WIDTH="99" HEIGHT="20" WC="0.88" CONTENT="beröfvats"/><SP WIDTH="16" VPOS="1151" HPOS="796"/>
							<String ID="string_297" HPOS="812" VPOS="1152" WIDTH="31" HEIGHT="18" WC="0.96" CONTENT="sin"/><SP WIDTH="15" VPOS="1152" HPOS="843"/>
							<String ID="string_298" HPOS="858" VPOS="1151" WIDTH="94" HEIGHT="23" WC="0.96" CONTENT="utkomst,"/>
						</TextLine>
						<TextLine ID="line_34" HPOS="200" VPOS="1179" WIDTH="752" HEIGHT="25">
							<String ID="string_299" HPOS="200" VPOS="1180" WIDTH="58" HEIGHT="18" WC="0.91" CONTENT="hafva"/><SP WIDTH="15" VPOS="1180" HPOS="258"/>
							<String ID="string_300" HPOS="273" VPOS="1179" WIDTH="204" HEIGHT="25" WC="0.89" CONTENT="tidningsutgifvarne"/><SP WIDTH="15" VPOS="1179" HPOS="477"/>
							<String ID="string_301" HPOS="492" VPOS="1180" WIDTH="91" HEIGHT="19" WC="0.93" CONTENT="drabbats"/><SP WIDTH="15" VPOS="1180" HPOS="583"/>
							<String ID="string_302" HPOS="598" VPOS="1180" WIDTH="20" HEIGHT="19" WC="0.93" CONTENT="af"/><SP WIDTH="15" VPOS="1180" HPOS="618"/>
							<String ID="string_303" HPOS="633" VPOS="1180" WIDTH="113" HEIGHT="24" WC="0.93" CONTENT="betydande"/><SP WIDTH="16" VPOS="1180" HPOS="746"/>
							<String ID="string_304" HPOS="762" VPOS="1180" WIDTH="76" HEIGHT="18" WC="0.92" CONTENT="direkta"/><SP WIDTH="15" VPOS="1180" HPOS="838"/>
							<String ID="string_305" HPOS="853" VPOS="1179" WIDTH="99" HEIGHT="20" WC="0.93" CONTENT="förluster."/>
						</TextLine>
					</TextBlock>
					<TextBlock ID="block_4" HPOS="198" VPOS="1208" WIDTH="754" HEIGHT="281">
						<TextLine ID="line_35" HPOS="268" VPOS="1208" WIDTH="684" HEIGHT="25">
							<String ID="string_306" HPOS="268" VPOS="1208" WIDTH="67" HEIGHT="24" WC="0.93" CONTENT="Enligt"/><SP WIDTH="24" VPOS="1208" HPOS="335"/>
							<String ID="string_307" HPOS="359" VPOS="1208" WIDTH="197" HEIGHT="25" WC="0.77" CONTENT="pressförordningen"/><SP WIDTH="20" VPOS="1208" HPOS="556"/>
							<String ID="string_308" HPOS="576" VPOS="1208" WIDTH="38" HEIGHT="19" WC="0.92" CONTENT="kan"/><SP WIDTH="26" VPOS="1208" HPOS="614"/>
							<String ID="string_309" HPOS="640" VPOS="1208" WIDTH="204" HEIGHT="25" WC="0.88" CONTENT="generalguvernören"/><SP WIDTH="26" VPOS="1208" HPOS="844"/>
							<String ID="string_310" HPOS="870" VPOS="1208" WIDTH="82" HEIGHT="24" WC="0.88" CONTENT="indraga"/>
						</TextLine>
						<TextLine ID="line_36" HPOS="199" VPOS="1236" WIDTH="753" HEIGHT="25">
							<String ID="string_311" HPOS="199" VPOS="1237" WIDTH="78" HEIGHT="23" WC="0.96" CONTENT="tidning"/><SP WIDTH="21" VPOS="1237" HPOS="277"/>
							<String ID="string_312" HPOS="298" VPOS="1237" WIDTH="72" HEIGHT="19" WC="0.92" CONTENT="endast"/><SP WIDTH="18" VPOS="1237" HPOS="370"/>
							<String ID="string_313" HPOS="388" VPOS="1236" WIDTH="40" HEIGHT="19" WC="0.92" CONTENT="ifall"/><SP WIDTH="18" VPOS="1236" HPOS="428"/>
							<String ID="string_314" HPOS="446" VPOS="1236" WIDTH="66" HEIGHT="24" WC="0.93" CONTENT="nägon"/><SP WIDTH="18" VPOS="1236" HPOS="512"/>
							<String ID="string_315" HPOS="530" VPOS="1239" WIDTH="41" HEIGHT="17" WC="0.93" CONTENT="orts"/><SP WIDTH="22" VPOS="1239" HPOS="571"/>
							<String ID="string_316" HPOS="593" VPOS="1237" WIDTH="78" HEIGHT="23" WC="0.96" CONTENT="tidning"/><SP WIDTH="15" VPOS="1237" HPOS="671"/>
							<String ID="string_317" HPOS="686" VPOS="1243" WIDTH="71" HEIGHT="18" WC="0.93" CONTENT="genom"/><SP WIDTH="16" VPOS="1243" HPOS="757"/>
							<String ID="string_318" HPOS="773" VPOS="1237" WIDTH="73" HEIGHT="24" WC="0.92" CONTENT="oriktig"/><SP WIDTH="15" VPOS="1237" HPOS="846"/>
							<String ID="string_319" HPOS="861" VPOS="1236" WIDTH="91" HEIGHT="24" WC="0.92" CONTENT="tolkning"/>
						</TextLine>
						<TextLine ID="line_37" HPOS="199" VPOS="1264" WIDTH="753" HEIGHT="25">
							<String ID="string_320" HPOS="199" VPOS="1264" WIDTH="19" HEIGHT="19" WC="0.96" CONTENT="af"/><SP WIDTH="14" VPOS="1264" HPOS="218"/>
							<String ID="string_321" HPOS="232" VPOS="1264" WIDTH="95" HEIGHT="19" WC="0.96" CONTENT="Finlands"/><SP WIDTH="21" VPOS="1264" HPOS="327"/>
							<String ID="string_322" HPOS="348" VPOS="1264" WIDTH="96" HEIGHT="24" WC="0.95" CONTENT="ställning"/><SP WIDTH="15" VPOS="1264" HPOS="444"/>
							<String ID="string_323" HPOS="459" VPOS="1264" WIDTH="44" HEIGHT="19" WC="0.93" CONTENT="med"/><SP WIDTH="16" VPOS="1264" HPOS="503"/>
							<String ID="string_324" HPOS="519" VPOS="1264" WIDTH="91" HEIGHT="19" WC="0.91" CONTENT="afseende"/><SP WIDTH="16" VPOS="1264" HPOS="610"/>
							<String ID="string_325" HPOS="626" VPOS="1264" WIDTH="11" HEIGHT="18" WC="0.92" CONTENT="ä"/><SP WIDTH="16" VPOS="1264" HPOS="637"/>
							<String ID="string_326" HPOS="653" VPOS="1264" WIDTH="137" HEIGHT="25" WC="0.91" CONTENT="Kejsardömet"/><SP WIDTH="16" VPOS="1264" HPOS="790"/>
							<String ID="string_327" HPOS="806" VPOS="1265" WIDTH="64" HEIGHT="24" WC="0.92" CONTENT="gifver"/><SP WIDTH="16" VPOS="1265" HPOS="870"/>
							<String ID="string_328" HPOS="886" VPOS="1264" WIDTH="66" HEIGHT="19" WC="0.92" CONTENT="anled-"/>
						</TextLine>
						<TextLine ID="line_38" HPOS="199" VPOS="1292" WIDTH="752" HEIGHT="25">
							<String ID="string_329" HPOS="199" VPOS="1293" WIDTH="48" HEIGHT="23" WC="0.96" CONTENT="ning"/><SP WIDTH="15" VPOS="1293" HPOS="247"/>
							<String ID="string_330" HPOS="262" VPOS="1292" WIDTH="30" HEIGHT="19" WC="0.93" CONTENT="till"/><SP WIDTH="16" VPOS="1292" HPOS="292"/>
							<String ID="string_331" HPOS="308" VPOS="1292" WIDTH="94" HEIGHT="25" WC="0.94" CONTENT="missnöje"/><SP WIDTH="23" VPOS="1292" HPOS="402"/>
							<String ID="string_332" HPOS="425" VPOS="1292" WIDTH="48" HEIGHT="19" WC="0.93" CONTENT="eller"/><SP WIDTH="18" VPOS="1292" HPOS="473"/>
							<String ID="string_333" HPOS="491" VPOS="1292" WIDTH="78" HEIGHT="24" WC="0.64" CONTENT="»giltiga"/><SP WIDTH="15" VPOS="1292" HPOS="569"/>
							<String ID="string_334" HPOS="584" VPOS="1292" WIDTH="52" HEIGHT="19" WC="0.93" CONTENT="skäl»"/><SP WIDTH="16" VPOS="1292" HPOS="636"/>
							<String ID="string_335" HPOS="652" VPOS="1293" WIDTH="47" HEIGHT="24" WC="0.92" CONTENT="eljes"/><SP WIDTH="16" VPOS="1293" HPOS="699"/>
							<String ID="string_336" HPOS="715" VPOS="1293" WIDTH="127" HEIGHT="19" WC="0.96" CONTENT="förekomma."/><SP WIDTH="30" VPOS="1293" HPOS="842"/>
							<String ID="string_337" HPOS="872" VPOS="1292" WIDTH="34" HEIGHT="24" WC="0.85" CONTENT="Sig"/><SP WIDTH="16" VPOS="1292" HPOS="906"/>
							<String ID="string_338" HPOS="922" VPOS="1292" WIDTH="29" HEIGHT="19" WC="0.96" CONTENT="till"/>
						</TextLine>
						<TextLine ID="line_39" HPOS="199" VPOS="1319" WIDTH="753" HEIGHT="27">
							<String ID="string_339" HPOS="199" VPOS="1321" WIDTH="75" HEIGHT="19" WC="0.89" CONTENT="biträde"/><SP WIDTH="22" VPOS="1321" HPOS="274"/>
							<String ID="string_340" HPOS="296" VPOS="1320" WIDTH="61" HEIGHT="20" WC="0.92" CONTENT="erhöll"/><SP WIDTH="22" VPOS="1320" HPOS="357"/>
							<String ID="string_341" HPOS="379" VPOS="1320" WIDTH="206" HEIGHT="25" WC="0.92" CONTENT="generalguvernören"/><SP WIDTH="24" VPOS="1320" HPOS="585"/>
							<String ID="string_342" HPOS="609" VPOS="1321" WIDTH="28" HEIGHT="19" WC="0.93" CONTENT="för"/><SP WIDTH="22" VPOS="1321" HPOS="637"/>
							<String ID="string_343" HPOS="659" VPOS="1321" WIDTH="107" HEIGHT="25" WC="0.92" CONTENT="pröfvande"/><SP WIDTH="23" VPOS="1321" HPOS="766"/>
							<String ID="string_344" HPOS="789" VPOS="1321" WIDTH="20" HEIGHT="19" WC="0.96" CONTENT="af"/><SP WIDTH="21" VPOS="1321" HPOS="809"/>
							<String ID="string_345" HPOS="830" VPOS="1319" WIDTH="60" HEIGHT="21" WC="0.96" CONTENT="dessa"/><SP WIDTH="19" VPOS="1319" HPOS="890"/>
							<String ID="string_346" HPOS="909" VPOS="1321" WIDTH="43" HEIGHT="19" WC="0.96" CONTENT="skäl"/>
						</TextLine>
						<TextLine ID="line_40" HPOS="198" VPOS="1349" WIDTH="753" HEIGHT="25">
							<String ID="string_347" HPOS="198" VPOS="1350" WIDTH="91" HEIGHT="18" WC="0.92" CONTENT="sistlidne"/><SP WIDTH="15" VPOS="1350" HPOS="289"/>
							<String ID="string_348" HPOS="304" VPOS="1350" WIDTH="65" HEIGHT="18" WC="0.92" CONTENT="vinter"/><SP WIDTH="14" VPOS="1350" HPOS="369"/>
							<String ID="string_349" HPOS="383" VPOS="1356" WIDTH="25" HEIGHT="12" WC="0.93" CONTENT="en"/><SP WIDTH="15" VPOS="1356" HPOS="408"/>
							<String ID="string_350" HPOS="423" VPOS="1349" WIDTH="128" HEIGHT="25" WC="0.90" CONTENT="rädgifvande"/><SP WIDTH="16" VPOS="1349" HPOS="551"/>
							<String ID="string_351" HPOS="567" VPOS="1350" WIDTH="79" HEIGHT="24" WC="0.90" CONTENT="komitö,"/><SP WIDTH="17" VPOS="1350" HPOS="646"/>
							<String ID="string_352" HPOS="663" VPOS="1356" WIDTH="42" HEIGHT="13" WC="0.96" CONTENT="som"/><SP WIDTH="15" VPOS="1356" HPOS="705"/>
							<String ID="string_353" HPOS="720" VPOS="1350" WIDTH="31" HEIGHT="19" WC="0.95" CONTENT="till"/><SP WIDTH="16" VPOS="1350" HPOS="751"/>
							<String ID="string_354" HPOS="767" VPOS="1352" WIDTH="63" HEIGHT="18" WC="0.96" CONTENT="större"/><SP WIDTH="15" VPOS="1352" HPOS="830"/>
							<String ID="string_355" HPOS="845" VPOS="1350" WIDTH="57" HEIGHT="19" WC="0.93" CONTENT="delen"/><SP WIDTH="16" VPOS="1350" HPOS="902"/>
							<String ID="string_356" HPOS="918" VPOS="1350" WIDTH="33" HEIGHT="19" WC="0.92" CONTENT="be-"/>
						</TextLine>
						<TextLine ID="line_41" HPOS="199" VPOS="1378" WIDTH="752" HEIGHT="26">
							<String ID="string_357" HPOS="199" VPOS="1378" WIDTH="49" HEIGHT="19" WC="0.96" CONTENT="stått"/><SP WIDTH="21" VPOS="1378" HPOS="248"/>
							<String ID="string_358" HPOS="269" VPOS="1378" WIDTH="20" HEIGHT="19" WC="0.96" CONTENT="af"/><SP WIDTH="22" VPOS="1378" HPOS="289"/>
							<String ID="string_359" HPOS="311" VPOS="1384" WIDTH="100" HEIGHT="19" WC="0.93" CONTENT="personer,"/><SP WIDTH="18" VPOS="1384" HPOS="411"/>
							<String ID="string_360" HPOS="429" VPOS="1378" WIDTH="68" HEIGHT="19" WC="0.96" CONTENT="hvilka"/><SP WIDTH="17" VPOS="1378" HPOS="497"/>
							<String ID="string_361" HPOS="514" VPOS="1378" WIDTH="43" HEIGHT="20" WC="0.96" CONTENT="icke"/><SP WIDTH="20" VPOS="1378" HPOS="557"/>
							<String ID="string_362" HPOS="577" VPOS="1380" WIDTH="34" HEIGHT="18" WC="0.96" CONTENT="äro"/><SP WIDTH="16" VPOS="1380" HPOS="611"/>
							<String ID="string_363" HPOS="627" VPOS="1379" WIDTH="63" HEIGHT="19" WC="0.96" CONTENT="finska"/><SP WIDTH="16" VPOS="1379" HPOS="690"/>
							<String ID="string_364" HPOS="706" VPOS="1379" WIDTH="129" HEIGHT="25" WC="0.96" CONTENT="medborgare"/><SP WIDTH="16" VPOS="1379" HPOS="835"/>
							<String ID="string_365" HPOS="851" VPOS="1378" WIDTH="48" HEIGHT="20" WC="0.93" CONTENT="eller"/><SP WIDTH="15" VPOS="1378" HPOS="899"/>
							<String ID="string_366" HPOS="914" VPOS="1385" WIDTH="37" HEIGHT="13" WC="0.92" CONTENT="un-"/>
						</TextLine>
						<TextLine ID="line_42" HPOS="198" VPOS="1407" WIDTH="754" HEIGHT="25">
							<String ID="string_367" HPOS="198" VPOS="1407" WIDTH="82" HEIGHT="25" WC="0.92" CONTENT="derlyda"/><SP WIDTH="15" VPOS="1407" HPOS="280"/>
							<String ID="string_368" HPOS="295" VPOS="1407" WIDTH="80" HEIGHT="19" WC="0.92" CONTENT="landets"/><SP WIDTH="16" VPOS="1407" HPOS="375"/>
							<String ID="string_369" HPOS="391" VPOS="1407" WIDTH="37" HEIGHT="25" WC="0.96" CONTENT="lag,"/><SP WIDTH="16" VPOS="1407" HPOS="428"/>
							<String ID="string_370" HPOS="444" VPOS="1413" WIDTH="42" HEIGHT="13" WC="0.96" CONTENT="som"/><SP WIDTH="16" VPOS="1413" HPOS="486"/>
							<String ID="string_371" HPOS="502" VPOS="1407" WIDTH="6" HEIGHT="19" WC="0.96" CONTENT="i"/><SP WIDTH="15" VPOS="1407" HPOS="508"/>
							<String ID="string_372" HPOS="523" VPOS="1408" WIDTH="55" HEIGHT="18" WC="0.96" CONTENT="bästa"/><SP WIDTH="19" VPOS="1408" HPOS="578"/>
							<String ID="string_373" HPOS="597" VPOS="1408" WIDTH="34" HEIGHT="18" WC="0.96" CONTENT="fall"/><SP WIDTH="15" VPOS="1408" HPOS="631"/>
							<String ID="string_374" HPOS="646" VPOS="1408" WIDTH="71" HEIGHT="19" WC="0.93" CONTENT="endast"/><SP WIDTH="14" VPOS="1408" HPOS="717"/>
							<String ID="string_375" HPOS="731" VPOS="1408" WIDTH="140" HEIGHT="24" WC="0.90" CONTENT="ofullständigt"/><SP WIDTH="14" VPOS="1408" HPOS="871"/>
							<String ID="string_376" HPOS="885" VPOS="1408" WIDTH="67" HEIGHT="19" WC="0.91" CONTENT="känna"/>
						</TextLine>
						<TextLine ID="line_43" HPOS="199" VPOS="1435" WIDTH="753" HEIGHT="27">
							<String ID="string_377" HPOS="199" VPOS="1436" WIDTH="107" HEIGHT="25" WC="0.92" CONTENT="nägotdera"/><SP WIDTH="15" VPOS="1436" HPOS="306"/>
							<String ID="string_378" HPOS="321" VPOS="1436" WIDTH="19" HEIGHT="19" WC="0.96" CONTENT="af"/><SP WIDTH="15" VPOS="1436" HPOS="340"/>
							<String ID="string_379" HPOS="355" VPOS="1435" WIDTH="24" HEIGHT="20" WC="0.93" CONTENT="de"/><SP WIDTH="18" VPOS="1435" HPOS="379"/>
							<String ID="string_380" HPOS="397" VPOS="1436" WIDTH="103" HEIGHT="19" WC="0.91" CONTENT="inhemska"/><SP WIDTH="22" VPOS="1436" HPOS="500"/>
							<String ID="string_381" HPOS="522" VPOS="1436" WIDTH="85" HEIGHT="25" WC="0.91" CONTENT="spräken"/><SP WIDTH="22" VPOS="1436" HPOS="607"/>
							<String ID="string_382" HPOS="629" VPOS="1436" WIDTH="38" HEIGHT="20" WC="0.90" CONTENT="och"/><SP WIDTH="23" VPOS="1436" HPOS="667"/>
							<String ID="string_383" HPOS="690" VPOS="1436" WIDTH="97" HEIGHT="26" WC="0.90" CONTENT="därjämte"/><SP WIDTH="16" VPOS="1436" HPOS="787"/>
							<String ID="string_384" HPOS="803" VPOS="1439" WIDTH="33" HEIGHT="17" WC="0.92" CONTENT="äro"/><SP WIDTH="16" VPOS="1439" HPOS="836"/>
							<String ID="string_385" HPOS="852" VPOS="1436" WIDTH="100" HEIGHT="26" WC="0.92" CONTENT="okunniga"/>
						</TextLine>
						<TextLine ID="line_44" HPOS="198" VPOS="1464" WIDTH="754" HEIGHT="25">
							<String ID="string_386" HPOS="198" VPOS="1471" WIDTH="31" HEIGHT="12" WC="0.95" CONTENT="om"/><SP WIDTH="15" VPOS="1471" HPOS="229"/>
							<String ID="string_387" HPOS="244" VPOS="1465" WIDTH="55" HEIGHT="24" WC="0.96" CONTENT="lagar"/><SP WIDTH="15" VPOS="1465" HPOS="299"/>
							<String ID="string_388" HPOS="314" VPOS="1464" WIDTH="37" HEIGHT="20" WC="0.93" CONTENT="och"/><SP WIDTH="16" VPOS="1464" HPOS="351"/>
							<String ID="string_389" HPOS="367" VPOS="1464" WIDTH="230" HEIGHT="20" WC="0.89" CONTENT="samhällsförhällanden"/><SP WIDTH="16" VPOS="1464" HPOS="597"/>
							<String ID="string_390" HPOS="613" VPOS="1465" WIDTH="6" HEIGHT="19" WC="0.96" CONTENT="i"/><SP WIDTH="15" VPOS="1465" HPOS="619"/>
							<String ID="string_391" HPOS="634" VPOS="1465" WIDTH="55" HEIGHT="19" WC="0.96" CONTENT="detta"/><SP WIDTH="14" VPOS="1465" HPOS="689"/>
							<String ID="string_392" HPOS="703" VPOS="1465" WIDTH="52" HEIGHT="20" WC="0.95" CONTENT="land."/><SP WIDTH="30" VPOS="1465" HPOS="755"/>
							<String ID="string_393" HPOS="785" VPOS="1466" WIDTH="37" HEIGHT="19" WC="0.95" CONTENT="Det"/><SP WIDTH="12" VPOS="1466" HPOS="822"/>
							<String ID="string_394" HPOS="834" VPOS="1468" WIDTH="22" HEIGHT="17" WC="0.93" CONTENT="är"/><SP WIDTH="10" VPOS="1468" HPOS="856"/>
							<String ID="string_395" HPOS="866" VPOS="1465" WIDTH="86" HEIGHT="20" WC="0.92" CONTENT="sälunda"/>
						</TextLine>
					</TextBlock>
				</ComposedBlock>
				<GraphicalElement ID="cblock_2" HPOS="203" VPOS="608" WIDTH="1" HEIGHT="419"></GraphicalElement >
				<ComposedBlock ID="cblock_3" HPOS="264" VPOS="1514" WIDTH="366" HEIGHT="23">
					<TextBlock ID="block_5" HPOS="264" VPOS="1514" WIDTH="366" HEIGHT="23">
						<TextLine ID="line_45" HPOS="264" VPOS="1514" WIDTH="366" HEIGHT="23">
							<String ID="string_396" HPOS="264" VPOS="1514" WIDTH="147" HEIGHT="23" WC="0.90" CONTENT="Lagutskottets"/><SP WIDTH="14" VPOS="1514" HPOS="411"/>
							<String ID="string_397" HPOS="425" VPOS="1514" WIDTH="118" HEIGHT="18" WC="0.91" CONTENT="betänkande"/><SP WIDTH="17" VPOS="1514" HPOS="543"/>
							<String ID="string_398" HPOS="560" VPOS="1515" WIDTH="38" HEIGHT="17" WC="0.96" CONTENT="N:o"/><SP WIDTH="15" VPOS="1515" HPOS="598"/>
							<String ID="string_399" HPOS="613" VPOS="1516" WIDTH="17" HEIGHT="16" WC="0.96" CONTENT="9."/>
						</TextLine>
					</TextBlock>
				</ComposedBlock>
			</PrintSpace>
		</Page>
	</Layout>
</alto>
