1092 1745
305 159 274 23 Petitionsbetänkande
596 159 42 22 N:o
653 159 35 22 14.
826 161 26 19 21

402 218 30 20 att,
452 217 32 22 för
498 217 113 22 påbörjande
629 217 24 22 af
667 216 72 22 arbetet,
756 217 59 18 under
827 218 56 17 nista

334 245 128 22 finansperiod
479 245 55 18 måtte
552 245 24 22 af
584 245 248 22 konmunikationsfondens
844 251 38 12 me-

334 273 28 18 del
378 273 32 22 för
428 273 106 18 ändamålet
552 273 77 18 anvisas
646 273 116 22 erforderligt
780 274 102 22 penninge-

334 302 70 22 anslag.

198 359 122 24 Helsingfors,
332 358 35 19 den
379 359 11 18 6
402 359 89 18 Februari
505 359 48 18 1900.

233 416 47 23 Iwar
296 417 95 27 Kyander.
666 415 20 24 A.
701 415 69 24 Lilius.

130 449 152 24 Landtdagsman
294 450 30 18 för
336 450 71 23 Kajana
420 449 46 19 stad.
550 449 150 24 Landtdagsman
712 450 30 18 för
752 449 69 19 Iisalmi
834 449 48 18 stad.

490 577 30 23 10.

684 626 129 19 (Ofversättning.)

312 663 44 18 Till
368 663 139 18 hedervärda
522 662 177 19 Bondeständet.

199 720 27 18 På
240 720 60 24 grund
313 721 19 18 af
343 720 50 18 hvad
405 721 40 17 icke
457 720 71 19 mindre
540 722 23 17 än
576 721 31 18 två
619 721 5 17 i
636 720 57 19 nåder
705 720 78 18 tillsatta
795 720 89 18 komiteer

130 749 68 18 uttalat
210 755 30 12 om
251 749 134 24 behöfligheten
398 749 20 18 af
429 755 22 12 en
462 749 76 24 järnväg
550 749 76 18 emellan
638 749 71 22 Kajana
721 749 35 18 och
767 749 70 18 Iisalmi
848 749 35 18 och

131 778 89 18 stödande
238 779 37 23 mig
291 778 105 24 isynnerhet
408 779 24 23 pä
443 778 36 18 den
491 781 61 16 senast
565 777 173 19 sammanträdande
749 778 91 18 komiténs
852 778 31 18 be-

130 806 106 19 tänkanden
253 807 19 18 af
290 806 35 19 den
342 807 10 18 9
368 807 37 22 Maj
419 807 45 18 1898
475 807 35 18 och
522 807 35 18 den
569 807 23 18 30
604 807 37 22 Maj
654 807 51 21 1899,
716 806 83 19 anhåller
809 806 30 23 jag
851 806 32 19 öd-

131 835 82 22 mjukast
225 841 30 12 om
266 835 114 19 hedervärda
391 835 147 18 Bondeständets
550 834 114 19 medvärkan
675 834 70 19 därtill:

403 894 28 16 att
446 898 24 12 en
485 892 140 23 normalspårig
636 893 78 21 järnväg
725 892 63 17 såsom
799 891 84 22 fortsäti-

336 921 46 22 ning
394 921 29 17 till
436 921 85 18 Savolaks
534 921 62 17 banan
607 921 56 17 måtte
675 920 66 23 byggas
753 920 46 22 från
810 920 75 17 Tisalmi

336 949 30 18 till
378 949 73 23 Kajana
463 950 41 17 med
516 950 33 17 den
561 949 113 23 sträckning,
687 954 39 12 som
738 948 24 22 af
770 948 114 18 komitöerna

335 978 93 22 förordats
441 978 31 18 och
484 984 64 17 genom
560 978 116 23 regeringens
687 978 74 22 försorg
771 977 112 22 undersökts,

336 1008 48 16 samt

404 1044 26 15 att
452 1042 32 22 för
506 1042 77 17 arbetets
606 1041 98 23 utförande
727 1041 58 18 under
810 1040 73 18 nästin-

336 1070 102 18 stundande
450 1070 129 23 finansperiod
595 1070 56 17 måtte
669 1070 24 22 af
705 1069 178 18 kommunikations-

336 1099 77 22 fondens
431 1099 57 18 medel
505 1099 77 17 anvisas
594 1098 115 23 erforderligt
720 1098 163 23 penningeanslag.

200 1156 122 24 Helsingfors,
334 1156 35 18 den
383 1156 21 18 10
417 1156 89 18 Februari
519 1156 49 18 1900.

673 1207 18 23 K.
707 1206 108 24 Kokkonen.

496 1306 22 22 L

684 1347 132 20 (Öfversättning.)

314 1385 44 17 Till
372 1384 138 23 högvördiga
525 1383 177 19 Presteståndet.

202 1441 36 18 Om
256 1447 22 12 en
294 1441 75 23 järnväg
381 1441 39 18 icke
431 1447 43 12 vore
487 1440 68 23 dragen
567 1446 64 17 genom
644 1436 124 25 Österbotten,
781 1439 59 18 skulle
852 1439 34 18 där

133 1471 60 18 denna
210 1470 59 19 vinter
287 1471 48 22 ånyo
352 1469 86 24 uppföras
451 1469 111 24 sorgespelet
573 1469 43 18 från
627 1469 21 17 år
661 1469 50 20 1867,
723 1471 21 20 ty
756 1467 31 18 det
799 1473 43 13 vore
853 1467 33 18 all-

200 1505 185 23 Järnvägsutskottets
395 1504 111 18 betänkande
518 1503 38 18 N:o
568 1504 19 17 2.
