1073 1709
316 156 248 24 Petitionsbetänkande
580 156 37 23 N:o
633 156 41 24 24.
826 160 11 18 7

120 220 33 18 ket
165 221 75 17 mindre
253 221 104 17 utvecklad
370 221 25 18 än
407 221 30 17 för
449 222 131 21 närvarande;
593 222 43 17 med
646 222 98 17 maskiner
752 221 64 19 kunde
824 222 44 18 icke

120 255 35 22 ens
167 250 127 18 närmelsevis
307 250 89 21 uträttas,
409 251 52 17 hvad
473 256 45 13 man
529 256 28 13 nu
569 250 44 19 med
625 251 44 18 dem
681 251 39 17 kan
729 251 138 18 åstadkomma.

120 274 63 24 Äfven
196 279 45 19 hela
253 280 155 23 kanalprojektet
420 285 36 12 var
468 280 111 18 utarbetadt
592 280 77 22 mycket
681 280 112 21 storartadt,
806 281 61 18 större

120 309 26 18 än
158 309 93 18 behofvet
266 310 97 22 någonsin
375 310 62 18 skulle
449 310 26 17 ha
488 310 100 18 erfordrat.
613 310 36 18 Det
661 310 55 18 torde
728 310 43 18 icke
787 315 34 13 ens
835 310 33 18 be-

120 338 60 19 höfva
197 338 96 22 betviflas,
311 340 30 18 att
357 340 42 17 icke
417 340 84 18 kanalen
518 340 44 18 med
577 340 83 23 tillhjälp
674 340 19 18 af
706 340 37 18 den
755 340 112 18 nuvarande

120 368 222 24 ingeniörvetenskapen
354 370 37 17 och
403 370 24 17 de
440 369 164 19 arbetsmaskiner
613 370 36 18 den
659 370 136 18 åstadkommit
803 370 64 18 kunde

120 398 76 24 byggas
213 399 29 18 uti
258 399 31 18 för
301 399 167 23 inlandsfartygen
481 400 74 18 farbart
567 400 56 18 skick
636 400 43 18 med
692 404 24 14 en
728 400 48 18 liten
787 400 81 18 bråkdel

120 428 21 18 af
154 429 22 18 de
191 428 24 18 då
227 428 111 20 beräknade
350 429 135 18 kostnaderna.

191 458 88 19 Framför
296 459 34 17 allt
345 459 60 18 borde
423 459 75 17 således
515 460 63 17 denna
590 459 45 23 linje
648 459 87 18 tekniskt
747 459 120 18 undersökas

120 488 37 18 och
170 488 62 18 sedan
244 489 25 22 på
282 489 63 22 grund
357 489 20 17 af
389 489 63 18 denna
465 494 38 17 nya
516 489 146 23 undersökning
670 488 101 19 utarbetas
780 489 28 18 ett
816 489 51 18 kost-

120 518 130 23 nadsförslag,
264 523 41 13 som
318 518 54 18 lades
384 518 30 18 till
426 519 62 22 grund
501 519 30 18 för
544 519 91 17 framtida
647 518 68 18 beslut.
737 518 131 18 Värkställan-

120 548 32 18 det
170 548 21 18 af
207 553 24 13 en
249 548 61 18 sådan
327 548 145 23 undersökning
489 548 114 19 förutsätter
619 548 43 18 icke
679 548 52 18 ännu
744 549 33 17 det
789 548 78 23 slutliga

120 577 112 24 byggandet
249 579 20 17 af
281 578 88 22 kanalen,
382 583 44 13 men
438 578 64 18 kunde
514 584 45 13 man
572 578 43 19 med
628 578 81 24 tillhjälp
723 578 20 18 af
756 578 112 18 densamma

120 607 67 19 säkert
203 607 82 19 bedöma
303 608 105 24 företagets
425 608 101 24 möjlighet
543 608 37 19 och
597 608 20 18 få
635 613 23 13 en
671 609 39 17 fast
722 609 62 22 grund
797 608 31 18 för
840 608 27 18 af-

120 638 95 23 görandet
228 638 20 18 af
261 639 62 17 saken
334 638 26 23 på
373 638 31 18 det
417 644 36 12 ena
467 638 46 18 eller
525 638 62 19 andra
599 639 64 17 sättet.
685 638 28 18 Då
721 638 44 18 icke
774 644 33 12 ens
817 638 50 18 kost-

120 668 88 18 naderna
224 668 31 18 för
272 674 24 12 en
313 668 61 18 sådan
391 668 145 24 undersökning
553 668 66 18 kunna
631 668 52 23 stiga
695 668 53 23 högt,
761 668 62 23 vågar
832 668 36 23 jag

121 697 78 19 anhålla
217 702 30 14 om
265 698 120 18 hedervärda
401 698 154 19 Bondeståndets
573 698 119 18 medvärkan
708 698 29 18 till
750 703 24 13 en
787 698 81 22 petition

121 727 72 23 därom,

407 801 28 17 att
446 800 26 18 H.
485 800 24 18 K.
523 800 88 24 Majestät
622 800 87 22 behagade
722 800 38 17 låta
768 798 100 19 undersöka

335 831 72 17 vattnen
423 830 75 17 emellan
509 829 134 19 Ruotsalainen
655 829 31 18 och
698 829 65 17 Saima
774 829 51 23 sjöar
837 829 32 23 för

335 861 28 17 att
374 861 75 17 utrönas
461 860 36 23 må,
510 860 8 18 i
530 860 69 18 hvilken
609 860 48 23 grad
669 859 30 18 och
711 859 40 18 med
763 859 48 18 huru
819 859 49 18 stora

335 890 125 18 omkostnader
472 891 21 17 de
503 896 63 17 genom
575 889 122 23 kanalisering
705 889 58 18 kunde
771 889 33 23 fås
812 889 56 22 lämp-

335 920 36 24 liga
383 921 32 23 för
427 920 73 23 sjöfart.

193 987 126 23 Helsingfors,
333 987 38 18 den
384 987 22 17 10
418 986 92 19 Februari
525 986 50 18 1900.

647 1081 22 22 K.
687 1081 110 23 Ruhanen.

195 1296 115 28 Samtliga
329 1297 7 21 i
352 1294 169 24 ofvanstående
544 1294 232 30 petitionsmemorial
799 1293 70 23 fram-

123 1332 77 22 stälda
224 1330 180 29 önskningsmål
422 1330 71 22 hafva
510 1330 70 22 äfven
595 1330 101 26 tidigare
712 1342 29 3 —
756 1329 40 21 vid
814 1332 54 18 1891

123 1366 43 24 och
192 1370 56 19 1894
268 1366 37 22 års
321 1364 140 29 landtdagar
477 1378 29 2 —
521 1365 62 22 varit
597 1363 98 23 föremål
710 1364 36 22 för
761 1362 108 23 Ständer-

122 1408 44 17 nas
186 1401 151 29 behandling,
357 1402 57 22 utan
431 1401 35 22 att
482 1399 28 23 de
527 1399 72 23 hafva
614 1399 115 23 föranledt
745 1398 35 23 till
796 1397 74 30 några

124 1438 110 30 åtgärder
250 1437 52 23 från
318 1437 143 23 Ständernas
477 1436 56 22 sida.

195 1486 186 23 Järnvägsutskottets
393 1484 109 19 betänkande
514 1484 35 18 N:o
561 1485 16 17 3.
