<?xml version="1.0" encoding="UTF-8"?>
<alto xmlns="http://www.loc.gov/standards/alto/ns-v3#" xmlns:xlink="http://www.w3.org/1999/xlink" xmlns:xsi="http://www.w3.org/2001/XMLSchema-instance" xsi:schemaLocation="http://www.loc.gov/standards/alto/ns-v3# http://www.loc.gov/alto/v3/alto-3-0.xsd">
	<Description>
		<MeasurementUnit>pixel</MeasurementUnit>
		<sourceImageInformation>
			<fileName>/tmp/tess_09n8eei0_input.PNG</fileName>
		</sourceImageInformation>
		<OCRProcessing ID="OCR_0">
			<ocrProcessingStep>
				<processingSoftware>
					<softwareName>tesseract 5.3.4</softwareName>
				</processingSoftware>
			</ocrProcessingStep>
		</OCRProcessing>
	</Description>
	<Layout>
		<Page WIDTH="1098" HEIGHT="1750" PHYSICAL_IMG_NR="0" ID="page_0">
			<PrintSpace HPOS="0" VPOS="0" WIDTH="1098" HEIGHT="1750">
				<ComposedBlock ID="cblock_0" HPOS="242" VPOS="167" WIDTH="550" HEIGHT="37">
					<TextBlock ID="block_0" HPOS="242" VPOS="167" WIDTH="550" HEIGHT="37">
						<TextLine ID="line_0" HPOS="242" VPOS="167" WIDTH="550" HEIGHT="37">
							<String ID="string_0" HPOS="242" VPOS="167" WIDTH="39" HEIGHT="37" WC="0.87" CONTENT="106."/><SP WIDTH="127" VPOS="167" HPOS="281"/>
							<String ID="string_1" HPOS="408" VPOS="172" WIDTH="277" HEIGHT="24" WC="0.90" CONTENT="Petitionsbetänkande"/><SP WIDTH="17" VPOS="172" HPOS="685"/>
							<String ID="string_2" HPOS="702" VPOS="172" WIDTH="41" HEIGHT="23" WC="0.85" CONTENT="N:o"/><SP WIDTH="16" VPOS="172" HPOS="743"/>
							<String ID="string_3" HPOS="759" VPOS="172" WIDTH="33" HEIGHT="23" WC="0.96" CONTENT="14."/>
						</TextLine>
					</TextBlock>
				</ComposedBlock>
				<ComposedBlock ID="cblock_1" HPOS="213" VPOS="237" WIDTH="762" HEIGHT="1263">
					<TextBlock ID="block_1" HPOS="213" VPOS="237" WIDTH="758" HEIGHT="575">
						<TextLine ID="line_1" HPOS="281" VPOS="237" WIDTH="685" HEIGHT="26">
							<String ID="string_4" HPOS="281" VPOS="241" WIDTH="45" HEIGHT="18" WC="0.95" CONTENT="Man"/><SP WIDTH="17" VPOS="241" HPOS="326"/>
							<String ID="string_5" HPOS="343" VPOS="241" WIDTH="34" HEIGHT="18" WC="0.93" CONTENT="har"/><SP WIDTH="19" VPOS="241" HPOS="377"/>
							<String ID="string_6" HPOS="396" VPOS="241" WIDTH="66" HEIGHT="18" WC="0.96" CONTENT="uttalat"/><SP WIDTH="18" VPOS="241" HPOS="462"/>
							<String ID="string_7" HPOS="480" VPOS="241" WIDTH="35" HEIGHT="18" WC="0.93" CONTENT="den"/><SP WIDTH="19" VPOS="241" HPOS="515"/>
							<String ID="string_8" HPOS="534" VPOS="241" WIDTH="53" HEIGHT="21" WC="0.94" CONTENT="åsikt,"/><SP WIDTH="18" VPOS="241" HPOS="587"/>
							<String ID="string_9" HPOS="605" VPOS="243" WIDTH="27" HEIGHT="16" WC="0.96" CONTENT="att"/><SP WIDTH="20" VPOS="243" HPOS="632"/>
							<String ID="string_10" HPOS="652" VPOS="246" WIDTH="37" HEIGHT="17" WC="0.93" CONTENT="nya"/><SP WIDTH="16" VPOS="246" HPOS="689"/>
							<String ID="string_11" HPOS="705" VPOS="240" WIDTH="58" HEIGHT="18" WC="0.96" CONTENT="banor"/><SP WIDTH="17" VPOS="240" HPOS="763"/>
							<String ID="string_12" HPOS="780" VPOS="240" WIDTH="4" HEIGHT="17" WC="0.93" CONTENT="i"/><SP WIDTH="18" VPOS="240" HPOS="784"/>
							<String ID="string_13" HPOS="802" VPOS="240" WIDTH="40" HEIGHT="17" WC="0.96" CONTENT="vårt"/><SP WIDTH="12" VPOS="240" HPOS="842"/>
							<String ID="string_14" HPOS="854" VPOS="239" WIDTH="43" HEIGHT="18" WC="0.96" CONTENT="land"/><SP WIDTH="12" VPOS="239" HPOS="897"/>
							<String ID="string_15" HPOS="909" VPOS="237" WIDTH="57" HEIGHT="20" WC="0.96" CONTENT="borde"/>
						</TextLine>
						<TextLine ID="line_2" HPOS="213" VPOS="267" WIDTH="752" HEIGHT="27">
							<String ID="string_16" HPOS="213" VPOS="270" WIDTH="70" HEIGHT="24" WC="0.90" CONTENT="byggas"/><SP WIDTH="13" VPOS="270" HPOS="283"/>
							<String ID="string_17" HPOS="296" VPOS="269" WIDTH="64" HEIGHT="19" WC="0.96" CONTENT="endast"/><SP WIDTH="12" VPOS="269" HPOS="360"/>
							<String ID="string_18" HPOS="372" VPOS="271" WIDTH="5" HEIGHT="17" WC="0.96" CONTENT="i"/><SP WIDTH="13" VPOS="271" HPOS="377"/>
							<String ID="string_19" HPOS="390" VPOS="269" WIDTH="34" HEIGHT="19" WC="0.96" CONTENT="den"/><SP WIDTH="13" VPOS="269" HPOS="424"/>
							<String ID="string_20" HPOS="437" VPOS="271" WIDTH="43" HEIGHT="16" WC="0.93" CONTENT="män"/><SP WIDTH="13" VPOS="271" HPOS="480"/>
							<String ID="string_21" HPOS="493" VPOS="271" WIDTH="124" HEIGHT="23" WC="0.96" CONTENT="inkomsterna"/><SP WIDTH="9" VPOS="271" HPOS="617"/>
							<String ID="string_22" HPOS="626" VPOS="269" WIDTH="20" HEIGHT="18" WC="0.97" CONTENT="af"/><SP WIDTH="9" VPOS="269" HPOS="646"/>
							<String ID="string_23" HPOS="655" VPOS="269" WIDTH="55" HEIGHT="18" WC="0.93" CONTENT="redan"/><SP WIDTH="10" VPOS="269" HPOS="710"/>
							<String ID="string_24" HPOS="720" VPOS="268" WIDTH="111" HEIGHT="23" WC="0.96" CONTENT="förefintliga"/><SP WIDTH="10" VPOS="268" HPOS="831"/>
							<String ID="string_25" HPOS="841" VPOS="267" WIDTH="66" HEIGHT="19" WC="0.93" CONTENT="sådant"/><SP WIDTH="8" VPOS="267" HPOS="907"/>
							<String ID="string_26" HPOS="915" VPOS="267" WIDTH="50" HEIGHT="18" WC="0.92" CONTENT="med-"/>
						</TextLine>
						<TextLine ID="line_3" HPOS="213" VPOS="296" WIDTH="752" HEIGHT="26">
							<String ID="string_27" HPOS="213" VPOS="299" WIDTH="61" HEIGHT="23" WC="0.91" CONTENT="gäfve;"/><SP WIDTH="19" VPOS="299" HPOS="274"/>
							<String ID="string_28" HPOS="293" VPOS="305" WIDTH="43" HEIGHT="12" WC="0.96" CONTENT="man"/><SP WIDTH="18" VPOS="305" HPOS="336"/>
							<String ID="string_29" HPOS="354" VPOS="299" WIDTH="34" HEIGHT="18" WC="0.96" CONTENT="har"/><SP WIDTH="18" VPOS="299" HPOS="388"/>
							<String ID="string_30" HPOS="406" VPOS="299" WIDTH="26" HEIGHT="18" WC="0.95" CONTENT="till"/><SP WIDTH="16" VPOS="299" HPOS="432"/>
							<String ID="string_31" HPOS="448" VPOS="299" WIDTH="34" HEIGHT="18" WC="0.96" CONTENT="och"/><SP WIDTH="13" VPOS="299" HPOS="482"/>
							<String ID="string_32" HPOS="495" VPOS="299" WIDTH="41" HEIGHT="18" WC="0.93" CONTENT="med"/><SP WIDTH="12" VPOS="299" HPOS="536"/>
							<String ID="string_33" HPOS="548" VPOS="301" WIDTH="65" HEIGHT="19" WC="0.96" CONTENT="ansett,"/><SP WIDTH="13" VPOS="301" HPOS="613"/>
							<String ID="string_34" HPOS="626" VPOS="301" WIDTH="28" HEIGHT="16" WC="0.96" CONTENT="att"/><SP WIDTH="12" VPOS="301" HPOS="654"/>
							<String ID="string_35" HPOS="666" VPOS="298" WIDTH="57" HEIGHT="18" WC="0.93" CONTENT="folket"/><SP WIDTH="9" VPOS="298" HPOS="723"/>
							<String ID="string_36" HPOS="732" VPOS="298" WIDTH="59" HEIGHT="18" WC="0.92" CONTENT="blefve"/><SP WIDTH="12" VPOS="298" HPOS="791"/>
							<String ID="string_37" HPOS="803" VPOS="297" WIDTH="120" HEIGHT="18" WC="0.92" CONTENT="öfverhöfvan"/><SP WIDTH="12" VPOS="297" HPOS="923"/>
							<String ID="string_38" HPOS="935" VPOS="296" WIDTH="30" HEIGHT="18" WC="0.88" CONTENT="be-"/>
						</TextLine>
						<TextLine ID="line_4" HPOS="214" VPOS="326" WIDTH="753" HEIGHT="25">
							<String ID="string_39" HPOS="214" VPOS="327" WIDTH="84" HEIGHT="24" WC="0.90" CONTENT="tungadt,"/><SP WIDTH="13" VPOS="327" HPOS="298"/>
							<String ID="string_40" HPOS="311" VPOS="334" WIDTH="29" HEIGHT="11" WC="0.96" CONTENT="om"/><SP WIDTH="14" VPOS="334" HPOS="340"/>
							<String ID="string_41" HPOS="354" VPOS="334" WIDTH="43" HEIGHT="12" WC="0.93" CONTENT="man"/><SP WIDTH="11" VPOS="334" HPOS="397"/>
							<String ID="string_42" HPOS="408" VPOS="327" WIDTH="87" HEIGHT="19" WC="0.93" CONTENT="fortsatte"/><SP WIDTH="12" VPOS="327" HPOS="495"/>
							<String ID="string_43" HPOS="507" VPOS="330" WIDTH="28" HEIGHT="16" WC="0.93" CONTENT="att"/><SP WIDTH="12" VPOS="330" HPOS="535"/>
							<String ID="string_44" HPOS="547" VPOS="328" WIDTH="78" HEIGHT="23" WC="0.93" CONTENT="anlägga"/><SP WIDTH="11" VPOS="328" HPOS="625"/>
							<String ID="string_45" HPOS="636" VPOS="333" WIDTH="38" HEIGHT="17" WC="0.93" CONTENT="nya"/><SP WIDTH="11" VPOS="333" HPOS="674"/>
							<String ID="string_46" HPOS="685" VPOS="327" WIDTH="57" HEIGHT="18" WC="0.91" CONTENT="banor"/><SP WIDTH="12" VPOS="327" HPOS="742"/>
							<String ID="string_47" HPOS="754" VPOS="327" WIDTH="42" HEIGHT="18" WC="0.96" CONTENT="med"/><SP WIDTH="12" VPOS="327" HPOS="796"/>
							<String ID="string_48" HPOS="808" VPOS="332" WIDTH="71" HEIGHT="12" WC="0.93" CONTENT="samma"/><SP WIDTH="11" VPOS="332" HPOS="879"/>
							<String ID="string_49" HPOS="890" VPOS="326" WIDTH="77" HEIGHT="23" WC="0.91" CONTENT="raskhet"/>
						</TextLine>
						<TextLine ID="line_5" HPOS="214" VPOS="354" WIDTH="753" HEIGHT="25">
							<String ID="string_50" HPOS="214" VPOS="363" WIDTH="40" HEIGHT="12" WC="0.92" CONTENT="som"/><SP WIDTH="12" VPOS="363" HPOS="254"/>
							<String ID="string_51" HPOS="266" VPOS="357" WIDTH="66" HEIGHT="22" WC="0.96" CONTENT="hittils;"/><SP WIDTH="13" VPOS="357" HPOS="332"/>
							<String ID="string_52" HPOS="345" VPOS="363" WIDTH="43" HEIGHT="12" WC="0.96" CONTENT="man"/><SP WIDTH="12" VPOS="363" HPOS="388"/>
							<String ID="string_53" HPOS="400" VPOS="356" WIDTH="57" HEIGHT="19" WC="0.93" CONTENT="borde"/><SP WIDTH="11" VPOS="356" HPOS="457"/>
							<String ID="string_54" HPOS="468" VPOS="357" WIDTH="54" HEIGHT="18" WC="0.95" CONTENT="alltså"/><SP WIDTH="12" VPOS="357" HPOS="522"/>
							<String ID="string_55" HPOS="534" VPOS="358" WIDTH="29" HEIGHT="17" WC="0.96" CONTENT="för"/><SP WIDTH="9" VPOS="358" HPOS="563"/>
							<String ID="string_56" HPOS="572" VPOS="356" WIDTH="98" HEIGHT="19" WC="0.92" CONTENT="framtiden"/><SP WIDTH="10" VPOS="356" HPOS="670"/>
							<String ID="string_57" HPOS="680" VPOS="356" WIDTH="101" HEIGHT="18" WC="0.96" CONTENT="inskränka"/><SP WIDTH="9" VPOS="356" HPOS="781"/>
							<String ID="string_58" HPOS="790" VPOS="354" WIDTH="105" HEIGHT="25" WC="0.96" CONTENT="byggandet"/><SP WIDTH="7" VPOS="354" HPOS="895"/>
							<String ID="string_59" HPOS="902" VPOS="355" WIDTH="19" HEIGHT="17" WC="0.96" CONTENT="af"/><SP WIDTH="9" VPOS="355" HPOS="921"/>
							<String ID="string_60" HPOS="930" VPOS="360" WIDTH="37" HEIGHT="17" WC="0.96" CONTENT="nya"/>
						</TextLine>
						<TextLine ID="line_6" HPOS="213" VPOS="383" WIDTH="755" HEIGHT="26">
							<String ID="string_61" HPOS="213" VPOS="385" WIDTH="103" HEIGHT="24" WC="0.96" CONTENT="järnvägar."/><SP WIDTH="24" VPOS="385" HPOS="316"/>
							<String ID="string_62" HPOS="340" VPOS="386" WIDTH="33" HEIGHT="18" WC="0.93" CONTENT="Ett"/><SP WIDTH="17" VPOS="386" HPOS="373"/>
							<String ID="string_63" HPOS="390" VPOS="385" WIDTH="65" HEIGHT="19" WC="0.93" CONTENT="sådant"/><SP WIDTH="13" VPOS="385" HPOS="455"/>
							<String ID="string_64" HPOS="468" VPOS="386" WIDTH="149" HEIGHT="23" WC="0.46" CONTENT="äskädningssätt"/><SP WIDTH="12" VPOS="386" HPOS="617"/>
							<String ID="string_65" HPOS="629" VPOS="385" WIDTH="37" HEIGHT="18" WC="0.93" CONTENT="kan"/><SP WIDTH="12" VPOS="385" HPOS="666"/>
							<String ID="string_66" HPOS="678" VPOS="385" WIDTH="15" HEIGHT="22" WC="0.95" CONTENT="ej"/><SP WIDTH="13" VPOS="385" HPOS="693"/>
							<String ID="string_67" HPOS="706" VPOS="391" WIDTH="43" HEIGHT="12" WC="0.96" CONTENT="vara"/><SP WIDTH="11" VPOS="391" HPOS="749"/>
							<String ID="string_68" HPOS="760" VPOS="385" WIDTH="6" HEIGHT="17" WC="0.93" CONTENT="i"/><SP WIDTH="12" VPOS="385" HPOS="766"/>
							<String ID="string_69" HPOS="778" VPOS="383" WIDTH="190" HEIGHT="20" WC="0.92" CONTENT="öfverensstämmelse"/>
						</TextLine>
						<TextLine ID="line_7" HPOS="214" VPOS="413" WIDTH="753" HEIGHT="25">
							<String ID="string_70" HPOS="214" VPOS="415" WIDTH="42" HEIGHT="18" WC="0.96" CONTENT="med"/><SP WIDTH="12" VPOS="415" HPOS="256"/>
							<String ID="string_71" HPOS="268" VPOS="415" WIDTH="22" HEIGHT="18" WC="0.93" CONTENT="de"/><SP WIDTH="13" VPOS="415" HPOS="290"/>
							<String ID="string_72" HPOS="303" VPOS="415" WIDTH="47" HEIGHT="22" WC="0.92" CONTENT="kraf,"/><SP WIDTH="12" VPOS="415" HPOS="350"/>
							<String ID="string_73" HPOS="362" VPOS="415" WIDTH="63" HEIGHT="18" WC="0.96" CONTENT="hvilka"/><SP WIDTH="11" VPOS="415" HPOS="425"/>
							<String ID="string_74" HPOS="436" VPOS="421" WIDTH="96" HEIGHT="17" WC="0.96" CONTENT="omsorgen"/><SP WIDTH="12" VPOS="421" HPOS="532"/>
							<String ID="string_75" HPOS="544" VPOS="421" WIDTH="31" HEIGHT="12" WC="0.93" CONTENT="om"/><SP WIDTH="12" VPOS="421" HPOS="575"/>
							<String ID="string_76" HPOS="587" VPOS="414" WIDTH="70" HEIGHT="19" WC="0.96" CONTENT="landets"/><SP WIDTH="13" VPOS="414" HPOS="657"/>
							<String ID="string_77" HPOS="670" VPOS="414" WIDTH="28" HEIGHT="18" WC="0.96" CONTENT="väl"/><SP WIDTH="13" VPOS="414" HPOS="698"/>
							<String ID="string_78" HPOS="711" VPOS="414" WIDTH="35" HEIGHT="18" WC="0.96" CONTENT="och"/><SP WIDTH="11" VPOS="414" HPOS="746"/>
							<String ID="string_79" HPOS="757" VPOS="414" WIDTH="41" HEIGHT="18" WC="0.93" CONTENT="dess"/><SP WIDTH="13" VPOS="414" HPOS="798"/>
							<String ID="string_80" HPOS="811" VPOS="413" WIDTH="96" HEIGHT="19" WC="0.92" CONTENT="förkofran"/><SP WIDTH="12" VPOS="413" HPOS="907"/>
							<String ID="string_81" HPOS="919" VPOS="414" WIDTH="48" HEIGHT="17" WC="0.96" CONTENT="samt"/>
						</TextLine>
						<TextLine ID="line_8" HPOS="214" VPOS="442" WIDTH="752" HEIGHT="25">
							<String ID="string_82" HPOS="214" VPOS="443" WIDTH="42" HEIGHT="19" WC="0.92" CONTENT="dess"/><SP WIDTH="12" VPOS="443" HPOS="256"/>
							<String ID="string_83" HPOS="268" VPOS="443" WIDTH="116" HEIGHT="19" WC="0.92" CONTENT="försättande"/><SP WIDTH="11" VPOS="443" HPOS="384"/>
							<String ID="string_84" HPOS="395" VPOS="444" WIDTH="5" HEIGHT="18" WC="0.93" CONTENT="i"/><SP WIDTH="13" VPOS="444" HPOS="400"/>
							<String ID="string_85" HPOS="413" VPOS="443" WIDTH="66" HEIGHT="19" WC="0.96" CONTENT="sådant"/><SP WIDTH="13" VPOS="443" HPOS="479"/>
							<String ID="string_86" HPOS="492" VPOS="445" WIDTH="43" HEIGHT="22" WC="0.96" CONTENT="läge,"/><SP WIDTH="13" VPOS="445" HPOS="535"/>
							<String ID="string_87" HPOS="548" VPOS="446" WIDTH="29" HEIGHT="16" WC="0.96" CONTENT="att"/><SP WIDTH="11" VPOS="446" HPOS="577"/>
							<String ID="string_88" HPOS="588" VPOS="443" WIDTH="31" HEIGHT="19" WC="0.96" CONTENT="det"/><SP WIDTH="11" VPOS="443" HPOS="619"/>
							<String ID="string_89" HPOS="630" VPOS="443" WIDTH="37" HEIGHT="18" WC="0.96" CONTENT="kan"/><SP WIDTH="8" VPOS="443" HPOS="667"/>
							<String ID="string_90" HPOS="675" VPOS="444" WIDTH="24" HEIGHT="23" WC="0.96" CONTENT="pä"/><SP WIDTH="8" VPOS="444" HPOS="699"/>
							<String ID="string_91" HPOS="707" VPOS="442" WIDTH="61" HEIGHT="23" WC="0.96" CONTENT="grund"/><SP WIDTH="9" VPOS="442" HPOS="768"/>
							<String ID="string_92" HPOS="777" VPOS="443" WIDTH="19" HEIGHT="18" WC="0.93" CONTENT="af"/><SP WIDTH="9" VPOS="443" HPOS="796"/>
							<String ID="string_93" HPOS="805" VPOS="447" WIDTH="73" HEIGHT="14" WC="0.93" CONTENT="vunnen"/><SP WIDTH="10" VPOS="447" HPOS="878"/>
							<String ID="string_94" HPOS="888" VPOS="442" WIDTH="78" HEIGHT="18" WC="0.90" CONTENT="erfaren-"/>
						</TextLine>
						<TextLine ID="line_9" HPOS="214" VPOS="470" WIDTH="753" HEIGHT="24">
							<String ID="string_95" HPOS="214" VPOS="472" WIDTH="32" HEIGHT="19" WC="0.96" CONTENT="het"/><SP WIDTH="12" VPOS="472" HPOS="246"/>
							<String ID="string_96" HPOS="258" VPOS="473" WIDTH="86" HEIGHT="18" WC="0.95" CONTENT="utveckla"/><SP WIDTH="12" VPOS="473" HPOS="344"/>
							<String ID="string_97" HPOS="356" VPOS="473" WIDTH="39" HEIGHT="18" WC="0.96" CONTENT="sina"/><SP WIDTH="12" VPOS="473" HPOS="395"/>
							<String ID="string_98" HPOS="407" VPOS="473" WIDTH="117" HEIGHT="18" WC="0.96" CONTENT="ekonomiska"/><SP WIDTH="12" VPOS="473" HPOS="524"/>
							<String ID="string_99" HPOS="536" VPOS="478" WIDTH="87" HEIGHT="13" WC="0.93" CONTENT="resurser,"/><SP WIDTH="12" VPOS="478" HPOS="623"/>
							<String ID="string_100" HPOS="635" VPOS="472" WIDTH="105" HEIGHT="18" WC="0.94" CONTENT="förutsätta."/><SP WIDTH="18" VPOS="472" HPOS="740"/>
							<String ID="string_101" HPOS="758" VPOS="472" WIDTH="9" HEIGHT="17" WC="0.96" CONTENT="I"/><SP WIDTH="12" VPOS="472" HPOS="767"/>
							<String ID="string_102" HPOS="779" VPOS="471" WIDTH="56" HEIGHT="23" WC="0.96" CONTENT="öfrigt"/><SP WIDTH="10" VPOS="471" HPOS="835"/>
							<String ID="string_103" HPOS="845" VPOS="470" WIDTH="77" HEIGHT="23" WC="0.93" CONTENT="erbjuda"/><SP WIDTH="6" VPOS="470" HPOS="922"/>
							<String ID="string_104" HPOS="928" VPOS="471" WIDTH="39" HEIGHT="18" WC="0.93" CONTENT="lan-"/>
						</TextLine>
						<TextLine ID="line_10" HPOS="214" VPOS="499" WIDTH="754" HEIGHT="26">
							<String ID="string_105" HPOS="214" VPOS="501" WIDTH="42" HEIGHT="19" WC="0.89" CONTENT="dets"/><SP WIDTH="17" VPOS="501" HPOS="256"/>
							<String ID="string_106" HPOS="273" VPOS="501" WIDTH="59" HEIGHT="23" WC="0.94" CONTENT="karga"/><SP WIDTH="18" VPOS="501" HPOS="332"/>
							<String ID="string_107" HPOS="350" VPOS="503" WIDTH="60" HEIGHT="19" WC="0.95" CONTENT="natur,"/><SP WIDTH="18" VPOS="503" HPOS="410"/>
							<String ID="string_108" HPOS="428" VPOS="500" WIDTH="45" HEIGHT="19" WC="0.59" CONTENT="dess"/><SP WIDTH="15" VPOS="500" HPOS="473"/>
							<String ID="string_109" HPOS="488" VPOS="501" WIDTH="54" HEIGHT="24" WC="0.96" CONTENT="långa"/><SP WIDTH="18" VPOS="501" HPOS="542"/>
							<String ID="string_110" HPOS="560" VPOS="501" WIDTH="70" HEIGHT="18" WC="0.96" CONTENT="vintrar"/><SP WIDTH="11" VPOS="501" HPOS="630"/>
							<String ID="string_111" HPOS="641" VPOS="501" WIDTH="34" HEIGHT="17" WC="0.93" CONTENT="och"/><SP WIDTH="13" VPOS="501" HPOS="675"/>
							<String ID="string_112" HPOS="688" VPOS="499" WIDTH="61" HEIGHT="20" WC="0.93" CONTENT="oblida"/><SP WIDTH="11" VPOS="499" HPOS="749"/>
							<String ID="string_113" HPOS="760" VPOS="501" WIDTH="66" HEIGHT="17" WC="0.96" CONTENT="klimat"/><SP WIDTH="12" VPOS="501" HPOS="826"/>
							<String ID="string_114" HPOS="838" VPOS="500" WIDTH="53" HEIGHT="18" WC="0.96" CONTENT="svåra"/><SP WIDTH="11" VPOS="500" HPOS="891"/>
							<String ID="string_115" HPOS="902" VPOS="499" WIDTH="66" HEIGHT="24" WC="0.95" CONTENT="hinder"/>
						</TextLine>
						<TextLine ID="line_11" HPOS="215" VPOS="529" WIDTH="753" HEIGHT="24">
							<String ID="string_116" HPOS="215" VPOS="531" WIDTH="29" HEIGHT="17" WC="0.96" CONTENT="för"/><SP WIDTH="12" VPOS="531" HPOS="244"/>
							<String ID="string_117" HPOS="256" VPOS="530" WIDTH="62" HEIGHT="23" WC="0.96" CONTENT="hvarje"/><SP WIDTH="12" VPOS="530" HPOS="318"/>
							<String ID="string_118" HPOS="330" VPOS="530" WIDTH="64" HEIGHT="18" WC="0.96" CONTENT="försök"/><SP WIDTH="13" VPOS="530" HPOS="394"/>
							<String ID="string_119" HPOS="407" VPOS="530" WIDTH="26" HEIGHT="18" WC="0.96" CONTENT="till"/><SP WIDTH="12" VPOS="530" HPOS="433"/>
							<String ID="string_120" HPOS="445" VPOS="530" WIDTH="106" HEIGHT="18" WC="0.96" CONTENT="ekonomisk"/><SP WIDTH="13" VPOS="530" HPOS="551"/>
							<String ID="string_121" HPOS="564" VPOS="530" WIDTH="110" HEIGHT="23" WC="0.96" CONTENT="utveckling."/><SP WIDTH="24" VPOS="530" HPOS="674"/>
							<String ID="string_122" HPOS="698" VPOS="530" WIDTH="79" HEIGHT="17" WC="0.96" CONTENT="Komma"/><SP WIDTH="12" VPOS="530" HPOS="777"/>
							<String ID="string_123" HPOS="789" VPOS="529" WIDTH="61" HEIGHT="18" WC="0.96" CONTENT="härtill"/><SP WIDTH="12" VPOS="529" HPOS="850"/>
							<String ID="string_124" HPOS="862" VPOS="529" WIDTH="106" HEIGHT="22" WC="0.96" CONTENT="ytterligare"/>
						</TextLine>
						<TextLine ID="line_12" HPOS="215" VPOS="557" WIDTH="752" HEIGHT="25">
							<String ID="string_125" HPOS="215" VPOS="558" WIDTH="61" HEIGHT="24" WC="0.95" CONTENT="dåliga"/><SP WIDTH="15" VPOS="558" HPOS="276"/>
							<String ID="string_126" HPOS="291" VPOS="559" WIDTH="34" HEIGHT="18" WC="0.96" CONTENT="och"/><SP WIDTH="12" VPOS="559" HPOS="325"/>
							<String ID="string_127" HPOS="337" VPOS="559" WIDTH="103" HEIGHT="22" WC="0.93" CONTENT="besvärliga"/><SP WIDTH="11" VPOS="559" HPOS="440"/>
							<String ID="string_128" HPOS="451" VPOS="558" WIDTH="302" HEIGHT="20" WC="0.92" CONTENT="kommunikationsförhållanden,"/><SP WIDTH="12" VPOS="558" HPOS="753"/>
							<String ID="string_129" HPOS="765" VPOS="559" WIDTH="63" HEIGHT="17" WC="0.96" CONTENT="hvilka"/><SP WIDTH="12" VPOS="559" HPOS="828"/>
							<String ID="string_130" HPOS="840" VPOS="557" WIDTH="81" HEIGHT="23" WC="0.96" CONTENT="fördröja"/><SP WIDTH="12" VPOS="557" HPOS="921"/>
							<String ID="string_131" HPOS="933" VPOS="557" WIDTH="34" HEIGHT="18" WC="0.96" CONTENT="och"/>
						</TextLine>
						<TextLine ID="line_13" HPOS="216" VPOS="587" WIDTH="751" HEIGHT="25">
							<String ID="string_132" HPOS="216" VPOS="588" WIDTH="84" HEIGHT="24" WC="0.93" CONTENT="försvåra"/><SP WIDTH="16" VPOS="588" HPOS="300"/>
							<String ID="string_133" HPOS="316" VPOS="587" WIDTH="91" HEIGHT="19" WC="0.90" CONTENT="inlandets"/><SP WIDTH="12" VPOS="587" HPOS="407"/>
							<String ID="string_134" HPOS="419" VPOS="588" WIDTH="84" HEIGHT="23" WC="0.95" CONTENT="beröring"/><SP WIDTH="12" VPOS="588" HPOS="503"/>
							<String ID="string_135" HPOS="515" VPOS="588" WIDTH="41" HEIGHT="18" WC="0.95" CONTENT="med"/><SP WIDTH="13" VPOS="588" HPOS="556"/>
							<String ID="string_136" HPOS="569" VPOS="588" WIDTH="62" HEIGHT="18" WC="0.95" CONTENT="hafvet"/><SP WIDTH="12" VPOS="588" HPOS="631"/>
							<String ID="string_137" HPOS="643" VPOS="588" WIDTH="36" HEIGHT="18" WC="0.92" CONTENT="och"/><SP WIDTH="11" VPOS="588" HPOS="679"/>
							<String ID="string_138" HPOS="690" VPOS="587" WIDTH="145" HEIGHT="22" WC="0.91" CONTENT="handelscentra,"/><SP WIDTH="13" VPOS="587" HPOS="835"/>
							<String ID="string_139" HPOS="848" VPOS="588" WIDTH="19" HEIGHT="17" WC="0.93" CONTENT="så"/><SP WIDTH="13" VPOS="588" HPOS="867"/>
							<String ID="string_140" HPOS="880" VPOS="587" WIDTH="87" HEIGHT="17" WC="0.91" CONTENT="förlamas"/>
						</TextLine>
						<TextLine ID="line_14" HPOS="216" VPOS="615" WIDTH="752" HEIGHT="26">
							<String ID="string_141" HPOS="216" VPOS="616" WIDTH="172" HEIGHT="24" WC="0.92" CONTENT="handlingskraften"/><SP WIDTH="11" VPOS="616" HPOS="388"/>
							<String ID="string_142" HPOS="399" VPOS="617" WIDTH="35" HEIGHT="18" WC="0.96" CONTENT="och"/><SP WIDTH="12" VPOS="617" HPOS="434"/>
							<String ID="string_143" HPOS="446" VPOS="617" WIDTH="23" HEIGHT="18" WC="0.96" CONTENT="all"/><SP WIDTH="9" VPOS="617" HPOS="469"/>
							<String ID="string_144" HPOS="478" VPOS="618" WIDTH="106" HEIGHT="23" WC="0.93" CONTENT="utveckling"/><SP WIDTH="9" VPOS="618" HPOS="584"/>
							<String ID="string_145" HPOS="593" VPOS="617" WIDTH="130" HEIGHT="22" WC="0.90" CONTENT="omöjliggöres."/><SP WIDTH="19" VPOS="617" HPOS="723"/>
							<String ID="string_146" HPOS="742" VPOS="616" WIDTH="57" HEIGHT="18" WC="0.96" CONTENT="Detta"/><SP WIDTH="9" VPOS="616" HPOS="799"/>
							<String ID="string_147" HPOS="808" VPOS="615" WIDTH="53" HEIGHT="19" WC="0.95" CONTENT="lands"/><SP WIDTH="9" VPOS="615" HPOS="861"/>
							<String ID="string_148" HPOS="870" VPOS="616" WIDTH="39" HEIGHT="17" WC="0.96" CONTENT="inre"/><SP WIDTH="9" VPOS="616" HPOS="909"/>
							<String ID="string_149" HPOS="918" VPOS="615" WIDTH="50" HEIGHT="18" WC="0.96" CONTENT="delar"/>
						</TextLine>
						<TextLine ID="line_15" HPOS="216" VPOS="644" WIDTH="751" HEIGHT="23">
							<String ID="string_150" HPOS="216" VPOS="640" WIDTH="32" HEIGHT="32" WC="0.96" CONTENT="äro"/><SP WIDTH="10" VPOS="640" HPOS="248"/>
							<String ID="string_151" HPOS="258" VPOS="640" WIDTH="72" HEIGHT="32" WC="0.95" CONTENT="således"/><SP WIDTH="13" VPOS="640" HPOS="330"/>
							<String ID="string_152" HPOS="343" VPOS="646" WIDTH="5" HEIGHT="16" WC="0.96" CONTENT="i"/><SP WIDTH="12" VPOS="646" HPOS="348"/>
							<String ID="string_153" HPOS="360" VPOS="648" WIDTH="27" HEIGHT="15" WC="0.93" CONTENT="ett"/><SP WIDTH="12" VPOS="648" HPOS="387"/>
							<String ID="string_154" HPOS="399" VPOS="646" WIDTH="91" HEIGHT="21" WC="0.91" CONTENT="oafvisligt"/><SP WIDTH="13" VPOS="646" HPOS="490"/>
							<String ID="string_155" HPOS="503" VPOS="646" WIDTH="55" HEIGHT="17" WC="0.92" CONTENT="behof"/><SP WIDTH="12" VPOS="646" HPOS="558"/>
							<String ID="string_156" HPOS="570" VPOS="646" WIDTH="19" HEIGHT="17" WC="0.96" CONTENT="af"/><SP WIDTH="12" VPOS="646" HPOS="589"/>
							<String ID="string_157" HPOS="601" VPOS="650" WIDTH="43" HEIGHT="13" WC="0.93" CONTENT="snar"/><SP WIDTH="11" VPOS="650" HPOS="644"/>
							<String ID="string_158" HPOS="655" VPOS="644" WIDTH="201" HEIGHT="23" WC="0.91" CONTENT="järnvägsförbindelse,"/><SP WIDTH="13" VPOS="644" HPOS="856"/>
							<String ID="string_159" HPOS="869" VPOS="644" WIDTH="34" HEIGHT="18" WC="0.96" CONTENT="och"/><SP WIDTH="12" VPOS="644" HPOS="903"/>
							<String ID="string_160" HPOS="915" VPOS="644" WIDTH="52" HEIGHT="17" WC="0.96" CONTENT="deras"/>
						</TextLine>
						<TextLine ID="line_16" HPOS="216" VPOS="673" WIDTH="752" HEIGHT="25">
							<String ID="string_161" HPOS="216" VPOS="673" WIDTH="104" HEIGHT="24" WC="0.92" CONTENT="bebyggare"/><SP WIDTH="17" VPOS="673" HPOS="320"/>
							<String ID="string_162" HPOS="337" VPOS="673" WIDTH="47" HEIGHT="24" WC="0.96" CONTENT="hysa"/><SP WIDTH="18" VPOS="673" HPOS="384"/>
							<String ID="string_163" HPOS="402" VPOS="673" WIDTH="30" HEIGHT="19" WC="0.96" CONTENT="det"/><SP WIDTH="17" VPOS="673" HPOS="432"/>
							<String ID="string_164" HPOS="449" VPOS="674" WIDTH="49" HEIGHT="17" WC="0.96" CONTENT="fasta"/><SP WIDTH="17" VPOS="674" HPOS="498"/>
							<String ID="string_165" HPOS="515" VPOS="674" WIDTH="55" HEIGHT="24" WC="0.96" CONTENT="hopp,"/><SP WIDTH="15" VPOS="674" HPOS="570"/>
							<String ID="string_166" HPOS="585" VPOS="676" WIDTH="28" HEIGHT="16" WC="0.96" CONTENT="att"/><SP WIDTH="17" VPOS="676" HPOS="613"/>
							<String ID="string_167" HPOS="630" VPOS="679" WIDTH="36" HEIGHT="17" WC="0.96" CONTENT="nya"/><SP WIDTH="13" VPOS="679" HPOS="666"/>
							<String ID="string_168" HPOS="679" VPOS="674" WIDTH="98" HEIGHT="22" WC="0.96" CONTENT="järnvägar"/><SP WIDTH="12" VPOS="674" HPOS="777"/>
							<String ID="string_169" HPOS="789" VPOS="674" WIDTH="23" HEIGHT="17" WC="0.93" CONTENT="än"/><SP WIDTH="12" VPOS="674" HPOS="812"/>
							<String ID="string_170" HPOS="824" VPOS="673" WIDTH="74" HEIGHT="18" WC="0.91" CONTENT="raskare"/><SP WIDTH="12" VPOS="673" HPOS="898"/>
							<String ID="string_171" HPOS="910" VPOS="673" WIDTH="58" HEIGHT="17" WC="0.96" CONTENT="måtte"/>
						</TextLine>
						<TextLine ID="line_17" HPOS="215" VPOS="701" WIDTH="752" HEIGHT="25">
							<String ID="string_172" HPOS="215" VPOS="703" WIDTH="94" HEIGHT="23" WC="0.96" CONTENT="anläggas,"/><SP WIDTH="18" VPOS="703" HPOS="309"/>
							<String ID="string_173" HPOS="327" VPOS="703" WIDTH="23" HEIGHT="23" WC="0.96" CONTENT="på"/><SP WIDTH="18" VPOS="703" HPOS="350"/>
							<String ID="string_174" HPOS="368" VPOS="702" WIDTH="32" HEIGHT="19" WC="0.94" CONTENT="det"/><SP WIDTH="17" VPOS="702" HPOS="400"/>
							<String ID="string_175" HPOS="417" VPOS="702" WIDTH="71" HEIGHT="19" WC="0.95" CONTENT="landets"/><SP WIDTH="19" VPOS="702" HPOS="488"/>
							<String ID="string_176" HPOS="507" VPOS="702" WIDTH="146" HEIGHT="24" WC="0.96" CONTENT="uppblomstring"/><SP WIDTH="18" VPOS="702" HPOS="653"/>
							<String ID="string_177" HPOS="671" VPOS="701" WIDTH="132" HEIGHT="24" WC="0.95" CONTENT="möjliggjordes"/><SP WIDTH="16" VPOS="701" HPOS="803"/>
							<String ID="string_178" HPOS="819" VPOS="701" WIDTH="34" HEIGHT="18" WC="0.96" CONTENT="och"/><SP WIDTH="12" VPOS="701" HPOS="853"/>
							<String ID="string_179" HPOS="865" VPOS="701" WIDTH="41" HEIGHT="18" WC="0.96" CONTENT="dess"/><SP WIDTH="12" VPOS="701" HPOS="906"/>
							<String ID="string_180" HPOS="918" VPOS="702" WIDTH="49" HEIGHT="17" WC="0.95" CONTENT="ännu"/>
						</TextLine>
						<TextLine ID="line_18" HPOS="217" VPOS="729" WIDTH="754" HEIGHT="26">
							<String ID="string_181" HPOS="217" VPOS="731" WIDTH="107" HEIGHT="18" WC="0.89" CONTENT="slumrande"/><SP WIDTH="17" VPOS="731" HPOS="324"/>
							<String ID="string_182" HPOS="341" VPOS="731" WIDTH="69" HEIGHT="18" WC="0.96" CONTENT="krafter"/><SP WIDTH="18" VPOS="731" HPOS="410"/>
							<String ID="string_183" HPOS="428" VPOS="731" WIDTH="72" HEIGHT="18" WC="0.96" CONTENT="väcktes"/><SP WIDTH="13" VPOS="731" HPOS="500"/>
							<String ID="string_184" HPOS="513" VPOS="731" WIDTH="35" HEIGHT="18" WC="0.96" CONTENT="och"/><SP WIDTH="12" VPOS="731" HPOS="548"/>
							<String ID="string_185" HPOS="560" VPOS="732" WIDTH="49" HEIGHT="23" WC="0.96" CONTENT="finge"/><SP WIDTH="13" VPOS="732" HPOS="609"/>
							<String ID="string_186" HPOS="622" VPOS="731" WIDTH="99" HEIGHT="18" WC="0.83" CONTENT="utvecklas,"/><SP WIDTH="24" VPOS="731" HPOS="721"/>
							<String ID="string_187" HPOS="745" VPOS="730" WIDTH="81" HEIGHT="19" WC="0.92" CONTENT="Landets"/><SP WIDTH="12" VPOS="730" HPOS="826"/>
							<String ID="string_188" HPOS="838" VPOS="729" WIDTH="75" HEIGHT="19" WC="0.96" CONTENT="ständer"/><SP WIDTH="11" VPOS="729" HPOS="913"/>
							<String ID="string_189" HPOS="924" VPOS="729" WIDTH="47" HEIGHT="18" WC="0.96" CONTENT="böra"/>
						</TextLine>
						<TextLine ID="line_19" HPOS="217" VPOS="758" WIDTH="754" HEIGHT="24">
							<String ID="string_190" HPOS="217" VPOS="759" WIDTH="64" HEIGHT="18" WC="0.96" CONTENT="därför"/><SP WIDTH="17" VPOS="759" HPOS="281"/>
							<String ID="string_191" HPOS="298" VPOS="762" WIDTH="46" HEIGHT="16" WC="0.96" CONTENT="utan"/><SP WIDTH="18" VPOS="762" HPOS="344"/>
							<String ID="string_192" HPOS="362" VPOS="759" WIDTH="75" HEIGHT="18" WC="0.93" CONTENT="fruktan"/><SP WIDTH="19" VPOS="759" HPOS="437"/>
							<String ID="string_193" HPOS="456" VPOS="759" WIDTH="62" HEIGHT="19" WC="0.91" CONTENT="skrida"/><SP WIDTH="17" VPOS="759" HPOS="518"/>
							<String ID="string_194" HPOS="535" VPOS="760" WIDTH="27" HEIGHT="17" WC="0.93" CONTENT="till"/><SP WIDTH="16" VPOS="760" HPOS="562"/>
							<String ID="string_195" HPOS="578" VPOS="760" WIDTH="64" HEIGHT="18" WC="0.92" CONTENT="värket"/><SP WIDTH="12" VPOS="760" HPOS="642"/>
							<String ID="string_196" HPOS="654" VPOS="759" WIDTH="34" HEIGHT="18" WC="0.96" CONTENT="och"/><SP WIDTH="12" VPOS="759" HPOS="688"/>
							<String ID="string_197" HPOS="700" VPOS="760" WIDTH="15" HEIGHT="21" WC="0.96" CONTENT="ej"/><SP WIDTH="13" VPOS="760" HPOS="715"/>
							<String ID="string_198" HPOS="728" VPOS="760" WIDTH="34" HEIGHT="22" WC="0.96" CONTENT="sky"/><SP WIDTH="12" VPOS="760" HPOS="762"/>
							<String ID="string_199" HPOS="774" VPOS="761" WIDTH="29" HEIGHT="16" WC="0.96" CONTENT="att"/><SP WIDTH="12" VPOS="761" HPOS="803"/>
							<String ID="string_200" HPOS="815" VPOS="759" WIDTH="5" HEIGHT="18" WC="0.96" CONTENT="i"/><SP WIDTH="12" VPOS="759" HPOS="820"/>
							<String ID="string_201" HPOS="832" VPOS="759" WIDTH="35" HEIGHT="18" WC="0.96" CONTENT="och"/><SP WIDTH="12" VPOS="759" HPOS="867"/>
							<String ID="string_202" HPOS="879" VPOS="759" WIDTH="29" HEIGHT="18" WC="0.96" CONTENT="för"/><SP WIDTH="11" VPOS="759" HPOS="908"/>
							<String ID="string_203" HPOS="919" VPOS="758" WIDTH="52" HEIGHT="18" WC="0.96" CONTENT="detta"/>
						</TextLine>
						<TextLine ID="line_20" HPOS="218" VPOS="787" WIDTH="721" HEIGHT="25">
							<String ID="string_204" HPOS="218" VPOS="788" WIDTH="85" HEIGHT="19" WC="0.93" CONTENT="ändamål"/><SP WIDTH="13" VPOS="788" HPOS="303"/>
							<String ID="string_205" HPOS="316" VPOS="790" WIDTH="82" HEIGHT="22" WC="0.91" CONTENT="upptaga"/><SP WIDTH="11" VPOS="790" HPOS="398"/>
							<String ID="string_206" HPOS="409" VPOS="791" WIDTH="27" HEIGHT="15" WC="0.93" CONTENT="ett"/><SP WIDTH="12" VPOS="791" HPOS="436"/>
							<String ID="string_207" HPOS="448" VPOS="789" WIDTH="82" HEIGHT="21" WC="0.93" CONTENT="statslån,"/><SP WIDTH="13" VPOS="789" HPOS="530"/>
							<String ID="string_208" HPOS="543" VPOS="789" WIDTH="26" HEIGHT="18" WC="0.96" CONTENT="låt"/><SP WIDTH="12" VPOS="789" HPOS="569"/>
							<String ID="string_209" HPOS="581" VPOS="795" WIDTH="44" HEIGHT="12" WC="0.96" CONTENT="vara"/><SP WIDTH="12" VPOS="795" HPOS="625"/>
							<String ID="string_210" HPOS="637" VPOS="789" WIDTH="53" HEIGHT="17" WC="0.96" CONTENT="äfven"/><SP WIDTH="14" VPOS="789" HPOS="690"/>
							<String ID="string_211" HPOS="704" VPOS="789" WIDTH="26" HEIGHT="17" WC="0.88" CONTENT="till"/><SP WIDTH="14" VPOS="789" HPOS="730"/>
							<String ID="string_212" HPOS="744" VPOS="787" WIDTH="112" HEIGHT="24" WC="0.91" CONTENT="betydligare"/><SP WIDTH="12" VPOS="787" HPOS="856"/>
							<String ID="string_213" HPOS="868" VPOS="787" WIDTH="71" HEIGHT="23" WC="0.88" CONTENT="belopp."/>
						</TextLine>
					</TextBlock>
					<TextBlock ID="block_2" HPOS="217" VPOS="815" WIDTH="757" HEIGHT="569">
						<TextLine ID="line_21" HPOS="286" VPOS="815" WIDTH="684" HEIGHT="25">
							<String ID="string_214" HPOS="286" VPOS="817" WIDTH="41" HEIGHT="18" WC="0.96" CONTENT="Den"/><SP WIDTH="17" VPOS="817" HPOS="327"/>
							<String ID="string_215" HPOS="344" VPOS="822" WIDTH="37" HEIGHT="18" WC="0.96" CONTENT="nya"/><SP WIDTH="11" VPOS="822" HPOS="381"/>
							<String ID="string_216" HPOS="392" VPOS="817" WIDTH="77" HEIGHT="22" WC="0.96" CONTENT="järnväg"/><SP WIDTH="17" VPOS="817" HPOS="469"/>
							<String ID="string_217" HPOS="486" VPOS="817" WIDTH="30" HEIGHT="23" WC="0.96" CONTENT="jag"/><SP WIDTH="12" VPOS="817" HPOS="516"/>
							<String ID="string_218" HPOS="528" VPOS="818" WIDTH="40" HEIGHT="17" WC="0.93" CONTENT="åter"/><SP WIDTH="10" VPOS="818" HPOS="568"/>
							<String ID="string_219" HPOS="578" VPOS="817" WIDTH="43" HEIGHT="19" WC="0.96" CONTENT="ville"/><SP WIDTH="12" VPOS="817" HPOS="621"/>
							<String ID="string_220" HPOS="633" VPOS="819" WIDTH="60" HEIGHT="15" WC="0.96" CONTENT="varmt"/><SP WIDTH="12" VPOS="819" HPOS="693"/>
							<String ID="string_221" HPOS="705" VPOS="817" WIDTH="75" HEIGHT="18" WC="0.96" CONTENT="förorda"/><SP WIDTH="11" VPOS="817" HPOS="780"/>
							<String ID="string_222" HPOS="791" VPOS="816" WIDTH="35" HEIGHT="18" WC="0.96" CONTENT="hos"/><SP WIDTH="11" VPOS="816" HPOS="826"/>
							<String ID="string_223" HPOS="837" VPOS="815" WIDTH="71" HEIGHT="19" WC="0.93" CONTENT="landets"/><SP WIDTH="13" VPOS="815" HPOS="908"/>
							<String ID="string_224" HPOS="921" VPOS="817" WIDTH="49" HEIGHT="16" WC="0.92" CONTENT="stän-"/>
						</TextLine>
						<TextLine ID="line_22" HPOS="217" VPOS="843" WIDTH="754" HEIGHT="26">
							<String ID="string_225" HPOS="217" VPOS="845" WIDTH="34" HEIGHT="18" WC="0.96" CONTENT="der"/><SP WIDTH="17" VPOS="845" HPOS="251"/>
							<String ID="string_226" HPOS="268" VPOS="847" WIDTH="20" HEIGHT="16" WC="0.96" CONTENT="är"/><SP WIDTH="16" VPOS="847" HPOS="288"/>
							<String ID="string_227" HPOS="304" VPOS="846" WIDTH="143" HEIGHT="23" WC="0.96" CONTENT="fortsättningen"/><SP WIDTH="15" VPOS="846" HPOS="447"/>
							<String ID="string_228" HPOS="462" VPOS="846" WIDTH="19" HEIGHT="17" WC="0.96" CONTENT="af"/><SP WIDTH="16" VPOS="846" HPOS="481"/>
							<String ID="string_229" HPOS="497" VPOS="846" WIDTH="84" HEIGHT="17" WC="0.96" CONTENT="karelska"/><SP WIDTH="18" VPOS="846" HPOS="581"/>
							<String ID="string_230" HPOS="599" VPOS="846" WIDTH="60" HEIGHT="18" WC="0.96" CONTENT="banan"/><SP WIDTH="13" VPOS="846" HPOS="659"/>
							<String ID="string_231" HPOS="672" VPOS="845" WIDTH="26" HEIGHT="18" WC="0.96" CONTENT="till"/><SP WIDTH="12" VPOS="845" HPOS="698"/>
							<String ID="string_232" HPOS="710" VPOS="846" WIDTH="85" HEIGHT="17" WC="0.95" CONTENT="Nurmes."/><SP WIDTH="25" VPOS="846" HPOS="795"/>
							<String ID="string_233" HPOS="820" VPOS="845" WIDTH="37" HEIGHT="17" WC="0.96" CONTENT="Det"/><SP WIDTH="12" VPOS="845" HPOS="857"/>
							<String ID="string_234" HPOS="869" VPOS="843" WIDTH="102" HEIGHT="25" WC="0.96" CONTENT="trängande"/>
						</TextLine>
						<TextLine ID="line_23" HPOS="219" VPOS="869" WIDTH="752" HEIGHT="30">
							<String ID="string_235" HPOS="219" VPOS="874" WIDTH="87" HEIGHT="19" WC="0.92" CONTENT="behofvet"/><SP WIDTH="14" VPOS="874" HPOS="306"/>
							<String ID="string_236" HPOS="320" VPOS="875" WIDTH="20" HEIGHT="18" WC="0.95" CONTENT="af"/><SP WIDTH="12" VPOS="875" HPOS="340"/>
							<String ID="string_237" HPOS="352" VPOS="874" WIDTH="60" HEIGHT="19" WC="0.96" CONTENT="denna"/><SP WIDTH="11" VPOS="874" HPOS="412"/>
							<String ID="string_238" HPOS="423" VPOS="874" WIDTH="48" HEIGHT="18" WC="0.96" CONTENT="bana"/><SP WIDTH="11" VPOS="874" HPOS="471"/>
							<String ID="string_239" HPOS="482" VPOS="875" WIDTH="35" HEIGHT="18" WC="0.96" CONTENT="har"/><SP WIDTH="12" VPOS="875" HPOS="517"/>
							<String ID="string_240" HPOS="529" VPOS="874" WIDTH="104" HEIGHT="25" WC="0.96" CONTENT="upprepade"/><SP WIDTH="12" VPOS="874" HPOS="633"/>
							<String ID="string_241" HPOS="645" VPOS="875" WIDTH="68" HEIGHT="23" WC="0.93" CONTENT="gånger"/><SP WIDTH="12" VPOS="875" HPOS="713"/>
							<String ID="string_242" HPOS="725" VPOS="874" WIDTH="113" HEIGHT="23" WC="0.90" CONTENT="ådagalagts."/><SP WIDTH="24" VPOS="874" HPOS="838"/>
							<String ID="string_243" HPOS="862" VPOS="869" WIDTH="55" HEIGHT="23" WC="0.96" CONTENT="Ända"/><SP WIDTH="11" VPOS="869" HPOS="917"/>
							<String ID="string_244" HPOS="928" VPOS="873" WIDTH="43" HEIGHT="18" WC="0.96" CONTENT="från"/>
						</TextLine>
						<TextLine ID="line_24" HPOS="221" VPOS="903" WIDTH="750" HEIGHT="24">
							<String ID="string_245" HPOS="221" VPOS="903" WIDTH="43" HEIGHT="18" WC="0.94" CONTENT="1891"/><SP WIDTH="16" VPOS="903" HPOS="264"/>
							<String ID="string_246" HPOS="280" VPOS="903" WIDTH="34" HEIGHT="18" WC="0.96" CONTENT="har"/><SP WIDTH="12" VPOS="903" HPOS="314"/>
							<String ID="string_247" HPOS="326" VPOS="903" WIDTH="41" HEIGHT="18" WC="0.96" CONTENT="dess"/><SP WIDTH="12" VPOS="903" HPOS="367"/>
							<String ID="string_248" HPOS="379" VPOS="903" WIDTH="97" HEIGHT="23" WC="0.96" CONTENT="byggande"/><SP WIDTH="12" VPOS="903" HPOS="476"/>
							<String ID="string_249" HPOS="488" VPOS="903" WIDTH="63" HEIGHT="22" WC="0.91" CONTENT="hvarje"/><SP WIDTH="11" VPOS="903" HPOS="551"/>
							<String ID="string_250" HPOS="562" VPOS="903" WIDTH="89" HEIGHT="24" WC="0.91" CONTENT="landtdag"/><SP WIDTH="12" VPOS="903" HPOS="651"/>
							<String ID="string_251" HPOS="663" VPOS="903" WIDTH="46" HEIGHT="17" WC="0.96" CONTENT="varit"/><SP WIDTH="12" VPOS="903" HPOS="709"/>
							<String ID="string_252" HPOS="721" VPOS="903" WIDTH="77" HEIGHT="18" WC="0.96" CONTENT="föremål"/><SP WIDTH="12" VPOS="903" HPOS="798"/>
							<String ID="string_253" HPOS="810" VPOS="903" WIDTH="30" HEIGHT="18" WC="0.93" CONTENT="för"/><SP WIDTH="12" VPOS="903" HPOS="840"/>
							<String ID="string_254" HPOS="852" VPOS="903" WIDTH="119" HEIGHT="23" WC="0.90" CONTENT="ständerpeti-"/>
						</TextLine>
						<TextLine ID="line_25" HPOS="220" VPOS="931" WIDTH="751" HEIGHT="25">
							<String ID="string_255" HPOS="220" VPOS="933" WIDTH="43" HEIGHT="18" WC="0.95" CONTENT="tion."/><SP WIDTH="13" VPOS="933" HPOS="263"/>
							<String ID="string_256" HPOS="276" VPOS="932" WIDTH="37" HEIGHT="18" WC="0.96" CONTENT="Vid"/><SP WIDTH="13" VPOS="932" HPOS="313"/>
							<String ID="string_257" HPOS="326" VPOS="935" WIDTH="71" HEIGHT="16" WC="0.46" CONTENT="senaste"/><SP WIDTH="12" VPOS="935" HPOS="397"/>
							<String ID="string_258" HPOS="409" VPOS="932" WIDTH="74" HEIGHT="23" WC="0.93" CONTENT="lagtima"/><SP WIDTH="13" VPOS="932" HPOS="483"/>
							<String ID="string_259" HPOS="496" VPOS="932" WIDTH="89" HEIGHT="24" WC="0.92" CONTENT="landtdag"/><SP WIDTH="12" VPOS="932" HPOS="585"/>
							<String ID="string_260" HPOS="597" VPOS="933" WIDTH="70" HEIGHT="18" WC="0.91" CONTENT="beslöto"/><SP WIDTH="13" VPOS="933" HPOS="667"/>
							<String ID="string_261" HPOS="680" VPOS="932" WIDTH="103" HEIGHT="21" WC="0.93" CONTENT="ständerna,"/><SP WIDTH="15" VPOS="932" HPOS="783"/>
							<String ID="string_262" HPOS="798" VPOS="934" WIDTH="36" HEIGHT="16" WC="0.91" CONTENT="»att"/><SP WIDTH="13" VPOS="934" HPOS="834"/>
							<String ID="string_263" HPOS="847" VPOS="931" WIDTH="70" HEIGHT="19" WC="0.93" CONTENT="sådana"/><SP WIDTH="11" VPOS="931" HPOS="917"/>
							<String ID="string_264" HPOS="928" VPOS="932" WIDTH="43" HEIGHT="17" WC="0.92" CONTENT="full-"/>
						</TextLine>
						<TextLine ID="line_26" HPOS="220" VPOS="960" WIDTH="751" HEIGHT="24">
							<String ID="string_265" HPOS="220" VPOS="961" WIDTH="86" HEIGHT="23" WC="0.96" CONTENT="ständiga"/><SP WIDTH="16" VPOS="961" HPOS="306"/>
							<String ID="string_266" HPOS="322" VPOS="961" WIDTH="118" HEIGHT="18" WC="0.96" CONTENT="ekonomiska"/><SP WIDTH="16" VPOS="961" HPOS="440"/>
							<String ID="string_267" HPOS="456" VPOS="961" WIDTH="35" HEIGHT="18" WC="0.96" CONTENT="och"/><SP WIDTH="12" VPOS="961" HPOS="491"/>
							<String ID="string_268" HPOS="503" VPOS="961" WIDTH="53" HEIGHT="18" WC="0.96" CONTENT="däraf"/><SP WIDTH="13" VPOS="961" HPOS="556"/>
							<String ID="string_269" HPOS="569" VPOS="961" WIDTH="106" HEIGHT="18" WC="0.95" CONTENT="föranledda"/><SP WIDTH="12" VPOS="961" HPOS="675"/>
							<String ID="string_270" HPOS="687" VPOS="961" WIDTH="139" HEIGHT="18" WC="0.93" CONTENT="instrumentala"/><SP WIDTH="12" VPOS="961" HPOS="826"/>
							<String ID="string_271" HPOS="838" VPOS="960" WIDTH="133" HEIGHT="19" WC="0.92" CONTENT="undersöknin-"/>
						</TextLine>
						<TextLine ID="line_27" HPOS="218" VPOS="989" WIDTH="755" HEIGHT="23">
							<String ID="string_272" HPOS="218" VPOS="995" WIDTH="34" HEIGHT="17" WC="0.95" CONTENT="gar"/><SP WIDTH="18" VPOS="995" HPOS="252"/>
							<String ID="string_273" HPOS="270" VPOS="990" WIDTH="57" HEIGHT="17" WC="0.89" CONTENT="mätte"/><SP WIDTH="19" VPOS="990" HPOS="327"/>
							<String ID="string_274" HPOS="346" VPOS="989" WIDTH="92" HEIGHT="22" WC="0.96" CONTENT="anställas,"/><SP WIDTH="17" VPOS="989" HPOS="438"/>
							<String ID="string_275" HPOS="455" VPOS="991" WIDTH="28" HEIGHT="16" WC="0.96" CONTENT="att"/><SP WIDTH="13" VPOS="991" HPOS="483"/>
							<String ID="string_276" HPOS="496" VPOS="989" WIDTH="97" HEIGHT="19" WC="0.96" CONTENT="ständerna"/><SP WIDTH="12" VPOS="989" HPOS="593"/>
							<String ID="string_277" HPOS="605" VPOS="989" WIDTH="30" HEIGHT="18" WC="0.96" CONTENT="vid"/><SP WIDTH="13" VPOS="989" HPOS="635"/>
							<String ID="string_278" HPOS="648" VPOS="989" WIDTH="151" HEIGHT="18" WC="0.93" CONTENT="nästkommande"/><SP WIDTH="12" VPOS="989" HPOS="799"/>
							<String ID="string_279" HPOS="811" VPOS="989" WIDTH="89" HEIGHT="23" WC="0.92" CONTENT="landtdag"/><SP WIDTH="12" VPOS="989" HPOS="900"/>
							<String ID="string_280" HPOS="912" VPOS="989" WIDTH="61" HEIGHT="18" WC="0.92" CONTENT="blefve"/>
						</TextLine>
						<TextLine ID="line_28" HPOS="219" VPOS="1017" WIDTH="752" HEIGHT="20">
							<String ID="string_281" HPOS="219" VPOS="1018" WIDTH="80" HEIGHT="18" WC="0.91" CONTENT="försatta"/><SP WIDTH="12" VPOS="1018" HPOS="299"/>
							<String ID="string_282" HPOS="311" VPOS="1019" WIDTH="4" HEIGHT="16" WC="0.96" CONTENT="i"/><SP WIDTH="14" VPOS="1019" HPOS="315"/>
							<String ID="string_283" HPOS="329" VPOS="1018" WIDTH="71" HEIGHT="18" WC="0.96" CONTENT="tillfälle"/><SP WIDTH="11" VPOS="1018" HPOS="400"/>
							<String ID="string_284" HPOS="411" VPOS="1020" WIDTH="28" HEIGHT="15" WC="0.96" CONTENT="att"/><SP WIDTH="12" VPOS="1020" HPOS="439"/>
							<String ID="string_285" HPOS="451" VPOS="1018" WIDTH="48" HEIGHT="18" WC="0.96" CONTENT="fatta"/><SP WIDTH="11" VPOS="1018" HPOS="499"/>
							<String ID="string_286" HPOS="510" VPOS="1019" WIDTH="61" HEIGHT="18" WC="0.96" CONTENT="beslut"/><SP WIDTH="9" VPOS="1019" HPOS="571"/>
							<String ID="string_287" HPOS="580" VPOS="1024" WIDTH="30" HEIGHT="13" WC="0.96" CONTENT="om"/><SP WIDTH="10" VPOS="1024" HPOS="610"/>
							<String ID="string_288" HPOS="620" VPOS="1018" WIDTH="23" HEIGHT="18" WC="0.95" CONTENT="bl."/><SP WIDTH="10" VPOS="1018" HPOS="643"/>
							<String ID="string_289" HPOS="653" VPOS="1024" WIDTH="15" HEIGHT="11" WC="0.96" CONTENT="a."/><SP WIDTH="8" VPOS="1024" HPOS="668"/>
							<String ID="string_290" HPOS="676" VPOS="1023" WIDTH="53" HEIGHT="12" WC="0.96" CONTENT="norra"/><SP WIDTH="6" VPOS="1023" HPOS="729"/>
							<String ID="string_291" HPOS="735" VPOS="1018" WIDTH="88" HEIGHT="18" WC="0.93" CONTENT="Karelens"/><SP WIDTH="8" VPOS="1018" HPOS="823"/>
							<String ID="string_292" HPOS="831" VPOS="1017" WIDTH="94" HEIGHT="19" WC="0.90" CONTENT="förseende"/><SP WIDTH="7" VPOS="1017" HPOS="925"/>
							<String ID="string_293" HPOS="932" VPOS="1018" WIDTH="39" HEIGHT="18" WC="0.96" CONTENT="med"/>
						</TextLine>
						<TextLine ID="line_29" HPOS="219" VPOS="1047" WIDTH="752" HEIGHT="23">
							<String ID="string_294" HPOS="219" VPOS="1047" WIDTH="93" HEIGHT="23" WC="0.88" CONTENT="järnväg&lt;."/><SP WIDTH="25" VPOS="1047" HPOS="312"/>
							<String ID="string_295" HPOS="337" VPOS="1047" WIDTH="92" HEIGHT="23" WC="0.57" CONTENT="Styrelsen"/><SP WIDTH="19" VPOS="1047" HPOS="429"/>
							<String ID="string_296" HPOS="448" VPOS="1047" WIDTH="76" HEIGHT="18" WC="0.95" CONTENT="tillsatte"/><SP WIDTH="17" VPOS="1047" HPOS="524"/>
							<String ID="string_297" HPOS="541" VPOS="1047" WIDTH="52" HEIGHT="18" WC="0.96" CONTENT="äfven"/><SP WIDTH="20" VPOS="1047" HPOS="593"/>
							<String ID="string_298" HPOS="613" VPOS="1047" WIDTH="20" HEIGHT="18" WC="0.95" CONTENT="år"/><SP WIDTH="19" VPOS="1047" HPOS="633"/>
							<String ID="string_299" HPOS="652" VPOS="1047" WIDTH="43" HEIGHT="18" WC="0.94" CONTENT="1897"/><SP WIDTH="18" VPOS="1047" HPOS="695"/>
							<String ID="string_300" HPOS="713" VPOS="1053" WIDTH="21" HEIGHT="11" WC="0.93" CONTENT="en"/><SP WIDTH="12" VPOS="1053" HPOS="734"/>
							<String ID="string_301" HPOS="746" VPOS="1047" WIDTH="75" HEIGHT="19" WC="0.92" CONTENT="komité,"/><SP WIDTH="12" VPOS="1047" HPOS="821"/>
							<String ID="string_302" HPOS="833" VPOS="1053" WIDTH="40" HEIGHT="12" WC="0.96" CONTENT="som"/><SP WIDTH="12" VPOS="1053" HPOS="873"/>
							<String ID="string_303" HPOS="885" VPOS="1047" WIDTH="48" HEIGHT="18" WC="0.96" CONTENT="hade"/><SP WIDTH="13" VPOS="1047" HPOS="933"/>
							<String ID="string_304" HPOS="946" VPOS="1047" WIDTH="25" HEIGHT="18" WC="0.95" CONTENT="till"/>
						</TextLine>
						<TextLine ID="line_30" HPOS="220" VPOS="1075" WIDTH="752" HEIGHT="23">
							<String ID="string_305" HPOS="220" VPOS="1075" WIDTH="74" HEIGHT="23" WC="0.95" CONTENT="uppgift"/><SP WIDTH="18" VPOS="1075" HPOS="294"/>
							<String ID="string_306" HPOS="312" VPOS="1078" WIDTH="28" HEIGHT="15" WC="0.94" CONTENT="att"/><SP WIDTH="11" VPOS="1078" HPOS="340"/>
							<String ID="string_307" HPOS="351" VPOS="1076" WIDTH="6" HEIGHT="17" WC="0.94" CONTENT="i"/><SP WIDTH="12" VPOS="1076" HPOS="357"/>
							<String ID="string_308" HPOS="369" VPOS="1075" WIDTH="115" HEIGHT="19" WC="0.96" CONTENT="ekonomiskt"/><SP WIDTH="12" VPOS="1075" HPOS="484"/>
							<String ID="string_309" HPOS="496" VPOS="1075" WIDTH="83" HEIGHT="19" WC="0.91" CONTENT="afseende"/><SP WIDTH="13" VPOS="1075" HPOS="579"/>
							<String ID="string_310" HPOS="592" VPOS="1075" WIDTH="105" HEIGHT="18" WC="0.90" CONTENT="undersöka"/><SP WIDTH="11" VPOS="1075" HPOS="697"/>
							<String ID="string_311" HPOS="708" VPOS="1075" WIDTH="90" HEIGHT="18" WC="0.96" CONTENT="särskilda"/><SP WIDTH="12" VPOS="1075" HPOS="798"/>
							<String ID="string_312" HPOS="810" VPOS="1076" WIDTH="103" HEIGHT="22" WC="0.93" CONTENT="föreslagna"/><SP WIDTH="11" VPOS="1076" HPOS="913"/>
							<String ID="string_313" HPOS="924" VPOS="1076" WIDTH="48" HEIGHT="22" WC="0.91" CONTENT="järn-"/>
						</TextLine>
						<TextLine ID="line_31" HPOS="220" VPOS="1104" WIDTH="751" HEIGHT="24">
							<String ID="string_314" HPOS="220" VPOS="1104" WIDTH="178" HEIGHT="24" WC="0.84" CONTENT="vägssträckningar."/><SP WIDTH="25" VPOS="1104" HPOS="398"/>
							<String ID="string_315" HPOS="423" VPOS="1104" WIDTH="65" HEIGHT="18" WC="0.93" CONTENT="Denna"/><SP WIDTH="12" VPOS="1104" HPOS="488"/>
							<String ID="string_316" HPOS="500" VPOS="1104" WIDTH="69" HEIGHT="19" WC="0.91" CONTENT="komité"/><SP WIDTH="12" VPOS="1104" HPOS="569"/>
							<String ID="string_317" HPOS="581" VPOS="1104" WIDTH="34" HEIGHT="18" WC="0.96" CONTENT="har"/><SP WIDTH="12" VPOS="1104" HPOS="615"/>
							<String ID="string_318" HPOS="627" VPOS="1104" WIDTH="100" HEIGHT="18" WC="0.96" CONTENT="undersökt"/><SP WIDTH="12" VPOS="1104" HPOS="727"/>
							<String ID="string_319" HPOS="739" VPOS="1104" WIDTH="23" HEIGHT="18" WC="0.96" CONTENT="de"/><SP WIDTH="12" VPOS="1104" HPOS="762"/>
							<String ID="string_320" HPOS="774" VPOS="1104" WIDTH="118" HEIGHT="19" WC="0.93" CONTENT="ekonomiska"/><SP WIDTH="12" VPOS="1104" HPOS="892"/>
							<String ID="string_321" HPOS="904" VPOS="1104" WIDTH="67" HEIGHT="18" WC="0.93" CONTENT="förhäl-"/>
						</TextLine>
						<TextLine ID="line_32" HPOS="219" VPOS="1133" WIDTH="752" HEIGHT="23">
							<String ID="string_322" HPOS="219" VPOS="1133" WIDTH="79" HEIGHT="18" WC="0.64" CONTENT="landena"/><SP WIDTH="22" VPOS="1133" HPOS="298"/>
							<String ID="string_323" HPOS="320" VPOS="1133" WIDTH="54" HEIGHT="18" WC="0.96" CONTENT="äfven"/><SP WIDTH="22" VPOS="1133" HPOS="374"/>
							<String ID="string_324" HPOS="396" VPOS="1133" WIDTH="29" HEIGHT="19" WC="0.96" CONTENT="för"/><SP WIDTH="22" VPOS="1133" HPOS="425"/>
							<String ID="string_325" HPOS="447" VPOS="1139" WIDTH="21" HEIGHT="12" WC="0.86" CONTENT="cn"/><SP WIDTH="23" VPOS="1139" HPOS="468"/>
							<String ID="string_326" HPOS="491" VPOS="1134" WIDTH="120" HEIGHT="22" WC="0.96" CONTENT="fortsättning"/><SP WIDTH="21" VPOS="1134" HPOS="611"/>
							<String ID="string_327" HPOS="632" VPOS="1134" WIDTH="19" HEIGHT="17" WC="0.93" CONTENT="af"/><SP WIDTH="23" VPOS="1134" HPOS="651"/>
							<String ID="string_328" HPOS="674" VPOS="1133" WIDTH="84" HEIGHT="18" WC="0.96" CONTENT="karelska"/><SP WIDTH="23" VPOS="1133" HPOS="758"/>
							<String ID="string_329" HPOS="781" VPOS="1133" WIDTH="65" HEIGHT="18" WC="0.94" CONTENT="banan."/><SP WIDTH="33" VPOS="1133" HPOS="846"/>
							<String ID="string_330" HPOS="879" VPOS="1133" WIDTH="92" HEIGHT="23" WC="0.89" CONTENT="Styrelsen"/>
						</TextLine>
						<TextLine ID="line_33" HPOS="220" VPOS="1161" WIDTH="752" HEIGHT="24">
							<String ID="string_331" HPOS="220" VPOS="1161" WIDTH="35" HEIGHT="18" WC="0.91" CONTENT="har"/><SP WIDTH="17" VPOS="1161" HPOS="255"/>
							<String ID="string_332" HPOS="272" VPOS="1162" WIDTH="89" HEIGHT="22" WC="0.96" CONTENT="därjämte"/><SP WIDTH="19" VPOS="1162" HPOS="361"/>
							<String ID="string_333" HPOS="380" VPOS="1162" WIDTH="40" HEIGHT="18" WC="0.94" CONTENT="låtit"/><SP WIDTH="17" VPOS="1162" HPOS="420"/>
							<String ID="string_334" HPOS="437" VPOS="1162" WIDTH="78" HEIGHT="18" WC="0.96" CONTENT="anställa"/><SP WIDTH="18" VPOS="1162" HPOS="515"/>
							<String ID="string_335" HPOS="533" VPOS="1162" WIDTH="127" HEIGHT="19" WC="0.95" CONTENT="instrumental"/><SP WIDTH="16" VPOS="1162" HPOS="660"/>
							<String ID="string_336" HPOS="676" VPOS="1161" WIDTH="137" HEIGHT="24" WC="0.93" CONTENT="undersökning"/><SP WIDTH="13" VPOS="1161" HPOS="813"/>
							<String ID="string_337" HPOS="826" VPOS="1162" WIDTH="19" HEIGHT="18" WC="0.93" CONTENT="af"/><SP WIDTH="15" VPOS="1162" HPOS="845"/>
							<String ID="string_338" HPOS="860" VPOS="1161" WIDTH="112" HEIGHT="19" WC="0.95" CONTENT="densamma."/>
						</TextLine>
						<TextLine ID="line_34" HPOS="222" VPOS="1190" WIDTH="750" HEIGHT="24">
							<String ID="string_339" HPOS="222" VPOS="1191" WIDTH="51" HEIGHT="17" WC="0.96" CONTENT="Efter"/><SP WIDTH="12" VPOS="1191" HPOS="273"/>
							<String ID="string_340" HPOS="285" VPOS="1191" WIDTH="81" HEIGHT="17" WC="0.96" CONTENT="erhållen"/><SP WIDTH="12" VPOS="1191" HPOS="366"/>
							<String ID="string_341" HPOS="378" VPOS="1191" WIDTH="85" HEIGHT="23" WC="0.96" CONTENT="kunskap"/><SP WIDTH="12" VPOS="1191" HPOS="463"/>
							<String ID="string_342" HPOS="475" VPOS="1196" WIDTH="30" HEIGHT="13" WC="0.95" CONTENT="om"/><SP WIDTH="13" VPOS="1196" HPOS="505"/>
							<String ID="string_343" HPOS="518" VPOS="1192" WIDTH="94" HEIGHT="17" WC="0.96" CONTENT="resultatet"/><SP WIDTH="15" VPOS="1192" HPOS="612"/>
							<String ID="string_344" HPOS="627" VPOS="1191" WIDTH="19" HEIGHT="18" WC="0.96" CONTENT="af"/><SP WIDTH="10" VPOS="1191" HPOS="646"/>
							<String ID="string_345" HPOS="656" VPOS="1191" WIDTH="60" HEIGHT="18" WC="0.96" CONTENT="denna"/><SP WIDTH="6" VPOS="1191" HPOS="716"/>
							<String ID="string_346" HPOS="722" VPOS="1191" WIDTH="137" HEIGHT="23" WC="0.96" CONTENT="undersökning"/><SP WIDTH="5" VPOS="1191" HPOS="859"/>
							<String ID="string_347" HPOS="864" VPOS="1191" WIDTH="34" HEIGHT="18" WC="0.96" CONTENT="har"/><SP WIDTH="7" VPOS="1191" HPOS="898"/>
							<String ID="string_348" HPOS="905" VPOS="1190" WIDTH="67" HEIGHT="19" WC="0.96" CONTENT="nämda"/>
						</TextLine>
						<TextLine ID="line_35" HPOS="220" VPOS="1219" WIDTH="753" HEIGHT="24">
							<String ID="string_349" HPOS="220" VPOS="1219" WIDTH="69" HEIGHT="18" WC="0.92" CONTENT="komité"/><SP WIDTH="18" VPOS="1219" HPOS="289"/>
							<String ID="string_350" HPOS="307" VPOS="1219" WIDTH="103" HEIGHT="18" WC="0.92" CONTENT="understält"/><SP WIDTH="17" VPOS="1219" HPOS="410"/>
							<String ID="string_351" HPOS="427" VPOS="1219" WIDTH="51" HEIGHT="18" WC="0.93" CONTENT="detta"/><SP WIDTH="16" VPOS="1219" HPOS="478"/>
							<String ID="string_352" HPOS="494" VPOS="1219" WIDTH="157" HEIGHT="24" WC="0.91" CONTENT="järnvägsförslag"/><SP WIDTH="18" VPOS="1219" HPOS="651"/>
							<String ID="string_353" HPOS="669" VPOS="1226" WIDTH="22" HEIGHT="11" WC="0.95" CONTENT="en"/><SP WIDTH="16" VPOS="1226" HPOS="691"/>
							<String ID="string_354" HPOS="707" VPOS="1219" WIDTH="87" HEIGHT="24" WC="0.95" CONTENT="grundlig"/><SP WIDTH="19" VPOS="1219" HPOS="794"/>
							<String ID="string_355" HPOS="813" VPOS="1219" WIDTH="113" HEIGHT="24" WC="0.95" CONTENT="granskning"/><SP WIDTH="11" VPOS="1219" HPOS="926"/>
							<String ID="string_356" HPOS="937" VPOS="1220" WIDTH="36" HEIGHT="18" WC="0.96" CONTENT="och"/>
						</TextLine>
						<TextLine ID="line_36" HPOS="219" VPOS="1247" WIDTH="754" HEIGHT="24">
							<String ID="string_357" HPOS="219" VPOS="1247" WIDTH="139" HEIGHT="23" WC="0.96" CONTENT="undersökning"/><SP WIDTH="18" VPOS="1247" HPOS="358"/>
							<String ID="string_358" HPOS="376" VPOS="1250" WIDTH="48" HEIGHT="15" WC="0.96" CONTENT="samt"/><SP WIDTH="18" VPOS="1250" HPOS="424"/>
							<String ID="string_359" HPOS="442" VPOS="1248" WIDTH="5" HEIGHT="17" WC="0.96" CONTENT="i"/><SP WIDTH="19" VPOS="1248" HPOS="447"/>
							<String ID="string_360" HPOS="466" VPOS="1248" WIDTH="31" HEIGHT="17" WC="0.95" CONTENT="sitt"/><SP WIDTH="18" VPOS="1248" HPOS="497"/>
							<String ID="string_361" HPOS="515" VPOS="1248" WIDTH="96" HEIGHT="18" WC="0.96" CONTENT="utlåtande"/><SP WIDTH="18" VPOS="1248" HPOS="611"/>
							<String ID="string_362" HPOS="629" VPOS="1249" WIDTH="98" HEIGHT="22" WC="0.96" CONTENT="föreslagit,"/><SP WIDTH="18" VPOS="1249" HPOS="727"/>
							<String ID="string_363" HPOS="745" VPOS="1250" WIDTH="28" HEIGHT="16" WC="0.96" CONTENT="att"/><SP WIDTH="17" VPOS="1250" HPOS="773"/>
							<String ID="string_364" HPOS="790" VPOS="1254" WIDTH="22" HEIGHT="12" WC="0.95" CONTENT="en"/><SP WIDTH="23" VPOS="1254" HPOS="812"/>
							<String ID="string_365" HPOS="835" VPOS="1249" WIDTH="68" HEIGHT="22" WC="0.96" CONTENT="järnväg"/><SP WIDTH="12" VPOS="1249" HPOS="903"/>
							<String ID="string_366" HPOS="915" VPOS="1249" WIDTH="58" HEIGHT="18" WC="0.96" CONTENT="måtte"/>
						</TextLine>
						<TextLine ID="line_37" HPOS="220" VPOS="1276" WIDTH="754" HEIGHT="24">
							<String ID="string_367" HPOS="220" VPOS="1277" WIDTH="70" HEIGHT="23" WC="0.96" CONTENT="byggas"/><SP WIDTH="12" VPOS="1277" HPOS="290"/>
							<String ID="string_368" HPOS="302" VPOS="1277" WIDTH="42" HEIGHT="17" WC="0.96" CONTENT="från"/><SP WIDTH="12" VPOS="1277" HPOS="344"/>
							<String ID="string_369" HPOS="356" VPOS="1276" WIDTH="83" HEIGHT="18" WC="0.96" CONTENT="Joensuu"/><SP WIDTH="12" VPOS="1276" HPOS="439"/>
							<String ID="string_370" HPOS="451" VPOS="1276" WIDTH="41" HEIGHT="18" WC="0.96" CONTENT="stad"/><SP WIDTH="13" VPOS="1276" HPOS="492"/>
							<String ID="string_371" HPOS="505" VPOS="1277" WIDTH="51" HEIGHT="22" WC="0.96" CONTENT="längs"/><SP WIDTH="13" VPOS="1277" HPOS="556"/>
							<String ID="string_372" HPOS="569" VPOS="1279" WIDTH="62" HEIGHT="16" WC="0.96" CONTENT="västra"/><SP WIDTH="9" VPOS="1279" HPOS="631"/>
							<String ID="string_373" HPOS="640" VPOS="1277" WIDTH="87" HEIGHT="18" WC="0.96" CONTENT="stranden"/><SP WIDTH="9" VPOS="1277" HPOS="727"/>
							<String ID="string_374" HPOS="736" VPOS="1277" WIDTH="19" HEIGHT="18" WC="0.93" CONTENT="af"/><SP WIDTH="10" VPOS="1277" HPOS="755"/>
							<String ID="string_375" HPOS="765" VPOS="1277" WIDTH="77" HEIGHT="22" WC="0.90" CONTENT="Piclisjärvi"/><SP WIDTH="39" VPOS="1277" HPOS="842"/>
							<String ID="string_376" HPOS="881" VPOS="1277" WIDTH="18" HEIGHT="21" WC="0.96" CONTENT="sjö"/><SP WIDTH="8" VPOS="1277" HPOS="899"/>
							<String ID="string_377" HPOS="907" VPOS="1283" WIDTH="67" HEIGHT="16" WC="0.96" CONTENT="genom"/>
						</TextLine>
						<TextLine ID="line_38" HPOS="221" VPOS="1304" WIDTH="752" HEIGHT="24">
							<String ID="string_378" HPOS="221" VPOS="1304" WIDTH="99" HEIGHT="21" WC="0.91" CONTENT="Pielisjärvi"/><SP WIDTH="18" VPOS="1304" HPOS="320"/>
							<String ID="string_379" HPOS="338" VPOS="1304" WIDTH="85" HEIGHT="22" WC="0.92" CONTENT="kyrkoby"/><SP WIDTH="17" VPOS="1304" HPOS="423"/>
							<String ID="string_380" HPOS="440" VPOS="1304" WIDTH="27" HEIGHT="18" WC="0.96" CONTENT="till"/><SP WIDTH="17" VPOS="1304" HPOS="467"/>
							<String ID="string_381" HPOS="484" VPOS="1304" WIDTH="80" HEIGHT="18" WC="0.96" CONTENT="Nurmes"/><SP WIDTH="15" VPOS="1304" HPOS="564"/>
							<String ID="string_382" HPOS="579" VPOS="1304" WIDTH="74" HEIGHT="23" WC="0.93" CONTENT="köping."/><SP WIDTH="24" VPOS="1304" HPOS="653"/>
							<String ID="string_383" HPOS="677" VPOS="1305" WIDTH="85" HEIGHT="17" WC="0.90" CONTENT="Komitén"/><SP WIDTH="19" VPOS="1305" HPOS="762"/>
							<String ID="string_384" HPOS="781" VPOS="1305" WIDTH="34" HEIGHT="17" WC="0.96" CONTENT="har"/><SP WIDTH="13" VPOS="1305" HPOS="815"/>
							<String ID="string_385" HPOS="828" VPOS="1304" WIDTH="89" HEIGHT="24" WC="0.93" CONTENT="därjämte"/><SP WIDTH="12" VPOS="1304" HPOS="917"/>
							<String ID="string_386" HPOS="929" VPOS="1305" WIDTH="44" HEIGHT="17" WC="0.92" CONTENT="stält"/>
						</TextLine>
						<TextLine ID="line_39" HPOS="220" VPOS="1327" WIDTH="753" HEIGHT="28">
							<String ID="string_387" HPOS="220" VPOS="1331" WIDTH="61" HEIGHT="19" WC="0.96" CONTENT="denna"/><SP WIDTH="17" VPOS="1331" HPOS="281"/>
							<String ID="string_388" HPOS="298" VPOS="1332" WIDTH="48" HEIGHT="17" WC="0.96" CONTENT="bana"/><SP WIDTH="18" VPOS="1332" HPOS="346"/>
							<String ID="string_389" HPOS="364" VPOS="1333" WIDTH="60" HEIGHT="16" WC="0.96" CONTENT="såsom"/><SP WIDTH="18" VPOS="1333" HPOS="424"/>
							<String ID="string_390" HPOS="442" VPOS="1332" WIDTH="35" HEIGHT="18" WC="0.95" CONTENT="den"/><SP WIDTH="18" VPOS="1332" HPOS="477"/>
							<String ID="string_391" HPOS="495" VPOS="1332" WIDTH="57" HEIGHT="22" WC="0.96" CONTENT="tredje"/><SP WIDTH="18" VPOS="1332" HPOS="552"/>
							<String ID="string_392" HPOS="570" VPOS="1333" WIDTH="4" HEIGHT="17" WC="0.96" CONTENT="i"/><SP WIDTH="18" VPOS="1333" HPOS="574"/>
							<String ID="string_393" HPOS="592" VPOS="1332" WIDTH="101" HEIGHT="23" WC="0.96" CONTENT="ordningen"/><SP WIDTH="18" VPOS="1332" HPOS="693"/>
							<String ID="string_394" HPOS="711" VPOS="1333" WIDTH="55" HEIGHT="18" WC="0.95" CONTENT="bland"/><SP WIDTH="20" VPOS="1333" HPOS="766"/>
							<String ID="string_395" HPOS="786" VPOS="1333" WIDTH="47" HEIGHT="21" WC="0.95" CONTENT="dem,"/><SP WIDTH="13" VPOS="1333" HPOS="833"/>
							<String ID="string_396" HPOS="846" VPOS="1339" WIDTH="38" HEIGHT="12" WC="0.95" CONTENT="som"/><SP WIDTH="14" VPOS="1339" HPOS="884"/>
							<String ID="string_397" HPOS="898" VPOS="1333" WIDTH="4" HEIGHT="17" WC="0.95" CONTENT="i"/><SP WIDTH="13" VPOS="1333" HPOS="902"/>
							<String ID="string_398" HPOS="915" VPOS="1327" WIDTH="58" HEIGHT="24" WC="0.96" CONTENT="första"/>
						</TextLine>
						<TextLine ID="line_40" HPOS="220" VPOS="1359" WIDTH="394" HEIGHT="25">
							<String ID="string_399" HPOS="220" VPOS="1365" WIDTH="84" HEIGHT="19" WC="0.94" CONTENT="gruppen"/><SP WIDTH="13" VPOS="1365" HPOS="304"/>
							<String ID="string_400" HPOS="317" VPOS="1359" WIDTH="56" HEIGHT="20" WC="0.96" CONTENT="borde"/><SP WIDTH="12" VPOS="1359" HPOS="373"/>
							<String ID="string_401" HPOS="385" VPOS="1360" WIDTH="74" HEIGHT="19" WC="0.96" CONTENT="komma"/><SP WIDTH="12" VPOS="1360" HPOS="459"/>
							<String ID="string_402" HPOS="471" VPOS="1360" WIDTH="27" HEIGHT="18" WC="0.96" CONTENT="till"/><SP WIDTH="12" VPOS="1360" HPOS="498"/>
							<String ID="string_403" HPOS="510" VPOS="1360" WIDTH="104" HEIGHT="19" WC="0.96" CONTENT="utförande."/>
						</TextLine>
					</TextBlock>
					<TextBlock ID="block_3" HPOS="220" VPOS="1389" WIDTH="755" HEIGHT="111">
						<TextLine ID="line_41" HPOS="289" VPOS="1389" WIDTH="685" HEIGHT="24">
							<String ID="string_404" HPOS="289" VPOS="1389" WIDTH="64" HEIGHT="18" WC="0.96" CONTENT="Under"/><SP WIDTH="17" VPOS="1389" HPOS="353"/>
							<String ID="string_405" HPOS="370" VPOS="1389" WIDTH="70" HEIGHT="18" WC="0.96" CONTENT="sådana"/><SP WIDTH="15" VPOS="1389" HPOS="440"/>
							<String ID="string_406" HPOS="455" VPOS="1389" WIDTH="128" HEIGHT="18" WC="0.21" CONTENT="förhållanden"/><SP WIDTH="15" VPOS="1389" HPOS="583"/>
							<String ID="string_407" HPOS="598" VPOS="1389" WIDTH="34" HEIGHT="18" WC="0.96" CONTENT="och"/><SP WIDTH="13" VPOS="1389" HPOS="632"/>
							<String ID="string_408" HPOS="645" VPOS="1389" WIDTH="23" HEIGHT="18" WC="0.96" CONTENT="då"/><SP WIDTH="12" VPOS="1389" HPOS="668"/>
							<String ID="string_409" HPOS="680" VPOS="1389" WIDTH="30" HEIGHT="24" WC="0.96" CONTENT="jag"/><SP WIDTH="13" VPOS="1389" HPOS="710"/>
							<String ID="string_410" HPOS="723" VPOS="1395" WIDTH="52" HEIGHT="12" WC="0.93" CONTENT="anser"/><SP WIDTH="12" VPOS="1395" HPOS="775"/>
							<String ID="string_411" HPOS="787" VPOS="1390" WIDTH="101" HEIGHT="23" WC="0.92" CONTENT="obehöfligt"/><SP WIDTH="12" VPOS="1390" HPOS="888"/>
							<String ID="string_412" HPOS="900" VPOS="1392" WIDTH="28" HEIGHT="15" WC="0.96" CONTENT="att"/><SP WIDTH="11" VPOS="1392" HPOS="928"/>
							<String ID="string_413" HPOS="939" VPOS="1390" WIDTH="35" HEIGHT="19" WC="0.96" CONTENT="här"/>
						</TextLine>
						<TextLine ID="line_42" HPOS="221" VPOS="1418" WIDTH="754" HEIGHT="25">
							<String ID="string_414" HPOS="221" VPOS="1418" WIDTH="109" HEIGHT="23" WC="0.96" CONTENT="utförligare"/><SP WIDTH="12" VPOS="1418" HPOS="330"/>
							<String ID="string_415" HPOS="342" VPOS="1418" WIDTH="85" HEIGHT="19" WC="0.96" CONTENT="utveckla"/><SP WIDTH="12" VPOS="1418" HPOS="427"/>
							<String ID="string_416" HPOS="439" VPOS="1419" WIDTH="79" HEIGHT="18" WC="0.96" CONTENT="motiven"/><SP WIDTH="12" VPOS="1419" HPOS="518"/>
							<String ID="string_417" HPOS="530" VPOS="1419" WIDTH="30" HEIGHT="18" WC="0.96" CONTENT="för"/><SP WIDTH="11" VPOS="1419" HPOS="560"/>
							<String ID="string_418" HPOS="571" VPOS="1418" WIDTH="60" HEIGHT="19" WC="0.96" CONTENT="denna"/><SP WIDTH="12" VPOS="1418" HPOS="631"/>
							<String ID="string_419" HPOS="643" VPOS="1419" WIDTH="81" HEIGHT="22" WC="0.96" CONTENT="petition,"/><SP WIDTH="7" VPOS="1419" HPOS="724"/>
							<String ID="string_420" HPOS="731" VPOS="1419" WIDTH="86" HEIGHT="18" WC="0.96" CONTENT="hänvisar"/><SP WIDTH="11" VPOS="1419" HPOS="817"/>
							<String ID="string_421" HPOS="828" VPOS="1419" WIDTH="29" HEIGHT="24" WC="0.96" CONTENT="jag"/><SP WIDTH="12" VPOS="1419" HPOS="857"/>
							<String ID="string_422" HPOS="869" VPOS="1419" WIDTH="28" HEIGHT="18" WC="0.96" CONTENT="till"/><SP WIDTH="10" VPOS="1419" HPOS="897"/>
							<String ID="string_423" HPOS="907" VPOS="1419" WIDTH="68" HEIGHT="18" WC="0.96" CONTENT="nämda"/>
						</TextLine>
						<TextLine ID="line_43" HPOS="221" VPOS="1442" WIDTH="753" HEIGHT="29">
							<String ID="string_424" HPOS="221" VPOS="1447" WIDTH="79" HEIGHT="18" WC="0.92" CONTENT="komités"/><SP WIDTH="9" VPOS="1447" HPOS="300"/>
							<String ID="string_425" HPOS="309" VPOS="1447" WIDTH="101" HEIGHT="22" WC="0.96" CONTENT="utlåtande,"/><SP WIDTH="12" VPOS="1447" HPOS="410"/>
							<String ID="string_426" HPOS="422" VPOS="1453" WIDTH="39" HEIGHT="13" WC="0.93" CONTENT="som"/><SP WIDTH="12" VPOS="1453" HPOS="461"/>
							<String ID="string_427" HPOS="473" VPOS="1447" WIDTH="95" HEIGHT="24" WC="0.90" CONTENT="vidlyftigt"/><SP WIDTH="11" VPOS="1447" HPOS="568"/>
							<String ID="string_428" HPOS="579" VPOS="1447" WIDTH="35" HEIGHT="18" WC="0.96" CONTENT="och"/><SP WIDTH="11" VPOS="1447" HPOS="614"/>
							<String ID="string_429" HPOS="625" VPOS="1447" WIDTH="94" HEIGHT="24" WC="0.96" CONTENT="grundligt"/><SP WIDTH="13" VPOS="1447" HPOS="719"/>
							<String ID="string_430" HPOS="732" VPOS="1448" WIDTH="75" HEIGHT="23" WC="0.96" CONTENT="klargör"/><SP WIDTH="11" VPOS="1448" HPOS="807"/>
							<String ID="string_431" HPOS="818" VPOS="1447" WIDTH="110" HEIGHT="20" WC="0.20" CONTENT="hithörande"/><SP WIDTH="9" VPOS="1447" HPOS="928"/>
							<String ID="string_432" HPOS="937" VPOS="1442" WIDTH="37" HEIGHT="26" WC="0.61" CONTENT="för-"/>
						</TextLine>
						<TextLine ID="line_44" HPOS="220" VPOS="1476" WIDTH="755" HEIGHT="24">
							<String ID="string_433" HPOS="220" VPOS="1476" WIDTH="105" HEIGHT="19" WC="0.90" CONTENT="hållanden."/><SP WIDTH="19" VPOS="1476" HPOS="325"/>
							<String ID="string_434" HPOS="344" VPOS="1477" WIDTH="25" HEIGHT="18" WC="0.96" CONTENT="På"/><SP WIDTH="13" VPOS="1477" HPOS="369"/>
							<String ID="string_435" HPOS="382" VPOS="1482" WIDTH="70" HEIGHT="13" WC="0.96" CONTENT="samma"/><SP WIDTH="12" VPOS="1482" HPOS="452"/>
							<String ID="string_436" HPOS="464" VPOS="1477" WIDTH="49" HEIGHT="23" WC="0.96" CONTENT="gång"/><SP WIDTH="11" VPOS="1477" HPOS="513"/>
							<String ID="string_437" HPOS="524" VPOS="1476" WIDTH="31" HEIGHT="23" WC="0.93" CONTENT="jag"/><SP WIDTH="11" VPOS="1476" HPOS="555"/>
							<String ID="string_438" HPOS="566" VPOS="1477" WIDTH="54" HEIGHT="18" WC="0.92" CONTENT="utber"/><SP WIDTH="12" VPOS="1477" HPOS="620"/>
							<String ID="string_439" HPOS="632" VPOS="1477" WIDTH="39" HEIGHT="22" WC="0.96" CONTENT="mig"/><SP WIDTH="12" VPOS="1477" HPOS="671"/>
							<String ID="string_440" HPOS="683" VPOS="1479" WIDTH="28" HEIGHT="16" WC="0.95" CONTENT="att"/><SP WIDTH="8" VPOS="1479" HPOS="711"/>
							<String ID="string_441" HPOS="719" VPOS="1477" WIDTH="18" HEIGHT="18" WC="0.95" CONTENT="få"/><SP WIDTH="11" VPOS="1477" HPOS="737"/>
							<String ID="string_442" HPOS="748" VPOS="1477" WIDTH="82" HEIGHT="18" WC="0.95" CONTENT="tillställa"/><SP WIDTH="9" VPOS="1477" HPOS="830"/>
							<String ID="string_443" HPOS="839" VPOS="1477" WIDTH="136" HEIGHT="19" WC="0.91" CONTENT="vederbörande"/>
						</TextLine>
					</TextBlock>
				</ComposedBlock>
				<Illustration ID="cblock_2" HPOS="827" VPOS="1255" WIDTH="6" HEIGHT="16"></Illustration>
				<Illustration ID="cblock_3" HPOS="842" VPOS="1278" WIDTH="39" HEIGHT="17"></Illustration>
				<ComposedBlock ID="cblock_4" HPOS="288" VPOS="1517" WIDTH="389" HEIGHT="22">
					<TextBlock ID="block_4" HPOS="288" VPOS="1517" WIDTH="389" HEIGHT="25">
						<TextLine ID="line_45" HPOS="288" VPOS="1517" WIDTH="389" HEIGHT="22">
							<String ID="string_444" HPOS="288" VPOS="1517" WIDTH="186" HEIGHT="22" WC="0.88" CONTENT="Järnvägsutskottets"/><SP WIDTH="13" VPOS="1517" HPOS="474"/>
							<String ID="string_445" HPOS="487" VPOS="1517" WIDTH="110" HEIGHT="17" WC="0.96" CONTENT="betänkande"/><SP WIDTH="13" VPOS="1517" HPOS="597"/>
							<String ID="string_446" HPOS="610" VPOS="1517" WIDTH="37" HEIGHT="17" WC="0.96" CONTENT="N:o"/><SP WIDTH="12" VPOS="1517" HPOS="647"/>
							<String ID="string_447" HPOS="659" VPOS="1517" WIDTH="18" HEIGHT="25" WC="0.77" CONTENT="2,"/>
						</TextLine>
					</TextBlock>
				</ComposedBlock>
				<GraphicalElement ID="cblock_5" HPOS="1095" VPOS="0" WIDTH="3" HEIGHT="302"></GraphicalElement >
			</PrintSpace>
		</Page>
	</Layout>
</alto>
