1064 1706
215 136 11 18 6
379 133 274 23 Petitionsbetänkande
669 133 42 22 N:o
725 133 32 21 11.

254 198 30 19 Då
306 198 19 19 vi
344 198 42 19 icke
408 198 62 19 heller
492 204 28 13 nu
543 198 65 19 kunna
630 198 77 25 hoppas
729 199 29 17 att
774 203 25 13 en
813 195 125 26 underdänig

190 226 83 25 petition
295 232 32 13 om
343 226 95 26 presslag,
453 226 69 19 stiftad
537 226 45 19 med
597 226 119 19 Ständernas
732 225 124 24 medverkan,
872 224 65 20 skulle

190 255 59 18 vinna
271 254 69 25 nådigt
362 254 115 24 beaktande,
495 254 37 20 och
548 254 25 20 då
588 256 56 18 nästa
659 254 139 24 ständermöte,
814 254 33 18 vid
862 252 76 20 hvilket

188 282 74 26 förslag
276 282 30 20 till
321 282 62 20 sädan
398 283 33 25 lag
445 283 66 19 kunde
527 283 107 20 Ständerna
649 283 117 25 föreläggas,
782 282 49 20 skall
847 288 36 18 ega
893 287 44 13 rum

187 312 50 18 först
258 311 50 19 efter
329 311 99 25 förloppet
448 312 20 18 af
488 312 44 24 fyra
547 312 27 24 är,
590 318 45 12 men
658 311 159 25 oundgängligen
832 310 69 25 nödigt
916 312 23 17 är

187 341 29 17 att
239 346 25 13 en
287 340 117 24 förbättring
424 340 20 19 af
458 340 25 19 de
498 340 113 20 nuvarande
633 340 205 25 pressförhällandena
861 340 77 18 snarast

190 368 78 25 möjligt
282 368 31 20 fäs
328 368 30 20 till
373 368 65 25 ständ,
454 368 50 25 väga
520 369 17 19 vi
554 369 101 19 vördsamt
669 368 81 20 föreslä:

459 422 27 17 alt
510 420 109 20 Ständerna
640 420 42 19 ville
705 420 28 19 till
755 419 56 20 Hans
832 418 107 26 Kejserliga

393 448 89 25 Majestät
496 449 60 25 afläta
572 455 22 13 en
609 448 121 25 underdänig
741 448 83 25 petition
839 448 70 22 derom,

460 478 29 19 det
504 478 68 20 täcktes
587 477 57 20 Hans
659 477 105 26 Kejserliga
778 476 89 26 Majestät
877 475 62 20 tillåta

392 505 112 26 vidtagande
526 507 25 24 af
565 506 63 19 sådan
646 506 83 25 ändring
748 506 8 19 i
773 505 89 26 gällande
874 510 65 19 press-

393 535 122 25 förordning,
536 537 27 18 att
581 537 38 18 rätt
634 535 33 20 till
682 534 113 25 utgifvande
809 534 24 25 af
842 533 99 26 periodisk

395 563 58 25 skrift
467 563 39 22 icke
520 563 35 20 må
570 564 73 23 kunna,
657 563 33 25 för
703 563 40 20 viss
759 563 28 20 tid
801 563 43 19 eller
858 562 33 25 för
904 561 35 20 all-

392 592 32 24 tid,
436 592 102 25 fråntagas
544 593 110 24 utgifvaren
666 592 124 19 annorlunda
800 593 27 18 än
837 591 30 25 pä
876 590 65 25 grund

392 621 26 24 af
429 621 45 26 laga
488 620 121 26 ransakning
624 621 33 19 och
672 621 49 19 dom.

258 689 126 26 Helsingfors
399 689 38 20 den
454 690 26 19 10
496 690 84 19 februari
596 690 60 20 1900.

256 759 18 23 J.
290 759 110 23 Päivärinta.
678 758 43 23 Onni
734 757 89 24 Hallstén.

260 793 96 24 Johannes
373 793 84 24 Ilmanen.
682 793 18 23 J.
715 792 24 24 W.
754 792 117 24 Wartiainen.

258 829 49 23 Antti
322 829 96 23 Helander.

259 1484 149 22 Lagutskottets
422 1482 118 18 betänkande
553 1483 37 17 N:o
603 1484 17 16 9.
