1061 1717
326 152 274 23 Petitionsbetänkande
614 153 41 22 N:o
671 152 39 23 30.
866 153 24 20 17

139 221 64 21 inom
219 222 79 20 hvilka
314 222 132 28 bildningen
462 224 62 20 ännu
535 223 46 21 står
591 223 30 27 på
632 230 28 14 en
671 223 60 26 lägre
742 222 148 28 ståndpunkt.

140 256 35 20 En
197 256 71 21 sådan
289 256 164 28 undervisning
472 263 50 21 eger
536 256 71 22 redan
624 264 28 14 en
667 257 143 21 mansålders
824 256 67 22 tradi-

138 290 49 21 tion
202 290 7 20 i
225 290 78 22 landet
331 292 44 20 och
401 292 43 20 har
470 291 125 27 ingalunda
618 292 83 26 utgjort
723 298 28 14 en
774 291 117 21 förevänd-

139 324 54 27 ning
209 324 35 21 för
265 325 93 27 politisk
380 325 114 27 agitation.
525 326 49 20 Den
593 326 58 20 enda
670 332 48 15 mer
733 326 53 20 eller
801 325 90 21 mindre

138 358 100 27 hemliga
250 359 115 27 agitation,
379 366 49 15 som
441 359 64 22 inom
517 360 110 21 Finlands
636 362 93 24 gränser
737 360 154 26 förekommit,

137 394 27 19 är
186 393 51 26 den,
252 400 51 14 som
325 394 30 27 på
378 397 88 18 senaste
480 394 34 21 tid
529 394 117 22 bedrifvits
661 395 26 20 af
699 394 68 28 ryska
783 394 107 27 gårdfari-

138 428 132 21 handlande
281 428 49 21 från
343 428 175 28 Kejsaredömet,
529 429 85 26 hvilka,
623 428 94 22 oaktadt
724 429 73 21 sådan
806 429 85 21 handel

138 464 26 19 är
184 463 121 28 förbjuden
327 464 7 20 i
359 464 106 27 Finland,
485 464 72 21 under
577 464 95 21 sistlidet
693 464 25 21 år
733 463 101 28 plötsligt
848 464 43 21 här

138 497 108 28 uppträdt
268 498 7 21 i
298 498 53 22 vida
372 500 70 20 större
462 499 62 21 antal
542 500 30 20 än
587 499 86 26 vanligt
689 501 59 19 samt
763 499 7 20 i
788 499 103 26 förening

138 533 53 20 med
214 533 71 20 andra
310 533 197 27 kringströfvande
529 540 107 21 personer
654 533 51 22 från
721 533 170 28 Kejsaredömet

138 567 44 21 och
199 567 71 27 några
285 568 22 21 få
326 567 80 28 sedligt
422 567 122 22 förkomna
563 568 113 21 individer
693 568 25 21 af
731 568 89 21 landets
835 573 55 22 egen

138 602 134 27 befolkning
284 603 52 20 sökt
350 608 82 21 genom
446 603 178 28 förespeglingen
640 610 38 14 om
694 610 28 14 en
739 603 52 20 med
807 603 84 20 kränk-

139 637 54 26 ning
204 637 25 20 af
239 637 133 21 nuvarande
383 643 76 21 egares
472 639 43 20 rätt
526 637 97 22 skeende
634 637 118 27 utdelning
763 637 25 21 af
793 637 52 27 jord
858 637 33 21 till

137 675 91 24 torpare
240 671 44 21 och
300 672 101 21 arbetare
416 671 151 28 undergräfva
582 671 123 27 aktningen
715 672 35 21 för
762 671 130 27 eganderät-

137 709 51 18 tens
196 705 73 28 helgd.
278 706 42 21 Väl
328 706 69 21 hafva
405 706 188 27 myndigheterna
602 706 6 21 i
617 707 74 26 länen,
702 707 35 20 sin
748 707 56 26 pligt
814 701 35 36 lik
853 708 38 19 mä-

138 741 46 26 tigt,
193 740 52 21 sökt
256 740 94 21 hämma
359 740 75 21 denna
444 741 115 26 agitation,
570 741 68 20 hvars
650 740 91 28 upphof
754 741 137 21 åtminstone

137 775 34 22 till
183 775 112 27 väsentlig
306 775 35 21 del
353 775 79 27 tyckes
446 775 69 22 hafva
526 775 51 22 stått
585 775 7 21 i
601 775 112 22 samband
722 775 53 21 med
783 775 108 28 politiska

139 810 79 28 syften.
228 810 52 21 Men
288 810 8 20 i
304 810 28 21 de
340 809 138 22 vidsträckta
486 810 115 27 bygderna
608 811 79 20 kunna
699 811 87 20 sådana
794 809 97 28 uppvig-

138 846 46 20 lare
192 845 40 21 lätt
240 845 77 26 undgå
326 845 122 21 rättvisans
459 845 69 21 hand.
545 845 50 21 Och
604 845 37 21 det
649 844 169 28 depraverande
826 845 65 27 infly-

137 879 78 22 tandet
234 879 25 21 af
276 886 27 14 en
324 879 64 28 dylik
408 879 108 27 agitation
531 880 46 21 kan
593 879 80 22 endast
688 885 82 21 genom
787 881 30 19 ett
832 886 59 14 sam-

138 917 114 23 vetsgrant
274 913 193 28 bildningsarbete
489 914 132 27 bekämpas.
660 913 130 22 Enahanda
815 914 76 33 arbete

138 948 113 21 erfordras
264 948 86 27 jemväl
365 949 34 20 för
415 950 32 19 att
462 948 82 21 hindra
560 948 53 21 eller
629 948 117 21 motverka
762 947 129 22 införandet

138 983 50 20 från
212 983 143 20 främmande
378 982 79 21 länder
479 983 25 20 af
523 982 150 22 socialistiska
689 983 60 20 läror
765 982 44 21 och
824 982 67 21 deras

139 1017 137 27 utbredning
300 1017 64 20 inom
390 1017 174 21 arbetsklassen.
598 1017 34 27 Ty
658 1017 73 21 bättre
755 1019 30 18 än
808 1022 82 21 genom

138 1051 179 27 lagstadganden
339 1052 43 20 och
402 1051 83 21 förbud
508 1052 79 20 kunna
605 1051 85 21 sädana
706 1051 104 26 skadliga
825 1051 66 28 infly-

138 1086 66 21 telser
228 1091 81 21 genom
331 1092 28 14 en
381 1085 105 28 grundlig
508 1085 153 27 folkbildning
683 1085 143 21 motarbetas.
858 1085 33 21 De

139 1120 140 21 hämmande
295 1120 135 26 ätgärderna
444 1123 49 18 mot
508 1119 251 28 folkbildningsarbetet
772 1119 34 22 stä
816 1119 76 22 derför

139 1155 7 20 i
161 1155 120 27 uppenbar
297 1154 55 22 strid
368 1155 53 21 med
436 1155 28 20 de
479 1155 120 28 principer,
610 1155 69 26 enligt
693 1154 78 21 hvilka
782 1154 109 27 styrelsen

139 1189 41 21 bör
196 1189 152 26 handhafvas,
364 1196 38 14 om
418 1189 44 21 den
478 1189 39 21 vill
532 1189 110 26 befrämja
658 1189 37 20 det
710 1189 58 26 goda
784 1189 44 20 och
841 1188 50 21 icke

139 1223 37 21 det
191 1223 67 21 onda.

208 1258 42 20 Det
266 1257 81 21 väckta
362 1257 107 26 förslaget
484 1264 38 14 om
537 1257 168 27 inskränkning
720 1257 25 20 af
758 1256 133 27 medborga-

140 1299 64 14 renes
219 1292 7 21 i
242 1291 60 21 detta
325 1292 54 20 land
402 1292 103 26 urgamla
527 1291 105 27 rättighet
650 1294 32 18 att
699 1291 39 21 vid
754 1293 78 19 möten
848 1292 43 20 och

140 1326 209 22 sammankomster
368 1326 128 26 öfverlägga
519 1333 38 15 om
573 1330 171 22 gömensamma
760 1326 132 26 angelägen-

139 1361 63 20 heter
222 1360 46 20 kan
288 1360 48 20 lika
355 1359 48 21 litet
418 1365 50 15 som
484 1360 68 20 ofvan
567 1359 96 21 anförda
679 1359 155 21 restriktioner
849 1360 42 20 stö-

140 1394 41 20 das
200 1394 29 27 på
248 1393 68 27 fakta,
333 1393 78 21 hvilka
430 1393 74 21 skulle
522 1393 138 27 ådagalägga
679 1393 51 21 dess
746 1393 145 26 behöflighet.

141 1428 76 27 Enligt
231 1428 105 28 gällande
351 1428 36 26 lag
402 1429 40 20 äro
458 1427 87 21 sådana
560 1427 210 22 sammankomster
784 1428 50 20 icke
849 1427 43 21 för-

140 1463 94 29 bjudna,
250 1463 96 22 såframt
363 1463 49 21 icke
432 1462 78 22 dervid
530 1462 69 28 något
614 1462 116 28 företages,
746 1469 50 15 som
812 1462 81 22 strider

212 1509 129 23 Layuiskotteis
353 1509 111 18 betänkande
476 1509 38 18 N:o
527 1509 28 18 17.
789 1508 11 17 2
