1061 1703
321 162 255 23 Motionsbetänkande
592 162 42 23 N:o
650 162 22 22 3.
860 163 12 19 3

325 227 68 18 därom
413 227 95 19 anmälan
528 227 34 19 hos
582 227 102 24 hofrätten,
700 233 40 12 som
760 233 41 18 eger
819 232 52 13 sam-

327 255 104 25 manlägga
447 255 82 25 straffen.

394 281 40 21 Aro
458 284 66 19 endast
544 282 52 21 böter
621 283 83 19 ådömda
723 283 33 19 och
783 283 35 18 har
837 282 36 19 den

327 311 81 25 skyldige
426 311 78 25 funnits
525 311 60 20 sakna
604 311 80 25 tillgång
698 313 26 17 att
742 311 57 24 gälda
814 311 58 18 böter-

327 346 36 12 nas
384 340 147 25 sammanlagda
552 339 70 25 belopp,
644 340 34 18 mä
700 339 42 23 den,
766 339 12 19 å
798 338 75 20 hvilken

328 368 163 25 värkställigheten
528 368 104 24 ankommer,
648 369 72 18 utsälla
741 367 132 19 motsvarande

328 396 145 26 fängelsestraff.

192 459 122 26 Helsingfors
330 460 37 20 den
383 461 11 19 9
410 461 85 19 februari
513 460 58 20 1900.

192 516 21 23 E.
229 510 84 29 Öhman.
592 516 70 22 Fredr.
678 516 126 22 Stenström.

191 574 52 22 Knut
258 574 94 22 Anthoni.
592 573 79 28 August
685 573 94 22 Jusélius.

191 711 47 21 Den
255 711 36 21 vid
309 712 52 20 1888
376 710 32 22 års
424 711 101 28 landtdag
539 710 31 22 till
587 710 117 22 Ständerna
717 710 157 22 öfverlemnade

123 745 76 29 nådiga
221 746 153 28 propositionen
398 753 34 13 om
455 745 116 29 antagande
592 744 23 22 af
635 744 64 22 bland
719 748 64 18 annat
798 745 75 22 allmän

123 780 94 28 straftlag
236 780 35 20 för
286 780 203 24 Storfurstendömet
503 779 90 22 Finland
614 779 91 21 innehöll
720 780 8 20 i
744 780 12 20 6
772 780 11 27 $
800 781 10 19 7
826 780 48 28 kap.

126 814 22 21 af
166 814 37 21 det
222 814 6 21 i
243 814 154 28 propositionen
412 814 103 28 ingående
531 814 78 28 förslag
623 814 33 20 till
671 813 98 29 strafflag
784 814 90 21 bestäm-

124 849 50 27 ning
195 848 71 21 derom
290 851 37 20 att,
342 848 26 21 då
390 848 53 21 flere
465 848 138 28 bötesbelopp
625 855 49 14 voro
696 856 25 12 en
741 848 39 21 och
796 856 79 14 samma

124 890 75 21 person
224 882 95 26 ådömda,
342 882 72 26 skulle,
437 882 63 22 äfven
520 883 7 20 i
548 882 26 21 de
596 882 36 21 fall
659 882 38 22 der
723 883 152 28 sammanlägg-

125 918 49 27 ning
189 916 49 22 med
259 916 139 22 frihetsstraff
419 916 48 21 icke
489 915 122 29 ifrågakom,
627 916 109 21 reduktion
752 916 23 21 af
792 916 84 22 straffet

125 959 39 21 ega
179 959 43 13 rum
248 951 39 21 och
306 950 86 22 sålunda
418 951 27 21 de
467 950 89 22 ådömda
577 950 164 29 bötesbeloppen
764 950 47 22 icke
826 954 50 18 utan

125 986 72 21 vidare
223 986 175 25 sammanräknas,
424 988 48 18 utan
501 985 35 21 det
561 984 75 29 högsta
664 984 22 22 af
710 985 62 21 dessa
798 985 77 29 belopp

125 1020 52 21 ökas
198 1020 48 21 med
266 1027 24 13 en
310 1020 54 20 efter
384 1020 56 20 vissa
461 1020 67 27 regler
549 1018 113 21 reducerad
680 1018 34 21 del
730 1019 22 20 af
767 1019 26 21 de
808 1020 69 28 öfriga

127 1054 171 28 bötesbeloppen.
327 1054 113 20 Dessutom
460 1053 102 28 föreslogs
579 1053 6 20 i
602 1054 10 20 7
636 1053 12 26 $
663 1053 23 20 af
703 1060 79 14 samma
797 1053 80 29 kapitel

126 1091 32 18 att
180 1089 7 20 i
210 1088 41 21 alla
273 1088 26 21 de
323 1088 43 25 fall,
388 1087 28 22 då
439 1087 52 21 flere
506 1087 78 26 domar,
600 1094 73 21 genom
700 1087 72 21 hvilka
798 1095 80 14 samma

126 1130 74 22 person
224 1121 69 22 dömts
313 1122 32 21 till
361 1121 67 26 straff,
445 1121 66 22 skulle
528 1121 26 28 på
570 1129 25 13 en
610 1121 55 28 gång
681 1121 128 27 verkställas,
824 1121 54 30 Kej-

129 1165 58 13 saren
204 1156 39 22 och
253 1156 139 22 Storfurstens
401 1155 233 29 befallningshafvande
643 1155 64 21 borde
715 1155 71 22 derom
796 1157 82 21 anmäla

127 1192 38 20 hos
182 1191 111 26 hofrätten,
316 1198 43 14 som
380 1190 52 28 egde
453 1190 156 28 sammanlägga
630 1190 94 21 straffen.
754 1190 123 29 Strafflags-

127 1225 108 23 utskottet,
253 1232 44 14 som
317 1224 130 22 behandlade
467 1224 112 22 omordade
604 1224 134 28 proposition,
760 1224 64 29 ansåg
847 1226 32 28 sig

129 1259 115 21 emellertid
263 1259 46 21 icke
329 1258 69 22 kunna
415 1258 90 22 omfatta
520 1258 100 28 förslaget
634 1258 71 22 derom
721 1261 33 18 att
768 1258 109 23 reduktion

128 1294 23 21 af
173 1293 84 22 straffet
279 1293 65 21 borde
367 1293 37 21 ske
422 1293 63 21 äfven
500 1294 7 20 i
522 1293 26 21 de
564 1292 42 27 fall,
622 1292 28 22 då
664 1292 75 22 endast
753 1293 61 21 böter
829 1302 50 14 voro

128 1328 101 25 ådömda;
251 1328 39 20 och
308 1328 33 20 till
360 1328 48 20 stöd
428 1328 33 19 för
476 1328 31 20 sin
523 1327 93 27 antydda
630 1327 136 27 uppfattning
780 1328 97 20 framhöll

130 1362 111 21 Utskottet
262 1362 30 20 uti
313 1362 38 19 sitt
372 1362 7 19 i
401 1360 64 21 saken
484 1360 79 28 afgifna
578 1360 137 22 betänkande,
731 1360 64 21 bland
810 1365 68 22 annat,

129 1396 97 21 hurusom
241 1395 134 28 olägenheter
389 1394 36 21 vid
441 1393 184 29 verkställigheten
642 1394 82 21 komme
737 1397 32 18 att
781 1395 99 28 uppstå,
870 1389 13 38 i

129 1430 100 22 händelse
249 1429 36 22 två
303 1437 74 21 genom
396 1428 70 22 skilda
483 1429 69 28 utslag
566 1427 89 22 ådömda
672 1428 143 30 bötesbelopp,
831 1437 49 14 vore

130 1465 26 22 de
178 1467 25 19 än
223 1464 52 21 huru
297 1465 59 28 ringa
375 1471 43 14 som
440 1463 60 28 helst,
516 1463 46 22 icke
578 1462 69 23 kunde
662 1465 83 27 uttagas
761 1466 48 19 utan
825 1464 55 23 före-

201 1511 132 22 Lagutskottets
346 1510 110 18 betänkande
468 1509 38 19 N:o
519 1510 28 18 10.
