1073 1714
310 165 270 24 Petitionsbetänkande
595 167 41 23 N:o
651 167 35 22 20.
808 168 24 21 21

112 233 6 21 i
142 233 46 21 vårt
212 234 48 21 land
284 234 65 27 enligt
371 235 120 22 Utskottets
515 237 83 25 mening
625 236 132 27 oförtydbart
785 235 78 27 ådaga-

112 268 79 26 lägger,
210 270 31 19 att
263 270 31 19 ett
316 268 134 28 fullständigt
470 270 191 27 rusdrycksförbud
677 270 47 21 icke
740 272 55 19 ännu
811 276 52 20 upp-

111 301 63 22 bäres
197 302 22 21 af
241 309 24 14 en
289 303 79 21 allmän
390 303 86 26 opinion
496 305 39 20 och
554 307 32 18 att
606 311 24 14 en
654 304 34 27 lag
709 304 22 21 af
748 304 116 27 föreslaget

111 336 94 21 innehåll
228 337 46 21 icke
290 337 68 21 skulle
381 339 105 20 motsvara
505 339 47 21 vårt
570 339 55 21 folks
640 339 122 20 nuvarande
777 339 86 21 utveck-

111 370 193 28 lingsståndpunkt.

181 405 47 22 Den
244 406 80 27 sedliga
338 406 58 21 kraft
411 407 39 21 och
465 407 166 27 ståndaktighet,
647 408 62 21 hvars
725 407 139 26 bibringande

112 439 22 22 åt
146 439 48 22 vårt
208 440 44 21 folk
267 441 39 20 bör
322 443 76 24 utgöra
413 441 36 21 det
464 442 93 21 innersta
572 443 87 20 motivet
674 442 34 21 för
722 442 42 21 alla
779 441 85 28 nykter-

112 473 192 30 hetssträfvanden,
318 475 75 21 liksom
405 476 34 21 det
449 477 23 19 är
482 476 64 21 målet
554 476 33 21 för
598 476 72 27 hvarje
682 476 181 21 fosterlandsväns

112 508 134 27 Önskningar,
270 510 79 25 vinnes,
373 510 66 27 enligt
461 510 119 21 Utskottets
605 511 90 26 mening,
718 511 47 20 icke
788 510 76 21 enbart

112 542 124 27 derigenom
248 545 32 20 att
292 545 76 20 endast
375 546 55 25 yttre
438 545 138 26 anledningar
585 545 33 21 till
626 545 96 21 frestelse
730 545 5 21 i
744 545 69 26 någon
822 545 42 20 viss

112 576 53 21 form
182 577 110 26 aflägsnas,
308 579 52 20 utan
372 577 126 22 framförallt
509 585 73 20 genom
596 579 130 26 ungdomens
739 579 125 26 uppfostran

112 611 32 22 till
160 613 31 19 att
206 612 95 27 frivilligt
316 613 38 21 och
371 613 23 21 af
407 613 39 21 full
461 613 142 28 öfvertygelse
619 613 79 22 sträfva
714 613 32 22 till
762 614 36 20 det
809 613 54 26 goda

112 645 33 22 för
168 647 49 20 dess
240 653 52 20 egen
316 647 55 21 skull
394 647 39 22 och
456 647 33 22 stå
511 648 36 21 det
570 649 56 20 onda
641 648 7 21 i
664 648 41 21 alla
722 649 48 20 dess
785 648 79 21 former

113 682 63 20 emot.
206 681 83 21 Endast
312 688 25 15 en
361 681 131 22 såbeskaffad
516 683 104 26 sedlighet
643 683 99 26 erbjuder
765 682 99 21 säkerhet

114 715 32 20 för
162 717 32 19 att
209 716 25 21 de
250 715 117 27 frestelser,
383 723 43 14 som
443 717 5 20 i
465 717 60 21 lifvet
548 717 149 26 oundvikligen
720 719 64 24 möta,
804 717 59 21 skola

114 749 71 21 kunna
201 750 139 21 öfvervinnas.

182 784 30 21 På
227 785 68 26 grund
318 785 22 21 af
362 785 34 22 det
420 786 127 27 ofvansagda
569 786 33 21 får
623 786 109 21 Utskottet
756 786 106 21 vördsamt

113 818 79 22 föreslå

320 885 33 19 att
367 883 173 28 ifrågavarande
554 883 192 28 petitionsförslag
762 883 19 28 ej
796 883 67 22 måtte

252 924 114 27 föranleda
388 923 73 28 någon
484 924 79 28 åtgärd
581 924 55 28 från
652 923 139 22 Ständernas
806 924 55 21 sida.

473 1081 32 21 11.

182 1128 67 26 Äfven
273 1133 180 21 undertecknarne
477 1133 22 21 af
521 1133 35 21 det
578 1133 7 20 i
604 1133 159 21 Presteständet
788 1132 75 21 väckta

114 1167 204 27 petitionsförslaget
334 1167 99 27 uppgifva
449 1168 31 26 sig
492 1168 7 20 i
511 1167 81 27 princip
609 1167 128 21 understöda
750 1173 24 14 en
787 1167 77 20 allmän

115 1201 130 27 förbudslag,
268 1208 47 15 men
338 1201 116 22 inskränka
476 1202 31 25 sig
531 1202 54 21 dock
608 1201 23 21 af
645 1201 110 26 praktiska
770 1201 47 21 skäl
832 1201 32 21 till

114 1238 32 19 att
162 1236 112 21 hemställa
289 1237 75 20 endast
379 1243 32 14 om
428 1236 121 21 kommunal
564 1235 131 22 förbudsrätt
711 1235 52 21 eller
779 1241 33 15 om
835 1235 29 21 af-

115 1271 86 21 lätande
228 1271 31 21 till
284 1271 247 21 nästsammanträdande
556 1270 101 26 landtdag
684 1269 22 22 af
730 1270 64 26 nädig
817 1276 47 20 pro-

115 1305 92 27 position
230 1305 22 21 af
272 1305 101 26 innehåll,
398 1307 45 23 ,att
465 1305 20 21 ät
509 1305 42 21 alla
574 1305 124 20 kommuner
720 1304 7 21 i
746 1303 46 22 vårt
816 1304 48 21 land

115 1339 66 20 måtte
208 1339 116 26 medgifvas
346 1339 38 20 full
406 1339 63 20 frihet
492 1341 31 18 att
545 1339 79 20 enhvar
645 1339 56 19 inom
720 1338 36 19 sitt
780 1338 85 19 område

115 1373 85 20 besluta
229 1372 108 25 angående
367 1372 76 21 handel
469 1372 48 20 med
544 1371 39 21 och
610 1371 142 25 utskänkning
778 1371 22 20 af
824 1371 41 20 alla

116 1407 57 21 såväl
182 1406 96 21 starkare
290 1412 45 15 som
348 1411 88 21 svagare
448 1405 127 27 rusdrycker
584 1404 109 22 äfvensom
705 1404 159 27 maltdrycker.*

115 1441 119 21 Petitionen
259 1440 113 21 motiveras
397 1440 85 21 dermed
506 1442 32 19 att
557 1439 134 21 alldenstund
708 1438 157 22 landskommu-

115 1482 66 15 nerna
204 1475 64 21 redan
292 1481 39 20 ega
353 1474 162 27 ifrågavarande
532 1473 194 26 bestämningsrätt,
742 1473 85 21 hvilken
844 1473 22 21 af

184 1522 177 18 Ekonomiutskottets
373 1521 110 18 betänkande
497 1520 36 18 N:o
548 1520 17 19 8.
