1103 1748
319 153 276 24 Petitionsbetänkande
609 154 43 23 N:o
668 154 36 22 14.
821 155 40 21 133

137 222 97 21 banorna
255 225 37 18 äro
315 223 90 26 belägna
426 223 63 27 högst
509 223 84 22 30—40
614 224 37 21 km
669 223 47 22 från
728 224 92 27 järnväg
835 226 55 20 samt

138 257 41 20 den
195 263 76 15 senare
285 257 70 21 banan
371 257 37 26 går
425 263 76 21 genom
516 258 40 21 öde
570 257 40 22 och
626 257 86 28 oländig
725 258 62 27 bygd.

207 290 32 21 På
261 291 70 26 grund
352 290 23 21 af
397 291 36 21 det
447 291 62 21 ofvan
526 291 66 27 sagda
606 291 32 21 får
653 291 113 22 Utskottet
780 292 110 21 vördsamt

137 324 84 27 föreslå,
243 326 32 19 att
297 325 120 21 Ständerna
431 325 49 21 ville
494 325 84 22 besluta
592 327 32 20 att
638 325 40 22 hos
693 327 61 20 Hans
770 325 118 28 Kejserliga

137 358 101 27 Majestät
252 359 155 27 underdånigst
420 359 90 22 anhålla:

411 418 32 19 att
458 416 38 21 vid
511 417 102 28 lämpligt
620 417 88 27 tillfälle
718 417 171 22 bansträckorna

347 450 278 29 Ylivieska
469 446 11 38 —
491 450 134 29 Haapajärvi
639 451 38 22 och
695 451 81 22 Gamla
792 451 95 28 Karleby

342 498 18 2 —
371 481 128 37 Karstula—
510 481 101 37 Suolahti
633 485 67 22 måtte
719 486 170 21 instrumentalt

341 520 139 22 undersökas.

206 574 103 31 Däremot
323 583 90 22 föreslår
428 584 121 22 Utskottet:

411 643 32 19 att
465 641 73 28 öfriga
560 642 10 20 i
591 642 58 21 detta
670 641 164 28 sammanhang
856 641 33 21 be-

343 675 107 21 handlade
471 676 222 27 petitionsmemorial
710 675 46 22 icke
771 675 68 22 måtte
854 676 35 21 till

342 710 78 27 åtgärd
434 710 54 27 från
505 709 135 23 Ständernas
655 710 48 21 sida
718 709 120 28 föranleda.

256 905 216 29 Seinäjoki—Kaskö;
488 905 282 29 Seinäjoki—Kristinestad.

371 963 203 18 Petitionsmemorialen
586 962 74 18 22—26.

206 1015 116 27 Angående
338 1022 26 14 en
379 1015 7 21 i
401 1015 63 21 ofvan
480 1015 119 27 åberopade
614 1014 212 28 petitionsmemorial
833 1014 54 22 före-

137 1048 74 28 slagen
232 1049 91 27 järnväg
344 1049 46 21 från
411 1049 106 27 Seinäjoki
532 1049 77 21 station
625 1049 13 21 å
652 1048 127 22 Vasabanan
794 1049 32 21 till
840 1048 48 22 Kri-

137 1083 104 21 stinestad
264 1083 50 21 eller
330 1083 78 26 Kaskö,
425 1084 38 20 har
478 1083 111 22 Utskottet
603 1083 75 21 uttalat
694 1083 33 27 sig
741 1083 7 21 i
764 1083 37 21 sitt
815 1083 72 21 betän-

136 1117 69 21 kande
227 1117 40 21 N:o
283 1118 9 21 1
310 1118 48 21 med
373 1118 115 27 anledning
502 1118 22 21 af
536 1118 48 22 nåd.
598 1118 161 27 propositionen
774 1124 34 15 om
817 1117 71 21 vidare

133 1151 226 28 järnvägsbyggnader
380 1152 7 21 i
414 1152 77 26 landet,
513 1152 39 21 och
573 1152 94 21 anhåller
690 1151 111 22 Utskottet
823 1153 31 19 att
868 1150 21 22 få

135 1185 89 22 hänvisa
241 1186 30 21 till
287 1186 123 22 detsamma.

215 1328 591 29 Björneborg-—Kankaanpää—-Parkano—Haapamäki.

370 1380 205 17 Petitionsmemorialen
586 1380 74 17 27—31.

204 1424 31 23 Af
247 1425 40 22 den
302 1424 121 28 föreslagna
433 1425 167 27 järnvägslinjen
619 1424 128 28 Björneborg
767 1419 120 37 -Kankaan-

135 1454 42 37 pää
205 1454 98 37 Parkano
337 1454 128 37 Haapamäki
488 1458 38 22 har
547 1465 27 16 en
596 1458 40 28 del,
651 1458 76 22 mellan
744 1458 145 28 Kankaanpää

203 1506 185 23 Järnvägsutskottets
401 1505 110 18 betänkande
524 1505 37 19 N:o
574 1505 18 18 2.
