1064 1709
209 174 13 21 6
412 172 251 23 Petitionsbetänkande
678 172 37 22 N:o
731 171 33 23 13.

211 236 157 27 Ridderskapet
379 236 38 21 och
428 236 68 22 Adeln
507 239 55 19 samt
570 236 185 26 Borgareståndet,
764 236 109 21 hvaremot
882 234 81 22 Preste-

211 270 40 22 och
273 270 163 22 Bondestånden
455 273 77 24 antogo
551 270 164 26 reservationen,
735 270 161 22 Presteståndet
917 270 48 21 med

211 305 36 21 det
266 305 75 26 tillägg
359 307 37 24 att,
415 305 44 21 ifall
480 305 25 21 de
521 305 67 27 öfriga
602 304 89 22 stånden
707 305 46 21 icke
767 305 101 21 förenade
884 305 31 27 sig
930 310 34 16 om

212 340 59 21 detta
286 339 77 26 beslut,
379 339 83 21 ståndet
477 338 33 22 för
528 340 32 20 sin
576 339 34 21 del
620 338 68 22 skulle
702 338 64 22 aflåta
782 339 82 21 enskild
875 338 90 28 petition

210 374 6 22 i
237 373 95 22 ärendet.
362 374 10 20 I
392 374 94 26 enlighet
508 373 94 27 härmed,
627 374 38 21 och
682 372 53 23 efter
758 373 36 21 det
816 374 93 21 ståndets
929 379 36 15 en-

212 408 69 22 skilda
304 408 171 21 besvärsutskott
492 408 6 21 i
518 408 87 27 afgifvet
624 407 135 23 betänkande
781 408 116 22 framhållit
918 408 46 22 icke

211 443 56 22 blott
291 442 101 22 behofvet
411 442 24 22 af
455 442 63 28 nödig
538 442 92 28 ledighet
646 442 34 21 för
704 442 133 27 tjenstemän,
860 443 103 25 arbetare,

211 484 29 15 m.
254 477 21 22 fl.
291 477 68 21 under
381 477 109 27 sabbaten,
514 479 51 19 utan
585 476 61 22 äfven
665 477 170 21 önskvärdheten
851 476 23 22 af
894 477 71 27 åtgär-

212 512 39 22 der
272 512 32 22 till
327 512 173 22 förekommande
518 512 24 22 af
554 511 166 23 sabbatsfridens
736 512 107 26 störande,
859 512 7 21 i
880 512 86 22 betrak-

213 547 65 21 tande
301 546 63 22 däraf
384 548 32 19 att
438 547 143 27 reglementen
597 552 33 15 om
646 546 138 26 tjenstemäns
798 547 169 27 arbetsordning,

210 580 45 22 lika
277 581 47 22 litet
346 587 44 15 som
413 581 148 28 föroråningar
576 588 34 14 om
629 581 123 22 arbetarnes
772 581 106 27 ställning,
894 581 72 21 kunna

212 615 100 22 hänföras
335 616 68 21 under
424 616 102 22 rubriken
549 615 155 28 ,sabbatslag*,
723 616 69 27 ingick
807 616 159 21 Presteständet

210 650 34 22 till
266 651 59 21 Hans
348 650 117 28 Kejserliga
487 651 99 27 Majestät
604 650 47 22 med
667 657 25 15 en
709 650 130 28 underdånig
854 651 89 27 petition
959 651 6 21 i

209 684 64 22 ofvan
289 684 94 28 angifvet
397 686 60 26 syfte.

281 720 75 21 Denna
375 720 89 27 petition
479 720 122 22 föranledde
617 720 119 22 emellertid
751 721 62 26 ingen
829 720 75 27 åtgärd
920 720 46 22 från

213 754 144 28 Regeringens
380 754 65 22 sida.'
463 754 31 22 Ur
512 755 26 21 de
553 755 7 21 i
575 754 117 27 Kejserliga
710 754 92 22 Senaten
818 754 34 22 vid
867 754 99 22 ärendets

215 789 157 27 handläggning
386 788 62 22 förda
462 789 107 27 protokoll
583 789 94 27 framgår
692 792 37 24 att,
746 790 26 21 då
784 790 92 21 Senaten
887 789 41 21 den
940 790 27 20 19

213 823 43 27 Maj
281 823 55 22 1879
359 826 37 25 tog
414 824 89 21 ärendet
518 824 68 21 under
601 823 83 27 slutligt
698 824 160 26 öfvervägande,
874 823 91 22 Senaten

212 859 35 21 väl
262 865 37 15 var
315 865 50 16 ense
380 866 34 14 om
429 861 33 19 att
476 859 39 22 hos
531 859 59 22 Hans
604 858 118 28 Kejserliga
739 859 100 27 Majestät
854 858 113 22 hemställa

214 895 32 20 att
263 894 119 26 petitionen
401 893 33 27 ,,ej
450 893 65 22 måtte
530 894 32 21 till
577 893 91 23 särskild
683 894 75 26 åtgärd
772 894 131 26 föranleda",
918 899 49 15 men

213 930 33 20 att
259 928 139 27 meningarna
413 929 6 20 i
434 928 69 26 någon
519 928 47 22 mån
586 928 75 22 afveko
676 928 7 21 i
697 928 61 27 fråga
773 935 33 15 om
823 929 92 21 motiven
934 928 33 21 för

215 963 68 21 denna
303 962 116 27 afböjande
439 962 133 22 hemställan.
602 962 141 27 Majoriteten,
762 964 117 20 bestående
894 962 24 22 af
932 963 35 21 nio

216 997 124 27 ledamöter,
356 997 105 27 afstyrkte
476 997 74 27 åtgärd
566 997 27 27 på
607 998 68 26 grund
690 997 24 21 af
727 999 33 19 att
774 998 74 26 frågan
864 998 7 21 i
881 997 54 22 form
946 997 23 21 af

214 1038 120 21 gemensam
351 1032 176 26 ständerpetition
542 1032 35 21 vid
593 1032 127 27 landtdagen
737 1032 88 21 förfallit
840 1032 39 22 och
894 1032 26 22 de
937 1032 31 21 uti

214 1066 172 22 Presteståndets
402 1066 97 22 enskilda
514 1066 89 27 petition
619 1066 91 22 berörda
726 1067 180 27 omständigheter
921 1066 47 22 icke

214 1101 33 21 för
263 1100 132 22 närvarande
410 1101 112 26 påkallade
537 1101 141 27 tillgöranden
693 1102 6 20 i
715 1100 191 28 lagstiftningsväg.
930 1100 38 22 Mi-

214 1136 114 25 noriteten,
344 1135 46 21 åtta
404 1135 122 26 ledamöter,
541 1134 99 22 framhöll
655 1135 45 21 åter
716 1137 32 19 att
758 1135 134 22 föreskriften
904 1135 62 28 angå-

217 1170 54 21 ende
293 1168 63 22 straff
373 1169 33 21 för
426 1169 53 27 dem,
498 1169 73 22 hvilka
590 1170 12 20 å
620 1171 48 19 sön-
688 1170 51 20 eller
758 1170 91 26 helgdag
869 1170 100 27 tvingade

216 1203 160 27 underlydande
392 1203 32 21 till
439 1204 77 21 sådant
531 1203 80 27 arbete,
626 1210 45 14 som
686 1204 53 21 tålte
749 1204 99 26 uppskof,
859 1204 66 21 hörde
936 1204 33 22 till

215 1238 185 24 bestämningarna
422 1238 7 20 i
454 1244 25 14 en
506 1237 102 26 strafflag,
635 1238 85 20 hvartill
742 1239 32 19 ett
800 1238 80 26 förslag
901 1239 67 20 redan

214 1270 70 22 blifvit
306 1270 124 22 utarbetadt
448 1271 39 21 och
502 1272 31 20 till
548 1270 131 28 granskning
694 1271 22 21 af
733 1272 159 21 vederbörande
910 1278 59 20 myn-

216 1304 97 28 digheter
331 1304 161 28 öfverlemnadt,
511 1307 55 20 samt
580 1306 33 20 att
628 1304 36 22 det
678 1305 28 27 på
720 1305 83 22 landets
823 1304 93 28 Styrelse
931 1312 43 15 an-'

215 1340 84 21 komme
315 1342 38 24 att,
369 1340 45 21 ifall
429 1340 46 22 skäl
490 1340 72 22 därtill
576 1340 82 26 funnes,
674 1340 43 22 låta
727 1340 96 22 anordna
833 1340 26 22 de
871 1341 6 21 i
888 1342 80 20 statens

215 1375 66 27 tjenst
303 1375 92 21 varande
417 1382 111 20 personers
550 1375 171 28 tjenstegöromål
739 1376 27 26 på
781 1375 75 22 sådant
871 1377 49 25 sätt,
937 1378 32 19 att

216 1408 83 23 tillfälle
315 1409 33 23 för
363 1410 47 21 dem
425 1410 32 21 till
473 1410 118 22 bivistande
607 1410 23 21 af
643 1410 39 21 den
698 1410 109 28 offentliga
822 1410 146 28 gudstjensten

216 1444 18 27 ej
250 1444 112 22 saknades.

285 1479 40 21 Vid
344 1479 120 27 påföljande
484 1480 142 21 ständermöte
642 1480 24 20 år
683 1480 54 21 1882
752 1481 87 21 väcktes
854 1480 22 21 af
890 1486 79 16 samme

285 1519 102 18 Allmänna
399 1519 173 19 Besvärsutskottets
584 1519 112 19 betänkande
707 1519 34 18 N:o
754 1520 26 17 11.
