1095 1748
260 152 40 21 142
415 151 275 23 Petitionsbetänkande
704 151 43 23 N:o
762 150 34 24 14.

229 222 32 20 att
279 221 77 21 nämda
370 220 67 21 banor
452 221 7 20 i
474 221 107 20 närmaste
595 219 85 22 framtid
695 220 69 21 måste
779 219 68 24 förses
863 219 47 21 med
926 219 53 21 dub-

229 255 45 21 belt
289 254 55 27 spår,
359 254 39 22 och
413 256 37 22 att,
465 256 38 19 när
519 254 69 21 denna
602 254 100 27 tidpunkt
716 249 81 37 inträdt,
807 253 90 27 istället
908 253 72 26 borde,

230 295 34 15 om
280 289 39 21 ock
331 289 48 21 med
387 289 66 26 nägot
458 289 67 21 ökade
533 288 261 27 anläggningskostnader,
802 289 80 26 byggas
891 294 41 21 nya
943 288 36 21 ba-

230 329 47 21 nor,
285 323 71 22 hvilka
369 323 67 27 jämte
451 323 36 21 det
495 323 26 20 de
529 322 128 22 förmedlade
665 329 26 15 en
699 323 34 21 del
742 322 23 22 af
769 321 141 23 ofvannämda
918 322 61 22 trafik

230 357 39 22 och
292 357 88 22 sälunda
401 357 74 27 gjorde
498 357 35 21 det
555 357 78 22 dubbla
655 357 72 27 späret
746 357 33 21 för
794 357 50 27 läng
858 357 31 21 tid
903 356 77 22 framät

230 391 120 27 obehöfligt,
372 391 61 22 äfven
456 391 69 22 skulle
547 391 112 28 tillgodose
681 391 162 21 trafikbehofvet
858 391 28 27 pä
900 391 79 21 sådana

230 427 64 24 orter,
312 425 71 22 hvilka
405 427 57 19 ännu
484 425 45 22 icke
548 426 89 21 kommit
651 426 6 20 i
673 425 124 27 åtnjutande
811 425 23 21 af
847 426 26 21 de
887 425 93 22 fördelar

227 459 232 28 järnvägsförbindelse
475 460 93 21 bereder.
597 460 33 21 Då
645 459 117 22 emellertid
777 459 87 22 dubbelt
879 459 50 27 spår
939 459 40 22 hit-

229 494 43 22 tills
293 494 55 22 varit
362 494 111 28 ifrågasatt
487 495 76 22 endast
577 494 33 22 för
625 494 40 22 den
680 495 95 21 närmast
790 493 138 29 Helsingfors
944 494 35 22 be-

229 529 63 27 lägna
306 530 103 21 bandelen
426 532 55 18 samt
495 530 33 21 för
543 529 138 22 bansträckan
690 528 140 28 Viborg—S:t
841 529 138 27 Petersburg,

229 564 39 21 och
291 564 26 22 då
332 564 106 27 troligtvis
454 565 81 26 ganska
549 564 50 28 lång
613 564 29 21 tid
659 566 55 19 ännu
730 563 72 28 förgår
817 563 73 22 förrän
905 564 74 27 åtgärd

229 599 6 23 i
251 605 81 15 samma
351 598 54 28 syfte
420 598 99 22 behöfver
535 599 95 27 vidtagas
645 598 33 22 för
693 598 47 22 hela
755 598 103 22 bandelen
874 598 101 28 Helsing-

228 632 66 22 fors—
303 633 80 27 Viborg
405 633 38 21 och
461 633 32 21 för
509 634 68 21 banan
593 633 46 21 från
654 633 113 21 Riihimäki
780 635 76 19 norrut
871 633 32 21 till
917 633 62 21 Tam-

229 667 97 26 merfors,
338 667 41 21 kan
395 668 40 20 den
451 666 90 23 anförda
555 668 90 21 orsaken
661 667 45 21 icke
720 667 87 27 betinga
822 667 120 27 byggandet
957 667 24 21 af

229 701 160 28 ifrågavarande
405 702 66 21 banor
485 702 7 21 i
507 708 26 15 en
549 708 49 15 snar
613 702 90 21 framtid.

298 736 126 22 Kustbanan
445 736 47 21 från
510 736 135 27 Helsingfors
662 736 31 21 till
707 736 82 27 Viborg
804 736 68 21 skulle
886 736 93 22 visserli-

230 776 40 21 gen
293 770 141 27 genomskära
457 777 26 14 en
499 772 64 20 sedan
580 771 100 27 gammalt
695 770 62 22 odlad
772 771 39 21 och
826 772 7 20 i
848 770 64 28 öfrigt
927 770 52 28 högt

229 804 87 22 stående
339 805 96 21 landsdel
458 807 55 19 samt
535 806 74 20 beröra
629 804 40 22 och
683 805 49 21 med
747 804 119 22 hvarandra
880 804 99 22 förbinda

229 839 41 21 alla
291 839 151 21 kuststäderna
463 839 58 21 invid
539 840 127 25 densamma,
681 846 49 14 men
745 839 161 27 ifrågavarande
921 839 56 22 trak-

229 875 33 20 ter
282 873 72 22 kunna
372 873 46 22 icke
434 880 87 15 numera
536 880 63 15 anses
614 880 50 15 vara
679 874 121 21 vanlottade
815 874 48 22 med
878 873 100 23 afseende

229 908 13 21 å
271 907 46 22 sina
345 908 344 25 kommunikationsförhållanden,
720 909 65 22 sedan
816 909 62 22 dessa
902 909 71 22 städer

230 942 67 22 blifvit
312 944 55 20 satta
381 942 7 21 i
402 942 129 22 förbindelse
546 943 48 21 med
608 943 83 21 landets
704 943 145 27 järnvägsnät.

297 977 47 21 Den
360 977 46 21 från
422 977 137 27 Helsingfors
574 980 45 18 mot
634 978 90 21 nordost
733 978 120 26 föreslagna
858 978 118 27 järnvägen

228 1010 46 22 från
296 1011 120 27 Järvenpää
438 1011 78 21 station
535 1012 30 20 till
581 1012 93 20 Kausala
689 1012 68 21 skulle
772 1012 134 27 naturligtvis
922 1012 7 21 i
944 1013 33 20 sin

229 1045 48 21 mån
293 1045 119 21 underlätta
427 1047 137 25 transporten
579 1045 23 22 af
615 1045 199 23 lifsförnödenheter
829 1047 39 21 och
882 1048 96 20 trävaror

227 1078 47 22 från
289 1079 119 22 socknarna
421 1080 58 20 invid
494 1080 123 21 densamma
631 1080 31 21 till
677 1080 141 28 Helsingfors.
848 1082 10 20 I
874 1081 25 21 de
912 1080 66 22 afba-

228 1120 42 14 nan
292 1114 91 21 berörda
404 1114 108 21 trakterna
527 1114 41 21 kan
584 1120 47 16 man
647 1114 54 22 dock
715 1115 46 21 icke
776 1115 48 21 med
838 1115 37 27 fog
889 1116 90 26 beklaga

229 1148 32 27 sig
274 1148 58 21 öfver
348 1148 68 28 dåliga
430 1148 212 26 kommunikationer,
658 1151 22 25 ty
693 1150 65 20 sedan
768 1150 211 27 Lovisa—Vesijärvi

228 1182 68 22 banan
312 1183 102 26 upplåtits
429 1182 33 22 för
477 1182 68 26 trafik,
560 1183 95 21 kommer
672 1184 75 21 endast
763 1186 30 19 ett
808 1184 46 22 litet
869 1185 86 21 område
971 1185 6 21 i

227 1216 103 22 närheten
352 1216 23 22 af
392 1216 105 22 Mäntsälä
519 1216 66 28 kyrka
603 1219 31 19 att
648 1217 57 28 ligga
720 1218 84 22 utanför
819 1218 159 22 trafikområdet

227 1250 33 21 för
275 1251 70 27 någon
360 1251 60 26 bana,
436 1250 42 22 ifall
494 1251 63 21 dessa
571 1251 102 21 områden
692 1252 104 22 beräknas
811 1252 31 21 till
857 1253 28 21 20
899 1253 36 21 km
950 1254 29 26 på

227 1284 103 21 hvardera
346 1285 60 19 sidan
421 1291 35 13 om
469 1285 124 25 järnvägen.

296 1318 73 20 Banan
392 1317 46 21 från
462 1317 121 27 Kangasala
603 1318 77 21 station
695 1319 7 20 i
718 1320 104 26 sydostlig
837 1320 95 26 riktning
946 1320 30 20 till

227 1351 72 22 Lahtis
318 1351 68 22 skulle
406 1351 117 27 onekligen,
546 1352 71 21 såsom
639 1352 32 21 uti
687 1353 237 27 petitionsmemorialen
940 1360 37 15 an-

228 1386 80 27 gående
330 1386 123 22 densamma
474 1386 126 27 framhälles,
621 1387 102 28 betydligt
738 1387 95 23 förkorta
848 1391 66 25 vägen
930 1389 45 22 från

227 1421 143 22 Tammerfors
386 1424 55 19 samt
455 1421 7 21 i
477 1423 56 20 ännu
548 1421 66 28 högre
629 1422 51 27 grad
695 1422 46 22 från
757 1423 41 22 alla
809 1430 87 15 norrom
907 1424 71 22 denna

227 1458 35 20 ort
284 1456 89 28 belägna
395 1457 102 21 stationer
519 1456 32 22 till
569 1457 31 21 S:t
614 1457 137 29 Petersburg,
767 1458 79 23 hvilket
860 1459 115 28 ingalunda

295 1503 184 23 Järnvägsutskottets
492 1503 110 18 betänkande
614 1503 37 18 N:o
663 1503 18 18 2.
