1064 1706
198 172 13 21 6
386 170 271 23 Petitionsbetänkande
672 170 41 22 N:o
729 169 34 23 12.

197 242 77 22 förstås
290 248 107 22 personer,
412 242 72 21 hvilka
498 242 56 22 visat
568 242 32 26 sig
610 247 40 21 ega
660 241 37 21 det
705 240 172 28 kunskapsmått,
887 246 47 16 som
944 240 8 21 i

197 276 76 22 sådant
288 276 83 27 lyceum
385 275 115 25 meddelas,
514 287 29 4 —
558 272 78 25 kunna
642 275 53 22 efter
705 274 186 28 kompletterande
902 273 51 28 prof

197 310 81 22 erhålla
302 310 130 28 anställning
457 316 45 16 som
525 310 219 22 folkskollärarinnor.
779 309 112 21 Utskottet
912 309 40 21 har

198 345 54 21 dock
267 345 46 21 icke
328 345 82 21 kunnat
424 344 74 22 förena
513 345 32 27 sig
558 351 35 15 om
609 344 59 22 detta
682 344 178 22 betraktelsesätt.
883 342 31 28 Ty
925 343 28 21 då

198 380 61 21 dessa
274 379 248 28 fortbildningsläroverk
537 385 39 21 ega
586 379 165 21 dimissionsrätt
761 378 34 22 till
805 378 148 22 universitetet

198 414 39 21 och
262 414 132 27 följaktligen
419 414 97 21 meddela
540 414 46 21 sina
611 413 96 22 alumner
729 414 31 21 ett
782 412 170 27 kunskapsmått,

199 448 149 22 motsvarande
363 447 137 28 fullständiga
515 449 80 26 lyceers
609 447 58 27 kurs,
683 447 74 27 tyckes
773 447 36 21 det
824 447 82 26 obilligt
920 448 34 20 att

198 483 23 21 af
234 483 48 21 dem
297 482 73 22 fordra
385 482 134 27 afläggandet
534 482 23 21 af
570 482 183 26 studentexamen,
769 487 46 16 som
825 481 47 22 icke
886 481 68 22 erfor-

199 516 49 22 dras
262 515 24 23 af
294 516 47 22 från
352 517 98 26 lyceerna
461 516 159 22 utdimitterade
630 516 75 26 elever,
715 515 73 22 hvilka
797 515 50 27 vilja
857 521 54 21 egna
921 515 34 28 sig

199 551 22 20 åt
243 550 225 22 folkskollärarinnans
484 551 49 21 kall.
564 551 79 21 Vidare
657 551 39 20 har
710 549 111 22 Utskottet
831 551 72 20 ansett
911 549 42 22 den

198 585 7 20 i
220 585 232 26 petitionsmemorialet
467 585 120 27 föreslagna
602 585 102 26 åtgärden
714 584 54 22 böra
777 584 98 21 förordas
886 583 67 22 redan

198 619 28 26 på
246 619 40 21 den
308 619 76 27 grund,
406 621 33 19 att
461 619 40 22 den
527 620 7 21 i
559 620 31 21 sin
613 619 49 22 mån
680 619 71 21 kunde
769 618 89 27 bidraga
873 618 32 21 till
921 619 32 20 att

198 653 110 22 motverka
331 653 40 22 den
394 660 40 21 nog
453 654 107 21 allmänna
578 653 114 22 tendensen
707 655 34 20 att
755 653 8 21 i
778 653 175 21 studentexamen

199 694 22 16 se
243 700 28 3 —
290 689 46 21 icke
356 688 55 22 hvad
426 689 68 21 denna
510 695 88 15 examen
612 689 8 21 i
634 688 89 21 främsta
737 690 91 19 rummet
842 687 39 22 bör
896 693 57 19 vara,

199 723 105 27 nämligen
327 729 25 16 en
368 723 92 22 kontroll
475 723 47 22 från
537 723 159 22 universitetets
711 723 46 21 sida
772 722 59 22 öfver
845 728 109 21 personer,

199 763 45 16 som
266 763 51 16 erna
336 757 38 22 där
391 757 96 22 bedrifva
502 758 87 26 studier,
606 769 25 4 —
647 759 52 20 utan
714 757 65 27 något
793 757 57 27 slags
865 756 89 22 allmänt

200 791 114 27 bildnings-
338 792 52 21 eller
412 792 177 27 mogenhetsprof.
620 791 78 22 Härtill
712 791 96 22 kommer
822 791 134 27 ytterligare,

202 828 32 19 att
249 826 33 21 för
293 825 101 28 fattigare
406 826 70 21 elever
486 827 7 20 i
503 826 118 27 aflägsnare
631 825 178 22 landsortsstäder
819 825 135 27 afläggandet

199 860 23 21 af
235 860 176 22 studentexamen
427 863 24 19 är
466 859 114 23 förbundet
595 860 47 21 med
658 866 25 15 en
698 860 47 21 icke
759 860 60 27 ringa
830 859 126 22 ekonomisk

199 890 127 36 uppoffring.
501 918 2 2 N

267 939 30 22 Pä
312 940 61 21 dessa
386 940 94 27 grunder
490 940 40 21 har
540 940 112 21 Utskottet
662 940 71 21 ansett
742 940 32 26 sig
784 938 73 22 kunna
867 938 88 22 förorda

199 974 174 28 petitionärernes
388 974 164 26 önskningsmäl.
576 974 49 21 Men
640 974 68 21 tillika
723 974 39 21 har
777 973 112 22 Utskottet
901 974 53 20 trott

199 1010 31 26 sig
248 1009 54 21 böra
323 1008 57 28 gifva
402 1009 128 27 petitionens
550 1008 57 22 kläm
626 1015 26 15 en
668 1009 64 27 nägot
747 1008 130 22 allmännare
893 1008 63 21 form.

199 1043 43 22 Det
253 1044 39 20 har
302 1043 122 27 visserligen
434 1043 103 27 upplysts,
548 1045 33 20 att
589 1043 107 27 uttrycket
704 1059 5 11 ,
709 1042 142 28 fullständigt
858 1042 96 27 lyceum”

198 1078 8 20 i
228 1077 55 22 1898
306 1077 34 21 års
358 1078 126 26 kungörelse
502 1078 78 21 tolkats
600 1078 30 26 så,
646 1079 33 19 att
693 1077 47 22 däri
754 1077 124 27 inbegripits
893 1076 63 22 äfven

199 1112 82 26 privata
302 1111 148 27 gossläroverk
470 1112 39 21 och
528 1112 124 21 samskolor.
682 1112 33 21 Då
730 1111 117 22 emellertid
863 1110 92 22 flertalet

199 1146 22 20 af
235 1146 61 21 dessa
312 1145 187 28 läroinrättningar
514 1146 87 22 officielt
615 1146 47 20 icke
676 1146 53 21 bära
743 1147 86 19 namnet
845 1145 110 28 ,lyceum”

199 1180 39 21 och
253 1186 26 16 en
294 1186 69 15 annan
378 1180 97 27 tolkning
489 1180 134 27 följaktligen
638 1186 49 15 vore
702 1180 79 27 möjlig,
793 1180 39 21 har
842 1179 116 22 Utskottet

199 1216 69 20 ansett
291 1215 32 20 att
342 1214 26 20 de
383 1214 8 21 i
410 1214 205 27 petitionsförslaget
630 1214 90 21 berörda
738 1213 219 27 läroinrättningarna

198 1248 121 26 lämpligast
334 1248 70 20 kunde
416 1248 68 26 jämte
494 1250 62 18 stats-
567 1248 41 20 och
618 1248 138 26 privatlyceer
767 1247 39 21 och
817 1247 140 26 fullständiga

199 1280 117 22 samskolor
340 1280 162 23 sammanfattas
524 1281 68 21 under
616 1280 153 28 benämningen
794 1280 161 28 ,läroanstalter

198 1315 49 22 med
262 1315 164 22 dimissionsrätt
440 1315 33 21 till
488 1314 164 23 universitetet".

267 1355 114 23 Utskottet
394 1355 32 22 får
441 1355 57 27 förty
513 1356 109 21 vördsamt
636 1355 118 27 hemställa,
765 1355 36 23 det
811 1355 49 22 ville
872 1355 85 23 landets

199 1390 121 28 Höglofliga
334 1390 91 22 Ständer
441 1390 7 22 i
464 1390 168 27 underdånighet
648 1390 125 27 petitionera

267 1504 101 18 Allmänna
380 1503 174 19 Besvärsutskottets
566 1503 112 19 betänkande
689 1503 34 19 N:o
736 1504 28 17 10.
