1098 1756
311 161 274 23 Petitiousbetänkande
601 162 42 22 N:o
658 162 34 22 14.
830 162 25 20 87

135 229 84 18 utarbeta
235 230 164 24 kostnadsförslag,
414 231 35 19 och
460 232 96 22 föreligger
568 230 162 24 projektritningar
741 230 36 18 och
788 230 97 18 beräknin-

133 262 33 18 gar
178 258 29 17 för
219 258 60 18 banan
291 260 61 17 säsom
364 260 137 23 normalspärig.
523 259 25 18 Af
560 259 35 18 den
607 258 106 19 värkstälda
725 258 160 24 undersökningen

133 286 87 23 framgär,
232 288 28 16 att
277 287 70 18 banans
363 288 56 23 längd
435 288 60 18 skulle
508 287 58 18 blifva
577 288 45 21 35,75
635 287 94 17 kilometer
741 288 49 16 samt
801 288 29 16 att
841 286 43 18 den-

133 319 71 13 samma
222 314 59 19 skulle
298 316 108 23 genomlöpa
420 322 22 12 en
453 316 131 23 jämförelsevis
597 316 43 18 svär
652 316 77 22 terräng.
753 315 37 18 Det
802 315 29 18 för
843 320 42 12 nor-

132 343 151 23 malspärsystem
300 344 102 24 uppgjorda
419 345 177 23 kostnadsförslaget
614 344 59 18 slutar
690 343 63 19 därför
772 344 55 18 äfven
841 342 42 19 med

132 377 21 13 en
171 378 73 12 summa
259 373 18 17 af
289 373 91 22 3,949,000
395 373 53 19 mark
463 374 43 18 eller
518 374 5 16 i
536 372 56 19 rundt
606 372 25 18 tal
644 373 73 21 110,000
728 372 54 18 mark
793 378 33 18 pro
837 372 46 18 kilo-

133 398 62 30 meter.
745 424 1 3 N

199 430 99 23 Angående
309 437 26 11 nu
347 430 139 25 ifrågavarande
497 431 48 18 bana
556 430 88 19 frambhöll
655 430 99 18 emellertid
767 430 57 18 redan
834 430 49 23 järn-

130 459 136 23 vägsutskottet
284 460 30 18 vid
333 461 43 18 1897
395 461 29 17 års
442 459 95 24 landtdag,
555 462 28 16 att
600 459 135 18 lokalbehofvet
750 459 5 18 i
767 459 35 18 och
814 459 29 18 för
855 459 28 24 sig

130 493 43 12 vore
188 488 45 18 fullt
247 488 70 23 betjänt
334 489 19 18 af
365 495 22 12 en
398 489 49 18 bana
458 489 19 17 af
489 489 46 17 allra
547 488 81 18 enklaste
641 488 39 23 slag
692 499 21 2 —
725 488 92 18 eventuelt
829 488 20 18 af
860 493 22 12 en

129 515 49 19 bana
195 517 19 18 af
232 523 70 13 samma
320 519 33 22 typ
371 523 39 13 som
425 517 182 22 Lovisa--Vesijärvi
623 517 65 18 banan.
711 517 98 18 Utskottet
825 517 58 23 ansåg

129 544 67 23 vidare,
208 547 29 17 att
248 546 80 19 beslutet
339 553 30 12 om
382 547 30 18 val
423 547 20 18 af
455 547 112 23 spårsystem
578 547 60 17 måste
649 546 57 17 blifva
718 546 6 17 i
731 546 40 17 icke
780 546 101 23 oväsentlig

128 573 46 24 grad
191 574 89 19 beroende
297 575 20 18 af
329 575 35 18 den
376 575 86 24 spårvidd
474 581 22 12 en
508 575 48 18 bana
568 575 154 19 Lahtis—Lovisa
735 574 60 19 skulle
806 575 75 18 komma

128 605 28 16 att
174 604 73 18 erhålla.
271 604 30 18 Då
320 610 77 12 numera
413 604 154 19 Lahtis--Lovisa
579 604 60 18 banan
651 604 77 18 kommit
741 603 28 19 till
781 603 99 19 utförande

127 633 59 16 såsom
196 633 109 23 smalspårig
317 633 35 18 och
363 633 56 18 redan
430 632 166 19 nästinstundande
608 639 79 12 sommar
699 632 52 18 torde
763 633 63 18 kunna
834 639 45 17 upp-

126 661 48 18 lätas
186 661 29 18 för
228 661 61 22 trafik,
301 663 20 16 är
333 667 22 12 en
367 661 60 18 direkt
439 661 119 23 fortsättning
570 661 20 18 af
601 661 59 18 denna
672 662 47 17 bana
727 663 66 16 norrut
793 657 40 31 till
842 657 37 31 Hei-

126 690 42 17 nola
186 696 21 11 en
227 691 80 22 naturlig
323 690 105 24 utveckling
443 690 19 18 af
474 690 35 18 den
521 690 83 23 inslagna
617 691 63 22 vägen.
703 690 58 18 Detta
773 691 20 17 så
805 690 74 23 mycket

126 724 39 12 mer
177 725 40 11 som
228 719 155 18 Lahtis—Lovisa
395 719 69 18 banans
477 719 199 24 anläggningskostnad
689 725 32 16 pro
733 719 95 18 kilometer
840 719 39 18 icke

126 746 52 19 torde
193 747 74 19 komma
282 750 28 16 att
326 749 62 22 uppgå
399 753 32 13 ens
444 748 27 17 till
485 748 70 18 hälften
567 748 19 18 af
598 748 55 17 ofvan
666 747 76 18 anförda
754 747 80 18 kostnad
846 753 33 18 pro

125 776 95 19 kilometer
232 777 19 18 af
263 777 166 18 Lahtis--Heinola
438 777 61 18 banan
509 778 60 17 såsom
578 777 139 23 normalspårig.
736 776 64 19 Såsom
810 776 69 19 bekant

125 805 68 19 tillåter
210 806 91 24 nämligen
319 808 26 17 ett
363 806 55 19 smalt
435 807 42 23 spår
493 809 27 16 ett
532 807 60 17 bättre
604 805 100 24 smygande
716 805 52 24 längs
781 807 96 23 terrängen

124 834 52 19 d.-v.
192 841 14 11 s.
218 835 71 18 mindre
300 835 121 22 jordarbeten,
432 835 103 23 hvarjämte
543 835 70 18 banans
625 835 41 17 hela
679 835 106 23 utrustning
797 835 35 17 kan
846 836 31 22 gö-

124 869 30 12 ras
167 864 78 18 enklare.
271 865 80 18 Alldeles
364 865 73 23 specielt
448 864 57 19 borde
517 864 63 19 därför
592 863 31 19 det
635 863 59 18 smala
705 864 62 23 spåret
779 869 44 12 vara
832 863 45 18 läm-

124 893 47 23 pligt
182 893 30 18 för
223 899 22 12 en
258 893 47 18 bana
317 894 42 17 från
371 893 64 19 Lahtis
447 894 28 18 till
487 894 84 21 Heinola,
583 893 74 18 hvarest
668 893 97 22 terrängen
773 898 40 12 som
821 892 55 19 ofvan

123 921 91 24 antyddes
228 922 46 19 visat
287 923 28 23 sig
327 929 44 12 vara
383 923 130 22 jämförelsevis
526 923 47 18 svår.

192 951 172 24 Stadsfullmäktige
381 953 6 17 i
405 952 78 18 Heinola
499 952 57 18 hafva
572 952 54 18 äfven
642 951 63 18 därför
717 951 41 18 låtit
770 952 25 23 på
806 951 69 24 grund-

123 980 53 19 valen
193 981 20 18 af
230 980 35 19 den
282 981 19 18 af
317 977 146 27 Öfverstyrelsen
474 981 29 18 för
515 982 43 23 väg-
570 981 35 18 och
616 980 193 24 vattenbyggnaderna
821 981 54 18 värk-

124 1009 60 19 stälda
201 1010 159 24 undersökningen
377 1013 83 22 uppgöra
478 1013 26 16 ett
520 1011 142 24 approximativt
675 1010 158 24 kostnadsförslag
845 1011 30 18 för

122 1039 61 18 banan
199 1040 60 17 såsom
275 1039 114 24 smalspårig,
398 1039 34 19 och
443 1040 57 17 hafva
511 1039 123 19 kostnaderna
646 1039 24 18 då
682 1039 71 18 kunnat
765 1039 109 24 nedbringas

123 1068 27 18 till
168 1069 91 21 3,130,000
275 1069 58 18 mark.
357 1069 10 17 I
384 1068 51 19 detta
453 1069 89 18 samband
556 1069 34 18 har
602 1069 54 18 äfven
668 1069 85 23 uppstått
765 1069 68 18 tanken
846 1071 29 16 att

121 1097 71 18 banans
208 1098 97 23 byggande
319 1098 60 18 skulle
390 1098 98 19 öfverlåtas
501 1099 19 17 åt
532 1099 35 18 den
579 1099 71 23 privata
662 1098 165 23 företagsamheten
839 1098 35 18 och

121 1127 71 18 utföras
210 1128 6 17 i
234 1128 89 18 samband
341 1127 48 24 med
400 1128 35 18 och
451 1128 111 19 omedelbart
578 1129 46 18 efter
644 1128 32 18 det
691 1123 86 33 Lovisa—
785 1123 90 33 Vesijärvi

121 1156 62 19 banan
194 1157 90 19 slutförts.
309 1158 29 17 En
349 1157 69 24 mängd
429 1157 117 24 besparingar
559 1157 59 18 skulle
630 1157 24 18 då
666 1157 63 19 kunna
739 1159 55 22 göras
806 1158 6 17 i
823 1158 51 18 kost-

120 1185 82 18 naderna
214 1186 29 18 för
255 1186 167 19 Lahtis—Heinola
433 1187 66 19 banan,
512 1187 24 18 bl.
550 1193 16 11 a.
578 1192 66 18 genom
656 1187 113 18 erhållandet
779 1187 20 18 af
808 1187 67 18 Lovisa

120 1214 70 19 banans
203 1215 141 24 arbetsredskap
356 1215 27 18 till
395 1215 60 24 billigt
464 1217 41 22 pris,
515 1216 102 22 hvarjämte
626 1215 35 18 den
669 1216 94 24 möjlighet
771 1217 41 17 icke
822 1216 52 19 torde

120 1249 45 12 vara
182 1243 92 18 utesluten
292 1245 28 16 att
338 1239 63 33 Lovisa
415 1239 106 33 —Vesijärvi
529 1244 86 23 järnvägs
627 1245 102 23 aktiebolag
741 1245 60 18 skulle
813 1245 60 18 direkt

120 1272 64 18 kunna
195 1273 106 18 intresseras
313 1273 6 17 i
331 1273 36 18 den
377 1272 126 24 projekterade
514 1273 144 24 förlängningen.

188 1301 56 18 Klart
261 1301 84 18 inseende
357 1301 35 18 den
404 1301 154 24 utomordentliga
572 1302 105 23 betydelsen
688 1303 29 17 för
729 1303 79 18 Heinola
821 1302 50 19 stads

120 1329 106 23 utveckling
243 1329 60 19 denna
320 1330 48 18 bana
385 1330 60 18 skulle
462 1330 61 22 hafva,
540 1332 32 17 äro
590 1331 167 23 stadsfullmäktige
773 1332 5 17 i
794 1331 79 18 Heinola

120 1358 55 18 äfven
185 1359 88 17 betänkta
286 1359 23 23 på
321 1360 28 16 att
360 1364 65 17 genom
437 1360 27 16 ett
476 1359 54 23 årligt
541 1359 65 23 bidrag
618 1361 97 22 garantera
726 1365 23 12 en
761 1359 30 19 del
802 1360 20 18 af
829 1361 43 17 rän-

120 1388 32 15 tan
164 1387 35 16 och
210 1387 128 17 annuiteterna
349 1387 24 22 på
384 1387 210 22 anläggningskapitalet
605 1388 35 16 och
652 1388 73 17 anhålla
735 1389 18 15 vi
761 1391 29 14 att
798 1389 6 15 i
813 1389 58 16 sinom

120 1413 26 18 tid
164 1414 19 18 få
201 1414 93 18 inkomma
312 1415 28 17 till
357 1414 176 23 järnvägsutskottet
547 1414 43 19 med
601 1416 84 17 närmare
696 1416 93 23 uppgifter
800 1416 71 18 härom.

188 1443 30 18 Då
235 1448 26 13 nu
279 1442 104 19 Ständerna
397 1442 57 19 redan
465 1443 51 18 förut
529 1443 68 18 uttalat
608 1443 28 23 sig
648 1443 28 18 till
687 1443 73 18 förmån
771 1444 30 18 för
812 1444 60 18 denna

118 1472 53 22 bana,
189 1477 42 13 men
248 1473 58 22 några
321 1471 86 24 åtgärder
424 1471 42 18 från
483 1472 120 18 statsvärkets
620 1471 39 19 sida
671 1472 29 18 för
711 1473 129 18 realiserandet
851 1473 20 18 af

185 1513 186 23 Järnvägsutskottets
380 1513 110 18 betänkande
502 1513 37 17 N:o
552 1513 18 18 2.
