1059 1706
323 137 273 26 Petitionsbetänkande
611 139 45 23 N:o
671 139 40 22 30.
872 141 11 19 9

374 476 47 19 Till
436 476 210 25 Borgareståndet.

202 539 29 19 De
246 545 41 19 nya
302 539 110 26 riktningar
426 540 20 19 af
460 540 101 25 betänklig
575 542 36 22 art,
627 540 67 19 hvilka
710 541 62 18 sedan
787 541 62 19 slutet
864 542 20 17 af

133 567 23 20 år
172 568 54 19 1898
241 568 104 19 framträdt
359 568 7 19 i
382 568 54 19 vissa
450 575 72 18 grenar
531 569 20 18 af
566 569 150 24 förvaltningen,
726 569 58 19 hafva
794 569 90 27 öfverallt

134 597 5 18 i
154 597 68 18 landet
236 596 77 25 ådragit
326 597 32 24 sig
367 597 177 25 uppmärksamhet
554 597 36 19 och
602 597 59 19 väckt
671 597 120 24 bekymmer.
814 597 69 20 Öfver-

133 625 73 24 tygade
222 625 66 19 derom
304 627 29 17 att
348 625 110 20 Ständerna
473 632 33 17 nu,
522 625 66 20 såsom
604 625 102 22 härintills,
723 625 55 20 skola
792 632 48 13 anse
850 626 34 19 det

134 659 45 13 vara
198 653 31 19 sin
246 653 51 25 pligt
314 655 30 18 att
359 653 29 20 för
403 653 107 20 Monarken
525 655 60 24 öppet
600 654 38 19 och
652 654 158 19 förtroendefullt
825 655 58 18 fram-

134 681 57 20 ställa
209 681 24 20 de
252 688 61 13 sanna
329 681 147 20 förhållandena
491 683 5 18 i
512 682 67 20 landet
594 682 37 19 och
646 682 64 19 uttala
724 682 25 19 de
764 683 119 24 önsknings-

133 710 45 25 mål,
195 716 43 13 som
260 711 20 18 af
302 711 33 18 det
352 710 100 19 allmänna
474 711 122 19 tänkesättet
615 711 105 24 uppbäras,
736 711 58 19 hafva
813 711 71 20 under-

133 738 94 19 tecknade
242 739 66 19 funnit
324 739 30 25 sig
369 739 83 19 manade
466 741 30 18 att
512 739 100 20 vördsamt
628 739 71 19 föreslå
713 739 107 20 aflätandet
829 740 20 19 af
858 745 25 14 en

133 767 124 24 underdänig
274 767 85 25 petition
377 767 102 25 angäende
496 768 136 24 aflägsnandet
646 768 20 18 af
682 767 89 25 antydda
786 768 97 19 missrikt-

132 795 76 25 ningar,
223 801 43 14 som
282 795 40 26 röja
337 802 25 13 en
378 796 199 25 systemförändring,
591 796 30 19 till
631 796 59 19 hvars
701 796 181 20 karaktäriserande

132 823 86 26 följande
233 824 82 19 allmänt
331 825 65 18 kända
410 825 169 24 omständigheter
593 825 36 19 här
644 827 76 17 ansetts
732 825 46 19 böra
789 825 94 20 särskildt

132 853 119 19 framhällas.

202 881 78 20 Värden
296 887 31 14 om
342 881 99 20 allmänna
456 882 81 25 lugnets
553 882 37 19 och
606 882 126 19 säkerhetens
746 882 137 20 bibehällande

133 910 35 19 har
190 910 67 20 städse
274 911 6 18 i
298 911 55 19 detta
375 910 45 19 land
443 911 73 25 utgjort
537 917 25 13 en
580 911 36 19 lätt
634 911 37 18 och
688 910 57 19 enkel
760 911 84 25 uppgift,
860 913 22 23 ty

132 939 184 20 administrationen
339 939 35 19 har
390 939 7 20 i
414 939 27 19 all
459 939 31 20 sin
505 939 92 25 behöriga
612 939 126 19 verksamhet
752 941 30 18 ett
796 939 87 26 pälitligt

132 967 44 20 stöd
193 967 6 19 i
218 967 150 26 befolkningens
389 968 83 25 aktning
493 969 29 18 för
544 968 80 25 lagarna
638 968 38 19 och
690 968 30 19 för
735 968 25 19 de
774 968 62 25 enligt
850 968 33 25 lag

132 995 112 20 handlande
262 997 170 24 myndigheterna.
462 997 30 19 Då
509 997 34 19 det
558 996 63 20 finska
636 996 103 19 samhället
754 998 21 17 är
791 997 92 19 fullkom-

131 1025 37 24 ligt
190 1025 122 19 främmande
334 1025 29 20 för
378 1025 37 19 alla
434 1025 74 20 sådana
526 1025 94 26 politiska
637 1025 88 24 rörelser,
741 1031 43 13 som
799 1025 83 26 fullfölja

132 1053 126 25 rättsvidriga
281 1055 68 23 syften
372 1053 36 20 och
429 1054 99 19 bedrifvas
544 1054 5 19 i
566 1053 34 20 det
618 1053 93 24 fördolda,
727 1053 71 20 saknas
814 1054 69 25 hvarje

131 1081 58 26 giltig
210 1082 108 26 anledning
340 1084 30 17 att
391 1083 117 19 föranstalta
526 1084 29 18 ett
569 1081 145 20 öfvervakande
729 1083 20 18 af
763 1085 60 16 annat
838 1083 46 24 slag

131 1113 25 17 än
171 1110 39 24 det,
226 1116 43 13 som
284 1111 78 19 landets
378 1111 72 24 lagliga
466 1111 139 25 myndigheter
619 1117 37 18 ega
670 1111 74 19 utöfva.
772 1111 66 19 Jämte
849 1111 34 20 det

131 1139 120 19 förfarandet
266 1141 29 18 att
310 1140 5 19 i
331 1139 43 20 inre
388 1139 64 20 finska
467 1139 167 26 angelägenheter
648 1139 54 25 gifva
716 1139 62 25 gehör
790 1139 20 20 åt
820 1140 62 19 andra

131 1169 25 18 än
180 1167 62 20 finska
264 1168 140 25 myndigheter
420 1168 60 19 redan
496 1169 5 18 i
518 1168 36 19 och
572 1168 29 19 för
616 1168 31 25 sig
661 1170 22 17 är
697 1168 117 25 förkastligt,
829 1168 55 19 leder

132 1196 109 19 detsamma
256 1197 151 24 nödvändigtvis
423 1197 29 18 till
467 1197 71 19 skefva
553 1197 36 19 och
603 1196 89 25 skadliga
702 1196 89 25 resultat,
802 1196 25 20 då
837 1197 44 19 där-

132 1224 34 19 vid
183 1225 102 19 användas
304 1227 86 23 agenter,
408 1225 67 19 hvilka
490 1225 31 19 till
536 1225 47 25 följd
598 1225 18 19 af
632 1225 100 26 bristande
747 1225 135 25 förtrogenhet

132 1253 44 19 med
191 1253 77 19 landets
284 1253 60 26 språk
358 1253 37 20 och
410 1254 20 19 af
444 1253 101 26 oförmåga
559 1256 29 17 att
604 1253 81 20 bedöma
695 1253 53 19 hvad
758 1253 62 25 enligt
830 1253 51 20 finsk

131 1281 33 26 lag
185 1283 21 18 är
228 1281 72 20 tillåtet
323 1282 47 19 eller
392 1282 102 25 förbjudet,
512 1282 62 19 sällan
593 1288 32 13 om
640 1281 97 25 någonsin
753 1282 67 19 kunna
834 1284 48 23 göra

131 1310 72 25 riktiga
218 1310 128 25 iakttagelser
361 1311 35 19 och
412 1311 73 24 afgifva
500 1313 61 17 annat
576 1313 24 17 än
616 1310 133 19 vilseledande
759 1311 122 19 berättelser.

131 1338 36 19 Ett
181 1338 66 24 dylikt
264 1340 181 23 rapportörsystem
461 1341 59 22 utgör
535 1339 43 18 icke
593 1339 50 18 blott
658 1344 24 12 en
698 1339 127 18 förnärmelse
840 1341 41 16 mot

130 1365 96 20 Finlands
247 1366 59 25 lojala
327 1366 125 24 innevånare,
469 1369 48 16 utan
536 1366 41 19 står
591 1366 37 19 ock
642 1365 7 19 i
664 1366 49 19 strid
732 1369 40 16 mot
790 1366 92 25 gällande

131 1394 142 25 rättsordning.

199 1422 9 19 I
224 1423 43 19 sina
281 1428 103 19 omsorger
398 1428 32 14 om
445 1423 79 20 landets
535 1423 98 20 förkofran
644 1423 36 18 har
690 1423 117 24 regeringen
818 1423 64 19 under

132 1457 69 14 senare
224 1451 51 20 tider
292 1451 42 20 haft
352 1453 30 18 ett
397 1451 100 20 verksamt
512 1451 81 20 bistånd
608 1451 20 20 af
642 1451 108 20 olikartade
765 1451 116 25 föreningar,

200 1491 132 22 Lagutskottets
345 1490 109 18 betänkande
466 1490 37 17 N:o
517 1491 28 17 17.
