1061 1706
310 126 274 24 Petitionsbetänkande
600 128 42 22 N:o:
656 128 36 22 18.
876 128 12 20 3

343 195 32 17 och
386 195 24 17 13
422 196 8 17 i
441 195 101 23 Kejserliga
554 196 142 22 dissenterlagen
707 195 24 23 af
739 196 34 16 den
782 195 20 17 11
810 194 77 18 Novem-

343 224 30 16 ber
389 224 56 22 1889,
465 226 26 16 att
512 224 223 23 äldersbestämningarna
752 224 31 17 uti
794 224 52 16 dessa
862 223 26 23 $$

343 252 56 18 skulle
411 253 108 22 fastställas
531 253 29 17 till
572 253 24 17 16
608 252 28 18 är.

206 319 122 24 Helsingfors,
340 320 35 18 den
387 320 11 18 8
410 320 89 18 Februari
512 320 48 18 1900.

664 384 18 22 J.
698 384 19 22 L.
733 383 85 23 Pentzin.

206 579 68 22 Sedan
298 579 118 22 Ständerna
436 581 35 21 vid
492 581 54 21 1872
564 581 35 21 ärs
617 580 101 27 landtdag
736 581 31 20 uti
782 580 103 22 underdä-

136 614 37 27 nig
194 614 89 27 petition
306 614 91 27 anhällit,
412 616 31 20 att
458 615 61 21 Hans
532 615 119 26 Kejserliga
665 615 100 26 Majestät
780 615 48 21 ville
843 615 43 21 läta

135 648 107 27 förelägga
258 648 118 22 Ständerna
390 649 133 27 proposition
539 649 48 21 med
601 648 80 27 förslag
696 649 31 21 till
737 649 147 27 dissenterlag,

135 683 141 26 utarbetades,
296 682 84 27 jemlikt
401 683 73 21 derom
493 683 109 21 meddelad
621 683 64 26 nådig
707 682 119 27 befallning,
842 682 42 22 för-

137 717 45 26 slag
197 717 31 21 till
242 716 126 28 förordning
389 717 110 27 angående
518 717 119 21 bekännare
655 717 22 21 af
692 717 131 21 främmande
843 717 42 21 kri-

136 753 46 20 sten
205 751 91 22 troslära
315 751 7 21 i
337 751 90 21 Finland
442 752 39 21 och
497 752 61 21 deras
573 751 170 28 religionsfrihet.
772 751 39 22 Uti
826 751 59 21 detta

134 785 82 27 förslag
238 785 119 27 stadgades,
379 786 65 21 bland
466 788 69 23 annat,
558 787 31 20 att
604 785 89 22 medlem
714 785 23 21 af
753 785 131 27 evangelisk-

136 819 110 22 lutherska
267 819 87 28 kyrkan,
377 826 46 15 som
446 820 93 21 önskade
560 827 25 14 ur
607 820 70 21 denna
702 819 67 27 kyrka
794 820 91 25 utträda,

135 854 89 21 likasom
240 854 40 21 ock
294 854 120 21 bekännare
425 854 22 21 af
458 854 131 21 främmande
601 854 80 21 kristen
693 854 97 26 troslära,
800 854 84 21 hvilken

137 888 47 21 ville
200 888 31 21 till
246 888 241 27 evangelisk-lutherska
502 889 58 21 läran
575 888 92 27 öfvergå,
683 889 66 20 borde
758 888 63 21 hafva
831 895 54 20 upp-

136 923 46 21 nått
204 923 89 21 aderton
311 923 34 21 års
364 923 63 26 ålder,
447 923 109 22 äfvensom
574 925 32 19 att
621 923 47 26 den,
683 929 46 14 som
744 922 39 27 fylt
805 922 80 21 femton

135 957 30 26 år,
182 963 52 15 vore
252 957 118 26 berättigad
385 959 36 24 att,
441 957 3 21 i
458 957 101 22 händelse
573 957 54 22 hans
642 956 103 22 föräldrar
761 956 123 27 öfvergingo

135 991 32 21 till
188 997 70 15 annan
280 991 95 23 troslära,
398 991 50 27 sjelf
464 991 73 27 afgöra
554 991 105 22 huruvida
676 991 42 20 han
734 991 49 21 ville
798 991 87 21 omfatta

136 1025 66 28 sagda
218 1025 92 22 troslära
327 1025 50 21 eller
395 1025 131 22 fortfarande
543 1026 85 21 tillhöra
642 1025 36 21 det
692 1025 171 26 kyrkosamfund,
879 1025 6 20 i

135 1060 64 21 hvars
221 1059 45 22 lära
287 1059 42 22 han
352 1059 67 22 blifvit
439 1060 132 27 uppfostrad.
602 1059 120 22 Omordade
743 1059 81 27 förslag
842 1058 45 22 blef

136 1095 125 25 sedermera,
277 1094 6 21 i
299 1094 36 21 det
350 1093 99 22 afseende
465 1094 26 21 14
507 1094 38 21 och
559 1094 42 21 455
617 1094 23 28 8$
655 1094 7 20 i
677 1093 96 28 gällande
783 1093 102 27 kyrkolag

135 1128 130 27 föreskrifva,
280 1128 154 22 öfverlemnadt
449 1129 32 21 till
497 1129 54 24 1876
566 1129 35 21 års
616 1128 68 21 första
693 1128 105 21 allmänna
808 1128 76 27 kyrko-

135 1164 66 25 möte;
225 1163 38 21 och
284 1163 67 26 ansåg
371 1165 72 24 mötet,
461 1165 51 19 enär
529 1162 165 28 religionsfrihet
708 1163 7 20 i
731 1169 53 14 sann
799 1162 86 27 mening

135 1197 71 21 kunde
220 1196 68 22 finnas
304 1197 55 21 blott
370 1197 33 21 för
413 1197 81 27 andligt
503 1197 99 27 myndige
613 1198 55 20 samt
678 1196 83 21 således
770 1196 115 21 förutsatte

135 1233 32 19 att
188 1231 125 22 människan
334 1231 96 27 frivilligt
449 1231 65 27 följde
534 1232 33 21 sin
586 1231 80 27 sedliga
684 1230 141 27 öfvertygelse
846 1231 39 21 och

134 1265 46 22 icke
194 1265 43 22 läte
252 1266 33 27 sig
294 1266 129 21 bestämmas
434 1265 23 21 af
466 1265 103 27 tillfälliga
579 1265 212 26 bevekelsegrunder,
802 1267 32 19 att
843 1265 41 21 den

134 1299 33 22 för
182 1300 84 21 utträde
281 1307 26 14 ur
322 1299 39 22 och
375 1300 84 21 inträde
471 1300 7 21 i
488 1299 241 28 evangelisk-lutherska
739 1299 81 28 kyrkan
829 1299 56 21 före-

135 1335 74 26 slagna
231 1334 135 26 åldersgräns
388 1333 23 20 af
431 1334 89 20 aderton
540 1334 23 20 år
581 1333 67 20 borde
666 1333 84 26 utbytas
769 1336 57 17 emot
844 1334 40 19 den

134 1368 61 21 civila
215 1367 207 27 myndighetsåldern
443 1367 93 26 tjuguett
555 1367 29 25 år,
600 1367 142 26 synnerligast
757 1373 47 14 som
820 1367 26 21 de
861 1367 24 20 så

133 1402 83 21 kallade
237 1401 83 22 bildade
340 1401 121 21 klassernas
477 1401 51 21 barn
543 1400 150 22 företrädesvis
705 1400 47 27 just
767 1401 7 21 i
789 1401 25 21 de
833 1401 53 21 sista

134 1437 50 21 åren
204 1436 23 22 af
245 1437 37 21 sitt
301 1436 67 21 andra
382 1435 214 27 lefnadsdecennium,
611 1435 67 22 under
694 1435 104 28 intrycket
808 1435 27 22 af
848 1442 36 21 ny-

202 1482 133 23 Lagutskottets
348 1482 109 18 betänkande
468 1482 37 18 N:o
517 1483 25 17 11.
