1061 1714
262 138 85 24 Ständ.
362 140 50 28 pet.
428 151 26 5 —
470 139 171 24 Petitionsbet.
658 134 37 40 N:o
713 140 39 23 30.
868 139 15 23 9

130 211 223 29 geringskonseljen,
379 210 96 24 hvilken
501 211 105 23 utfärdar
628 212 50 22 sina
696 212 77 22 beslut
789 212 9 22 i
815 210 68 24 Hans

130 246 111 28 Majestät
262 245 125 29 Kejsarens
405 246 62 29 höga
484 254 76 14 namn.
596 246 49 22 Och
663 246 29 22 då
710 246 46 22 han
774 253 81 15 senare
873 246 9 22 i

129 280 74 21 nåder
211 279 146 28 förordnade,
369 282 35 20 att
412 280 250 29 Regeringskonseljen
671 280 75 22 skulle
755 280 128 22 benämnas

129 314 118 29 Kejserlig
268 313 72 23 Senat
357 314 35 22 för
410 314 108 28 Finland,
536 314 114 22 betonade
668 314 47 22 han
727 315 77 21 tillika
817 314 67 22 detta

130 348 165 28 styrelseverks
314 348 146 23 omedelbara
474 348 144 23 förhållande
630 349 38 22 till
679 349 140 22 Monarkens
832 356 50 22 per-

130 390 47 15 son.
213 383 46 22 Det
275 382 77 23 finska
369 383 189 29 styrelseverkets
576 384 158 28 organisation
747 384 137 22 förutsätter

130 418 75 27 alltså,
232 420 36 20 att
291 418 245 29 generalguvernören,
556 419 74 21 såsom
648 418 101 22 varande
768 418 115 22 Senatens

130 452 145 29 ordförande,
302 452 8 22 i
337 452 129 30 möjligaste
484 453 58 28 grad
560 453 132 22 samverkar
709 453 52 22 med
780 453 102 22 Senaten

131 487 43 22 och
185 487 9 21 i
205 487 96 22 främsta
319 490 98 19 rummet
426 487 24 23 af
459 486 102 24 Senaten
570 487 116 22 inhemtar
695 487 169 30 upplysningar
874 488 9 20 i

130 522 29 22 de
183 522 106 28 ärenden,
312 529 48 15 som
383 522 57 22 höra
458 522 37 22 till
513 522 111 22 Finlands
644 522 116 22 allmänna
778 522 105 29 styrelse.

130 558 71 21 Detta
229 561 24 18 är
280 558 25 21 så
332 557 93 28 mycket
442 557 115 29 vigtigare
576 565 47 14 som
641 557 241 29 generalguvernören

130 592 41 21 vid
188 591 163 22 tillträdandet
368 591 23 22 af
403 592 41 21 sitt
456 592 88 21 embete
556 591 111 29 vanligen
680 592 84 21 saknar
773 591 45 22 den
830 596 53 18 när-

131 634 62 14 mare
212 626 144 29 bekantskap
369 626 52 21 med
433 625 92 23 landets
536 627 67 28 lagar
616 626 42 21 och
671 626 168 28 förhållanden,
852 627 31 28 på

130 661 96 21 hvilken
244 660 81 30 hvarje
343 660 37 22 till
392 661 140 21 Monarkens
545 661 87 28 nådiga
644 661 111 29 pröfning
767 661 43 22 och
820 660 63 23 stad-

130 695 93 22 fästelse
240 695 133 22 framstäldt
390 695 87 29 förslag
495 695 41 22 bör
552 703 56 14 vara
625 695 124 28 grundadt.

200 729 127 29 Angående
354 731 72 20 sättet
452 730 36 21 för
513 729 140 30 främjandet
672 730 22 21 af
712 729 114 23 Finlands
844 729 39 22 väl

130 764 81 22 kunna
229 764 150 29 naturligtvis
397 764 63 22 olika
476 765 120 28 meningar
607 764 148 28 förekomma,
768 764 115 22 beroende

131 798 49 22 dels
199 799 24 22 af
240 798 28 22 de
281 800 30 27 på
323 798 177 30 dagordningen
513 799 95 22 stående
619 799 121 28 frågornas
752 799 130 22 beskaffen-

130 833 46 28 het,
195 833 48 22 dels
263 833 22 22 af
298 833 45 22 den
355 841 48 14 mer
414 833 57 22 eller
483 833 89 22 mindre
584 833 180 29 reformvänliga
773 833 55 22 eller
840 833 43 22 ock

131 868 164 22 konservativa
314 867 151 29 ståndpunkt,
477 869 52 21 från
541 868 95 21 hvilken
649 868 109 29 frågorna
767 868 116 21 bedömas:

131 902 53 21 Men
203 902 40 22 det
259 903 76 28 gifves
353 902 59 22 dock
427 903 62 21 vissa
500 902 156 29 grundsatser,
670 903 120 28 angående
802 902 82 22 hvilka

132 937 63 21 olika
214 937 86 29 åsigter
318 937 51 21 icke
388 936 71 22 borde
478 937 68 28 hysas
565 937 43 22 och
626 937 91 22 hvilkas
730 936 153 29 iakttagande

130 972 73 21 måste
221 971 120 22 betraktas
359 972 74 21 såsom
446 971 150 30 oeftergifligt
604 972 41 21 vid
654 971 46 22 alla
709 971 114 30 åtgärder,
833 979 50 14 som

130 1006 53 22 från
201 1006 164 22 statsmaktens
383 1005 51 23 sida
451 1013 56 15 vare
525 1007 35 28 sig
578 1006 8 22 i
604 1006 179 30 lagstiftningen
802 1006 56 22 eller
875 1006 8 21 i

130 1041 175 29 förvaltningen
330 1040 114 30 vidtagas.
481 1041 73 22 Dessa
579 1041 157 29 grundsatser,
754 1041 81 22 hvilka
853 1041 32 28 på

131 1078 47 19 sätt
196 1076 23 20 af
237 1075 40 22 det
293 1075 141 29 föregående
451 1076 102 28 framgår
570 1075 80 22 blifvit
670 1076 23 21 af
711 1076 113 21 Finlands
834 1075 49 21 Mo-

130 1110 85 22 narker
233 1110 103 22 erkända
354 1110 43 21 och
415 1110 142 28 bekräftade,
576 1113 48 18 äro:

200 1147 35 19 att
253 1144 40 22 det
309 1144 75 22 finska
402 1144 75 22 folket
494 1144 42 22 har
548 1146 47 20 rätt
606 1144 38 22 till
654 1152 59 20 egen
721 1144 105 22 nationel
839 1143 45 23 och

130 1178 97 29 politisk
253 1179 94 21 tillvaro
371 1182 60 18 samt
449 1181 36 19 att
503 1179 44 21 den
565 1178 67 28 anda,
651 1179 9 21 i
677 1178 95 22 hvilken
790 1178 93 22 landets

131 1212 95 30 styrelse
244 1214 99 26 utöfvas,
362 1212 42 22 bör
421 1213 97 22 härmed
536 1213 213 27 öfverensstämmä;

199 1249 36 19 att
261 1247 84 22 endast
370 1247 61 22 finsk
457 1247 40 29 lag
521 1252 25 18 är
563 1249 141 20 rättesnöret
721 1247 35 22 för
775 1246 108 29 offentlig

129 1281 150 29 myndighets
297 1282 196 29 embetsåtgärder
510 1282 9 22 i
536 1282 110 27 Finland;
666 1284 60 20 samt

200 1318 34 20 att
260 1316 41 22 det
327 1320 25 18 är
378 1316 113 22 Finlands
518 1317 45 27 väl,
587 1324 49 14 som
656 1316 40 22 vid
714 1316 126 28 ledningen
859 1315 24 23 af

129 1350 66 21 detta
212 1350 67 21 lands
297 1350 146 28 förvaltning
460 1351 43 20 bör
520 1350 74 21 hållas
612 1350 8 21 i
638 1350 67 28 sigte.

197 1384 169 28 Takttagandet
378 1384 23 21 af
413 1384 67 21 dessa
489 1384 150 28 grundsatser
647 1383 96 22 hindrar
753 1382 130 29 ingalunda

130 1420 35 20 ett
182 1421 171 27 samvetsgrant
369 1418 132 22 beaktande
517 1418 23 22 af
551 1418 29 22 de
592 1414 161 33 förpligtelser,
766 1425 48 14 som
826 1417 57 22 Fin-
