1061 1709
222 166 13 18 4
386 162 249 23 Petitionsbetänkande
650 162 37 22 N:o
702 161 35 23 26.

193 232 88 24 anhålla,
297 235 31 17 att
343 232 134 26 Högvördiga
491 232 157 20 Presteståndet
661 232 65 25 jämte
742 231 25 20 de
780 231 66 25 öfriga
856 231 88 20 stånden

192 262 63 19 måtte
270 262 121 24 petitionera
406 261 76 24 därom,

399 327 28 18 att
443 326 26 18 ett
484 325 126 25 fullständigt
625 325 96 19 klassiskt
731 325 74 19 statens
817 324 74 25 lyceum
901 324 44 19 med

329 354 61 24 finskt
399 354 213 25 undervisningsspråk
622 353 58 19 måtte
690 354 87 19 inrättas
790 354 4 18 i
804 353 140 24 Tammerfors.

261 418 131 25 Helsingfors
408 418 39 20 den
463 418 11 20 3
490 418 90 20 februari
597 418 60 20 1900.

261 480 23 23 K.
301 480 22 23 0.
340 480 90 23 Fontell.
691 480 22 23 E.
730 480 22 22 E.
770 480 105 23 Hannula.

711 643 165 27 (Öfversättning.)

192 704 20 22 2.
361 706 49 19 Till
426 705 140 27 Vällofliga
581 705 223 26 Borgarest&ndet.

261 780 108 20 Lärdoms-
393 780 38 20 och
455 779 202 27 bildningsbehofvet
674 780 7 19 i
700 779 128 21 Tavastehus
850 780 35 19 län
907 779 38 21 har

193 808 46 20 frän
259 811 79 18 statens
356 809 46 19 sida
417 809 18 25 ej
453 808 69 20 blifvit
539 808 123 26 tillräckligt
677 808 140 26 tillgodosedt.
848 808 74 20 Medan
937 809 8 19 i

194 837 67 27 öfriga
283 838 33 19 län
338 838 63 19 redan
424 837 120 21 förefunnos
566 838 49 20 flere
630 837 23 20 af
666 840 67 17 staten
749 837 113 20 bekostade
877 837 68 26 lyceer

194 870 54 17 samt
263 874 25 12 en
304 868 50 19 eller
368 867 50 20 flere
437 867 216 26 fruntimmersskolor,
676 866 41 20 fick
732 874 46 12 man
793 866 7 20 i
816 867 128 20 Tavastehus

192 896 35 19 län
243 896 69 26 &tnöja
327 896 32 25 sig
374 896 46 19 med
436 898 30 17 ett
481 896 52 20 enda
546 896 80 26 lyceum
641 898 53 17 samt
709 896 26 26 pä
751 896 81 19 enskild
847 898 41 23 väg
903 896 41 19 till-

192 924 77 24 godose
291 924 209 26 kvinnobildningens
522 924 52 20 kraf.
604 924 62 20 Först
683 924 65 20 under
763 927 70 17 senast
848 924 97 20 förflutna

193 953 120 20 decennium
336 953 44 20 blef
396 953 127 25 fyrklassiga
537 953 117 20 realskolan
668 953 8 19 i
691 953 137 20 Tammerfors
844 953 100 26 utvidgad

193 982 32 19 till
240 984 29 17 ett
284 981 132 26 fullständigt
430 982 131 24 reallyceum,
577 988 45 13 men
637 988 73 18 genom
726 984 79 17 statens
820 982 124 24 tillgörande

193 1011 36 19 har
245 1010 18 26 ej
279 1013 54 17 ännu
349 1017 24 13 en
389 1010 52 20 enda
463 1010 199 20 fruntimmersskola
686 1010 70 20 blifvit
778 1010 90 20 inrättad
883 1011 7 19 i
905 1010 39 20 Ta-

193 1038 102 22 vastland,
325 1039 85 19 Såsnart
433 1039 40 19 den
495 1040 126 24 fyrklassiga
645 1039 90 19 svenska
759 1039 186 20 elementarskolan

192 1067 46 20 med
260 1069 104 24 utgången
380 1067 24 20 af
417 1067 57 20 detta
493 1068 65 19 läseår
573 1068 103 24 indrages,
692 1068 87 19 återstår
794 1067 32 20 för
840 1067 103 21 Tammer-

192 1096 43 19 fors
257 1096 90 20 folkrika
369 1096 46 20 stad
439 1095 104 21 äfvensom
565 1096 33 20 för
620 1096 47 19 dess
683 1099 40 16 tätt
738 1096 108 20 befolkade
862 1096 82 26 omnejd

192 1125 62 25 ingen
269 1131 67 13 annan
351 1124 23 19 af
388 1128 67 16 staten
474 1124 100 20 bekostad
589 1124 149 20 lärdomsskola
753 1127 25 17 än
795 1124 35 20 det
844 1124 99 25 åttaklas-

192 1154 45 24 siga
259 1153 117 25 reallyceet,
399 1153 33 19 för
455 1153 79 20 hvilket
556 1156 67 16 staten
638 1153 115 20 vidkännes
770 1160 24 12 en
810 1152 98 26 årsutgift
923 1152 24 20 af

191 1182 86 24 vidpass
293 1182 25 19 59
334 1184 60 17 tusen
416 1182 64 19 mark.
511 1182 41 19 För
571 1181 131 26 jämförelses
728 1182 55 19 skull
805 1182 33 18 må
852 1185 91 21 nämnas,

193 1212 30 17 att
239 1210 6 19 i
260 1204 45 26 Åbo
322 1210 52 24 stad,
391 1217 42 13 som
450 1210 32 19 till
492 1210 119 25 folkmängd
622 1210 128 25 någorlunda
760 1213 114 17 motsvarar
885 1210 58 20 Tam-

192 1238 93 24 merfors,
309 1241 67 17 staten
392 1239 98 19 bekostar
504 1238 91 25 följande
610 1239 100 23 läroverk,
726 1239 102 24 nämligen
844 1238 98 20 svenska:

192 1269 30 17 ett
244 1266 101 20 klassiskt
367 1267 81 24 lyceum
471 1266 45 19 med
538 1273 25 13 en
585 1266 112 26 årsbudget
719 1266 23 20 af
764 1267 83 23 72,759:
864 1267 34 23 06,
913 1269 30 17 ett

192 1294 124 25 reallyceum
331 1294 47 20 med
393 1301 25 13 en
433 1294 112 25 ärsbudget
560 1294 24 20 af
597 1295 75 23 61,308
688 1295 39 19 och
737 1301 25 13 en
774 1295 103 25 5-klassig
886 1295 57 19 frun-

192 1322 152 21 timmersskola
365 1322 47 20 med
436 1330 24 12 en
483 1323 111 26 &rsbudget
617 1322 23 20 af
654 1324 82 24 33,367,
754 1327 53 16 samt
822 1323 75 21 finska:
914 1326 30 17 ett

192 1352 101 20 klassiskt
316 1352 80 25 lyceum
415 1352 47 20 med
477 1358 24 13 en
517 1352 111 26 ärsbudget
642 1352 23 20 af
679 1353 83 24 76,550,
778 1359 25 13 en
818 1353 43 20 real
877 1353 65 25 paral-

191 1380 134 26 lelafdelning
347 1388 32 12 om
396 1380 42 20 fem
453 1381 80 19 klasser
548 1381 46 20 med
609 1388 25 12 en
650 1382 111 25 ärsbudget
776 1381 23 20 af
812 1382 77 24 22,000
905 1382 38 20 och

192 1417 25 13 en
241 1410 102 26 5-klassig
365 1410 199 20 fruntimmersskola
586 1410 47 20 med
655 1417 25 13 en
695 1410 113 26 ärsbudget
823 1411 23 20 af
860 1412 83 23 33,700,

192 1439 50 20 eller
264 1439 73 20 inalles
360 1439 32 19 för
414 1442 68 16 staten
497 1446 24 13 en
537 1438 97 27 ärsutgift
657 1439 23 20 af
692 1438 48 28 Sy
754 1440 98 24 299,684:
868 1441 34 19 06.
932 1440 11 20 I

192 1468 84 26 Viborg,
292 1469 62 19 hvars
369 1468 121 26 folkmängd
504 1471 61 23 utgör
579 1468 87 26 ungefär
680 1469 79 20 hälften
775 1469 23 20 af
806 1469 137 20 Tammerfors

259 1508 103 18 Allmänna
376 1507 176 19 Besvärsutskottets
565 1508 115 18 betänkande
693 1508 37 18 N:o
743 1509 27 17 15.
