1061 1711
288 169 267 24 Petitionsbetänkande
572 172 39 21 N:o
628 172 33 21 17.

366 530 208 23 Ekonomiutskottets
598 532 126 22 betänkande
748 532 34 22 N:o
806 532 12 22 6
839 533 4 20 i

297 570 109 27 anledning
422 571 22 21 af
460 571 29 21 ett
505 571 52 22 inom
574 571 144 27 Ridderskapet
734 572 38 21 och
784 572 59 21 Adeln

295 610 117 22 framstäldt
426 606 10 37 —
443 611 172 27 petitionsförslag
646 617 32 15 om
708 612 78 21 inlösen
811 612 32 21 för

296 650 136 22 staisverkets
449 651 83 27 räkning
548 652 21 21 af
580 652 32 21 för
623 651 114 27 skogsbruk
749 652 94 27 lämpliga

297 691 79 22 marker
388 691 4 20 i
402 691 104 22 mellersta
518 692 37 21 och
568 692 61 21 södra
642 692 82 22 delarne
736 692 21 22 af
768 693 74 21 landet.

158 765 69 22 Jemte
250 765 195 28 protokollsutdrag
468 767 32 21 för
523 767 40 20 den
586 767 14 21 2
624 766 97 22 sistlidne
740 767 104 22 Februari

89 806 38 22 har
142 806 156 27 Ridderskapet
314 807 39 20 och
370 806 67 21 Adeln
452 807 7 20 i
474 807 98 21 afseende
589 807 12 20 å
616 807 116 26 beredning
743 807 31 21 till
786 807 57 21 Eko-

90 847 162 21 nomiutskottet
267 846 118 27 hänskjutit
400 846 93 27 följande
509 847 222 27 petitionsmemorial:

158 943 54 17 Till
231 942 156 24 höglofliga
404 943 204 23 Ridderskapet
626 944 46 17 och
691 943 89 18 Adeln

157 994 80 18 Senaste
256 994 59 18 tiders
334 1000 83 18 angrepp
433 995 24 22 pä
472 995 124 23 tillgångarna
608 995 7 17 i
628 995 74 18 landets
714 995 130 23 privatskogar

89 1029 33 17 ger
141 1023 102 23 anledning
262 1023 65 18 befara
345 1029 23 12 en
386 1024 88 18 framtida
491 1024 47 18 brist
555 1024 23 22 på
590 1024 94 18 särskilda
696 1024 40 22 slag
748 1024 21 17 af
780 1024 64 22 skogs-

89 1052 108 23 produkter.
221 1052 114 23 Lyckligtvis
354 1054 21 16 är
393 1052 48 18 dock
459 1052 36 18 den
514 1053 84 18 absoluta
614 1052 136 23 skogsmarken
762 1053 6 17 i
780 1053 64 17 landet

89 1083 20 17 så
121 1081 108 22 vidsträckt,
247 1081 125 24 synnerligast
383 1082 7 17 i
404 1081 116 19 förhållande
538 1082 30 18 till
586 1081 36 18 den
635 1081 67 18 odlade
715 1082 35 17 och
762 1081 82 23 odlings-

90 1111 45 18 bara
147 1111 78 17 marken
237 1113 48 15 samt
297 1110 140 23 folkmängden,
449 1113 28 15 att
489 1116 23 12 en
525 1111 114 18 allmännare
649 1111 47 17 brist
704 1110 43 18 icke
756 1111 88 17 behöfver

88 1140 131 22 ifrågasättas;
238 1144 42 13 men
297 1139 31 17 till
340 1139 45 22 följd
398 1139 20 18 af
429 1139 36 18 den
478 1140 30 17 vid
521 1145 23 13 en
556 1141 58 21 högre
628 1139 52 18 ålder
693 1140 33 16 hos
738 1139 67 17 träden
818 1139 26 17 af-

89 1168 80 22 tagande
187 1168 104 22 tillväxten,
309 1168 34 17 och
356 1168 36 18 den
404 1168 57 22 långa
472 1168 95 23 tidsrymd,
580 1173 39 13 som
632 1168 70 22 skogen
714 1168 90 17 behöfver
816 1168 28 18 för

89 1199 28 15 att
135 1196 63 23 uppnå
216 1196 208 22 timmerdimensioner,
441 1196 60 22 ligger
514 1197 31 17 det
556 1198 7 16 i
576 1196 36 18 den
624 1197 74 22 privata
709 1196 135 22 skogsegarens

89 1226 85 20 intresse,
187 1226 26 16 att
231 1225 58 17 redan
309 1224 121 18 därförinnan
447 1225 75 18 afverka
534 1226 113 20 densamma,
660 1224 74 18 hvarför
746 1224 32 18 det
790 1225 54 17 äfven

87 1254 66 18 måste.
166 1254 82 18 förutses
264 1256 27 15 att
310 1254 21 18 så
348 1254 45 22 godt
406 1259 38 13 som
457 1254 34 17 allt
502 1254 62 22 gröfre
576 1253 53 19 virke
641 1254 7 17 i
660 1254 44 17 våra
715 1253 129 23 privatskogar

89 1282 50 18 inom
157 1282 42 18 kort
215 1282 83 18 kommer
317 1284 27 16 att
361 1287 44 13 vara
422 1282 102 22 afverkadt,
542 1284 45 16 utan
605 1284 27 16 att
650 1282 36 17 den
704 1286 58 19 yngre
774 1282 70 22 skogen

90 1311 78 18 lemnats
186 1311 28 18 tid
233 1312 35 17 och
290 1311 73 18 tillfälle
382 1313 28 15 att
427 1313 68 16 utväxa
512 1311 29 18 till
565 1310 62 24 gröfre
652 1310 131 18 dimensioner.
807 1310 37 18 Det

89 1340 31 16 arf
131 1340 20 17 af
164 1342 61 20 moget
237 1340 57 20 virke,
305 1340 18 17 vi
336 1339 34 17 fått
382 1340 41 16 från
441 1340 102 22 förgångna
560 1340 55 20 tider,
627 1339 123 17 konsumeras
762 1344 25 12 nu
800 1341 44 15 utan

90 1368 63 22 någon
171 1368 56 17 tanke
245 1368 23 22 på
287 1370 27 16 att
331 1368 62 18 lemna
405 1368 56 22 något
474 1368 59 22 dylikt
545 1368 19 17 åt
576 1367 110 18 kommande
702 1367 141 22 generationer;

90 1396 35 18 och
144 1396 74 18 ändock
235 1396 57 18 borde
311 1396 100 18 framtiden
428 1401 54 13 anses
495 1396 53 18 hafva
560 1398 38 16 rätt
610 1397 27 16 att
648 1395 64 18 fordra
725 1395 55 18 äfven
793 1395 51 17 detta

90 1425 20 18 af
120 1430 35 13 oss.
179 1426 44 17 Men
236 1425 23 18 dä
272 1425 36 18 den
321 1426 72 22 privata
408 1425 200 22 skogshushållningen
620 1424 93 22 svårligen
726 1424 37 17 kan
776 1429 67 17 genom

89 1453 31 24 lag
136 1455 82 22 regleras
237 1454 48 17 ända
303 1454 76 21 derhän,
398 1456 26 15 att
443 1454 131 23 skogsegaren,
586 1453 43 18 med
643 1452 107 23 uppoffring
764 1452 20 18 af
796 1452 48 18 hvad

87 1483 49 19 hans
155 1489 46 17 egen
219 1483 121 18 ekonomiska
357 1483 61 17 fördel
437 1483 46 18 eller
501 1482 90 23 trångmål
610 1481 72 24 bjuder,
702 1482 60 22 sörjer
774 1481 29 18 för
816 1483 27 16 att

158 1523 183 19 Ekonomiutskottets
353 1523 111 18 betänkande
476 1523 33 18 N:o
523 1523 15 17 6.
