1061 1714
291 162 250 24 Petitionsbetänkande
555 164 38 23 N:o
608 164 34 22 26.
842 167 27 20 41

476 267 39 22 111.

187 327 205 29 Petitionsförslaget
416 330 14 21 9
452 330 79 27 äsyftar
554 330 25 22 de
602 329 125 28 fyrklassiga
746 331 125 22 elementar-

119 361 109 22 skolornas
243 363 8 20 i
265 361 97 29 Heinola,
379 363 83 28 Lovisa,
478 364 162 28 Gamlakarleby
657 365 38 21 och
705 365 84 22 Ekenäs
799 365 70 22 utvid-

118 396 68 27 gande
201 397 28 26 pä
243 398 82 21 statens
341 398 118 22 bekostnad
474 398 34 23 till
519 399 133 28 femklassiga
662 399 150 22 mellanskolor
822 400 47 21 med

118 430 105 23 afslutade
238 431 128 22 lärokurser.

187 465 80 23 Genom
283 466 53 23 Näd.
352 467 158 28 Förordningen
528 469 22 21 af
564 469 39 21 den
615 469 27 21 23
653 469 91 26 Augusti
756 469 55 22 1883
819 469 51 22 fast-

120 501 85 26 stäldes,
226 502 32 20 att
280 501 126 28 fyrklassiga
429 503 187 22 elementarskolor
631 503 48 22 med
694 503 86 22 svenskt
794 503 77 22 under-

118 535 157 28 visningsspräk
297 536 68 22 skulle
388 537 137 22 underhällas
542 539 6 20 i
564 538 100 21 städerna
680 537 83 28 Lovisa,
779 538 90 27 Ekenäs,

117 569 136 28 Björneborg,
273 570 141 23 Tammerfors
433 572 39 21 och
489 572 170 27 Gamlakarleby,
675 574 54 19 samt
744 572 125 28 fyrklassiga

117 605 71 20 skolor
211 605 48 22 med
283 605 65 22 finskt
365 606 225 28 undervisningsspräk
605 607 7 21 i
626 607 137 27 Björneborg,
783 607 86 26 Viborg,

117 639 97 27 Heinola,
237 639 95 22 Joensuu
354 641 40 21 och
413 640 63 23 Vasa.
509 641 28 22 Af
559 641 61 22 dessa
642 642 151 21 läroanstalter
807 641 63 22 hafva

117 674 26 20 de
167 673 68 22 finska
254 674 100 22 skolorna
368 675 7 22 i
390 675 138 28 Björneborg,
550 676 85 27 Viborg,
650 676 94 22 Joensuu
760 676 39 21 och
813 676 57 21 Vasa

117 714 74 16 senare
213 709 107 27 utvidgats
342 710 39 21 och
404 710 112 22 ombildats
537 711 32 22 till
584 710 136 27 fullständiga
736 711 134 26 statslyceer;

117 743 39 22 den
172 743 127 28 fyrklassiga
313 744 90 22 svenska
418 745 191 22 elementarskolan
625 746 7 21 i
647 745 128 28 Björneborg
792 746 39 21 har
839 746 30 21 in-

117 778 86 27 dragits,
228 779 38 21 och
285 780 89 21 svenska
390 779 190 22 elementarskolan
596 780 6 21 i
617 779 142 23 Tammerfors
774 781 96 22 kommer

119 814 32 20 att
174 813 47 22 med
245 813 58 22 detta
325 814 79 21 läseärs
419 814 79 27 utgäng
513 815 101 26 upphöra.
645 815 29 21 Af
686 814 127 28 fyrklassiga
828 816 42 21 ele-

119 849 155 21 mentarskolor
295 848 79 22 återstå
392 849 89 22 sålunda
501 856 88 15 numera
604 849 56 22 blott
676 850 26 21 de
716 849 91 22 svenska
821 850 49 22 sko-

118 883 61 21 lorna
197 884 6 20 i
222 883 81 27 Lovisa,
327 883 83 22 Ekenäs
434 883 38 22 och
496 883 165 28 Gamlakarleby
672 883 59 22 samt
746 884 40 22 den
801 884 68 22 finska

118 917 74 21 skolan
208 918 6 21 i
230 918 96 21 Heinola.

186 952 46 21 Den
255 952 126 27 fyrklassiga
407 953 202 21 elementarskolans
632 953 143 26 organisation
798 953 71 26 tyckes

118 986 47 21 frän
181 986 74 27 början
270 986 63 22 hafva
348 987 54 21 varit
417 986 102 22 behäftad
531 987 47 21 med
589 987 117 26 svagheter,
716 987 6 21 i
733 987 52 27 följd
795 987 76 21 hvaraf

119 1021 68 21 denna
210 1021 101 22 skolform
336 1021 46 22 icke
404 1021 89 22 förmått
513 1021 153 22 tillfredsställa
688 1021 100 22 behofvet
807 1021 23 22 af
843 1028 27 15 en

118 1055 33 22 för
173 1055 110 27 praktiska
305 1056 97 21 ändamäl
416 1056 86 27 lämpad
517 1056 238 27 mellanskolebildning.
785 1056 85 21 Främst

118 1091 39 21 har
178 1092 45 19 mot
244 1090 62 21 dessa
327 1090 71 21 skolor
420 1091 115 26 anmärkts,
554 1092 33 20 att
604 1090 61 22 deras
684 1090 122 22 lärokurser
824 1091 46 20 icke

118 1125 57 21 bilda
190 1125 64 26 nägot
269 1125 102 22 afslutadt
390 1125 50 21 helt.
471 1125 33 21 Dä
519 1125 26 22 de
559 1125 7 22 i
581 1125 120 21 hufvudsak
716 1126 107 21 motsvara
839 1125 31 27 ly-

118 1166 86 15 ceernas
225 1159 58 28 lägre
303 1159 88 27 klasser,
407 1160 39 21 har
461 1160 62 21 deras
538 1159 149 28 väsentligaste
703 1159 82 27 uppgift
800 1159 71 22 blifvit

117 1196 32 19 att
172 1194 79 21 bereda
273 1195 80 20 barnen
376 1195 6 20 i
404 1194 159 21 vederbörande
581 1194 117 21 smästäder
718 1193 83 22 tillfälle
816 1195 32 20 att
864 1195 6 20 i

118 1235 52 20 egen
186 1228 47 21 stad
249 1228 87 27 tillegna
351 1228 32 27 sig
398 1228 25 21 de
438 1228 48 27 fyra
500 1228 58 27 lägre
574 1227 174 28 lyceiklassernas
763 1228 58 26 kurs,
837 1227 33 22 för

117 1265 33 19 att
172 1263 66 21 sedan
261 1262 101 22 fortsätta
383 1263 157 21 skolstudierna
559 1263 35 20 vid
613 1262 133 26 fullständigt
760 1262 82 27 lyceum
857 1261 14 21 å

117 1304 70 15 annan
210 1299 39 20 ort.
279 1297 42 21 För
345 1297 25 21 de
388 1297 76 26 elever,
484 1303 45 16 som
544 1297 47 22 icke
605 1296 46 22 haft
666 1297 33 20 för
713 1296 65 21 afsikt
793 1298 32 19 att
840 1297 30 20 af-

118 1333 61 24 lägga
194 1332 180 23 studentexamen,
389 1333 51 20 utan
456 1332 75 21 endast
539 1331 75 22 önskat
626 1331 106 20 förvärfva
743 1337 25 14 en
779 1331 92 20 elemen-

117 1367 33 20 tär
173 1365 175 26 allmänbildning
371 1365 33 21 för
426 1366 33 20 att
477 1365 64 21 sedan
556 1371 53 20 egna
624 1365 32 26 sig
671 1364 23 21 ät
708 1364 110 27 praktiska
833 1364 38 21 lef-

118 1399 105 27 nadsvärf,
239 1399 39 22 har
293 1400 41 21 den
350 1399 118 22 oafslutade
483 1400 57 24 kurs,
551 1405 44 16 som
606 1398 107 22 meddelas
725 1399 6 20 i
743 1399 26 20 de
780 1398 90 27 fyrklas-

118 1435 44 27 siga
184 1434 224 27 elementarskolorna,
428 1435 55 20 varit
505 1434 32 21 till
558 1433 152 28 jämförelsevis
726 1433 61 26 ringa
802 1434 68 26 nytta.

118 1470 41 21 Det
174 1473 23 19 är
214 1469 71 22 därför
300 1469 108 27 naturligt,
418 1471 34 20 att
462 1469 66 21 redan
539 1469 63 26 tidigt
612 1467 131 23 sträfvandet
755 1467 115 22 framträdt

186 1510 101 18 Allmänna
300 1509 172 19 Besvärsutskotteis
484 1508 111 19 betänkande
606 1507 34 19 N:o
653 1509 27 17 15.
