1092 1748
287 139 275 24 Petitionsbetänkande
577 141 42 21 N:o
634 141 34 21 14.
806 142 26 19 63

471 203 34 23 36.

634 257 158 35 (Öfversättning).

278 322 48 18 Till
337 322 151 18 hedervärda
500 322 192 18 Bondeståndet!

181 379 71 23 Frågan
261 385 29 12 om
299 379 103 19 förbättrad
411 379 244 24 järnvägskommunikation
663 379 30 17 för
702 379 31 18 det
742 379 120 22 vidsträckta,

110 408 36 18 tätt
162 408 98 18 befolkade
277 408 35 18 och
330 408 95 18 välodlade
443 408 79 22 område,
540 414 38 12 som
594 408 58 24 ligger
664 409 76 17 emellan
751 408 111 18 bandelarne

110 436 182 24 Hangö—Hyvinge,
304 432 133 27 Åbo-—Toijala
449 437 33 18 och
491 437 123 18 Tammerfors
620 448 12 1 —
638 436 118 24 Björneborg,
762 437 34 17 har
805 436 56 19 redan

108 466 54 22 länge
174 466 69 22 utgjort
256 466 77 18 föremål
344 466 30 18 för
383 466 176 22 ortsbefolkningens
571 466 58 22 lifliga
640 466 168 23 uppmärksamhet.
832 466 29 17 En

108 494 69 23 lycklig
188 494 72 23 lösning
272 495 19 17 af
303 494 60 18 denna
374 494 69 24 viktiga
455 494 52 24 fråga
516 495 59 17 skulle
582 495 24 23 på
614 496 27 16 ett
648 494 78 23 kraftigt
733 496 37 16 sätt
775 494 86 18 befordra

109 523 82 18 traktens
209 524 94 17 förkofran
319 524 6 17 i
340 524 91 17 materielt
447 523 107 19 hänseende.
578 523 35 18 Till
626 523 106 18 ständernas
744 523 117 23 ompröfning

109 552 116 18 framstäldes
242 552 59 18 denna
317 552 53 24 fråga
385 552 31 18 vid
434 552 43 19 1897
493 554 30 16 års
535 552 89 24 landtdag
635 552 6 18 i
653 558 22 12 en
687 552 27 18 till
726 552 135 23 Ridderskapet

109 582 33 17 och
162 581 58 18 Adeln
239 584 48 15 samt
305 582 5 16 i
327 582 32 17 två
376 582 27 17 till
420 582 136 18 Bondeståndet
570 580 103 19 inlämnade
685 581 101 23 petitioner,
798 580 64 18 hvilka

109 610 63 23 afsågo
184 610 105 23 byggandet
301 610 20 18 af
332 616 22 12 en
365 610 77 23 järnväg
454 610 42 18 från
508 610 98 18 Nummela
619 610 67 18 station
703 610 5 17 å
723 610 65 22 Hangö
800 610 61 17 banan

109 639 27 17 till
154 639 75 17 Loimaa
247 640 68 17 station
331 640 11 17 &
355 634 134 27 Åbo—Toijala
504 640 59 17 banan
575 639 35 17 och
622 638 81 18 därifrån
716 638 62 18 vidare
789 638 6 18 i
807 638 53 18 nord-

109 668 66 22 västlig
192 668 81 23 riktning
291 668 28 18 till
337 668 86 22 Peipohja
439 668 43 18 eller
498 669 60 22 någon
574 674 59 11 annan
649 668 108 22 närbelägen
770 668 68 17 station
850 668 11 17 å

109 696 120 24 Björneborgs
239 696 65 18 banan.
321 697 37 17 Det
366 696 164 24 järnvägsutskott,
541 702 38 12 som
586 696 45 24 egde
636 698 29 16 att
670 696 70 23 afgifva
745 695 116 19 betänkande

108 724 41 18 med
158 724 98 24 anledning
262 725 19 17 af
287 725 54 18 dessa
347 726 184 22 petitionsmemorial,
538 724 124 19 understödde
668 724 140 23 ifrågavarande
812 724 48 22 järn-

108 753 115 23 vägsförslag
234 754 6 17 i
253 755 20 17 så
281 754 64 22 måtto,
353 756 28 16 att
390 754 41 18 dess
440 754 93 18 allmänna
542 754 84 22 syftemål
636 759 46 12 vann
692 753 121 18 erkännande.
831 753 29 17 En

108 782 81 24 naturlig
197 783 106 23 utveckling
311 783 20 17 af
339 784 42 17 vårt
389 783 118 23 järnvägsnät
519 794 22 2 —
554 783 52 23 säger
612 782 91 18 utskottet
718 792 9 3 —
737 781 73 18 fordrar
816 782 44 17 ovil-

108 811 86 23 korligen,
209 812 28 17 att
252 811 23 17 de
287 814 50 15 stora
349 811 92 23 områden,
455 818 38 11 som
506 812 56 17 delvis
574 812 39 17 helt
625 811 34 17 och
671 811 57 17 hållet
739 810 90 23 omgifvas
841 810 19 18 af

109 840 110 22 stambanor,
238 840 56 18 delvis
311 841 19 17 af
347 840 54 18 dessa
416 840 99 24 begränsas
531 841 23 23 på
566 842 28 16 tre
606 839 54 22 sidor,
672 839 111 18 förminskas
795 845 65 17 genom

108 869 81 22 bibanor,
207 874 39 13 som
261 869 20 18 få
297 870 28 17 sin
340 869 141 24 utgångspunkt
493 870 10 17 å
515 869 23 18 de
548 868 121 19 förstnämda.
693 868 97 19 Utskottet
802 873 58 17 anser,

108 899 28 16 att
152 897 105 22 isynnerhet
275 897 22 18 de
313 904 26 11 nu
355 897 140 24 ifrågavarande
509 897 99 19 områdena
620 903 33 17 ega
664 897 36 18 alla
711 897 109 23 betingelser
831 897 29 18 för

108 928 28 15 att
154 926 22 18 de
188 932 65 17 genom
265 926 42 18 dem
319 926 70 24 dragna
399 927 83 17 banorna
494 927 59 18 blefve
564 925 84 18 rentabla
660 926 23 23 på
696 931 70 12 samma
778 926 49 22 gång
838 925 23 18 de

108 955 23 23 på
149 957 27 16 ett
192 955 78 23 kraftigt
288 957 37 16 sätt
343 955 60 18 skulle
419 955 85 18 befordra
521 954 34 19 den
570 953 138 24 kringliggande
721 954 81 18 traktens
815 959 45 18 upp-

107 983 110 24 blomstring
234 985 4 16 i
257 984 114 18 ekonomiskt
388 984 108 18 hänseende.
521 984 96 18 Utskottet
633 983 63 18 kunde
707 983 24 18 då
743 983 15 22 ej
770 983 6 17 i
787 983 73 17 betrak-

108 1013 55 18 tande
180 1013 20 17 af
217 1014 11 17 &
245 1013 59 18 andra
320 1015 49 16 orter
385 1013 63 23 gjorda
462 1013 80 24 anspråk
553 1013 24 23 pä
589 1013 69 22 viktiga
668 1011 193 24 järnvägsbyggnader

107 1041 71 18 direkte
189 1041 75 18 förorda
276 1041 105 24 byggandet
393 1041 19 18 af
423 1042 35 17 den
471 1042 33 18 här
517 1041 77 19 berörda
606 1041 66 21 banan,
684 1047 41 12 men
737 1039 124 19 understödde

107 1072 61 16 varmt
186 1069 34 19 den
238 1071 58 22 äsikt;
309 1072 33 20 att,
354 1077 28 12 om
395 1071 24 22 på
431 1071 80 17 enskildt
524 1070 76 18 initiativ
612 1072 26 15 ett
650 1069 66 18 sådant
727 1068 133 23 järnvägsföre-

108 1100 31 21 tag
156 1099 74 17 komme
248 1099 27 18 till
293 1099 60 22 stånd,
371 1099 103 18 detsamma
486 1099 57 18 borde
554 1098 42 18 med
608 1099 92 17 allmänna
711 1097 59 18 medel
783 1097 77 18 subven-

108 1127 84 18 tioneras.

177 1156 106 19 Sedermera
299 1157 36 17 har
352 1157 59 17 denna
428 1156 138 23 järnvägsfråga
582 1156 48 17 varit
644 1155 77 18 föremål
732 1155 30 18 för
774 1154 86 24 grundlig

107 1185 111 23 behandling
234 1185 19 18 af
265 1185 35 18 den
312 1186 21 17 år
346 1185 42 18 1897
401 1185 78 18 tillsatta
490 1185 172 23 järnvägskomitén,
674 1185 56 17 hvars
742 1183 74 24 uppgift
827 1189 34 12 var

107 1216 29 15 att
150 1214 101 18 värkställa
265 1215 119 17 ekonomiska
395 1214 158 23 undersökningar
564 1213 35 18 och
610 1214 24 22 på
646 1213 60 22 grund
719 1213 19 18 af
750 1213 53 18 dessa
814 1218 46 17 upp-

108 1245 44 20 göra
169 1243 70 23 förslag
257 1244 28 17 till
303 1243 74 23 ledning
393 1243 30 18 för
440 1243 88 18 framtida
539 1241 197 24 järnvägsbyggnader.
760 1241 43 18 Med
815 1241 45 18 hän-

108 1272 72 23 visning
191 1273 29 16 till
231 1271 60 19 denna
302 1272 78 18 komités
392 1271 116 19 betänkande
519 1272 31 17 må
561 1271 35 18 här
608 1270 64 19 endast
683 1271 82 21 nämnas,
775 1271 28 16 att
815 1270 44 23 byg-

108 1300 67 24 gandet
192 1301 19 18 af
228 1307 22 12 en
266 1301 97 18 stambana
376 1301 7 17 i
394 1300 115 24 nordvästlig
520 1300 81 24 riktning
613 1299 42 18 med
667 1299 140 24 utgångspunkt
818 1299 43 17 från

108 1329 83 18 Köklaks
205 1330 67 18 station
284 1331 11 16 å
307 1329 35 19 den
354 1330 28 17 till
393 1329 99 18 utförande
504 1329 56 18 redan
570 1329 86 18 beslutna
664 1328 197 23 Helsingfors--Karis

107 1358 67 21 banan,
185 1359 34 17 och
232 1365 39 11 som
283 1358 83 18 därifrån
378 1358 60 18 skulle
451 1358 73 17 sträcka
536 1358 27 22 sig
575 1358 51 17 öfver
634 1357 99 18 Nummela
742 1357 34 18 och
786 1357 74 17 Loimaa

108 1387 87 17 stationer
212 1386 27 17 till
255 1387 52 16 Riste
323 1386 67 17 station
401 1387 11 16 å
424 1385 122 23 Björneborgs
558 1385 66 21 banan,
636 1390 49 13 vann
696 1385 91 17 komiténs
800 1385 61 16 enhäl-

107 1415 37 23 liga
162 1415 106 21 understöd,
288 1414 117 18 alldenstund
422 1414 107 23 härigenom
547 1413 59 18 skulle
621 1413 60 18 bildas
698 1419 22 12 en
731 1419 25 16 ny
769 1418 91 12 samman-

108 1443 142 24 bindningslänk
261 1444 7 17 i
280 1444 41 17 vårt
333 1443 123 23 järnvägsnät.

177 1485 185 22 Järnvägsutskottets
375 1483 110 18 betänkande
497 1483 38 18 N:o
546 1483 19 17 2.
