1070 1706
195 147 25 20 12
368 146 276 23 Petitionsbetänkande
659 146 42 22 N:o
715 146 40 22 30.

265 392 141 26 Öfversättning.

360 454 46 19 Till
422 454 152 20 Hedervärda
589 454 189 20 Bondeståndet.

263 518 152 20 Medlemmarna
436 519 20 18 af
478 519 54 18 detta
554 518 59 19 stånd
635 518 58 19 hafva
711 518 88 19 infunnit
818 518 30 24 sig
865 518 32 19 till
915 523 28 14 nu

194 546 103 25 pågående
314 546 95 25 landtdag
427 547 44 18 med
486 547 38 18 den
538 547 20 18 af
573 547 119 18 valmännen
706 546 114 25 inpräglade
834 546 110 32 förpligtel-

194 581 36 13 sen
244 577 29 17 att
288 580 52 19 noga
355 575 58 24 tillse,
429 575 33 19 det
476 575 43 19 icke
534 575 82 19 allenast
631 574 78 19 landets
725 574 119 25 grundlagar
858 574 64 19 hållas
937 575 6 18 i

194 603 66 25 helgd,
275 605 49 17 utan
339 603 58 19 äfven
412 601 39 21 den
466 603 183 24 samhällsordning,
665 609 43 13 som
723 604 23 26 är
755 602 68 25 byggd
832 603 27 25 på
869 603 74 24 grund-

195 631 57 20 valen
274 631 19 20 af
315 631 58 20 dessa
395 631 60 25 lagar,
476 631 108 20 bibehålles
602 631 91 20 orubbad.
723 626 98 25 Öfverallt
837 631 37 20 har
888 631 55 20 detta

194 659 150 26 önskningsmål
361 660 50 19 varit
425 660 34 19 det
473 660 112 19 förnämsta.

262 689 68 19 Kändt
351 691 21 17 är
390 688 37 19 ock
445 689 97 19 hurusom
560 689 33 19 det
610 688 213 25 förvaltningssystem,
838 695 44 13 som
897 694 45 14 man

194 717 36 19 allt
252 717 59 20 sedan
334 717 69 20 hösten
428 717 53 20 1898
504 717 45 20 sökt
571 719 46 23 göra
637 717 90 24 gällande
742 717 6 19 i
763 717 54 19 detta
834 717 52 24 land,
900 717 43 19 icke

194 746 77 19 kunnat
293 745 68 29 undgå
382 747 29 18 att
433 745 59 20 bland
513 745 94 20 Finlands
625 745 126 25 medborgare
766 745 60 20 väcka
841 745 103 26 allvarliga

194 774 120 25 bekymmer.
344 775 18 18 Å
377 780 36 13 ena
428 775 57 18 sidan
500 775 76 24 rykten,
593 774 104 25 utspridda
708 775 20 18 af
738 775 128 23 främmande,
881 775 6 18 i
900 774 42 20 lan-

194 803 34 19 det
250 802 171 25 kringströfvande
443 809 99 18 personer,
565 809 31 13 om
619 802 123 20 förestående
761 802 97 26 åtgärder,
876 802 68 21 hvilka

196 831 65 20 skulle
276 831 74 19 kränka
365 831 147 24 eganderätten,
528 837 42 14 som
586 833 58 23 utgör
659 831 121 20 hörnstenen
795 831 6 19 i
812 831 69 26 hvarje
891 837 52 14 sam-

194 860 151 24 hällsbyggnad,
368 859 12 19 å
401 860 61 19 andra
484 859 56 20 sidan
562 859 58 20 dessa
637 859 85 26 hemliga
737 860 125 24 angifvelser,
876 860 67 19 hvilka

194 887 38 20 fått
247 889 53 24 tjena
315 888 29 19 till
359 888 65 24 grund
439 887 71 26 jemväl
526 888 28 19 för
570 888 89 19 officiella
674 887 45 26 åtal,
735 894 45 13 men
795 888 77 19 hvilkas
885 888 59 19 fram-

194 917 95 19 trädande
304 919 35 22 gör
353 918 29 17 ett
397 916 127 24 synnerligen
539 916 138 20 förnärmande
691 916 81 25 intryck
786 916 6 19 i
807 918 29 18 ett
845 917 54 25 land,
909 917 35 19 der

194 945 155 24 medborgarena
370 950 47 14 anse
439 944 33 20 det
494 951 46 13 vara
563 945 31 19 sin
611 946 40 18 rätt
669 945 37 19 och
720 945 51 25 pligt
785 946 30 18 att
830 945 68 19 utöfva
912 945 32 19 sin

195 973 126 20 verksamhet
342 973 44 19 fritt
407 973 37 19 och
463 975 60 25 öppet
536 974 55 18 inom
606 974 24 19 de
645 975 81 23 gränser
740 973 90 25 gällande
844 973 34 25 lag
892 974 51 19 före-

195 1002 89 24 skrifver,
306 1004 51 17 samt
379 1004 28 18 att
430 1002 29 19 för
481 1002 43 19 sina
546 1002 117 25 handlingar
685 1008 58 14 svara
764 1002 115 25 offentligen
893 1002 52 20 inför

195 1031 63 25 lagen,
273 1042 28 2 —
315 1030 36 20 allt
373 1030 54 20 detta
448 1031 36 18 har
498 1031 6 19 i
519 1031 164 25 medborgarenas
703 1031 72 19 sinnen
794 1030 111 20 framkallat
919 1037 26 13 en

194 1059 70 19 känsla
279 1060 20 18 af
313 1059 142 25 nedslagenhet
470 1060 37 19 och
522 1059 147 25 skyddslöshet.

264 1088 118 24 Bekymmer
396 1088 59 19 hafva
469 1088 57 20 äfven
542 1088 121 20 framkallats
677 1088 20 19 af
711 1088 39 19 den
762 1088 26 26 på
802 1090 28 18 ett
841 1088 51 20 visst
902 1088 41 20 håll

195 1116 146 20 framträdande
363 1116 109 20 tendensen
494 1118 29 18 att
544 1116 109 20 inskränka
674 1117 38 19 den
735 1116 63 20 finska
816 1117 128 25 medborgare

194 1145 149 19 tillkommande
357 1145 111 24 förenings-
484 1145 36 20 och
532 1145 179 25 samlingsfriheten
727 1148 52 16 samt
794 1147 29 17 att
838 1147 46 23 göra
895 1146 49 19 före-

194 1174 49 24 drag
258 1174 37 18 och
311 1172 178 26 meningsutbyten
505 1173 32 19 vid
556 1173 100 25 offentliga
672 1173 89 20 tillfällen
777 1174 30 18 till
822 1174 81 19 föremål
915 1174 30 19 för

194 1208 26 12 en
235 1202 85 18 särskild
336 1202 87 24 uppsigt.
454 1201 65 23 Också
533 1202 36 19 har
584 1202 33 19 det
632 1202 89 19 inträffat
733 1203 30 18 att
772 1202 116 25 föreningar,
899 1202 45 19 med

194 1230 93 19 ändamål
308 1232 29 17 att
360 1230 95 24 befrämja
476 1230 124 24 upplysning
622 1230 37 19 och
682 1230 97 24 sedlighet
801 1230 58 20 bland
876 1230 69 24 folket,

194 1257 43 19 icke
252 1257 76 19 kunnat
342 1256 19 20 få
376 1258 43 18 sina
435 1258 79 24 stadgar
531 1258 106 24 behörigen
655 1258 102 19 stadfästa.
786 1258 158 19 Vidkommande

195 1285 43 19 åter
252 1285 119 25 rättigheten
381 1287 29 17 att
421 1285 114 19 föranstalta
546 1286 101 24 offentliga
657 1286 178 19 sammankomster
844 1286 38 20 och
892 1286 53 20 hålla

195 1313 102 25 offentliga
319 1313 96 25 föredrag,
431 1313 22 20 så
475 1313 36 19 har
533 1313 65 20 denna
615 1314 93 25 rättighet
724 1314 5 19 i
744 1314 39 20 alla
801 1314 52 20 tider
867 1316 78 19 ansetts

194 1344 70 23 utgöra
286 1348 25 14 en
333 1342 137 25 integrerande
492 1342 31 19 del
540 1343 20 19 af
578 1342 39 20 den
632 1343 156 25 medborgerliga
802 1343 90 25 friheten,
908 1344 36 20 och

195 1371 59 20 borde
276 1371 114 19 densamma
407 1370 57 20 desto
483 1370 75 20 mindre
574 1378 46 12 vara
634 1372 65 25 egnad
713 1374 30 18 att
758 1372 61 20 väcka
833 1372 113 26 regerings-

196 1400 90 20 maktens
303 1400 183 24 misstänksamhet,
501 1405 41 14 som
557 1400 42 25 just
614 1400 149 25 offentligheten
773 1400 92 26 erbjuder
875 1401 69 20 veder-

195 1429 96 19 börandes
313 1428 159 20 kontrollerande
494 1429 124 19 verksamhet
633 1429 130 25 obegränsadt
778 1429 78 20 tillfälle
870 1432 30 17 att
914 1430 32 19 in-

195 1457 67 20 skrida
277 1457 44 19 med
336 1457 24 19 de
375 1456 97 25 åtgärder,
488 1463 44 13 som
547 1457 39 19 den
597 1457 156 26 medborgerliga
762 1458 59 25 lagen
832 1458 114 26 tillstädjer.

263 1495 129 22 Lagutskottets
404 1495 109 18 betänkande
525 1497 37 16 N:o
574 1496 29 17 17.
