1061 1709
297 146 249 24 Petitionsbetänkande
561 147 38 22 N:o
614 146 34 23 26.
821 148 28 22 45

97 216 81 22 hvilket
200 218 77 25 tvunge
300 218 69 20 staten
384 218 33 20 att
432 217 108 27 öfvertaga
555 217 79 21 sådana
650 216 135 28 femklassiga
800 216 48 22 bor-

97 250 117 27 garskolor,
230 257 45 15 som
291 251 134 27 uppkommit
440 258 25 14 ur
480 251 128 27 tvåklassiga
624 251 131 22 statsskolor.

165 285 25 27 Ej
212 285 68 22 heller
301 285 39 22 har
362 285 121 22 Utskottets
503 285 69 22 flertal
590 285 70 22 funnit
674 287 33 19 att
722 286 128 22 elevantalet

96 319 7 20 i
127 318 25 22 de
171 319 125 28 fyrklassiga
318 319 216 22 elementarskolorna
555 325 50 16 vore
628 319 23 22 så
674 319 124 28 obetydligt,
816 321 33 20 att

98 353 69 28 någon
189 353 129 27 invändning
340 354 65 21 därur
427 354 68 21 skulle
517 355 73 20 kunna
609 353 83 22 hemtas
715 356 57 19 emot
787 355 62 20 deras

97 387 130 28 utvidgning.
257 388 73 26 Enligt
343 388 119 21 statistiska
476 389 105 26 uppgifter
591 388 33 21 för
635 388 91 21 läseåret
737 388 111 21 1898—99

97 422 54 21 hade
167 421 100 23 skolorna
282 423 7 20 i
304 422 77 21 Lovisa
396 423 33 26 80,
449 423 3 20 i
467 422 163 27 Gamlakarleby
646 423 28 20 53
690 422 38 22 och
742 423 6 20 i
760 423 89 21 Heinola

96 457 29 20 63
147 456 77 22 elever.
253 457 133 22 Elevantalet
405 457 7 21 i
430 456 84 23 Ekenäs
531 457 127 27 fyrklassiga
676 457 61 22 skola
751 457 99 27 utgjorde

96 491 122 26 visserligen
242 492 76 21 endast
339 491 34 27 41,
397 498 48 15 men
468 491 58 22 detta
540 492 64 21 beror
620 493 52 20 utan
688 491 72 22 tvifvel
775 492 27 26 på
816 493 33 20 att

96 526 69 21 denna
180 525 71 22 skolas
266 525 99 23 anhållan
381 528 33 19 att
430 526 21 22 få
466 527 72 26 intaga
549 525 60 23 äfven
621 526 93 27 kvinliga
725 526 68 21 elever
803 526 46 21 icke

95 560 70 22 blifvit
179 559 94 28 bifallen,
289 560 86 22 hvarför
389 560 61 22 äfven
466 561 74 21 staden
556 561 53 22 varit
625 562 91 25 tvungen
731 562 32 19 att
773 561 76 21 under-

96 595 58 21 hålla
176 601 26 15 en
226 596 69 26 privat
316 595 211 27 fruntimmersskola,
550 601 44 16 som
610 596 67 21 under
694 597 83 20 senaste
795 595 55 22 läse-

97 629 25 21 år
137 629 53 22 hade
206 629 28 22 55
244 630 75 22 elever.
342 629 42 22 För
391 629 65 28 öfrigt
464 629 106 23 förefaller
579 630 35 21 det
622 630 112 27 sannolikt,
743 631 32 20 att
783 636 25 15 en
817 632 33 19 ut-

95 664 101 27 vidgning
214 664 24 21 af
252 665 26 20 de
293 664 127 27 fyrklassiga
439 665 99 21 skolorna
560 665 32 21 till
608 663 136 28 femklassiga
759 664 67 21 skulle
842 665 7 20 i

95 699 32 20 sin
150 699 48 21 mån
223 699 113 21 medverka
351 699 32 21 till
398 701 33 19 att
445 699 57 27 gifva
517 699 61 22 dessa
593 699 72 21 skolor
680 705 26 14 en
721 701 69 19 större
806 701 42 19 sta-

96 733 71 21 bilitet
182 733 40 22 och
238 733 78 22 tillföra
332 734 47 21 dem
394 735 31 20 ett
441 734 66 21 ökadt
521 733 57 22 antal
593 733 77 22 elever.

165 767 30 23 På
211 768 61 22 dessa
287 769 98 27 grunder,
401 766 40 24 och
456 769 27 21 då
499 768 111 22 Utskottet
625 767 67 23 håller
707 767 46 22 före
763 769 33 21 att
806 768 39 22 den

95 802 121 28 föreslagna
239 804 150 26 utvidgningen
412 803 24 21 af
453 804 25 20 de
493 803 125 27 fyrklassiga
634 802 215 22 elementarskolorna

96 838 48 21 med
159 845 27 14 en
200 837 65 23 femte
281 838 57 22 klass
353 838 40 21 och
408 838 121 22 införandet
543 838 23 21 af
579 838 106 21 afslutade
701 837 76 22 kurser
791 838 6 20 i
815 837 34 22 de-

96 879 92 15 sammas
210 873 145 26 läroprogram
378 873 75 26 skulle,
476 875 51 19 utan
550 874 32 20 att
606 872 133 27 synnerligen
757 873 93 26 betunga

97 907 169 28 statsbudgeten,
281 907 63 22 lända
359 907 33 22 till
405 908 104 27 väsentlig
519 907 80 22 båtnad
610 907 33 21 för
654 907 60 22 dessa
724 907 126 21 läroanstal-

96 944 39 24 ter,
159 942 71 21 hvilka
248 943 6 20 i
273 942 37 21 sitt
330 943 122 20 nuvarande
467 943 61 21 skick
542 942 54 21 visat
612 942 31 27 sig
658 941 49 27 föga
722 942 81 26 egnade
818 943 31 20 att

96 977 114 26 tillgodose
226 976 117 28 anspråken
358 977 27 26 på
400 976 146 22 meddelandet
562 976 22 21 af
598 982 25 15 en
640 975 106 28 borgerlig
761 976 87 21 allmän-

97 1011 95 27 bildning
208 1011 22 21 åt
245 1011 160 27 ifrågavarande
423 1011 82 22 städers
520 1011 98 26 ungdom,
634 1011 39 21 har
688 1010 111 21 Utskottet
813 1017 37 14 an-

97 1047 42 20 sett
157 1046 31 27 sig
211 1046 53 21 böra
286 1045 85 22 förorda
393 1046 176 26 petitionärernes
590 1045 158 27 önskningsmål
763 1045 39 21 och
817 1044 33 22 får

97 1080 56 27 förty
169 1080 38 21 hos
223 1080 82 22 landets
321 1080 120 27 Höglofliga
457 1079 90 23 Ständer
562 1080 110 21 vördsamt
687 1079 76 22 föreslå
778 1085 25 16 en
812 1085 38 16 un-

99 1114 101 27 derdånig
216 1115 88 26 petition
320 1115 7 20 i
342 1114 53 27 syfte

303 1173 31 20 att
355 1171 25 21 de
401 1171 128 28 fyrklassiga
550 1171 209 22 elementarskolorna
776 1171 9 20 i
798 1171 52 21 Hei-

234 1206 57 26 nola,
314 1205 85 26 Lovisa,
417 1206 158 27 Gamlakarleby
591 1204 37 22 och
642 1205 86 21 Ekenäs
743 1205 63 26 blefve
818 1206 32 26 på

235 1243 81 18 statens
331 1240 113 21 bekostnad
459 1239 147 27 organiserade
621 1240 71 21 såsom
713 1238 136 28 femklassiga

235 1275 69 21 skolor
326 1274 47 21 med
388 1274 104 27 afslutade
507 1274 72 22 kurser
595 1274 35 22 och
644 1274 48 21 med
705 1273 100 27 rättighet
820 1276 31 19 att

235 1308 74 28 intaga
320 1309 81 27 jämväl
415 1308 90 27 kvinliga
521 1309 68 21 elever.

173 1497 101 19 Allmänna
286 1496 171 19 Besvärsutskottets
469 1496 111 18 betänkande
592 1495 34 19 N:o
638 1496 28 18 15.
