1061 1700
321 147 257 23 Motionsbetänkande
597 148 42 22 N:o
654 148 22 22 3.
866 150 9 19 7

124 214 95 28 iakttogo
239 214 36 21 vid
289 215 127 28 antagandet
432 215 22 21 af
469 215 147 28 förordningen
632 224 33 13 om
681 215 159 29 verkställighet
854 216 23 21 af

124 248 68 21 straff.
223 248 38 21 Uti
276 249 37 21 det
328 249 117 21 Ständerna
462 250 36 20 vid
513 249 65 28 sagda
596 249 100 28 landtdag
712 250 107 28 förelagda
834 249 42 22 för-

123 282 46 27 slag
184 282 30 20 till
231 283 75 20 nämda
321 282 122 28 förordning
457 283 70 28 ingick
546 284 104 27 nämligen
669 284 116 28 stadgande
803 283 71 21 derom

124 318 32 18 att
172 315 78 22 häktad
266 324 81 21 person,
362 323 43 14 som
421 316 72 22 blifvit
508 317 64 21 dömd
587 317 32 20 till
633 317 140 22 frihetsstraff
783 317 39 21 och
832 317 44 28 nöj-

123 349 38 21 des
184 349 22 22 åt
228 350 81 27 domen,
332 350 74 28 kunde,
422 350 62 22 äfven
500 359 33 13 om
549 351 121 21 densamma
685 351 72 22 blifvit
772 351 23 21 af
810 358 66 14 annan

123 383 145 29 öfverklagad,
290 385 48 21 med
356 388 48 25 eget
418 386 109 27 samtycke
541 389 74 24 genast
629 385 109 22 befordras
753 385 31 22 till
800 385 76 21 under-

123 418 80 27 gående
226 419 23 20 af
271 418 166 23 frihetsstraffet.
467 419 73 22 Tedde
562 419 100 21 besvären
678 419 60 22 öfver
752 419 76 22 domen
843 419 32 21 till

123 452 88 28 ändring
234 453 25 21 af
271 453 36 21 det
323 453 67 25 straff,
406 461 44 14 som
466 455 55 20 varit
535 453 40 22 den
591 453 95 28 skyldige
701 453 93 27 ådömdt,
809 453 67 22 skulle

123 487 41 20 den
185 487 31 21 tid
237 487 38 22 han
293 487 115 22 emellertid
424 488 70 21 hållits
510 488 32 21 till
558 488 94 21 straffets
668 487 145 29 undergäende
829 487 47 22 räk-

123 529 37 14 nas
175 522 75 21 honom
272 522 31 21 till
319 522 55 27 godo
388 523 39 21 och
443 523 81 26 dervid,
538 523 7 20 i
561 522 99 22 händelse
675 523 87 28 ändring
776 523 77 27 jemväl
868 523 8 20 i

123 556 122 22 straffarten
267 557 122 27 meddelats,
409 557 105 29 iakttagas
530 557 55 21 hvad
601 557 6 21 i
622 557 125 28 strafflagen
763 557 112 28 stadgades

123 598 33 14 om
180 591 189 28 fängelsestraffets
384 592 115 28 öfvergäng
514 592 31 20 till
565 591 156 22 tukthusstraff.
751 591 124 29 Strafflags-

125 625 104 21 utskottet
251 626 108 20 anmärkte
381 626 71 21 härtill
475 626 63 21 bland
558 629 64 18 annat
643 629 32 18 att
700 626 36 21 det
758 626 117 28 föreslagna

123 659 126 28 stadgandet
265 659 69 22 kunde
349 660 68 21 tolkas
432 660 86 27 derhän,
532 663 32 18 att
586 660 79 21 hofrätt
680 659 64 22 borde
760 661 6 19 i
782 660 92 27 antydda

123 694 37 21 fall
181 694 55 21 efter
259 695 95 21 anmälan
380 695 98 21 meddela
500 695 106 21 utlätande
628 703 34 13 om
685 694 189 28 fängelsestraffets

123 728 115 29 Ofvergäng
259 729 32 20 till
313 729 87 21 tukthus
425 730 7 20 i
457 729 81 28 analogi
564 729 48 21 med
637 729 55 21 hvad
715 737 33 12 om
771 736 103 14 samman-

123 763 97 28 läggning
242 763 23 21 af
282 763 63 22 straff
367 771 37 13 var
424 763 142 26 föreskrifvet,
581 763 87 22 hvarför
684 763 111 21 Utskottet
816 763 58 21 hem-

123 797 67 21 stälde
213 800 31 18 att
266 797 126 28 stadgandet
413 805 74 20 genom
510 798 74 28 tillägg
606 797 22 21 af
650 797 63 21 orden
739 798 49 21 vid
813 797 59 22 verk-

122 831 145 28 ställigheten>
293 832 64 21 borde
380 831 124 29 förtydligas
525 831 84 26 derhän,
625 834 31 18 att
671 831 113 22 omordade
802 831 73 22 straff-

123 866 198 28 sammanläggning,
344 866 67 21 säsom
434 866 75 21 endast
532 865 144 22 innefattande
701 873 25 13 en
749 866 60 21 enkel
824 867 50 20 arit-

122 900 75 21 metisk
221 900 116 26 reduktion,
360 900 64 21 borde
456 900 22 21 af
503 899 155 22 verkställande
682 900 125 28 myndighet
830 907 44 14 om-

121 934 98 27 besörjas.
249 934 228 28 Strafflagsutskottets
495 934 93 28 antydda
603 934 79 27 förslag
696 934 45 21 blef
756 934 118 21 sedermera

121 968 23 21 af
167 968 117 22 Ständerna
305 968 113 29 godkändt,
441 968 40 21 och
502 970 7 19 i
525 968 52 28 följd
592 968 61 21 häraf
668 970 22 19 är
707 970 9 19 1
734 969 11 27 $
761 969 12 20 2
790 968 47 29 kap.
852 969 23 20 af

122 1002 137 28 nyssberörda
277 1003 122 28 förordning
414 1003 93 21 affattad
522 1004 7 19 i
544 1003 92 27 enlighet
652 1003 49 20 med
715 1003 59 20 detta
790 1003 84 28 förslag.

121 1036 12 21 I
148 1037 112 28 anledning
274 1037 23 21 af
311 1037 123 21 nästnämda
449 1037 80 28 lagrum
544 1037 38 20 har
596 1037 117 20 sedermera
728 1044 75 20 genom
816 1037 40 20 den
868 1038 6 19 i

122 1071 220 21 motionsmemorialet
364 1070 124 30 åberopade,
509 1071 8 20 i
540 1070 154 22 administrativ
709 1072 40 26 väg
764 1070 110 22 tillkomna

121 1104 148 22 förordningen
291 1105 24 21 af
336 1104 40 22 den
398 1105 26 21 20
441 1104 120 22 November
577 1105 53 20 1896
646 1104 108 26 bestämts,
769 1108 32 18 att
815 1104 37 22 det
866 1106 7 20 i

122 1139 71 28 hvarje
215 1139 100 22 särskildt
335 1139 37 21 fall
386 1139 123 22 ankommer
523 1139 11 21 &
550 1138 157 22 vederbörande
723 1139 150 28 fängelseföre-

121 1174 97 21 ständare
241 1177 32 18 att
291 1174 64 27 enligt
370 1173 34 29 lag
419 1173 154 29 tillgodoräkna
588 1173 75 28 fången
679 1173 137 28 nyssberörda
832 1174 41 26 tid;

121 1207 40 22 och
183 1208 80 28 åligger
285 1208 36 21 det
335 1207 87 22 sålunda
435 1207 96 22 bemälde
546 1206 144 22 föreståndare
705 1207 63 21 äfven
784 1210 36 23 att,
836 1207 38 22 der

121 1242 76 21 sådant
219 1242 109 26 erfordras,
351 1242 114 21 verkställa
484 1241 132 28 förvandling
631 1241 23 21 af
669 1241 158 28 fängelsestraff
841 1243 31 20 till

121 1276 146 21 motsvarande
282 1275 150 22 tukthusstraff
447 1276 50 21 eller
511 1277 96 19 tvärtom.

189 1310 58 21 Enär
267 1310 121 21 oftanämda
403 1310 122 27 förordning
539 1309 23 22 af
577 1309 39 22 den
634 1311 26 19 19
676 1310 89 27 Augusti
783 1310 53 21 1898
851 1312 22 19 är

122 1343 110 22 utarbetad
253 1343 48 21 med
324 1343 119 28 anslutning
464 1343 31 20 till
523 1343 6 20 S
552 1343 12 26 $
584 1344 10 19 7
612 1343 48 28 kap.
676 1343 122 26 strafflagen
815 1343 57 20 kom-

121 1386 49 18 mer,
186 1377 70 22 derest
271 1380 31 18 ett
317 1377 215 28 författningsförslag
554 1377 7 20 i
585 1376 37 21 det
640 1377 55 27 syfte
712 1376 110 21 Utskottet
837 1377 35 20 be-

121 1413 59 21 slutit
203 1412 84 21 förorda
311 1412 22 21 af
348 1411 116 22 Ständerna
490 1414 86 26 antages
600 1411 39 20 och
664 1411 118 21 sedermera
801 1413 72 20 vinner

121 1447 60 22 Hans
206 1447 117 29 Kejserliga
345 1447 110 28 Majestäts
482 1445 75 30 nådiga
580 1445 160 29 godkännande,
765 1446 40 23 den
830 1446 42 21 för-

193 1494 129 22 Lagutskottets
335 1493 109 19 betänkande
456 1493 37 17 N:o
505 1493 29 17 10.
