1067 1706
331 167 276 23 Petitionsbetänkande
623 168 45 22 N:o
684 168 20 21 1.
846 169 12 20 5

133 241 40 21 gen
196 234 24 21 af
242 234 69 22 denna
335 236 126 26 institution,
484 235 64 21 sädan
573 236 121 20 densamma
715 236 101 28 gestaltat
832 237 54 27 sig
876 230 13 38 i

132 268 91 21 flertalet
246 269 23 20 af
291 269 98 28 Europas
412 269 151 27 kulturländer,
579 270 48 21 icke
647 277 50 13 vara
713 270 132 28 öfverflödig.
874 270 13 21 I

133 302 77 21 sädant
231 302 102 22 afseende
356 303 78 21 tilläter
452 304 32 27 sig
499 303 113 22 Utskottet
627 306 31 18 ait
672 311 25 14 ur
712 312 26 12 en
754 305 6 20 i
777 302 111 23 Juridiska

134 336 137 28 föreningens
283 338 5 20 i
300 337 90 21 Finland
406 337 96 21 tidskrift
517 337 34 22 för
567 338 23 21 är
606 338 54 21 1896
675 338 112 28 ingående,
799 338 22 20 af
834 338 54 28 peti-

133 372 96 20 tionären
244 371 105 21 författad
365 374 88 26 uppsats
469 372 90 21 rörande
575 379 28 14 nu
615 372 141 21 förevarande
767 372 61 28 fräga
839 372 47 21 läna

132 404 94 28 följande
242 406 115 27 uppgifter.

201 438 74 29 Enligt
285 439 41 21 den
341 439 87 22 franska
438 440 61 27 lagen
511 440 23 21 af
544 440 40 21 den
594 441 26 20 16
630 440 57 21 Mars
698 441 60 23 1803,
767 440 118 21 förebilden

132 472 34 21 för
187 473 27 20 de
237 473 60 21 flesta
320 473 65 22 andra
407 474 150 28 notariatlagar
576 475 5 20 i
601 474 92 29 Europa,
709 477 36 18 äro
766 475 120 20 notarierne

132 506 110 28 offentliga
261 507 137 27 embetsmän,
415 507 96 22 anstälda
529 510 4 19 i
551 508 98 21 ändamål
665 512 31 17 att
710 512 94 25 upptaga
821 510 65 25 (reee-

132 541 53 26 voir)
201 541 79 21 sädana
296 542 110 21 urkunder
421 542 40 21 och
477 542 58 28 aftal,
547 543 22 20 ät
579 541 72 22 hvilka
664 545 98 25 parterna
773 542 52 21 böra
835 543 52 21 eller

132 575 50 28 vilja
200 575 59 28 gifva
277 576 40 20 den
334 576 124 24 beviskiaft,
474 583 44 14 som
534 577 129 20 tillkommer
677 577 97 27 offentlig
788 577 99 28 myndig-

132 609 46 20 hets
203 609 132 28 handlingar,
350 613 54 18 samt
422 610 31 20 för
469 613 30 18 att
515 610 98 28 bestyrka
630 610 61 21 deras
707 610 78 28 datum,
799 611 87 20 förvara

131 643 76 28 sjelfva
223 644 177 27 afhandlingarna
416 644 39 21 och
472 645 23 20 af
510 645 46 20 dem
571 644 85 21 utfärda
668 645 115 20 utskrifter,
809 645 77 20 Denna

132 677 118 22 beviskraft
270 678 51 21 eller
336 678 55 21 hvad
407 686 48 13 man
473 678 66 21 kaliar
555 677 96 29 offentlig
666 678 145 28 trovärdighet
826 679 60 20 inne-

132 711 37 21 bär
191 715 31 18 att
244 712 111 21 urkunden
373 720 48 20 eger
437 713 49 20 fullt
502 712 87 26 vitsord,
605 713 55 20 ända
675 713 43 20 tills
734 712 49 22 dess
799 713 88 21 oäkthet

132 745 50 22 eller
202 746 115 28 oriktighet
333 747 72 21 blifvit
419 746 50 21 ledd
485 748 5 19 i
508 747 65 26 bevis,
589 747 51 21 eller
655 747 47 20 med
718 747 67 21 andra
801 747 37 21 ord
855 750 32 18 att

130 779 47 25 den,
193 788 45 13 som
255 781 104 21 bestrider
374 781 140 28 handlingens
530 781 73 22 äkthet
619 781 51 21 eller
683 781 203 28 sanningsenlighet,

130 816 24 19 är
176 815 84 28 skyldig
283 818 31 18 att
334 816 71 21 bevisa
421 816 38 21 sitt
474 815 122 29 påstående.
624 815 261 22 Notariatverksamheten

130 849 125 21 förutsätter
275 850 60 21 alltsä
352 853 31 18 att
398 851 119 20 notarierne
533 851 36 20 äro
585 850 47 21 med
649 849 97 28 offentlig
761 849 125 28 myndighet

131 883 104 22 beklädda
259 891 107 21 personer,
381 892 34 13 om
438 885 26 20 de
487 884 65 21 också
571 884 47 21 icke
634 885 6 20 i
660 884 41 21 alla
716 884 116 21 afseenden
849 885 37 20 be-

130 918 81 21 traktas
227 917 70 22 såsom
314 919 180 27 statstjenstemän
511 919 4 19 i
533 919 72 27 vanlig
621 919 137 20 bemärkelse.

200 951 76 23 Under
297 952 144 22 innevarende
465 952 133 22 århundrade
621 952 64 21 hafva
707 952 26 21 de
749 952 60 21 flesta
825 960 61 14 euro-

130 986 74 28 peiska
220 989 65 19 stater
301 986 135 28 omgestaltat
451 988 37 20 sitt
504 986 191 27 notariatväsende,
704 986 181 28 hufvudsakligen

131 1021 55 21 efter
208 1022 93 20 mönster
319 1021 23 21 af
356 1021 172 28 nyssäberopade
543 1021 86 21 franska
644 1021 43 27 lag;
704 1021 40 21 och
761 1028 49 20 eger
826 1022 60 20 insti-

131 1056 95 20 tutionen
243 1063 87 13 numera
345 1055 24 21 sä
384 1055 119 21 vidsträckt
515 1055 128 27 utbredning
657 1058 36 24 att,
702 1055 85 21 oafsedt
796 1054 89 28 Sverige

130 1090 40 21 och
193 1089 99 25 Finland,
313 1090 37 20 der
372 1097 25 13 en
421 1090 33 20 del
477 1090 109 21 notariella
605 1089 152 28 förrättningar
772 1089 60 21 skola
847 1089 38 21 ske

131 1124 57 21 inför
202 1124 57 21 vissa
275 1125 133 27 tjenstemän,
424 1124 76 20 endast
515 1124 153 26 Lichtenstein,
681 1123 147 27 Montenegro,
840 1124 46 20 Ru-

131 1158 89 26 mänien,
242 1158 94 25 Serbien,
358 1158 65 27 några
447 1158 45 21 små
516 1158 61 28 tyska
601 1160 65 18 stater
686 1158 40 21 och
742 1157 98 28 omkring
855 1158 30 20 tio

131 1192 104 21 kantoner
253 1193 5 20 i
279 1192 95 21 Schweiz
389 1194 56 19 ännu
461 1192 44 20 helt
521 1192 38 21 och
576 1192 65 20 hället
657 1192 66 20 sakna
739 1192 69 20 denna
824 1192 60 20 insti-

130 1226 75 21 tution.

199 1260 177 22 Formaliteterna
399 1260 36 21 vid
451 1260 152 28 upprättandet
618 1260 22 21 af
655 1268 25 13 en
697 1259 189 22 notariatsurkund

131 1296 36 20 äro
183 1295 5 20 i
206 1294 84 22 korthet
312 1294 100 29 följande.
442 1289 69 27 Öfver
531 1294 56 22 hvad
604 1298 97 24 parterne
717 1294 56 21 inför
789 1295 96 20 notarien

131 1328 191 21 öfverenskommit
337 1330 51 18 eller
403 1328 102 20 förklarat
521 1330 110 26 uppsätter
646 1329 69 20 denne
731 1331 31 17 ett
772 1328 113 27 protokoll,

131 1362 82 20 hvilket
234 1362 68 20 tillika
325 1362 54 20 skall
401 1361 112 27 innehälla,
530 1365 57 17 utom
610 1364 70 22 annat,
694 1362 87 26 uppgift
803 1369 33 13 om
852 1364 34 18 ort

132 1395 38 21 och
194 1395 30 22 tid
248 1396 34 20 för
304 1396 161 27 förrättningen,
487 1396 107 20 notariens
618 1402 61 14 namn
699 1394 39 22 och
755 1395 131 27 boningsort,

132 1431 106 20 vittnenas
261 1437 70 19 namn,
354 1438 32 13 om
410 1430 79 21 sådana
513 1432 36 18 äro
565 1430 111 25 tillstädes,
691 1432 109 25 parternes
816 1437 70 18 namn,

132 1464 62 21 ständ
210 1465 40 21 och
267 1465 126 27 boningsort
408 1467 55 18 samt
477 1464 156 21 underskrifter
644 1464 22 21 af
676 1467 103 25 parterne,
789 1465 96 20 vittnena

201 1511 133 22 Lagutskottets
347 1510 110 17 betänkande
470 1510 37 17 N:o
520 1510 17 17 2.
