1061 1709
324 168 257 24 Motionsbetänkande
596 169 44 23 N:o
655 170 18 21 1.
835 171 10 20 7

125 236 33 21 för
173 236 70 27 fängst
258 238 48 20 med
321 244 68 19 snara,
406 244 45 14 som
468 238 65 27 enligt
548 239 167 26 propositionen,
731 238 48 21 med
794 238 81 22 undan-

126 272 36 25 tag
176 270 31 22 för
224 271 158 27 Lappmarkens
399 272 66 21 härad
480 272 38 21 och
529 272 122 27 Kuolajärvi
664 272 83 26 socken,
760 272 115 22 omfattade

125 305 74 21 endast
221 305 122 22 November
365 306 82 22 mänad,
471 306 67 21 skulle
560 305 60 22 äfven
636 307 7 20 i
658 307 36 20 det
711 306 68 27 öfriga
794 306 81 21 undan-

125 341 64 25 tagna
203 340 98 21 omrädet
315 340 85 27 vidtaga
414 341 65 20 redan
495 341 39 20 den
552 341 27 21 10
594 340 102 22 Oktober.

193 373 40 22 Vid
255 374 155 27 behandlingen
433 374 23 21 af
476 375 57 20 detta
555 375 77 20 ärende
650 375 38 21 har
704 375 111 21 Utskottet
829 375 46 20 icke

124 407 82 22 kunnat
227 407 70 22 lemna
319 408 119 26 obeaktadt,
461 411 31 19 att
510 409 39 20 den
565 408 129 28 förordning,
709 409 61 20 hvari
785 408 90 27 ändring

125 441 95 28 päyrkas,
242 441 56 22 först
318 441 46 22 frän
383 442 72 27 början
472 443 23 20 af
508 443 91 21 sistlidet
614 443 23 20 är
652 446 36 24 egt
703 443 96 26 gällande
814 442 61 22 kraft.

124 475 35 22 Nu
181 475 138 22 förevarande
341 476 59 27 fräga
421 476 43 26 har,
480 477 27 26 pä
528 479 41 19 sätt
582 477 78 26 jemväl
675 477 23 21 af
709 477 36 21 det
760 476 62 22 ofvan
838 483 36 14 an-

124 509 60 22 förda
199 510 97 27 framgär,
312 511 149 20 underkastats
477 517 25 15 en
516 511 129 21 omfattande
657 511 105 26 pröfning,
775 511 100 21 särskildt

124 545 35 20 vid
175 545 53 21 1897
244 545 34 21 års
294 545 106 26 landtdag,
416 545 26 21 dä
459 545 118 22 Ständerna
592 545 140 27 uttryckligen
747 545 86 27 afböjde
848 551 26 15 en

125 579 133 26 bestämning
273 580 79 24 derom,
368 581 30 19 att
414 586 75 14 snaror
505 579 38 22 och
558 579 60 22 fällor
634 579 32 21 för
680 579 128 28 fägelfängst
818 579 56 26 finge

124 613 107 22 användas
247 614 27 26 pä
289 616 30 19 ett
335 613 23 21 sä
373 614 115 21 vidsträckt
504 614 85 21 område
605 621 45 14 som
662 614 35 21 det
709 621 29 14 nu
749 613 125 27 föreslagna,

125 647 38 22 och
178 647 58 22 detta
251 648 66 21 ehuru
334 648 64 27 sagda
414 649 117 26 stadgande
546 649 69 26 ingick
630 649 7 20 i
652 649 40 20 den
708 649 78 26 nädiga
796 654 77 21 propo-

124 682 90 21 sitionen
230 682 39 21 och
285 683 67 20 ehuru
368 683 25 20 dä
408 682 65 21 redan
487 683 39 21 alla
542 683 25 21 de
583 683 43 21 skäl
642 683 105 25 anfördes,
763 683 69 20 hvilka
843 682 30 21 till

124 716 81 21 förmän
227 716 32 22 för
277 717 108 21 motionen
401 717 6 20 i
423 717 154 27 motiveringen
593 717 61 21 deraf
667 717 38 21 och
721 717 68 21 under
805 716 68 22 öfver-

124 751 151 26 läggningarna
290 751 56 21 inom
363 751 111 21 Utskottet
488 751 131 22 framhällits.

191 785 41 21 Vid
259 785 75 21 sädant
356 784 130 22 förhällande
510 786 37 21 och
571 785 25 21 dä
618 786 128 21 bevarandet
769 785 22 21 af
810 785 65 26 nödig

124 819 74 27 stadga
219 819 6 21 i
245 819 213 22 rättsförhällandena
482 820 65 27 enligt
569 820 122 21 Utskottets
713 821 56 26 äsigt
783 819 90 26 kräfver,

124 856 31 19 att
174 853 89 28 ändring
278 854 6 21 i
299 861 25 14 en
343 861 49 20 nyss
408 854 31 21 till
455 853 123 23 efterlefnad
593 854 105 27 päbjuden
714 855 40 26 lag,
770 854 45 21 icke
830 853 43 23 vid-

124 891 66 25 tages,
213 889 38 21 der
273 889 18 26 ej
316 889 74 21 sådant
412 889 48 21 med
483 889 157 27 nödvändighet
654 889 94 27 påkallas
763 888 23 21 af
799 889 76 21 efteråt

123 923 115 26 tillkomna,
269 923 34 22 vid
331 923 72 28 lagens
432 923 99 22 stiftande
559 923 137 22 oförutsedda
720 924 50 21 eller
796 923 77 22 obeak-

125 958 48 21 tade
195 958 188 27 omständigheter,
405 957 38 22 har
467 958 110 21 Utskottet
596 958 64 21 redan
679 958 27 27 på
721 959 69 20 denna
805 957 68 28 grund

124 995 70 18 ansett
217 998 25 15 en
266 992 166 21 ständermotion
456 993 6 20 i
485 994 70 20 ämnet
577 992 45 21 icke
645 993 50 20 böra
715 992 159 27 ifrågakomma.

124 1027 35 20 Då
180 1026 143 27 föreliggande
345 1026 79 27 förslag
448 1027 57 21 inom
528 1026 110 22 Utskottet
660 1027 148 21 underkastats
827 1027 47 20 sak-

124 1060 29 27 lig
175 1059 104 28 pröfning,
301 1061 38 20 har
360 1061 112 21 Utskottet
494 1061 121 26 visserligen
631 1061 75 22 funnit,
725 1063 30 19 att
775 1060 99 22 förbudet

124 1097 45 18 mot
184 1095 139 21 användande
337 1095 23 20 af
374 1095 58 26 giller
448 1095 68 22 måste
526 1095 30 21 till
569 1101 25 15 en
602 1095 72 26 början
682 1095 101 21 störande
792 1095 83 26 ingripa

125 1129 32 20 uti
176 1135 25 14 en
223 1129 6 20 i
252 1131 69 19 större
337 1129 147 27 utsträckning
496 1129 137 27 jagtidkande
649 1129 132 26 befolknings
797 1129 77 21 ekono-

126 1163 68 21 miska
215 1162 145 22 förhållanden
382 1163 38 21 och
440 1163 65 22 väcka
520 1163 100 27 missnöje
635 1163 39 21 hos
690 1164 53 25 dem,
759 1169 45 15 som
820 1163 54 21 häri-

125 1203 75 20 genom
224 1199 52 19 röna
298 1197 153 27 inskränkning
473 1198 5 20 i
501 1199 68 20 sätten
592 1196 32 22 för
645 1197 32 21 sin
693 1197 101 21 utkomst.
823 1196 50 22 Men

124 1231 121 22 Utskottets
267 1231 67 22 flertal
357 1231 37 22 har
415 1231 64 21 likväl
502 1231 45 22 icke
565 1231 82 22 kunnat
665 1231 63 22 blifva
743 1231 132 27 öfvertygadt

124 1265 79 26 derom,
218 1267 31 20 att
265 1266 26 21 de
306 1265 32 22 till
354 1266 48 21 stöd
416 1265 32 22 för
463 1265 102 28 förslaget
579 1265 117 27 framlagda
711 1265 72 22 skälen
797 1266 76 25 kunde,

125 1302 107 25 gentemot
254 1300 89 27 tidigare
365 1299 87 22 anförda
472 1300 97 25 motskäl,
584 1306 45 15 som
645 1299 106 22 föranledt
766 1299 109 22 stiftandet

124 1333 23 21 af
165 1340 29 13 nu
210 1333 96 26 gällande
322 1334 39 25 lag.
377 1333 137 20 tillerkännas
530 1334 64 19 sådan
612 1334 112 25 betydelse,
739 1336 32 17 att
786 1333 88 21 Utskot-

123 1368 31 19 tet
176 1367 66 20 borde
263 1366 86 21 förorda
371 1369 31 18 ett
422 1366 130 25 frångående
572 1366 22 20 af
610 1367 39 20 den
667 1367 136 26 ståndpunkt,
820 1367 53 20 1897

126 1401 35 20 års
178 1399 89 22 Ständer
282 1400 7 21 i
303 1399 74 28 frågan
392 1399 81 28 intagit.

191 1435 31 21 På
244 1435 69 27 grund
332 1434 22 22 af
367 1434 55 22 hvad
438 1434 89 22 sålunda
542 1434 80 22 anförts
639 1434 31 22 får
685 1436 112 20 Utskottet
813 1435 61 21 vörd-

123 1471 55 20 samt
193 1469 85 22 föreslå:

194 1514 45 24 Lag-
251 1514 32 19 och
295 1515 181 18 Ekonomiutskottets
488 1515 110 18 betänkande
612 1517 35 16 N:o
660 1516 17 17 2.
