1061 1720
176 144 26 21 14
235 138 10 1 ==
307 142 84 23 Ständ.
408 142 52 23 Pet.
476 155 29 3 —
519 142 171 23 Petitionsbet.
706 142 41 23 N:o
763 142 40 22 30.

175 214 68 21 lands
261 214 95 27 styrelse
375 213 63 22 lades
457 216 34 19 ett
509 220 113 22 program,
646 220 50 13 som
712 213 71 28 ginge
802 214 26 19 ut
846 213 30 28 pä
894 215 36 18 att

175 248 38 22 till
230 248 91 22 förmän
338 248 36 21 för
391 249 35 20 ett
443 248 99 21 förment
558 247 147 22 riksintresse
722 247 158 28 undertrycka
889 246 41 22 det

175 283 76 22 finska
277 283 86 22 folkets
389 284 49 20 rätt
455 283 38 21 till
511 289 57 21 egen
586 281 96 30 politisk
700 282 43 21 och
760 281 104 22 nationel
882 281 47 22 till-

176 325 55 14 varo
249 320 61 19 samt
327 317 94 21 dermed
439 317 67 22 äfven
527 317 153 28 omintetgöra
698 316 65 21 detta
780 315 62 22 folks
859 316 71 29 lycka

177 352 43 27 och
247 351 99 28 välfärd,
373 351 122 22 drifvande
522 351 79 22 skaror
628 351 22 21 af
676 350 93 23 landets
790 351 139 28 kraftigaste

175 385 152 30 medborgare
344 386 9 21 i
370 385 135 29 landsflykt.
539 385 47 22 Det
602 385 70 29 ryska
690 385 72 22 rikets
779 385 107 28 verkliga
895 385 35 21 in-

177 423 89 19 tressen
283 421 81 21 kunna
381 420 24 28 ju
423 420 52 21 icke
494 419 123 29 befrämjas
635 427 84 21 genom
736 427 29 13 en
779 420 91 28 politik,
881 427 48 14 som

176 456 74 20 måste
278 462 56 15 vara
361 454 75 29 egnad
455 456 35 20 att
508 454 85 29 qväfva
611 454 28 21 de
657 454 94 22 känslor
769 454 23 22 af
810 454 120 29 uppriktig

177 489 210 29 tillfredsställelse,
406 497 47 14 som
472 488 160 23 erkännandet
650 489 23 22 af
690 488 114 23 Finlands
822 491 48 20 rätt
887 488 43 23 och

177 524 144 23 beaktandet
348 525 22 21 af
395 524 91 22 landets
513 524 38 22 väl
577 524 134 22 framkallat
737 524 41 21 hos
798 524 38 21 det
853 524 78 22 finska

175 559 80 22 folket:

194 628 187 29 Stormäktigste,
399 628 173 30 Allernädigste
589 628 98 30 Kejsare
706 627 42 23 och
769 628 137 22 Storfurste!

245 699 47 22 För
318 699 85 21 folkets
429 701 185 26 representanter
642 702 25 17 är
693 698 39 21 det
759 706 28 14 en
812 697 117 30 hbjudande

176 733 62 30 pligt
255 735 61 20 emot
333 733 128 22 Monarken
479 733 43 22 och
540 733 187 22 fäderneslandet
737 735 36 20 att
781 733 63 22 inför
856 733 73 21 Eders

177 768 132 29 Kejserliga
335 768 110 29 Majestät
471 768 48 22 tala
540 768 141 28 sanningens
699 767 136 30 uppriktiga
853 767 75 29 spräk.

245 803 47 21 Det
311 806 25 18 är
353 803 30 28 pä
401 802 168 22 ofvananförda
587 803 51 21 skäl
655 802 112 22 Finlands
787 801 100 23 Ständer
896 802 33 22 äf-

175 845 46 15 ven
239 845 32 14 nu
288 837 64 23 velat
370 839 70 27 öppet
458 838 44 22 och
519 837 171 23 vördnadsfullt
707 837 118 22 frambära
838 837 40 22 det
887 837 42 22 fin-

177 873 42 21 ska
246 872 85 22 folkets
358 872 106 29 djupaste
491 872 133 29 bekymmer
651 872 37 21 till
706 871 73 23 Eders
797 872 132 29 Kejserliga

176 908 117 28 Majestät,
320 914 49 15 som
395 907 42 21 har
463 908 9 20 i
498 908 35 20 sin
551 908 65 22 makt
634 909 36 19 att
688 906 95 30 skingra
802 907 28 21 de
848 907 81 22 mörka

176 943 69 27 moln,
265 949 49 15 som
332 942 72 28 hopat
422 942 36 28 sig
476 942 64 22 öfver
557 942 114 22 Finlands
689 942 101 22 framtid.

244 976 131 22 Ständerna
392 976 24 22 fä
434 976 78 22 derför
529 977 9 21 i
556 976 185 30 underdänighet
760 976 104 22 anhälla:

449 1047 34 20 det
509 1047 75 21 täcktes
607 1046 68 21 Eders
693 1046 119 28 Kejserliga
828 1046 101 28 Majestät

381 1081 138 27 allernådigst
538 1082 86 26 vidtaga
650 1080 85 22 sådana
755 1081 103 27 åtgärder,
881 1088 46 14 som

381 1122 48 14 vore
447 1116 79 26 egnade
542 1117 32 19 att
590 1115 99 27 aflägsna
706 1115 68 27 ofvan
786 1116 142 27 omförmälda

382 1150 178 27 missriktningar
577 1150 10 20 i
599 1149 114 28 ledningen
725 1150 28 27 af
760 1149 109 21 Finlands
881 1149 45 28 för-

382 1184 98 27 valtning
497 1184 58 22 samt
572 1184 77 27 bringa
661 1184 126 21 densamma
799 1184 10 21 i
820 1184 106 28 öfverens-

381 1218 119 20 stämmelse
517 1218 48 21 med
582 1218 81 21 landets
682 1219 59 27 lagar
758 1219 37 20 och
813 1218 113 21 samhälls-

380 1252 62 20 skick.

243 1317 114 23 Finlands
376 1317 100 22 Ständer
493 1318 132 22 framhärda
643 1321 42 19 etc.

243 1388 153 29 Helsingfors,
415 1387 45 22 den
479 1388 14 21 2
513 1388 57 22 Juni
589 1388 72 22 1900.
