<?xml version="1.0" encoding="UTF-8"?>
<alto xmlns="http://www.loc.gov/standards/alto/ns-v3#" xmlns:xlink="http://www.w3.org/1999/xlink" xmlns:xsi="http://www.w3.org/2001/XMLSchema-instance" xsi:schemaLocation="http://www.loc.gov/standards/alto/ns-v3# http://www.loc.gov/alto/v3/alto-3-0.xsd">
	<Description>
		<MeasurementUnit>pixel</MeasurementUnit>
		<sourceImageInformation>
			<fileName>/tmp/tess_fi7pdaez_input.PNG</fileName>
		</sourceImageInformation>
		<OCRProcessing ID="OCR_0">
			<ocrProcessingStep>
				<processingSoftware>
					<softwareName>tesseract 5.3.4</softwareName>
				</processingSoftware>
			</ocrProcessingStep>
		</OCRProcessing>
	</Description>
	<Layout>
		<Page WIDTH="1064" HEIGHT="1709" PHYSICAL_IMG_NR="0" ID="page_0">
			<PrintSpace HPOS="0" VPOS="0" WIDTH="1064" HEIGHT="1709">
				<ComposedBlock ID="cblock_0" HPOS="307" VPOS="160" WIDTH="337" HEIGHT="26">
					<TextBlock ID="block_0" HPOS="307" VPOS="160" WIDTH="337" HEIGHT="26">
						<TextLine ID="line_0" HPOS="307" VPOS="160" WIDTH="337" HEIGHT="26">
							<String ID="string_0" HPOS="307" VPOS="160" WIDTH="248" HEIGHT="24" WC="0.91" CONTENT="Petitionsbetänkande"/><SP WIDTH="15" VPOS="160" HPOS="555"/>
							<String ID="string_1" HPOS="570" VPOS="164" WIDTH="38" HEIGHT="22" WC="0.95" CONTENT="N:o"/><SP WIDTH="16" VPOS="164" HPOS="608"/>
							<String ID="string_2" HPOS="624" VPOS="162" WIDTH="20" HEIGHT="23" WC="0.96" CONTENT="5."/>
						</TextLine>
					</TextBlock>
				</ComposedBlock>
				<ComposedBlock ID="cblock_1" HPOS="298" VPOS="471" WIDTH="549" HEIGHT="269">
					<TextBlock ID="block_1" HPOS="298" VPOS="471" WIDTH="549" HEIGHT="269">
						<TextLine ID="line_1" HPOS="402" VPOS="471" WIDTH="445" HEIGHT="25">
							<String ID="string_3" HPOS="402" VPOS="471" WIDTH="141" HEIGHT="23" WC="0.93" CONTENT="Allmänna"/><SP WIDTH="39" VPOS="471" HPOS="543"/>
							<String ID="string_4" HPOS="582" VPOS="472" WIDTH="265" HEIGHT="24" WC="0.91" CONTENT="Besvärsutskottets"/>
						</TextLine>
						<TextLine ID="line_2" HPOS="300" VPOS="505" WIDTH="547" HEIGHT="31">
							<String ID="string_5" HPOS="300" VPOS="505" WIDTH="172" HEIGHT="23" WC="0.96" CONTENT="betänkande"/><SP WIDTH="21" VPOS="505" HPOS="472"/>
							<String ID="string_6" HPOS="493" VPOS="506" WIDTH="43" HEIGHT="22" WC="0.96" CONTENT="N:o"/><SP WIDTH="23" VPOS="506" HPOS="536"/>
							<String ID="string_7" HPOS="559" VPOS="506" WIDTH="19" HEIGHT="28" WC="0.75" CONTENT="4,"/><SP WIDTH="16" VPOS="506" HPOS="578"/>
							<String ID="string_8" HPOS="594" VPOS="507" WIDTH="8" HEIGHT="22" WC="0.75" CONTENT="i"/><SP WIDTH="23" VPOS="507" HPOS="602"/>
							<String ID="string_9" HPOS="625" VPOS="507" WIDTH="121" HEIGHT="29" WC="0.96" CONTENT="anledning"/><SP WIDTH="19" VPOS="507" HPOS="746"/>
							<String ID="string_10" HPOS="765" VPOS="508" WIDTH="25" HEIGHT="22" WC="0.93" CONTENT="af"/><SP WIDTH="13" VPOS="508" HPOS="790"/>
							<String ID="string_11" HPOS="803" VPOS="508" WIDTH="44" HEIGHT="22" WC="0.93" CONTENT="sär-"/>
						</TextLine>
						<TextLine ID="line_3" HPOS="301" VPOS="540" WIDTH="546" HEIGHT="31">
							<String ID="string_12" HPOS="301" VPOS="540" WIDTH="73" HEIGHT="22" WC="0.96" CONTENT="skilda"/><SP WIDTH="22" VPOS="540" HPOS="374"/>
							<String ID="string_13" HPOS="396" VPOS="540" WIDTH="8" HEIGHT="22" WC="0.92" CONTENT="i"/><SP WIDTH="19" VPOS="540" HPOS="404"/>
							<String ID="string_14" HPOS="423" VPOS="540" WIDTH="165" HEIGHT="23" WC="0.92" CONTENT="Bondeståndet"/><SP WIDTH="14" VPOS="540" HPOS="588"/>
							<String ID="string_15" HPOS="602" VPOS="542" WIDTH="83" HEIGHT="22" WC="0.93" CONTENT="väckta"/><SP WIDTH="14" VPOS="542" HPOS="685"/>
							<String ID="string_16" HPOS="699" VPOS="543" WIDTH="148" HEIGHT="28" WC="0.90" CONTENT="petitionsför-"/>
						</TextLine>
						<TextLine ID="line_4" HPOS="300" VPOS="574" WIDTH="547" HEIGHT="32">
							<String ID="string_17" HPOS="300" VPOS="574" WIDTH="49" HEIGHT="29" WC="0.96" CONTENT="slag"/><SP WIDTH="21" VPOS="574" HPOS="349"/>
							<String ID="string_18" HPOS="370" VPOS="581" WIDTH="34" HEIGHT="16" WC="0.93" CONTENT="om"/><SP WIDTH="18" VPOS="581" HPOS="404"/>
							<String ID="string_19" HPOS="422" VPOS="575" WIDTH="178" HEIGHT="23" WC="0.90" CONTENT="föranstaltande"/><SP WIDTH="15" VPOS="575" HPOS="600"/>
							<String ID="string_20" HPOS="615" VPOS="576" WIDTH="27" HEIGHT="22" WC="0.96" CONTENT="af"/><SP WIDTH="11" VPOS="576" HPOS="642"/>
							<String ID="string_21" HPOS="653" VPOS="576" WIDTH="194" HEIGHT="30" WC="0.96" CONTENT="undersökningar"/>
						</TextLine>
						<TextLine ID="line_5" HPOS="299" VPOS="609" WIDTH="548" HEIGHT="25">
							<String ID="string_22" HPOS="299" VPOS="609" WIDTH="97" HEIGHT="22" WC="0.96" CONTENT="rörande"/><SP WIDTH="22" VPOS="609" HPOS="396"/>
							<String ID="string_23" HPOS="418" VPOS="609" WIDTH="27" HEIGHT="22" WC="0.96" CONTENT="de"/><SP WIDTH="19" VPOS="609" HPOS="445"/>
							<String ID="string_24" HPOS="464" VPOS="610" WIDTH="71" HEIGHT="22" WC="0.96" CONTENT="under"/><SP WIDTH="15" VPOS="610" HPOS="535"/>
							<String ID="string_25" HPOS="550" VPOS="611" WIDTH="55" HEIGHT="22" WC="0.93" CONTENT="åren"/><SP WIDTH="17" VPOS="611" HPOS="605"/>
							<String ID="string_26" HPOS="622" VPOS="610" WIDTH="111" HEIGHT="23" WC="0.92" CONTENT="1898—99"/><SP WIDTH="15" VPOS="610" HPOS="733"/>
							<String ID="string_27" HPOS="748" VPOS="612" WIDTH="9" HEIGHT="21" WC="0.96" CONTENT="i"/><SP WIDTH="14" VPOS="612" HPOS="757"/>
							<String ID="string_28" HPOS="771" VPOS="612" WIDTH="76" HEIGHT="22" WC="0.94" CONTENT="landet"/>
						</TextLine>
						<TextLine ID="line_6" HPOS="299" VPOS="643" WIDTH="548" HEIGHT="30">
							<String ID="string_29" HPOS="299" VPOS="643" WIDTH="119" HEIGHT="22" WC="0.93" CONTENT="inträffade"/><SP WIDTH="24" VPOS="643" HPOS="418"/>
							<String ID="string_30" HPOS="442" VPOS="644" WIDTH="235" HEIGHT="29" WC="0.91" CONTENT="öfversvämningarna"/><SP WIDTH="18" VPOS="644" HPOS="677"/>
							<String ID="string_31" HPOS="695" VPOS="646" WIDTH="40" HEIGHT="22" WC="0.96" CONTENT="och"/><SP WIDTH="18" VPOS="646" HPOS="735"/>
							<String ID="string_32" HPOS="753" VPOS="652" WIDTH="34" HEIGHT="16" WC="0.92" CONTENT="om"/><SP WIDTH="14" VPOS="652" HPOS="787"/>
							<String ID="string_33" HPOS="801" VPOS="646" WIDTH="46" HEIGHT="22" WC="0.92" CONTENT="vid-"/>
						</TextLine>
						<TextLine ID="line_7" HPOS="298" VPOS="678" WIDTH="548" HEIGHT="28">
							<String ID="string_34" HPOS="298" VPOS="678" WIDTH="98" HEIGHT="28" WC="0.95" CONTENT="tagande"/><SP WIDTH="18" VPOS="678" HPOS="396"/>
							<String ID="string_35" HPOS="414" VPOS="678" WIDTH="27" HEIGHT="22" WC="0.96" CONTENT="af"/><SP WIDTH="16" VPOS="678" HPOS="441"/>
							<String ID="string_36" HPOS="457" VPOS="679" WIDTH="8" HEIGHT="21" WC="0.96" CONTENT="i"/><SP WIDTH="18" VPOS="679" HPOS="465"/>
							<String ID="string_37" HPOS="483" VPOS="679" WIDTH="105" HEIGHT="22" WC="0.96" CONTENT="samband"/><SP WIDTH="16" VPOS="679" HPOS="588"/>
							<String ID="string_38" HPOS="604" VPOS="679" WIDTH="90" HEIGHT="23" WC="0.96" CONTENT="därmed"/><SP WIDTH="15" VPOS="679" HPOS="694"/>
							<String ID="string_39" HPOS="709" VPOS="680" WIDTH="92" HEIGHT="22" WC="0.93" CONTENT="stående"/><SP WIDTH="14" VPOS="680" HPOS="801"/>
							<String ID="string_40" HPOS="815" VPOS="680" WIDTH="31" HEIGHT="22" WC="0.92" CONTENT="åt-"/>
						</TextLine>
						<TextLine ID="line_8" HPOS="299" VPOS="712" WIDTH="89" HEIGHT="28">
							<String ID="string_41" HPOS="299" VPOS="712" WIDTH="89" HEIGHT="28" WC="0.96" CONTENT="gärder."/>
						</TextLine>
					</TextBlock>
				</ComposedBlock>
				<ComposedBlock ID="cblock_2" HPOS="92" VPOS="808" WIDTH="754" HEIGHT="99">
					<TextBlock ID="block_2" HPOS="92" VPOS="808" WIDTH="754" HEIGHT="99">
						<TextLine ID="line_9" HPOS="163" VPOS="808" WIDTH="683" HEIGHT="30">
							<String ID="string_42" HPOS="163" VPOS="808" WIDTH="80" HEIGHT="23" WC="0.93" CONTENT="Genom"/><SP WIDTH="16" VPOS="808" HPOS="243"/>
							<String ID="string_43" HPOS="259" VPOS="810" WIDTH="197" HEIGHT="28" WC="0.92" CONTENT="protokollsutdrag"/><SP WIDTH="16" VPOS="810" HPOS="456"/>
							<String ID="string_44" HPOS="472" VPOS="811" WIDTH="22" HEIGHT="21" WC="0.96" CONTENT="af"/><SP WIDTH="14" VPOS="811" HPOS="494"/>
							<String ID="string_45" HPOS="508" VPOS="812" WIDTH="40" HEIGHT="21" WC="0.96" CONTENT="den"/><SP WIDTH="16" VPOS="812" HPOS="548"/>
							<String ID="string_46" HPOS="564" VPOS="812" WIDTH="12" HEIGHT="20" WC="0.96" CONTENT="8"/><SP WIDTH="17" VPOS="812" HPOS="576"/>
							<String ID="string_47" HPOS="593" VPOS="812" WIDTH="39" HEIGHT="21" WC="0.95" CONTENT="och"/><SP WIDTH="17" VPOS="812" HPOS="632"/>
							<String ID="string_48" HPOS="649" VPOS="812" WIDTH="27" HEIGHT="21" WC="0.95" CONTENT="10"/><SP WIDTH="14" VPOS="812" HPOS="676"/>
							<String ID="string_49" HPOS="690" VPOS="812" WIDTH="103" HEIGHT="22" WC="0.96" CONTENT="Februari"/><SP WIDTH="14" VPOS="812" HPOS="793"/>
							<String ID="string_50" HPOS="807" VPOS="813" WIDTH="39" HEIGHT="21" WC="0.96" CONTENT="har"/>
						</TextLine>
						<TextLine ID="line_10" HPOS="92" VPOS="843" WIDTH="754" HEIGHT="33">
							<String ID="string_51" HPOS="92" VPOS="843" WIDTH="160" HEIGHT="33" WC="0.92" CONTENT="Bondeståndet"/><SP WIDTH="24" VPOS="843" HPOS="252"/>
							<String ID="string_52" HPOS="276" VPOS="844" WIDTH="32" HEIGHT="22" WC="0.96" CONTENT="till"/><SP WIDTH="25" VPOS="844" HPOS="308"/>
							<String ID="string_53" HPOS="333" VPOS="845" WIDTH="129" HEIGHT="27" WC="0.96" CONTENT="behandling"/><SP WIDTH="23" VPOS="845" HPOS="462"/>
							<String ID="string_54" HPOS="485" VPOS="846" WIDTH="6" HEIGHT="21" WC="0.95" CONTENT="i"/><SP WIDTH="26" VPOS="846" HPOS="491"/>
							<String ID="string_55" HPOS="517" VPOS="846" WIDTH="111" HEIGHT="21" WC="0.93" CONTENT="Allmänna"/><SP WIDTH="24" VPOS="846" HPOS="628"/>
							<String ID="string_56" HPOS="652" VPOS="846" WIDTH="194" HEIGHT="22" WC="0.92" CONTENT="Besvärsutskottet"/>
						</TextLine>
						<TextLine ID="line_11" HPOS="93" VPOS="879" WIDTH="519" HEIGHT="28">
							<String ID="string_57" HPOS="93" VPOS="879" WIDTH="118" HEIGHT="21" WC="0.92" CONTENT="remitterat"/><SP WIDTH="15" VPOS="879" HPOS="211"/>
							<String ID="string_58" HPOS="226" VPOS="879" WIDTH="93" HEIGHT="27" WC="0.94" CONTENT="följande"/><SP WIDTH="15" VPOS="879" HPOS="319"/>
							<String ID="string_59" HPOS="334" VPOS="879" WIDTH="42" HEIGHT="22" WC="0.93" CONTENT="fem"/><SP WIDTH="16" VPOS="879" HPOS="376"/>
							<String ID="string_60" HPOS="392" VPOS="880" WIDTH="220" HEIGHT="27" WC="0.90" CONTENT="petitionsmemorial:"/>
						</TextLine>
					</TextBlock>
				</ComposedBlock>
				<ComposedBlock ID="cblock_3" HPOS="606" VPOS="979" WIDTH="170" HEIGHT="27">
					<TextBlock ID="block_3" HPOS="606" VPOS="979" WIDTH="170" HEIGHT="27">
						<TextLine ID="line_12" HPOS="606" VPOS="979" WIDTH="170" HEIGHT="27">
							<String ID="string_61" HPOS="606" VPOS="979" WIDTH="170" HEIGHT="27" WC="0.91" CONTENT="(Öfversättning.)"/>
						</TextLine>
					</TextBlock>
				</ComposedBlock>
				<ComposedBlock ID="cblock_4" HPOS="197" VPOS="1074" WIDTH="543" HEIGHT="23">
					<TextBlock ID="block_4" HPOS="197" VPOS="1074" WIDTH="543" HEIGHT="23">
						<TextLine ID="line_13" HPOS="197" VPOS="1074" WIDTH="543" HEIGHT="23">
							<String ID="string_62" HPOS="197" VPOS="1074" WIDTH="62" HEIGHT="19" WC="0.93" CONTENT="Till"/><SP WIDTH="23" VPOS="1074" HPOS="259"/>
							<String ID="string_63" HPOS="282" VPOS="1074" WIDTH="198" HEIGHT="20" WC="0.91" CONTENT="Hedervärda"/><SP WIDTH="21" VPOS="1074" HPOS="480"/>
							<String ID="string_64" HPOS="501" VPOS="1074" WIDTH="239" HEIGHT="23" WC="0.90" CONTENT="Bondeståndet,"/>
						</TextLine>
					</TextBlock>
				</ComposedBlock>
				<ComposedBlock ID="cblock_5" HPOS="90" VPOS="1148" WIDTH="755" HEIGHT="342">
					<TextBlock ID="block_5" HPOS="90" VPOS="1148" WIDTH="755" HEIGHT="342">
						<TextLine ID="line_14" HPOS="160" VPOS="1148" WIDTH="685" HEIGHT="22">
							<String ID="string_65" HPOS="160" VPOS="1148" WIDTH="72" HEIGHT="19" WC="0.92" CONTENT="Kändt"/><SP WIDTH="23" VPOS="1148" HPOS="232"/>
							<String ID="string_66" HPOS="255" VPOS="1151" WIDTH="22" HEIGHT="17" WC="0.96" CONTENT="är"/><SP WIDTH="19" VPOS="1151" HPOS="277"/>
							<String ID="string_67" HPOS="296" VPOS="1150" WIDTH="31" HEIGHT="18" WC="0.96" CONTENT="att"/><SP WIDTH="15" VPOS="1150" HPOS="327"/>
							<String ID="string_68" HPOS="342" VPOS="1148" WIDTH="26" HEIGHT="20" WC="0.96" CONTENT="de"/><SP WIDTH="14" VPOS="1148" HPOS="368"/>
							<String ID="string_69" HPOS="382" VPOS="1151" WIDTH="56" HEIGHT="17" WC="0.93" CONTENT="stora"/><SP WIDTH="14" VPOS="1151" HPOS="438"/>
							<String ID="string_70" HPOS="452" VPOS="1148" WIDTH="117" HEIGHT="21" WC="0.92" CONTENT="vårflödena"/><SP WIDTH="14" VPOS="1148" HPOS="569"/>
							<String ID="string_71" HPOS="583" VPOS="1149" WIDTH="66" HEIGHT="20" WC="0.96" CONTENT="under"/><SP WIDTH="15" VPOS="1149" HPOS="649"/>
							<String ID="string_72" HPOS="664" VPOS="1149" WIDTH="25" HEIGHT="20" WC="0.96" CONTENT="de"/><SP WIDTH="15" VPOS="1149" HPOS="689"/>
							<String ID="string_73" HPOS="704" VPOS="1152" WIDTH="82" HEIGHT="18" WC="0.96" CONTENT="senaste"/><SP WIDTH="11" VPOS="1152" HPOS="786"/>
							<String ID="string_74" HPOS="797" VPOS="1151" WIDTH="48" HEIGHT="19" WC="0.96" CONTENT="åren"/>
						</TextLine>
						<TextLine ID="line_15" HPOS="91" VPOS="1177" WIDTH="754" HEIGHT="26">
							<String ID="string_75" HPOS="91" VPOS="1177" WIDTH="79" HEIGHT="25" WC="0.92" CONTENT="begynt"/><SP WIDTH="21" VPOS="1177" HPOS="170"/>
							<String ID="string_76" HPOS="191" VPOS="1177" WIDTH="102" HEIGHT="25" WC="0.95" CONTENT="uppträda"/><SP WIDTH="21" VPOS="1177" HPOS="293"/>
							<String ID="string_77" HPOS="314" VPOS="1177" WIDTH="140" HEIGHT="26" WC="0.96" CONTENT="regelbundet,"/><SP WIDTH="16" VPOS="1177" HPOS="454"/>
							<String ID="string_78" HPOS="470" VPOS="1178" WIDTH="131" HEIGHT="20" WC="0.96" CONTENT="medförande"/><SP WIDTH="19" VPOS="1178" HPOS="601"/>
							<String ID="string_79" HPOS="620" VPOS="1178" WIDTH="32" HEIGHT="19" WC="0.96" CONTENT="för"/><SP WIDTH="19" VPOS="1178" HPOS="652"/>
							<String ID="string_80" HPOS="671" VPOS="1178" WIDTH="24" HEIGHT="20" WC="0.96" CONTENT="de"/><SP WIDTH="15" VPOS="1178" HPOS="695"/>
							<String ID="string_81" HPOS="710" VPOS="1178" WIDTH="36" HEIGHT="20" WC="0.95" CONTENT="vid"/><SP WIDTH="15" VPOS="1178" HPOS="746"/>
							<String ID="string_82" HPOS="761" VPOS="1178" WIDTH="25" HEIGHT="20" WC="0.96" CONTENT="de"/><SP WIDTH="15" VPOS="1178" HPOS="786"/>
							<String ID="string_83" HPOS="801" VPOS="1179" WIDTH="44" HEIGHT="19" WC="0.95" CONTENT="inre"/>
						</TextLine>
						<TextLine ID="line_16" HPOS="91" VPOS="1205" WIDTH="754" HEIGHT="25">
							<String ID="string_84" HPOS="91" VPOS="1205" WIDTH="150" HEIGHT="25" WC="0.95" CONTENT="vattendragen"/><SP WIDTH="16" VPOS="1205" HPOS="241"/>
							<String ID="string_85" HPOS="257" VPOS="1205" WIDTH="78" HEIGHT="20" WC="0.93" CONTENT="boende"/><SP WIDTH="12" VPOS="1205" HPOS="335"/>
							<String ID="string_86" HPOS="347" VPOS="1205" WIDTH="151" HEIGHT="25" WC="0.91" CONTENT="jordbrukarne"/><SP WIDTH="16" VPOS="1205" HPOS="498"/>
							<String ID="string_87" HPOS="514" VPOS="1207" WIDTH="37" HEIGHT="19" WC="0.93" CONTENT="och"/><SP WIDTH="15" VPOS="1207" HPOS="551"/>
							<String ID="string_88" HPOS="566" VPOS="1206" WIDTH="176" HEIGHT="20" WC="0.90" CONTENT="industriidkarne"/><SP WIDTH="15" VPOS="1206" HPOS="742"/>
							<String ID="string_89" HPOS="757" VPOS="1207" WIDTH="32" HEIGHT="19" WC="0.93" CONTENT="till"/><SP WIDTH="11" VPOS="1207" HPOS="789"/>
							<String ID="string_90" HPOS="800" VPOS="1208" WIDTH="45" HEIGHT="18" WC="0.92" CONTENT="mil-"/>
						</TextLine>
						<TextLine ID="line_17" HPOS="90" VPOS="1234" WIDTH="755" HEIGHT="26">
							<String ID="string_91" HPOS="90" VPOS="1234" WIDTH="59" HEIGHT="25" WC="0.96" CONTENT="joner"/><SP WIDTH="22" VPOS="1234" HPOS="149"/>
							<String ID="string_92" HPOS="171" VPOS="1234" WIDTH="57" HEIGHT="19" WC="0.96" CONTENT="mark"/><SP WIDTH="23" VPOS="1234" HPOS="228"/>
							<String ID="string_93" HPOS="251" VPOS="1234" WIDTH="117" HEIGHT="20" WC="0.96" CONTENT="beräknade"/><SP WIDTH="18" VPOS="1234" HPOS="368"/>
							<String ID="string_94" HPOS="386" VPOS="1234" WIDTH="104" HEIGHT="20" WC="0.96" CONTENT="förluster."/><SP WIDTH="31" VPOS="1234" HPOS="490"/>
							<String ID="string_95" HPOS="521" VPOS="1235" WIDTH="72" HEIGHT="25" WC="0.91" CONTENT="Enligt"/><SP WIDTH="15" VPOS="1235" HPOS="593"/>
							<String ID="string_96" HPOS="608" VPOS="1235" WIDTH="23" HEIGHT="19" WC="0.96" CONTENT="af"/><SP WIDTH="12" VPOS="1235" HPOS="631"/>
							<String ID="string_97" HPOS="643" VPOS="1235" WIDTH="94" HEIGHT="19" WC="0.96" CONTENT="fackmän"/><SP WIDTH="16" VPOS="1235" HPOS="737"/>
							<String ID="string_98" HPOS="753" VPOS="1236" WIDTH="92" HEIGHT="19" WC="0.95" CONTENT="uttalade"/>
						</TextLine>
						<TextLine ID="line_18" HPOS="91" VPOS="1262" WIDTH="754" HEIGHT="27">
							<String ID="string_99" HPOS="91" VPOS="1263" WIDTH="63" HEIGHT="25" WC="0.95" CONTENT="högst"/><SP WIDTH="26" VPOS="1263" HPOS="154"/>
							<String ID="string_100" HPOS="180" VPOS="1262" WIDTH="108" HEIGHT="20" WC="0.95" CONTENT="sannolika"/><SP WIDTH="22" VPOS="1262" HPOS="288"/>
							<String ID="string_101" HPOS="310" VPOS="1262" WIDTH="130" HEIGHT="26" WC="0.96" CONTENT="antaganden"/><SP WIDTH="22" VPOS="1262" HPOS="440"/>
							<String ID="string_102" HPOS="462" VPOS="1263" WIDTH="81" HEIGHT="20" WC="0.96" CONTENT="komma"/><SP WIDTH="22" VPOS="1263" HPOS="543"/>
							<String ID="string_103" HPOS="565" VPOS="1263" WIDTH="72" HEIGHT="26" WC="0.93" CONTENT="dylika"/><SP WIDTH="21" VPOS="1263" HPOS="637"/>
							<String ID="string_104" HPOS="658" VPOS="1263" WIDTH="104" HEIGHT="20" WC="0.92" CONTENT="vårflöden"/><SP WIDTH="23" VPOS="1263" HPOS="762"/>
							<String ID="string_105" HPOS="785" VPOS="1264" WIDTH="60" HEIGHT="20" WC="0.95" CONTENT="äfven"/>
						</TextLine>
						<TextLine ID="line_19" HPOS="92" VPOS="1291" WIDTH="752" HEIGHT="27">
							<String ID="string_106" HPOS="92" VPOS="1291" WIDTH="103" HEIGHT="26" WC="0.96" CONTENT="framgent"/><SP WIDTH="15" VPOS="1291" HPOS="195"/>
							<String ID="string_107" HPOS="210" VPOS="1293" WIDTH="30" HEIGHT="17" WC="0.96" CONTENT="att"/><SP WIDTH="14" VPOS="1293" HPOS="240"/>
							<String ID="string_108" HPOS="254" VPOS="1291" WIDTH="90" HEIGHT="25" WC="0.96" CONTENT="inträffa,"/><SP WIDTH="16" VPOS="1291" HPOS="344"/>
							<String ID="string_109" HPOS="360" VPOS="1291" WIDTH="72" HEIGHT="20" WC="0.96" CONTENT="såvida"/><SP WIDTH="14" VPOS="1291" HPOS="432"/>
							<String ID="string_110" HPOS="446" VPOS="1292" WIDTH="46" HEIGHT="20" WC="0.96" CONTENT="icke"/><SP WIDTH="16" VPOS="1292" HPOS="492"/>
							<String ID="string_111" HPOS="508" VPOS="1292" WIDTH="102" HEIGHT="20" WC="0.96" CONTENT="särskilda"/><SP WIDTH="14" VPOS="1292" HPOS="610"/>
							<String ID="string_112" HPOS="624" VPOS="1293" WIDTH="52" HEIGHT="19" WC="0.95" CONTENT="mått"/><SP WIDTH="14" VPOS="1293" HPOS="676"/>
							<String ID="string_113" HPOS="690" VPOS="1292" WIDTH="38" HEIGHT="20" WC="0.96" CONTENT="och"/><SP WIDTH="15" VPOS="1292" HPOS="728"/>
							<String ID="string_114" HPOS="743" VPOS="1295" WIDTH="47" HEIGHT="23" WC="0.93" CONTENT="steg"/><SP WIDTH="9" VPOS="1295" HPOS="790"/>
							<String ID="string_115" HPOS="799" VPOS="1292" WIDTH="45" HEIGHT="20" WC="0.92" CONTENT="vid-"/>
						</TextLine>
						<TextLine ID="line_20" HPOS="91" VPOS="1319" WIDTH="754" HEIGHT="27">
							<String ID="string_116" HPOS="91" VPOS="1323" WIDTH="60" HEIGHT="23" WC="0.96" CONTENT="tagas"/><SP WIDTH="14" VPOS="1323" HPOS="151"/>
							<String ID="string_117" HPOS="165" VPOS="1319" WIDTH="33" HEIGHT="20" WC="0.96" CONTENT="för"/><SP WIDTH="15" VPOS="1319" HPOS="198"/>
							<String ID="string_118" HPOS="213" VPOS="1322" WIDTH="31" HEIGHT="17" WC="0.96" CONTENT="att"/><SP WIDTH="14" VPOS="1322" HPOS="244"/>
							<String ID="string_119" HPOS="258" VPOS="1320" WIDTH="106" HEIGHT="20" WC="0.96" CONTENT="motverka"/><SP WIDTH="16" VPOS="1320" HPOS="364"/>
							<String ID="string_120" HPOS="380" VPOS="1320" WIDTH="60" HEIGHT="20" WC="0.95" CONTENT="dessa"/><SP WIDTH="15" VPOS="1320" HPOS="440"/>
							<String ID="string_121" HPOS="455" VPOS="1321" WIDTH="132" HEIGHT="25" WC="0.96" CONTENT="synbarligen"/><SP WIDTH="15" VPOS="1321" HPOS="587"/>
							<String ID="string_122" HPOS="602" VPOS="1321" WIDTH="26" HEIGHT="25" WC="0.96" CONTENT="på"/><SP WIDTH="15" VPOS="1321" HPOS="628"/>
							<String ID="string_123" HPOS="643" VPOS="1322" WIDTH="73" HEIGHT="24" WC="0.96" CONTENT="många"/><SP WIDTH="15" VPOS="1322" HPOS="716"/>
							<String ID="string_124" HPOS="731" VPOS="1321" WIDTH="114" HEIGHT="20" WC="0.96" CONTENT="olikartade"/>
						</TextLine>
						<TextLine ID="line_21" HPOS="91" VPOS="1348" WIDTH="754" HEIGHT="26">
							<String ID="string_125" HPOS="91" VPOS="1348" WIDTH="84" HEIGHT="20" WC="0.96" CONTENT="orsaker"/><SP WIDTH="26" VPOS="1348" HPOS="175"/>
							<String ID="string_126" HPOS="201" VPOS="1348" WIDTH="101" HEIGHT="20" WC="0.93" CONTENT="beroende"/><SP WIDTH="22" VPOS="1348" HPOS="302"/>
							<String ID="string_127" HPOS="324" VPOS="1348" WIDTH="185" HEIGHT="20" WC="0.90" CONTENT="naturföreteelser."/><SP WIDTH="31" VPOS="1348" HPOS="509"/>
							<String ID="string_128" HPOS="540" VPOS="1349" WIDTH="31" HEIGHT="19" WC="0.91" CONTENT="De"/><SP WIDTH="22" VPOS="1349" HPOS="571"/>
							<String ID="string_129" HPOS="593" VPOS="1348" WIDTH="24" HEIGHT="20" WC="0.93" CONTENT="af"/><SP WIDTH="12" VPOS="1348" HPOS="617"/>
							<String ID="string_130" HPOS="629" VPOS="1349" WIDTH="216" HEIGHT="25" WC="0.90" CONTENT="öfversvämningarna"/>
						</TextLine>
						<TextLine ID="line_22" HPOS="91" VPOS="1376" WIDTH="754" HEIGHT="26">
							<String ID="string_131" HPOS="91" VPOS="1376" WIDTH="133" HEIGHT="20" WC="0.96" CONTENT="förorsakade"/><SP WIDTH="22" VPOS="1376" HPOS="224"/>
							<String ID="string_132" HPOS="246" VPOS="1376" WIDTH="103" HEIGHT="20" WC="0.96" CONTENT="skadorna"/><SP WIDTH="22" VPOS="1376" HPOS="349"/>
							<String ID="string_133" HPOS="371" VPOS="1376" WIDTH="62" HEIGHT="20" WC="0.95" CONTENT="hafva"/><SP WIDTH="21" VPOS="1376" HPOS="433"/>
							<String ID="string_134" HPOS="454" VPOS="1377" WIDTH="55" HEIGHT="19" WC="0.96" CONTENT="varit"/><SP WIDTH="21" VPOS="1377" HPOS="509"/>
							<String ID="string_135" HPOS="530" VPOS="1377" WIDTH="117" HEIGHT="25" WC="0.96" CONTENT="betydande"/><SP WIDTH="23" VPOS="1377" HPOS="647"/>
							<String ID="string_136" HPOS="670" VPOS="1377" WIDTH="98" HEIGHT="20" WC="0.94" CONTENT="särskildt"/><SP WIDTH="15" VPOS="1377" HPOS="768"/>
							<String ID="string_137" HPOS="783" VPOS="1377" WIDTH="7" HEIGHT="19" WC="0.96" CONTENT="i"/><SP WIDTH="15" VPOS="1377" HPOS="790"/>
							<String ID="string_138" HPOS="805" VPOS="1377" WIDTH="40" HEIGHT="20" WC="0.96" CONTENT="den"/>
						</TextLine>
						<TextLine ID="line_23" HPOS="92" VPOS="1404" WIDTH="752" HEIGHT="28">
							<String ID="string_139" HPOS="92" VPOS="1404" WIDTH="33" HEIGHT="21" WC="0.96" CONTENT="del"/><SP WIDTH="15" VPOS="1404" HPOS="125"/>
							<String ID="string_140" HPOS="140" VPOS="1404" WIDTH="23" HEIGHT="20" WC="0.96" CONTENT="af"/><SP WIDTH="13" VPOS="1404" HPOS="163"/>
							<String ID="string_141" HPOS="176" VPOS="1405" WIDTH="47" HEIGHT="20" WC="0.93" CONTENT="vårt"/><SP WIDTH="14" VPOS="1405" HPOS="223"/>
							<String ID="string_142" HPOS="237" VPOS="1404" WIDTH="110" HEIGHT="26" WC="0.92" CONTENT="sydvestra"/><SP WIDTH="14" VPOS="1404" HPOS="347"/>
							<String ID="string_143" HPOS="361" VPOS="1407" WIDTH="156" HEIGHT="23" WC="0.96" CONTENT="vattensystem,"/><SP WIDTH="16" VPOS="1407" HPOS="517"/>
							<String ID="string_144" HPOS="533" VPOS="1412" WIDTH="43" HEIGHT="13" WC="0.96" CONTENT="som"/><SP WIDTH="15" VPOS="1412" HPOS="576"/>
							<String ID="string_145" HPOS="591" VPOS="1405" WIDTH="38" HEIGHT="20" WC="0.95" CONTENT="har"/><SP WIDTH="15" VPOS="1405" HPOS="629"/>
							<String ID="string_146" HPOS="644" VPOS="1405" WIDTH="31" HEIGHT="20" WC="0.96" CONTENT="sin"/><SP WIDTH="15" VPOS="1405" HPOS="675"/>
							<String ID="string_147" HPOS="690" VPOS="1406" WIDTH="133" HEIGHT="26" WC="0.96" CONTENT="upprinnelse"/><SP WIDTH="14" VPOS="1406" HPOS="823"/>
							<String ID="string_148" HPOS="837" VPOS="1406" WIDTH="7" HEIGHT="19" WC="0.96" CONTENT="i"/>
						</TextLine>
						<TextLine ID="line_24" HPOS="91" VPOS="1433" WIDTH="753" HEIGHT="27">
							<String ID="string_149" HPOS="91" VPOS="1433" WIDTH="62" HEIGHT="21" WC="0.95" CONTENT="södra"/><SP WIDTH="15" VPOS="1433" HPOS="153"/>
							<String ID="string_150" HPOS="168" VPOS="1434" WIDTH="126" HEIGHT="20" WC="0.85" CONTENT="Tavastland"/><SP WIDTH="16" VPOS="1434" HPOS="294"/>
							<String ID="string_151" HPOS="310" VPOS="1434" WIDTH="38" HEIGHT="20" WC="0.96" CONTENT="och"/><SP WIDTH="16" VPOS="1434" HPOS="348"/>
							<String ID="string_152" HPOS="364" VPOS="1434" WIDTH="93" HEIGHT="20" WC="0.96" CONTENT="sträcker"/><SP WIDTH="15" VPOS="1434" HPOS="457"/>
							<String ID="string_153" HPOS="472" VPOS="1435" WIDTH="33" HEIGHT="25" WC="0.96" CONTENT="sig"/><SP WIDTH="15" VPOS="1435" HPOS="505"/>
							<String ID="string_154" HPOS="520" VPOS="1435" WIDTH="32" HEIGHT="19" WC="0.93" CONTENT="till"/><SP WIDTH="14" VPOS="1435" HPOS="552"/>
							<String ID="string_155" HPOS="566" VPOS="1435" WIDTH="119" HEIGHT="25" WC="0.92" CONTENT="Pyhäjärvi,"/><SP WIDTH="16" VPOS="1435" HPOS="685"/>
							<String ID="string_156" HPOS="701" VPOS="1438" WIDTH="52" HEIGHT="17" WC="0.96" CONTENT="samt"/><SP WIDTH="15" VPOS="1438" HPOS="753"/>
							<String ID="string_157" HPOS="768" VPOS="1435" WIDTH="6" HEIGHT="19" WC="0.93" CONTENT="i"/><SP WIDTH="13" VPOS="1435" HPOS="774"/>
							<String ID="string_158" HPOS="787" VPOS="1435" WIDTH="57" HEIGHT="19" WC="0.92" CONTENT="trak-"/>
						</TextLine>
						<TextLine ID="line_25" HPOS="90" VPOS="1463" WIDTH="754" HEIGHT="27">
							<String ID="string_159" HPOS="90" VPOS="1467" WIDTH="61" HEIGHT="17" WC="0.96" CONTENT="terna"/><SP WIDTH="21" VPOS="1467" HPOS="151"/>
							<String ID="string_160" HPOS="172" VPOS="1463" WIDTH="63" HEIGHT="26" WC="0.96" CONTENT="kring"/><SP WIDTH="21" VPOS="1463" HPOS="235"/>
							<String ID="string_161" HPOS="256" VPOS="1463" WIDTH="59" HEIGHT="20" WC="0.92" CONTENT="detta"/><SP WIDTH="23" VPOS="1463" HPOS="315"/>
							<String ID="string_162" HPOS="338" VPOS="1465" WIDTH="161" HEIGHT="23" WC="0.92" CONTENT="vattensystems"/><SP WIDTH="18" VPOS="1465" HPOS="499"/>
							<String ID="string_163" HPOS="517" VPOS="1464" WIDTH="78" HEIGHT="26" WC="0.93" CONTENT="utlopp,"/><SP WIDTH="15" VPOS="1464" HPOS="595"/>
							<String ID="string_164" HPOS="610" VPOS="1464" WIDTH="68" HEIGHT="20" WC="0.92" CONTENT="Kumo"/><SP WIDTH="15" VPOS="1464" HPOS="678"/>
							<String ID="string_165" HPOS="693" VPOS="1464" WIDTH="34" HEIGHT="24" WC="0.95" CONTENT="elf,"/><SP WIDTH="16" VPOS="1464" HPOS="727"/>
							<String ID="string_166" HPOS="743" VPOS="1464" WIDTH="38" HEIGHT="20" WC="0.96" CONTENT="och"/><SP WIDTH="16" VPOS="1464" HPOS="781"/>
							<String ID="string_167" HPOS="797" VPOS="1464" WIDTH="47" HEIGHT="20" WC="0.96" CONTENT="dess"/>
						</TextLine>
					</TextBlock>
				</ComposedBlock>
				<ComposedBlock ID="cblock_6" HPOS="159" VPOS="1502" WIDTH="486" HEIGHT="20">
					<TextBlock ID="block_6" HPOS="159" VPOS="1502" WIDTH="486" HEIGHT="20">
						<TextLine ID="line_26" HPOS="159" VPOS="1502" WIDTH="486" HEIGHT="20">
							<String ID="string_168" HPOS="159" VPOS="1503" WIDTH="101" HEIGHT="18" WC="0.93" CONTENT="Allmänna"/><SP WIDTH="12" VPOS="1503" HPOS="260"/>
							<String ID="string_169" HPOS="272" VPOS="1502" WIDTH="174" HEIGHT="19" WC="0.91" CONTENT="Besvärsutskottets"/><SP WIDTH="12" VPOS="1502" HPOS="446"/>
							<String ID="string_170" HPOS="458" VPOS="1503" WIDTH="111" HEIGHT="18" WC="0.96" CONTENT="betänkande"/><SP WIDTH="11" VPOS="1503" HPOS="569"/>
							<String ID="string_171" HPOS="580" VPOS="1503" WIDTH="35" HEIGHT="19" WC="0.96" CONTENT="N:o"/><SP WIDTH="12" VPOS="1503" HPOS="615"/>
							<String ID="string_172" HPOS="627" VPOS="1504" WIDTH="18" HEIGHT="17" WC="0.96" CONTENT="4."/>
						</TextLine>
					</TextBlock>
				</ComposedBlock>
			</PrintSpace>
		</Page>
	</Layout>
</alto>
