1095 1756
245 172 26 19 88
408 170 275 23 Petitionsbetänkande
697 170 44 22 N:o
755 170 35 22 14.

216 236 89 24 förslaget
316 236 40 19 icke
368 236 52 20 torde
431 243 44 12 vara
486 240 28 16 att
525 240 68 16 emotse
605 237 48 18 inom
665 243 22 12 en
698 239 46 16 nära
754 236 82 23 framtid,
848 236 35 19 och
892 236 25 19 då
922 236 45 19 Hei-

215 266 43 18 nola
269 266 42 18 stad
322 266 36 18 och
369 266 138 24 kringliggande
518 267 109 17 kommuner
638 266 6 18 i
653 266 37 23 hög
698 266 46 23 grad
753 266 59 18 blefve
821 265 73 19 lidande
902 271 65 18 genom

216 302 22 12 en
255 297 75 18 fortsatt
342 296 85 24 isolering
438 297 35 18 och
484 296 90 19 afsaknad
585 297 20 18 af
616 296 109 19 förbindelse
737 296 42 18 med
791 295 71 19 landets
874 296 93 24 järnvägs-

215 326 38 22 nät,
265 326 47 23 våga
324 326 24 22 vi,
360 325 62 19 därtill
433 326 116 24 uppmanade
560 326 20 18 af
591 326 23 18 de
624 326 109 18 kommuner
744 326 18 17 vi
775 327 127 22 representera,
913 324 54 19 vörd-

217 356 90 16 sammast
324 354 74 19 anhålla
412 360 30 13 om
454 355 92 23 vällofliga
557 354 162 24 Borgareståndets
731 354 83 24 benägna
826 353 102 19 understöd
938 354 30 18 för

216 389 23 12 en
250 384 76 23 petition
338 383 19 19 af
368 383 80 19 innehåll
460 385 37 16 att:

488 447 36 22 för
536 448 35 17 den
583 446 88 19 händelse
679 448 26 16 ett
713 446 108 23 aktiebolag
827 446 36 22 för
870 446 98 22 byggande

422 476 34 18 och
470 477 135 23 trafikerande
621 477 26 22 af
663 482 21 12 en
696 474 118 26 smalspårig
825 476 82 23 järnväg
916 474 51 24 från

422 506 69 18 Lahtis
505 506 69 23 köping
586 506 30 18 till
628 505 83 18 Heinola
720 505 47 18 stad
775 506 79 17 kommer
863 505 31 18 till
903 502 65 25 stånd,

422 535 54 17 detta
497 535 56 23 bolag
573 536 26 22 af
618 535 118 17 statsvärket
754 534 156 18 subventioneras
927 534 42 18 med

422 565 103 21 1,500,000
537 564 60 18 mark.

285 620 123 24 Helsingfors,
420 621 36 18 den
467 621 12 18 8
490 621 88 18 Februari
592 621 47 18 1900.

287 684 50 24 Eero
353 683 68 25 Erkko.
720 683 19 24 C.
755 684 18 23 E.
790 683 108 30 Holmberg.

577 818 34 24 43.

742 877 157 28 (Öfversättning).

386 940 48 18 Till
446 940 152 19 hedervärda
609 940 189 19 Bondeständet.

288 998 74 23 Frägan
374 1003 29 13 om
416 1003 22 12 en
449 998 76 23 järnväg
537 998 41 18 frän
591 998 63 18 Lahtis
666 998 28 18 till
703 998 79 18 Heinola
791 998 73 18 förevar
873 997 56 18 redan
938 997 30 18 vid

219 1026 44 18 1897
276 1027 31 17 års
319 1026 89 24 landtdag
420 1026 35 18 och
466 1026 70 19 beslöto
549 1026 102 18 Ständerna
659 1026 30 22 dä,
698 1028 28 16 att
734 1026 124 19 bansträckan
868 1026 101 19 Heinola—

219 1055 66 19 Lahtis
302 1055 60 18 skulle
373 1055 138 18 instrumentalt
522 1054 112 20 undersökas
647 1056 35 18 och
693 1056 110 18 alternativa
813 1055 109 25 banprojekt
934 1055 35 19 och

219 1084 159 23 kostnadsförslag
390 1084 56 23 enligt
458 1084 50 18 såväl
521 1085 54 17 smal-
587 1090 38 13 som
633 1085 184 23 normalspärsystem
826 1085 30 18 för
862 1085 107 18 densamma

219 1115 97 22 uppgöras.

287 1138 146 26 Ötverstyrelsen
451 1142 30 17 för
498 1143 43 21 väg-
558 1142 35 17 och
607 1142 195 22 vattenbyggnaderna
813 1142 37 17 blef
862 1142 53 17 äfven
927 1141 42 18 med

219 1170 99 23 anledning
334 1170 56 18 häraf
405 1169 85 18 anbefald
507 1172 28 15 att
547 1171 38 17 läta
597 1170 100 18 värkställa
708 1169 52 24 dylik
772 1170 137 23 undersökning
921 1172 49 16 samt

219 1199 86 18 utarbeta
316 1198 163 23 kostnadsförslag,
491 1199 36 17 och
538 1199 97 23 föreligger
646 1199 174 23 projektriktningar
829 1199 35 18 och
873 1199 96 18 beräknin-

219 1233 34 18 gar
264 1228 29 18 för
305 1228 61 17 banan
378 1228 59 17 säsom
450 1228 137 23 normalspärig.
611 1227 26 18 Af
649 1227 34 18 den
694 1227 107 18 värkstälda
810 1227 159 24 undersökningen

219 1256 88 23 framgår,
324 1258 28 16 att
368 1256 70 17 banans
455 1256 55 23 längd
523 1257 59 17 skulle
594 1256 57 18 blifva
663 1257 45 20 35,75
720 1256 94 18 kilometer
827 1259 48 15 samt
887 1258 28 16 att
927 1256 42 18 den-

220 1290 71 13 samma
309 1285 59 18 skulle
386 1285 108 22 genomlöpa
506 1291 21 11 en
539 1285 130 21 jämförelsevis
681 1285 42 17 svår
736 1286 48 16 terrä:
838 1284 37 18 Det
887 1285 30 18 för
928 1291 41 11 nor-

219 1313 152 22 malspärsystem
388 1311 103 24 uppgjorda
507 1311 177 23 kostnadsförslaget
701 1311 59 18 slutar
777 1311 63 18 därför
858 1312 54 17 äfven
928 1312 41 18 med

219 1345 22 13 en
259 1345 72 12 summa
347 1340 20 17 af
383 1340 90 21 3,949,000
485 1340 53 17 mark
551 1340 42 17 eller
605 1340 6 17 i
623 1339 57 18 rundt
692 1339 25 18 tal
731 1340 72 21 110,000
815 1340 53 17 mark
880 1346 33 17 pro
925 1340 44 18 kilo-

218 1370 62 17 meter.

287 1396 102 25 Angående
400 1403 26 12 nu
438 1397 139 24 ifrågavarande
589 1397 47 18 bana
648 1397 87 18 framhöll
747 1397 99 19 emellertid
857 1397 56 19 redan
921 1398 48 23 järn-

220 1427 137 23 vägsutskottet
374 1426 32 18 vid
425 1427 43 18 1897
487 1427 30 17 års
534 1426 93 24 landtdag,
645 1428 28 17 att
689 1426 136 19 lokalbehofvet
836 1427 6 18 i
854 1427 35 18 och
900 1427 30 19 för
941 1428 29 23 sig

219 1461 44 14 vore
278 1456 44 18 fullt
336 1456 71 23 betjänt
421 1456 20 18 af
452 1461 22 12 en
485 1456 49 17 bana
545 1455 20 18 af
576 1455 46 19 allra
633 1455 82 19 enklaste
727 1456 39 23 slag
778 1467 22 2 —
812 1457 93 18 eventuelt
916 1457 20 18 af
947 1463 22 12 en

219 1485 49 19 bana
285 1485 20 18 af
322 1490 70 13 samma
410 1487 34 21 typ
461 1490 40 12 som
515 1480 86 34 Lovisa—
608 1480 90 34 Vesijärvi
714 1486 66 18 banan.
804 1485 97 19 Utskottet
912 1487 57 23 ansåg

286 1525 185 23 Järnvägsutskottets
481 1525 110 18 betänkande
602 1525 37 18 N:o
652 1525 18 18 2.
