1700 1867
658 244 247 23 Petitionsbetänkande
919 246 38 22 N:o
973 244 18 22 9.
1186 246 14 20 5

585 308 57 24 höjas
664 308 44 20 med
729 309 124 24 fyrahundra
875 309 59 26 (400)
956 309 57 19 mark
1027 308 84 26 årligen,
1125 309 24 20 så
1163 310 36 23 att,

585 337 86 19 räknadt
693 336 44 24 från
755 338 88 19 nämnda
857 338 36 24 tid,
908 338 36 19 den
960 338 81 19 lärarne
1055 338 8 18 i
1078 338 121 24 statsbidrag

585 364 121 20 tillerkända
727 366 122 24 grundlönen
865 366 60 24 blefve
941 366 62 24 1,200
1018 366 57 19 mark
1093 367 35 19 och
1144 366 54 19 lära-

583 393 108 20 rinnornas
706 395 63 23 1,000
784 395 57 19 mark
855 394 82 26 årligen,
948 394 44 20 med
1007 395 22 19 de
1045 395 154 24 löneförhöjnin-

584 428 37 18 gar
641 428 44 13 som
707 423 8 19 i
732 422 45 20 nåd.
797 423 166 25 förordningarna
979 423 68 19 härom
1062 424 25 18 är
1101 423 97 25 stadgadt,

583 452 53 18 samt
651 452 28 18 att
694 451 23 19 de
731 452 27 24 $$
773 452 8 18 i
796 452 43 19 nåd.
855 451 242 25 folkskoleförordningen,
1108 458 43 13 som
1167 452 30 19 be-

583 481 47 18 röra
645 479 58 20 dessa
713 480 94 25 punkter,
823 480 58 20 måtte
896 481 74 19 ändras
985 481 8 19 i
1008 481 84 24 enlighet
1108 481 88 24 härmed,

585 508 84 19 likasom
687 509 64 24 äfven,
767 511 30 17 att
811 509 112 20 Ständerna
937 509 59 19 måtte
1011 509 70 20 anvisa
1096 509 33 20 till
1144 509 53 20 detta

583 536 94 20 ändamål
692 537 129 26 erforderliga
835 538 68 19 medel.

514 587 131 27 Helsingfors
661 588 39 21 den
717 589 25 20 10
758 589 89 20 februari
864 589 60 20 1900.

515 662 16 22 J.
548 662 23 23 A.
589 662 116 23 Pelkonen.
945 663 62 22 Kust.
1024 663 100 23 Killinen.

516 702 66 24 Konr.
599 703 112 23 Relander.
943 703 23 23 H.
983 703 114 29 Liljeroos.

513 857 156 28 Statsbidraget
694 859 32 20 till
751 858 295 27 folkskollärarepersonalens
1070 858 28 27 pä
1123 859 72 20 landet

442 892 93 27 aflöning
557 893 39 21 har
618 894 76 20 tvenne
715 894 80 26 gänger
814 893 64 22 sedan
901 893 23 22 är
948 893 61 26 1866,
1032 892 27 22 dä
1080 892 114 23 folkskole-

442 927 102 22 väsendet
554 928 160 26 organiserades
724 929 7 21 i
742 929 47 20 vårt
797 929 55 26 land,
861 927 68 22 blifvit
937 927 24 22 af
967 927 83 27 Regent
1058 927 39 22 och
1106 927 91 22 Ständer

442 961 66 28 höjdt.
534 961 81 22 Genom
630 962 53 22 Nåd.
700 962 145 28 Kungörelsen
860 962 23 21 af
897 963 41 20 den
955 963 25 20 19
996 963 57 20 Mars
1070 961 55 22 1886
1141 961 51 22 fast-

442 996 79 22 stäldes
543 996 132 27 grundlönen
698 997 31 22 till
753 997 42 22 800
813 998 60 21 mark
891 997 33 21 för
938 997 68 21 lärare
1023 997 38 21 och
1077 997 42 20 600
1134 996 60 21 mark

442 1030 33 21 för
496 1030 107 22 lärarinna
618 1032 6 20 i
640 1031 71 22 stället
726 1031 33 22 för
775 1032 24 21 de
816 1031 145 27 ursprungliga
976 1031 104 26 beloppen
1096 1031 43 21 600
1154 1030 39 21 och

441 1065 43 21 400
506 1065 66 26 mark,
588 1066 39 21 och
649 1072 75 21 genom
746 1066 54 21 Näd.
817 1066 144 27 Kungörelsen
984 1065 23 22 af
1028 1066 41 21 den
1090 1066 25 21 13
1136 1065 58 21 Mars

442 1099 56 21 1895
520 1099 120 22 bestämdes
658 1100 170 27 älderstilläggen
843 1102 32 19 att
890 1101 51 25 utgå
956 1099 53 22 efter
1023 1099 20 27 5,
1061 1100 32 26 10,
1110 1100 26 20 15
1152 1099 39 21 och

441 1134 29 21 20
492 1133 33 22 års
548 1134 64 26 tjenst
635 1134 46 21 med
704 1141 53 20 resp.
775 1135 26 21 10
813 1135 34 26 %,
863 1134 68 27 109,
949 1134 60 26 10%
1025 1133 39 22 och
1087 1134 64 25 20%
1174 1133 23 21 af

440 1168 133 27 grundlönen
589 1169 7 20 i
611 1169 70 21 stället
696 1168 34 21 för
745 1169 160 27 ursprungligen
916 1169 28 21 20
951 1168 34 27 %,
997 1169 27 20 10
1031 1167 34 27 9/4,
1079 1169 25 20 10
1111 1167 29 27 9/,
1151 1169 39 20 och

443 1203 27 21 10
477 1202 27 28 %,
520 1203 53 21 efter
590 1203 32 24 10,
639 1203 32 26 15,
688 1203 27 22 20
731 1203 39 22 och
785 1204 28 21 25
828 1203 33 22 års
877 1203 72 27 tjenst.
971 1203 42 21 Det
1028 1203 76 26 högsta
1119 1202 75 27 bidrag

441 1237 32 22 till
496 1238 33 21 sin
551 1237 93 27 aflöning
667 1245 26 14 en
714 1238 69 21 lärare
806 1239 50 20 eller
875 1238 106 21 lärarinna
995 1237 35 22 vid
1045 1237 106 22 folkskola
1166 1237 28 27 pä

440 1272 73 21 landet
535 1273 42 20 kan
600 1272 81 21 erhälla
703 1272 23 22 af
747 1275 70 20 staten
838 1275 61 24 utgör
917 1272 81 21 säledes
1013 1272 33 21 för
1061 1272 131 21 närvarande

442 1307 70 25 1,200,
526 1313 54 20 resp.
596 1307 43 20 900
653 1307 60 21 mark
728 1307 39 21 och
783 1306 81 28 uppnäs
880 1307 55 21 efter
948 1307 29 21 20
991 1307 34 20 ärs
1035 1306 71 27 tjenst,
1117 1307 77 20 medan

441 1341 35 21 det
499 1341 65 26 enligt
583 1341 13 26 $
616 1341 41 20 134
671 1341 7 21 i
693 1341 54 21 Näd.
761 1341 160 27 Förordningen
939 1341 22 21 af
978 1341 40 21 den
1035 1341 24 20 11
1077 1340 42 27 Maj
1138 1341 54 20 1866

440 1375 97 27 utgjorde
560 1376 48 26 900,
624 1382 54 20 resp.
693 1376 43 21 600
753 1377 60 20 mark
832 1376 39 21 och
886 1375 122 27 uppnåddes
1023 1375 54 22 först
1093 1375 55 21 efter
1163 1375 28 21 25

441 1409 34 21 års
490 1409 72 26 tjenst.

508 1442 46 21 Den
580 1442 128 26 förbättring
732 1442 23 21 af
778 1441 298 27 folkskollärarepersonalens
1101 1442 91 21 löneför-

440 1476 80 25 mäner,
550 1483 45 15 som
624 1476 90 22 sålunda
742 1476 48 22 från
818 1478 81 20 statens
928 1476 46 22 sida
999 1476 106 27 vidtagits,
1131 1482 61 20 synes

440 1511 120 23 emellertid
584 1510 45 23 icke
652 1512 7 21 i
681 1511 115 22 nämnvärd
821 1512 47 21 män
893 1510 63 22 hafva
982 1511 43 27 höjt
1051 1511 68 21 denna
1144 1511 49 21 kärs

440 1546 136 23 ekonomiska
598 1546 106 27 ställning.
734 1546 73 27 Enligt
829 1546 40 22 den
891 1545 118 23 Ständerna
1031 1546 35 21 vid
1088 1545 55 22 1885
1158 1546 34 21 ärs

509 1586 100 18 Allmänna
622 1586 172 19 Besvärsutskoitets
806 1586 111 18 betänkande
928 1586 35 18 N:o
976 1586 17 17 8.
