1098 1759
238 150 41 21 136
396 148 277 24 Petitionsbetänkande
687 148 43 22 N:o
745 147 35 23 14.

501 239 63 46 Åbo-—
576 239 86 46 Nystad.

420 303 206 19 Petitionsmemorialen
637 304 23 17 33
672 303 35 19 och
718 304 27 17 34.

277 356 48 21 Den
340 356 36 22 vid
391 356 54 22 1891
462 356 35 22 års
511 356 102 27 landtdag
627 356 7 22 i
649 356 144 27 petitionsväg
802 356 75 21 väckta
886 355 75 28 frågan

208 397 35 16 om
266 397 26 15 en
310 391 92 27 järnväg
423 390 47 22 trän
489 391 104 27 Peipohja
614 390 32 22 till
667 390 83 28 Nystad
771 390 38 22 har
824 390 46 22 från
886 390 74 22 staden

208 426 93 28 Nystads
318 426 46 22 sida
378 426 45 21 icke
439 426 71 21 vidare
525 426 116 27 upptagits,
655 425 94 28 tydligen
765 425 20 22 af
801 425 50 27 skäl,
867 427 31 19 att
913 432 48 14 man

208 462 71 20 ansett
302 462 78 20 tvänne
401 462 52 20 nära
467 460 120 22 hvarandra
601 460 90 27 löpande
706 460 67 22 banor
788 460 86 22 komma
888 461 32 20 att
935 460 27 27 på

209 497 31 20 ett
259 494 33 22 för
314 495 105 22 hvardera
441 494 149 28 ofördelaktigt
605 496 42 20 sätt
662 494 132 22 konkurrera
809 495 48 21 med
872 494 90 22 hvaran-

209 530 44 22 dra.
282 530 11 21 I
309 529 71 21 stället
394 529 39 21 har
448 530 7 20 i
469 530 83 27 Nystad
567 530 97 26 uppstått
679 529 78 21 tanken
773 531 31 19 att
819 529 52 21 söka
881 529 81 21 anslut-

208 564 53 28 ning
282 564 32 21 till
337 564 84 22 landets
440 564 141 28 järnvägsnät
603 570 76 21 genom
695 570 25 15 en
737 563 55 22 bana
807 563 31 22 till
852 558 55 30 Åbo,
923 563 39 22 och

209 599 62 22 hafva
294 599 87 22 stadens
404 600 173 26 representanter
599 598 58 22 såväl
680 598 34 22 vid
737 598 54 22 1897
815 599 34 21 års
865 605 46 15 som
927 598 36 22 vid

209 634 143 22 innevarande
371 634 102 26 landtdag
488 634 138 21 tillsammans
648 633 49 21 med
715 635 201 26 representanterna
930 633 33 22 för

210 669 100 22 städerna
330 663 54 32 Åbo,
407 668 110 22 Nådendal
540 669 38 21 och
601 669 82 21 Raumo
699 668 48 22 sökt
763 670 52 26 göra
829 668 87 22 stadens
931 668 32 22 in-

209 706 85 19 tressen
308 704 8 21 i
330 703 77 22 sådant
421 703 99 22 afseende
536 704 101 26 gällande.

279 738 43 22 Det
343 738 38 22 har
404 738 74 22 därvid
499 738 131 26 framhållits,
652 738 102 21 hurusom
777 738 94 28 Nystads
886 738 77 22 handel

211 773 39 22 och
266 773 74 28 sjöfart
358 773 46 21 icke
419 773 82 21 kunnat
515 773 73 27 undgå
603 774 30 20 att
647 774 54 20 röna
715 775 32 19 ett
761 774 128 26 ogynnsamt
903 772 59 28 infly-

211 808 63 22 tande
290 808 64 26 däraf,
369 809 32 20 att
416 808 74 21 staden
504 808 8 20 i
527 807 102 22 afsaknad
644 807 23 21 af
677 807 92 27 järnväg
782 808 61 21 råkat
857 808 7 20 i
879 809 30 20 ett
921 807 42 22 iso-

210 842 70 22 leradt
293 842 53 28 läge,
362 841 85 22 hvarför
463 848 26 15 en
504 842 46 21 icke
565 842 61 27 ringa
641 842 33 21 del
689 842 23 21 af
725 842 50 21 dess
789 841 62 22 forna
865 842 98 21 handels-

211 877 87 22 område
320 876 94 28 frängätt
437 876 129 23 densamma.
602 876 72 22 Skulle
695 876 74 22 staden
790 876 21 22 få
833 876 131 22 förbättrade

210 912 214 26 kommunikationer,
448 912 85 21 komme
559 912 49 22 dess
633 912 56 26 goda
711 912 38 21 och
772 912 39 21 lätt
832 912 133 27 tillgängliga

210 947 64 22 hamn
297 947 46 21 åter
365 946 32 22 till
412 947 76 21 heders
504 947 40 21 och
558 946 81 28 Nystad
655 948 31 20 att
700 947 73 27 intaga
787 947 33 21 sin
835 946 58 23 förra
908 947 55 27 plats

211 982 65 22 bland
297 982 83 22 landets
402 981 75 28 sjöfart
497 982 92 22 idkande
611 982 77 26 städer,
709 982 25 22 så
755 982 83 27 mycket
857 988 45 16 mer
918 988 46 16 som

212 1017 168 27 skeppsbyggeri
402 1018 23 20 är
448 1023 25 15 en
495 1016 110 22 härstädes
628 1016 23 22 af
663 1016 59 22 ålder
737 1016 82 22 drifven
835 1017 76 27 näring
926 1017 39 21 och

211 1051 61 22 äfven
290 1058 26 15 en
332 1053 73 29 större
415 1050 150 22 handelsflotta
584 1051 48 21 med
647 1050 75 22 lätthet
736 1051 42 21 kan
794 1051 115 22 bemannas
919 1051 45 21 från

212 1086 128 27 omnäjdens.
351 1086 36 21 vid
402 1085 74 28 sjöfart
491 1092 54 16 vana
564 1086 127 27 befolkning.
711 1086 52 21 Man
779 1092 63 21 synes
857 1088 62 20 ätven
930 1086 35 22 be-

211 1120 51 27 fara,
287 1122 32 20 att
341 1120 129 27 näringarna
491 1120 7 21 i
520 1120 41 22 den
584 1120 76 22 mellan
675 1115 49 27 Åbo
739 1120 39 22 och
793 1120 82 28 Nystad
890 1120 75 22 befint-

211 1155 43 26 liga
281 1155 124 20 landsorten
430 1154 60 21 skola
518 1155 28 26 gå
571 1154 86 21 tillbaka
686 1155 7 21 i
714 1154 52 27 följd
791 1154 23 21 af
841 1154 125 28 bristfälliga

211 1188 226 22 kommunikationer.
435 1184 15 37 .
462 1188 78 22 Vidare
566 1188 39 22 har
633 1188 71 22 såsom
727 1188 46 22 skäl
801 1188 34 22 för
863 1188 103 28 förslaget

211 1222 132 26 framhållits,
366 1224 31 20 att
418 1216 49 28 Åbo
490 1223 38 21 och
552 1222 145 28 Björneborgs
711 1222 35 22 län
761 1223 8 21 i
783 1222 131 22 förhållande.
934 1222 32 22 till

212 1257 51 21 dess
284 1256 124 28 folkmängd
429 1256 131 24 fortfarande
578 1257 39 21 har
637 1257 36 21 det
696 1257 78 21 minsta
802 1257 165 22 kilometertalet

209 1292 97 25 järnväg,
330 1291 108 25 nämligen
460 1292 39 24 4.41
520 1291 36 21 km
577 1298 38 19 per
639 1292 76 24 10,000
735 1292 133 25 innevånare,
889 1292 76 20 medan

212 1327 14 18 t.
248 1330 30 15 ex.
299 1324 93 26 Viborgs
414 1324 34 21 län
471 1324 38 21 har
531 1324 59 26 15,32,
612 1324 132 22 Tavastehus
766 1325 34 21 län
827 1325 58 25 13,42,
909 1325 57 21 Vasa

212 1358 35 21 län
264 1358 53 26 12,06
331 1357 39 23 och
385 1357 121 22 medeltalet
520 1358 33 21 för
568 1358 47 22 hela
629 1358 73 22 landet
716 1360 23 20 är
754 1358 46 27 9,43.

280 1392 44 22 Det
337 1391 63 29 lifligt
415 1392 69 22 kända
499 1392 100 22 behofvet
613 1392 24 22 af
648 1392 131 22 förbättrade
789 1393 177 22 kommunikatio-

212 1433 38 16 ner
266 1427 38 21 har
319 1426 61 22 äfven
397 1426 59 28 gifvit
471 1427 33 27 sig
519 1427 84 27 uttryck
619 1427 75 27 däruti,
709 1429 31 20 att
755 1428 26 21 de
795 1427 33 23 för
843 1434 27 15 en
875 1428 91 28 järnväg

212 1461 46 23 från
280 1456 49 28 Åbo
352 1461 32 22 till
406 1461 83 27 Nystad
510 1461 143 22 intresserade
669 1462 68 22 stads-
753 1462 39 22 och
807 1462 158 22 landskommu-

281 1507 187 23 Järnvägsutskottets
480 1507 110 19 betänkande
602 1507 37 19 N:o
652 1508 18 18 2.
