1067 1717
324 129 275 25 Petitionsbetänkande
614 131 46 23 N:o
674 131 34 23 19.

406 434 266 24 Statsutskottets
687 435 200 23 betänkande

338 469 52 22 N:o
412 469 14 22 5
446 469 10 22 i
479 469 133 28 anledning
633 469 29 22 af
679 469 122 23 särskilda
819 470 68 22 inom

339 503 183 23 Bondeståndet
531 503 87 23 väckta
628 503 212 29 petitionsförslag
848 510 40 17 om

339 537 231 28 skatteförmedling
584 537 68 23 inom
666 538 185 23 kusttrakterna
863 537 28 23 af

339 563 50 31 Åbo
404 571 47 23 och
466 571 172 29 Björneborgs,
646 572 109 29 Nylands
765 572 47 23 och
826 572 62 23 Vasa

338 606 51 28 län,
412 607 62 22 samt
489 607 66 22 inom
570 607 86 22 Kolari
670 607 83 28 kapell
768 607 28 23 af
810 607 77 28 Lapp-

340 641 113 22 markens
468 641 85 28 härad,
561 641 124 23 äfvensom
697 641 125 28 angående
829 641 58 23 full-

339 675 110 28 ständigt
463 675 171 29 upphäfvande
649 675 28 23 af
685 676 167 28 jordskatten.

202 750 44 21 Till
276 750 181 22 Statsutskottets
487 750 163 22 förberedande
679 751 141 27 behandling
845 751 42 21 har

134 784 170 22 Bondeständet
327 784 122 22 remitterat
466 785 64 21 inom
546 785 127 21 detsamma
688 785 140 27 framstälda,
844 785 43 21 här

134 819 75 21 nedan
224 819 94 27 intagna
333 819 45 21 fem
393 819 201 28 petitionsförslag:

202 923 15 18 I.
241 918 158 28 (Öfversättning).

282 982 53 20 Till
350 982 161 20 hedervärda
526 982 217 21 Bondeständet.

202 1045 41 19 Vid
258 1047 79 17 senaste
352 1045 95 25 landtdag
462 1046 59 18 hafva
536 1045 30 20 till
579 1045 79 20 ständet
669 1046 108 19 inlämnats
786 1045 102 26 ätskilliga

134 1074 111 25 petitioner,
263 1073 105 26 äsyftande
383 1073 42 20 dels
441 1079 25 14 en
480 1073 72 20 allmän
568 1073 99 25 reglering
681 1074 19 19 af
715 1073 171 21 mantalssättnin-

133 1109 38 18 gen
187 1103 5 18 i
208 1102 67 20 landet
289 1102 43 19 dels
346 1108 24 13 en
386 1102 182 25 skatteförmedling
583 1102 6 19 i
605 1102 97 19 särskilda
716 1102 119 25 landsdelar,
850 1103 37 19 och

133 1131 59 20 hafva
214 1131 58 20 dessa
295 1131 106 25 petitioner
422 1131 57 19 alltid
502 1131 103 19 tillvunnit
620 1131 31 24 sig
666 1131 90 20 ständets
771 1131 116 25 understöd,

133 1160 80 19 hvarför
228 1159 20 20 vi
262 1159 74 26 jämväl
351 1159 51 25 väga
416 1159 83 25 hoppas,
514 1161 29 18 att
558 1159 80 20 ständet
653 1159 50 20 skall
719 1159 76 20 skänka
810 1166 33 13 oss
855 1160 32 19 sin

134 1188 120 20 medverkan
269 1188 32 19 till
316 1187 118 26 uppnäende
448 1188 20 19 af
482 1188 112 19 ändamälet
609 1187 45 20 med
668 1189 65 18 denna
748 1187 35 20 vär
795 1189 92 24 petition.

202 1216 113 26 Beklagligt
337 1222 40 20 nog
397 1217 36 18 har
455 1223 45 12 man
522 1216 111 20 emellertid
654 1217 43 19 icke
714 1218 67 18 ansett
795 1217 92 25 lämpligt

134 1245 49 20 eller
204 1245 77 26 möjligt
298 1247 29 17 att
343 1245 106 20 verkställa
464 1251 25 13 en
504 1246 72 19 allmän
590 1245 99 25 reglering
704 1245 19 19 af
738 1245 150 25 skattetungan,

134 1274 91 19 hvarföre
246 1274 92 19 försöken
360 1274 7 19 i
389 1274 54 19 detta
462 1274 90 19 afseende
567 1273 64 20 hittils
647 1274 75 25 äsyftat
737 1279 25 14 en
777 1274 88 25 lindring
880 1274 7 19 i

134 1303 65 19 denna
221 1305 62 22 tunga
304 1302 27 25 pä
353 1303 24 19 de
395 1303 73 18 trakter
482 1303 20 19 af
517 1302 43 19 värt
574 1302 52 23 land,
640 1303 67 18 hvilka
723 1304 51 17 mest
792 1303 49 18 känt
856 1303 32 19 be-

134 1331 69 18 hofvet
225 1331 59 19 däraf.
314 1331 40 19 Vid
378 1331 54 19 1894
454 1330 32 20 års
502 1331 94 24 landtdag
611 1331 144 24 petitionerade
769 1337 46 13 man
830 1331 25 19 bl.
870 1337 18 13 a.

135 1357 95 20 särskildt
253 1358 74 23 därom,
349 1359 30 18 att
393 1357 92 25 ätgärder
500 1358 60 19 mätte
576 1358 90 24 vidtagas
680 1358 31 19 till
728 1358 126 25 aflägsnande
869 1358 19 19 af

135 1386 24 19 de
174 1385 190 25 missförhällanden,
381 1386 66 19 hvilka
457 1392 72 18 genom
541 1392 24 13 en
578 1385 66 20 alltför
656 1387 125 24 betungande
792 1385 95 20 mantals-

136 1414 90 26 sättning
240 1415 6 19 i
262 1414 90 25 Halikko,
367 1414 81 24 Piikkis,
464 1414 69 20 Masku
549 1414 37 19 och
607 1414 81 20 Wehmo
701 1414 106 26 domsagor
817 1414 70 25 trycka

135 1443 30 20 till
180 1443 59 20 dessa
254 1443 107 26 domsagor
374 1443 86 20 hörande
476 1444 88 19 socknar.

205 1488 144 18 Statsutskottets
361 1488 110 19 betänkande
483 1489 37 17 N:o
533 1489 17 17 5.
