1092 1709
220 167 13 21 2
396 164 253 23 Petitionsbetänkande
663 164 38 22 N:o
716 163 20 23 2.

193 229 96 21 förenadt
311 228 46 20 med
373 228 24 21 de
413 231 78 17 största
504 228 130 26 svårigheter
648 230 31 18 att
694 227 35 21 vid
744 227 128 26 privatskola
886 228 8 19 i
908 228 37 19 all-

192 258 83 20 mänhet
297 257 40 20 och
359 257 36 20 vid
417 258 25 19 de
464 257 130 20 kommunala
614 256 141 20 samskolorna
773 256 7 20 i
795 256 81 20 landets
892 258 53 19 små-

193 287 70 20 städer
285 286 120 26 isynnerhet
427 286 55 20 fästa
505 286 85 26 dugliga
612 285 150 20 lärarekrafter.
793 285 32 20 De
843 285 104 21 förmoner

192 317 51 19 våra
261 315 130 20 kommunala
409 315 114 20 samskolor
543 314 86 26 erbjuda
649 314 32 20 sin
698 314 163 26 lärarepersonal
876 317 34 17 äro
926 313 23 21 af

194 345 40 19 den
256 346 39 21 art,
318 345 31 18 att
371 343 24 20 de
418 343 111 26 ingalunda
544 343 70 20 kunna
629 349 61 13 anses
704 342 110 20 lockande:
830 343 45 19 små
888 343 59 20 löner

193 373 39 20 och
251 375 30 17 ett
300 371 59 26 styft,
375 371 64 20 oftast
454 371 140 20 missförstådt
610 371 38 20 och
663 371 160 20 underskattadt
838 371 70 20 arbete
924 374 22 17 är

193 402 24 19 så
233 401 52 26 godt
299 407 44 13 som
359 400 42 21 allt.
430 400 83 25 Lyckas
529 407 25 13 en
569 399 59 26 dylik
643 400 58 19 skola
716 400 38 19 hos
769 400 33 25 sig
818 399 88 21 anställa
921 406 25 13 en

192 429 139 21 framstående
353 428 164 26 lärareförmäga,
541 432 23 16 är
586 428 34 20 det
644 428 72 21 endast
735 429 32 19 för
785 429 47 19 kort
848 428 38 20 tid.
915 429 33 25 Ty

194 459 35 19 det
248 458 68 25 dröjer
331 457 19 26 ej
365 457 66 26 länge,
447 457 62 20 innan
524 457 82 20 tillfälle
622 459 31 18 att
668 457 74 26 utbyta
756 457 191 26 privatskollärare-

193 487 66 20 kallet
281 489 42 17 mot
346 486 40 19 den
408 486 47 20 vida
476 486 146 26 förmonligare
637 486 311 26 statsskollärarebefattningen

194 515 96 27 erbjuder
307 515 40 26 sig,
366 514 99 21 särskildt
485 515 61 20 dessa
560 514 60 25 tider,
637 515 27 19 dä
679 514 100 21 öfverflöd
793 515 27 26 pä
835 515 112 20 skollärare

194 545 47 20 icke
255 544 73 20 finnes.
359 543 88 26 Följden
462 543 40 20 blir
517 546 30 17 ett
562 543 93 26 ständigt
670 544 155 25 lärareombyte.

263 573 48 20 Men
328 572 8 20 i
354 573 71 25 regeln
443 573 58 20 torde
517 573 35 20 det
567 579 49 14 vara
631 573 57 19 svärt
710 575 31 17 att
756 579 36 13 ens
807 572 33 21 för
854 573 48 20 kort
917 572 32 20 tid

195 601 36 21 vid
249 601 26 20 de
293 601 130 20 kommunala
440 601 201 20 landsortsskolorna
660 601 70 20 kunna
744 601 62 20 binda
821 601 128 26 nägorlunda

196 630 139 21 framstående
357 630 175 25 lärareförmägor.
562 630 30 20 På
614 629 72 21 dessas
708 631 39 19 lott
766 630 81 20 komma
862 631 7 18 i
883 630 66 19 vanli-

195 661 59 24 gaste
273 659 37 20 fall
328 659 99 25 antingen
445 666 60 19 unga,
529 659 93 20 oerfarna
637 665 104 20 personer,
756 665 44 14 som
816 662 34 17 äro
864 659 8 20 i
887 658 65 21 behof

195 687 24 21 af
238 687 94 26 tillfällig
353 687 97 25 inkomst,
470 688 55 19 helst
543 687 33 20 för
590 687 90 20 studiers
695 687 143 27 fortsättande,
855 688 50 20 eller
919 688 30 19 lä-

195 723 52 18 rare,
263 723 44 13 som
322 717 46 19 icke
383 716 81 26 lyckats
481 717 62 19 vinna
559 717 127 25 anställning
700 717 35 20 vid
750 717 130 20 statsskolor.

264 745 115 20 Förmonen
394 747 31 18 att
439 745 36 20 vid
489 745 106 20 blifvande
610 745 66 26 tjenst
690 745 7 20 i
712 745 127 20 statsskolan
853 745 22 20 fä
890 745 7 20 i
911 745 39 20 och

195 774 33 20 för
243 773 166 27 löneförhöjning
423 774 39 20 och
477 774 86 27 pension
586 774 152 26 tillgodoräkna
754 775 32 25 sig
802 774 24 20 de
842 775 22 19 är
881 774 67 20 lärare

196 803 51 20 eller
260 803 105 20 lärarinna
378 803 122 26 tjenstgjort
515 803 36 20 vid
566 803 67 26 privat
648 803 50 20 eller
713 803 177 20 kommunalskola
900 809 49 14 vore

197 835 31 17 ett
249 834 54 17 stort
317 834 46 25 steg
381 831 74 20 framät
473 832 32 20 för
519 832 133 27 afhjelpande
668 832 23 19 af
704 832 151 21 ofvannämnda
870 832 80 26 svärig-

198 862 58 19 heter
271 861 39 20 och
325 861 33 20 till
373 863 52 18 stort
440 868 55 19 gagn
511 861 31 20 för
558 861 25 20 de
594 862 130 19 kommunala
735 862 148 27 samskolorna,
894 863 56 25 isyn-

197 891 74 19 nerhet
291 897 33 13 om
343 890 36 20 vid
399 891 128 19 erhällandet
545 891 23 18 af
585 891 61 20 dessa
664 891 123 25 rättigheter
802 891 66 20 skulle
884 891 67 20 fästas

199 919 36 20 det
256 919 74 24 vilkor,
349 921 32 18 att
394 919 154 20 vederbörande
564 919 66 20 skulle
646 926 49 13 vara
710 919 48 20 fullt
772 920 132 25 kompetenta
919 919 32 20 till

197 947 33 20 sin
249 947 71 26 tjenst.
349 947 125 26 Derigenom
494 948 67 19 skulle
576 948 102 25 nemligen
694 949 11 18 &
720 954 39 13 ena
774 949 58 19 sidan
847 948 104 20 brädskan

198 978 31 18 att
243 975 116 26 öfvergifva
377 976 89 25 tjensten
484 977 7 19 i
506 976 141 26 privatskolan
666 976 32 20 till
716 977 67 24 någon
803 977 33 20 del
851 977 100 26 minskas,

198 1004 39 20 och
255 1005 12 19 &
283 1004 39 20 den
337 1004 64 20 andra
416 1005 67 19 skulle
497 1012 47 13 man
560 1005 111 26 vinnlägga
686 1005 33 25 sig
736 1012 32 13 om
783 1008 31 17 att
828 1005 123 20 fordersam-

198 1035 54 18 mast
267 1035 50 24 göra
332 1033 33 26 sig
379 1033 48 20 fullt
441 1033 120 26 kompetent
576 1033 32 20 till
624 1034 32 19 sin
670 1034 70 25 tjenst.

265 1062 33 19 En
320 1064 47 22 rätt,
391 1069 44 12 som
452 1061 197 26 privatskolläraren
662 1063 77 25 jemväl
754 1063 37 19 bör
806 1062 145 25 tillförsäkras,

198 1093 23 16 är
243 1090 130 25 delaktighet
391 1091 6 18 i
415 1090 151 21 skollärarenas
582 1091 60 19 enke-
661 1091 38 20 och
713 1091 135 26 pupillkassa.
877 1092 75 19 Denna

199 1120 42 18 rätt
263 1119 67 20 skulle
353 1119 39 20 ock
413 1119 8 19 i
436 1125 24 13 en
475 1119 46 20 icke
536 1119 60 26 ringa
610 1119 51 25 grad
676 1119 86 26 bidraga
777 1122 31 17 att
823 1119 36 21 vid
874 1120 77 26 privat-

199 1147 72 20 skolan
294 1147 55 20 fästa
371 1154 24 13 en
418 1147 72 26 duglig
513 1148 168 25 lärarepersonal,
704 1148 85 20 emedan
807 1148 145 21 medvetandet

199 1183 33 12 om
253 1178 32 17 att
306 1175 36 20 vid
362 1176 107 20 inträffadt
487 1176 90 20 dödsfall
596 1177 73 19 hustru
692 1177 38 20 och
745 1177 51 19 barn
812 1177 18 26 ej
846 1177 106 20 lemnades

198 1207 51 17 utan
264 1205 28 19 all
306 1205 101 25 bergning
423 1205 66 19 skulle
505 1205 91 20 medföra
612 1211 24 13 en
652 1205 72 20 känsla
740 1205 23 20 af
775 1206 56 25 lugn.

267 1233 31 20 På
313 1232 148 21 ofvananförda
475 1233 91 25 grunder
580 1233 65 20 måste
660 1241 46 12 man
722 1233 56 25 förty
793 1241 49 12 anse
858 1234 35 19 det
903 1241 50 12 vara

200 1260 47 20 med
268 1261 88 19 rättvisa
378 1261 39 19 och
432 1261 96 24 billighet
543 1261 231 24 öfverensstämmande,
789 1264 32 17 att
835 1264 76 22 staten,
927 1261 26 20 då

200 1288 40 19 den
254 1288 54 25 icke,
324 1289 67 19 säsom
407 1289 115 24 önskligast
537 1295 54 18 vore,
607 1289 38 19 vill
659 1289 44 20 helt
718 1289 38 20 och
771 1290 65 19 hället
846 1290 107 25 öfvertaga

200 1316 97 21 skolorna
311 1317 8 20 i
334 1317 81 20 landets
430 1317 60 20 flesta
501 1317 121 24 smästäder,
634 1318 123 20 ätminstone
768 1325 73 19 genom
852 1318 101 26 beviljan-

200 1345 35 20 det
257 1345 23 20 af
299 1346 57 20 vissa
378 1346 123 25 rättigheter
523 1347 21 18 ät
560 1346 59 20 deras
635 1346 168 27 lärarepersonal,
819 1350 37 23 gör
871 1349 36 19 det
921 1347 32 21 för

200 1381 77 14 samma
293 1374 115 22 smästäder
429 1375 80 26 möjligt
524 1377 31 18 att
570 1375 36 20 vid
621 1375 59 20 deras
696 1376 70 20 skolor
780 1376 55 20 fästa
850 1378 65 25 nägot
930 1378 23 19 sä

200 1406 38 17 när
253 1403 85 27 dugliga
352 1403 151 21 lärarekrafter.

268 1433 49 20 Med
340 1433 111 26 anledning
469 1434 23 19 af
509 1433 55 20 hvad
578 1434 22 19 vi
614 1433 62 20 ofvan
692 1434 112 20 framhällit
820 1438 48 24 taga
883 1436 20 20 vi
919 1442 34 14 oss

200 1461 89 21 friheten
304 1462 76 20 föreslå
395 1468 25 14 en
435 1462 129 26 underdänig
578 1462 89 26 petition
683 1463 79 21 derom:

268 1501 102 19 Allmänna
382 1501 172 19 Besvärsutskottets
566 1502 112 18 betänkande
689 1502 34 19 N:o
736 1504 14 17 1.
