1064 1717
184 153 26 21 10
371 152 274 24 Petitionsbetänkande
660 152 42 23 N:o
716 153 37 22 19.

183 224 82 18 naturer
287 228 42 14 som
352 222 63 19 delvis
430 222 48 20 eller
492 223 41 19 helt
548 222 38 20 och
600 222 62 20 hållet
676 224 34 18 äro
725 222 44 20 från
784 223 45 19 dem
844 222 90 25 befriade,

184 252 52 18 samt
257 250 102 20 huruvida
381 250 34 20 det
432 250 27 26 på
477 250 66 26 grund
560 251 20 19 af
598 250 59 20 dessa
671 251 102 25 uppgifter
788 257 46 13 vore
849 251 43 20 skäl
906 253 30 18 att

184 280 67 19 skrida
266 279 31 19 till
311 279 75 20 sådana
396 278 98 26 åtgärder,
502 286 71 19 genom
582 279 66 19 hvilka
654 280 146 25 jordskatterna
808 279 127 26 småningom

184 308 65 20 skulle
267 308 79 25 aflyftas
364 308 37 20 och
419 308 7 19 i
444 308 56 20 deras
519 308 57 20 ställe
592 308 33 20 vid
640 309 59 19 behof
713 315 40 19 nya
768 308 168 26 skattläggnings-

183 338 90 19 metoder
287 337 106 26 tillämpas,
408 343 73 19 genom
496 338 66 19 hvilka
578 337 152 25 beskattningen
748 338 79 20 komme
842 339 29 19 att
884 338 51 26 jäm-

184 372 47 14 nare
246 368 26 18 än
287 366 146 25 jordskatterna
448 366 34 20 det
497 366 63 20 förmå
575 367 57 19 träffa
645 366 38 20 alla
693 366 93 26 lämpliga
797 367 137 25 skatteobjekt.

252 395 45 20 Med
312 395 45 19 stöd
368 396 20 18 af
396 395 82 20 anförda
489 396 43 19 skäl
544 395 50 25 våga
605 396 20 18 vi
636 395 36 20 hos
683 395 34 20 det
725 396 121 20 hedervärda
857 396 79 20 Bonde-

183 424 82 20 ståndet
280 424 112 25 ödmjukast
408 424 76 24 föreslå,
504 426 29 18 att
555 424 84 20 Ståndet
661 428 124 22 gemensamt
807 424 44 21 med
874 425 62 25 öfriga

184 452 63 20 Stånd
263 452 62 20 måtte
340 452 31 20 till
386 453 55 19 Hans
457 453 109 26 Kejserliga
582 453 92 25 Majestät
689 453 47 26 ingå
752 454 46 20 med
812 460 25 14 en
852 453 84 27 petition

183 481 74 26 därom,

458 524 27 17 att
514 522 56 20 Hans
595 522 106 26 Kejserliga
725 522 90 26 Majestät
840 523 9 19 i
870 522 66 20 Näder

389 551 68 19 täcktes
474 557 70 18 genom
561 558 23 13 en
598 551 33 25 för
645 551 49 19 detta
708 551 94 19 ändamål
814 552 75 19 nedsatt
903 552 32 18 ko-

389 580 49 18 mitö
459 579 39 19 låta
522 579 108 20 undersöka
650 579 285 27 jordbeskatiningsförhällan-

389 608 49 20 dena
452 608 9 20 i
474 608 43 20 vårt
532 608 45 20 land
591 610 51 18 samt
656 609 22 19 de
693 610 87 24 utvägar,
792 615 68 19 genom
872 608 64 20 hvilka

234 647 9 1 =
384 637 144 25 jordskatterna
550 638 62 19 kunde
633 638 85 26 aflyftas,
740 638 34 20 och
788 638 8 19 i
810 638 55 19 deras
882 638 54 19 ställe

388 666 33 19 vid
443 666 58 25 behof
518 666 72 25 föreslå
611 672 39 20 nya
672 666 172 26 beskattningssätt,
866 673 70 20 genom

389 695 73 19 hvilkas
480 695 124 26 tillämpning
618 695 38 19 alla
671 695 121 27 skatteobiekt
808 696 58 25 blefve
880 696 8 19 i
903 702 32 13 en-

390 724 57 24 lighet
461 724 43 20 med
517 724 80 20 rättvisa
612 724 109 20 beskattade.

252 792 132 26 Helsingfors,
400 792 18 20 d.
435 793 25 19 10
476 793 48 20 febr.
541 793 60 21 1900.

251 888 28 22 F.
294 888 37 23 W.
347 888 151 28 Lagerstedt.
684 889 66 23 Juho
765 889 105 29 Torppa.

252 950 25 24 0.
294 951 29 23 E.
338 952 89 22 Könni.
660 952 70 22 Kalle
745 952 122 24 Piilonen.

250 1516 142 17 Statsutskoitets
404 1515 110 19 betänkande
526 1515 37 19 N:o
576 1515 17 19 5.
