1092 1756
289 157 274 24 Petitionsbetänkande
579 159 42 21 N:o
636 157 33 24 14.
811 159 26 19 95

117 227 117 23 banefrågan,
247 227 43 22 vilja
301 228 17 17 vi
331 227 39 18 icke
383 227 61 18 vidare
456 228 6 17 i
473 227 51 18 detta
536 228 131 23 sammanhang
678 228 77 17 besvära
764 227 31 18 det
803 227 63 18 heder-

117 255 57 18 värda
192 255 72 18 ståndet
283 255 41 18 med
343 258 28 15 att
389 256 116 23 fullständigt
523 256 64 18 anföra
604 256 35 17 alla
657 256 22 18 de
697 256 70 23 viktiga
781 256 41 18 skäl
833 256 35 18 och

116 284 86 23 grunder,
221 290 39 12 som
278 284 38 18 tala
332 284 30 18 för
378 284 85 18 ledandet
481 285 19 17 af
517 284 58 18 denna
592 284 89 18 tvärbana
695 285 42 17 från
749 285 119 22 Kronoborgs

116 312 56 18 hamn
191 318 65 17 genom
272 313 117 17 Elisenvaara
405 313 34 17 och
452 313 118 22 Punkaharju
582 313 27 17 till
621 313 76 23 Nyslott
709 315 48 16 samt
769 313 41 18 dess
823 314 44 17 fort-

117 340 84 18 sättande
219 341 41 17 från
277 341 77 23 Nyslott
369 347 64 17 genom
449 342 73 21 Jockas,
535 342 27 18 $:t
573 341 68 18 Michel
653 342 34 18 och
698 342 131 22 Kangasniemi
841 342 27 18 till

116 370 109 23 Jyväskylä.

186 398 118 18 Tvärbanans
321 398 59 18 första
396 398 29 18 del
443 399 119 24 Kronoborg—
572 394 75 33 Nyslott
659 400 20 17 är
691 399 56 19 redan
758 400 110 18 instrumen-

117 428 35 17 talt
169 427 101 18 undersökt
290 428 34 17 och
340 427 34 18 har
391 428 87 23 enhälligt
492 428 95 17 omfattats
599 428 20 17 af
630 428 128 22 allmänheten,
771 428 98 18 ständerna

117 456 35 18 och
163 456 174 23 järnvägskomiten,
349 456 75 18 hvarför
436 457 56 22 något
504 457 61 18 tvifvel
577 457 40 18 icke
629 457 52 18 torde
691 457 64 18 kunna
763 458 68 23 uppstå
838 463 31 12 om

116 484 160 24 nödvändigheten
298 485 19 18 af
338 485 42 18 dess
400 485 97 23 byggande
518 486 7 17 i
546 486 45 17 allra
608 487 93 16 närmaste
717 485 77 18 framtid
811 486 5 17 i
834 486 34 18 den

117 515 42 16 män
173 514 119 18 statsmedlen
304 514 31 17 det
347 513 97 24 medgifva.
704 535 4 5 N

186 543 90 18 Däremot
293 542 54 19 räder
364 543 29 17 till
409 543 35 17 och
456 543 40 18 med
509 545 38 16 stor
558 543 207 24 meningsskiljaktighet
777 543 94 24 angäende

117 572 70 17 banans
198 571 119 24 fortsättning
328 571 43 18 frän
382 571 81 23 Nyslott,
475 572 74 17 hvilken
560 573 63 22 nägra,
635 571 56 18 bland
703 571 42 18 dem
757 572 53 18 äfven
822 572 48 22 järn-

118 601 136 23 vägskomitens
270 600 96 23 majoritet,
382 600 42 22 vilja
436 600 56 18 hafva
503 600 69 24 dragen
583 601 42 18 från
636 601 76 22 Nyslott
723 607 66 17 genom
801 601 68 18 Ranta-

118 630 52 17 salmi
187 629 34 18 och
237 629 59 18 Jorois
310 629 27 18 till
348 629 115 18 Pieksämäki
475 631 48 16 samt
535 629 61 19 vidare
607 629 43 18 frän
662 629 110 23 Suonenjoki
784 630 26 18 till
824 630 47 18 Suo-

119 659 51 19 lahti,
181 657 156 24 hufvudsakligen
349 657 63 18 därför
424 660 29 15 att
464 659 5 16 i
482 658 58 18 denna
551 659 58 17 banas
620 658 66 18 närhet
697 659 74 17 komme
782 659 88 17 Varkaus

118 689 50 16 stora
184 687 54 21 bruk,
250 687 55 17 hvars
317 686 113 18 vidsträckta
442 687 66 18 rörelse
520 687 91 18 förmenas
623 690 97 19 garantera
732 687 35 18 den
778 687 94 18 blifvande

118 715 70 18 banans
207 715 115 18 rentabilitet.
346 715 43 18 Men
405 715 89 22 vädjande
514 716 104 23 ytterligare
630 716 28 17 till
669 716 124 17 ofvannämda
804 717 66 17 ansök-

118 745 70 22 ningar,
200 744 108 18 uttalanden
325 744 35 17 och
371 745 131 17 reservationer
514 745 46 23 våga
571 745 19 17 vi
602 751 43 11 anse
657 746 28 16 att
696 745 173 23 Kronoborg—Ny-

118 773 54 18 slotts
184 773 70 18 banans
266 773 50 23 enda'
327 774 49 17 rätta
388 773 35 18 och
434 773 74 24 möjliga
519 773 119 24 fortsättning
650 774 20 17 är
677 773 55 22 linjen
741 773 130 24 Nyslott—St.

118 802 198 23 Michel—Jyväskylä.
341 803 63 22 Enligt
422 803 32 18 vär
472 803 55 18 tanke
543 803 35 18 bör
593 802 88 18 Finlands
692 802 118 24 järnvägsnät
821 804 50 17 rätta

120 832 27 23 sig
165 831 46 18 efter
228 831 72 18 landets
318 837 45 18 egen
380 831 91 24 sluttning
488 832 35 17 och
540 832 61 23 loppet
617 831 20 18 af
653 831 40 18 dess
710 831 114 24 vattendrag,
836 831 35 18 och

118 861 122 23 järnvägarna
254 860 63 18 därför
328 860 66 23 dragas
407 860 42 18 från
460 866 43 12 norr
515 861 33 18 och
560 860 76 18 nordost
647 861 20 17 åt
679 860 53 18 söder
743 861 35 18 och
790 860 82 23 sydväst,

119 891 20 22 ty
158 889 34 18 där
209 891 60 16 möter
286 889 68 22 hafvet,
372 889 35 18 och
424 889 106 24 obetingadt
546 889 46 18 skall
604 890 34 17 vår
649 889 57 18 trafik
717 889 35 18 och
763 890 42 17 vårt
817 895 54 13 varu-

120 919 65 22 utbyte
204 918 74 23 sjöledes
297 920 67 21 utgöra
381 918 83 23 grunden
481 919 29 18 för
528 918 87 18 Finlands
633 918 92 18 blifvande
739 918 86 18 välstånd
837 919 35 18 och

120 947 89 23 välmåga.
233 947 42 18 Den
291 947 19 17 af
324 953 30 12 oss
370 947 104 23 föreslagna
490 947 54 18 södra
556 947 101 18 tvärbanan
670 953 42 12 vore
723 947 38 22 just
773 947 59 23 egnad
844 950 28 15 att

119 975 42 19 leda
177 976 79 18 trafiken
271 976 42 18 från
328 976 32 18 det
375 978 49 16 stora
435 976 39 18 inre
486 976 89 18 Savolaks
587 978 39 16 mot
637 976 64 18 hafvet
712 976 35 18 och
758 982 43 12 vore
814 976 59 18 tillika

120 1007 27 15 ett
162 1005 110 23 förträffligt
287 1004 143 24 föreningsband
444 1005 29 17 för
485 1005 23 18 de
520 1007 62 16 trenne
593 1005 114 23 landskapen
718 1005 85 22 Karelen,
816 1005 55 18 Savo-

120 1034 40 17 laks
172 1034 35 18 och
220 1029 118 23 Österbotten
350 1033 42 18 med
404 1033 85 19 afseende
500 1034 12 18 å
524 1034 23 17 all
560 1033 113 22 samfärdsel,
684 1034 74 18 hvilken
768 1033 36 19 den
813 1034 59 18 skulle

120 1062 41 19 föra
171 1064 39 16 mot
222 1062 63 18 hafvet
299 1063 3 17 i
314 1063 74 23 mycket
399 1062 57 24 högre
468 1062 46 24 grad
526 1064 22 16 än
560 1062 35 18 den
607 1063 103 23 föreslagna
719 1062 83 24 nordliga
811 1062 61 23 linjen,

121 1097 38 12 som
177 1092 141 23 ögonskenligen
330 1092 58 18 skulle
400 1091 40 19 leda
452 1092 79 18 trafiken
543 1091 117 19 uteslutande
671 1093 40 16 mot
722 1091 64 23 sydost
797 1092 28 17 till
837 1092 35 17 La-

121 1120 47 23 doga
186 1120 35 18 och
239 1120 28 18 S:t
283 1121 116 23 Petersburg.
424 1120 100 19 Dessutom
541 1121 73 18 komme
629 1120 36 18 den
677 1120 55 19 södra
743 1120 54 22 linjen
809 1122 28 16 att
849 1122 24 22 gå

120 1155 66 17 genom
204 1155 21 12 en
244 1149 106 23 vidsträckt,
368 1150 74 22 folkrik,
458 1149 70 24 bördig,
545 1150 24 23 på
583 1150 67 22 skogar
662 1149 34 18 och
708 1149 58 18 andra
777 1149 96 19 oanvända

121 1180 87 16 naturens
225 1178 66 18 håfvor
303 1178 29 18 rik
344 1178 55 22 trakt,
416 1184 40 12 som
467 1178 65 18 hittills
543 1178 40 18 lidit
595 1179 65 17 nästan
672 1177 109 25 fullständig
792 1178 46 18 brist
850 1179 23 23 på

121 1207 180 18 kommunikationer
318 1208 35 17 och
370 1213 40 12 som
426 1207 39 23 just
482 1207 63 19 därför
562 1208 41 17 icke
620 1208 71 17 kunnat
703 1208 5 17 i
721 1208 114 17 ekonomiskt
847 1207 26 18 af-

122 1235 64 18 seende
198 1236 86 17 utveckla
296 1236 27 22 sig
335 1236 27 17 till
374 1242 22 11 en
408 1237 21 16 så
440 1236 37 22 hög
490 1236 119 23 ståndpunkt,
623 1242 39 11 som
674 1236 6 17 i
692 1236 41 17 dess
745 1236 50 22 värjo
806 1236 66 17 befint-

121 1264 37 24 liga
176 1264 117 24 ekonomiska
311 1265 97 23 tillgångar
426 1265 58 17 skulle
500 1265 105 17 förutsätta.
629 1265 25 17 Vi
668 1264 43 22 vilja
725 1264 99 24 ingalunda
835 1264 37 18 för-

122 1293 52 23 ringa
190 1293 86 18 Varkaus
293 1292 142 19 bruksområdes
450 1293 56 18 värde
517 1294 29 17 för
558 1293 85 22 trafiken,
655 1299 41 11 men
709 1292 56 19 redan
776 1293 42 18 från
831 1299 42 17 syn-

122 1322 83 22 punkten
217 1322 20 17 af
248 1324 69 16 statens
330 1322 91 18 allmänna
432 1321 125 24 finanspolitik
563 1322 52 18 torde
621 1323 63 20 större,
691 1321 109 19 åtminstone
808 1322 66 18 medel-

122 1350 34 18 bar
173 1352 54 21 nytta
244 1356 44 12 vara
306 1352 28 16 att
349 1350 85 19 förvänta
450 1350 18 18 af
480 1357 22 11 en
514 1351 53 21 bana,
580 1356 39 12 som
631 1350 90 23 opartiskt
733 1350 141 18 tillfredsställer

122 1379 91 17 behofven
224 1380 6 16 i
242 1386 22 10 en
276 1379 103 17 vidsträckt
390 1380 34 16 och
436 1380 184 21 utvecklingskraftig
632 1379 87 21 landsdel,
729 1380 23 16 än
761 1380 20 16 af
790 1386 22 10 en
820 1380 54 20 bana,

123 1412 40 12 som
181 1406 96 18 omfattats
294 1407 6 17 i
318 1407 77 17 främsta
412 1409 80 15 rummet
510 1406 63 18 endast
589 1407 30 18 för
634 1406 124 22 befrämjande
773 1407 19 17 af
804 1406 70 18 enskild

123 1434 59 18 fördel
198 1435 35 17 och
247 1435 63 17 hvilka
322 1435 48 23 slags
382 1435 58 17 banor
452 1435 69 18 således
533 1435 54 17 äfven
598 1435 6 17 i
615 1435 78 17 främsta
705 1434 50 18 hand
767 1434 51 18 torde
830 1435 45 18 böra

123 1463 70 24 byggas
211 1464 24 22 på
252 1463 80 18 enskildt
348 1463 83 22 initiativ,
448 1464 24 23 på
488 1465 36 16 sätt
536 1464 6 17 i
553 1463 84 18 utlandet
649 1464 35 18 och
695 1463 36 19 den
743 1466 70 15 senaste
825 1463 50 19 tiden

193 1509 185 24 Järnvägsutskottets
391 1509 109 18 betänkande
512 1509 37 18 N:o
561 1510 18 17 2.
