<?xml version="1.0" encoding="UTF-8"?>
<alto xmlns="http://www.loc.gov/standards/alto/ns-v3#" xmlns:xlink="http://www.w3.org/1999/xlink" xmlns:xsi="http://www.w3.org/2001/XMLSchema-instance" xsi:schemaLocation="http://www.loc.gov/standards/alto/ns-v3# http://www.loc.gov/alto/v3/alto-3-0.xsd">
	<Description>
		<MeasurementUnit>pixel</MeasurementUnit>
		<sourceImageInformation>
			<fileName>/tmp/tess_gu1wdh34_input.PNG</fileName>
		</sourceImageInformation>
		<OCRProcessing ID="OCR_0">
			<ocrProcessingStep>
				<processingSoftware>
					<softwareName>tesseract 5.3.4</softwareName>
				</processingSoftware>
			</ocrProcessingStep>
		</OCRProcessing>
	</Description>
	<Layout>
		<Page WIDTH="1061" HEIGHT="1703" PHYSICAL_IMG_NR="0" ID="page_0">
			<PrintSpace HPOS="0" VPOS="0" WIDTH="1061" HEIGHT="1703">
				<ComposedBlock ID="cblock_0" HPOS="324" VPOS="126" WIDTH="573" HEIGHT="24">
					<TextBlock ID="block_0" HPOS="324" VPOS="126" WIDTH="573" HEIGHT="24">
						<TextLine ID="line_0" HPOS="324" VPOS="126" WIDTH="573" HEIGHT="24">
							<String ID="string_0" HPOS="324" VPOS="126" WIDTH="275" HEIGHT="24" WC="0.91" CONTENT="Petitionsbetänkande"/><SP WIDTH="16" VPOS="126" HPOS="599"/>
							<String ID="string_1" HPOS="615" VPOS="127" WIDTH="42" HEIGHT="23" WC="0.96" CONTENT="N:o"/><SP WIDTH="15" VPOS="127" HPOS="657"/>
							<String ID="string_2" HPOS="672" VPOS="127" WIDTH="38" HEIGHT="22" WC="0.96" CONTENT="18."/><SP WIDTH="173" VPOS="127" HPOS="710"/>
							<String ID="string_3" HPOS="883" VPOS="127" WIDTH="14" HEIGHT="21" WC="0.96" CONTENT="5"/>
						</TextLine>
					</TextBlock>
				</ComposedBlock>
				<ComposedBlock ID="cblock_1" HPOS="123" VPOS="195" WIDTH="777" HEIGHT="847">
					<TextBlock ID="block_1" HPOS="123" VPOS="195" WIDTH="777" HEIGHT="847">
						<TextLine ID="line_1" HPOS="144" VPOS="195" WIDTH="753" HEIGHT="27">
							<String ID="string_4" HPOS="144" VPOS="195" WIDTH="58" HEIGHT="21" WC="0.91" CONTENT="lades"/><SP WIDTH="17" VPOS="195" HPOS="202"/>
							<String ID="string_5" HPOS="219" VPOS="195" WIDTH="119" HEIGHT="21" WC="0.92" CONTENT="Ständerna"/><SP WIDTH="22" VPOS="195" HPOS="338"/>
							<String ID="string_6" HPOS="360" VPOS="195" WIDTH="34" HEIGHT="21" WC="0.96" CONTENT="vid"/><SP WIDTH="20" VPOS="195" HPOS="394"/>
							<String ID="string_7" HPOS="414" VPOS="196" WIDTH="54" HEIGHT="20" WC="0.93" CONTENT="1888"/><SP WIDTH="16" VPOS="196" HPOS="468"/>
							<String ID="string_8" HPOS="484" VPOS="195" WIDTH="34" HEIGHT="21" WC="0.92" CONTENT="ärs"/><SP WIDTH="15" VPOS="195" HPOS="518"/>
							<String ID="string_9" HPOS="533" VPOS="195" WIDTH="111" HEIGHT="27" WC="0.91" CONTENT="landtdag;"/><SP WIDTH="15" VPOS="195" HPOS="644"/>
							<String ID="string_10" HPOS="659" VPOS="195" WIDTH="39" HEIGHT="21" WC="0.93" CONTENT="och"/><SP WIDTH="15" VPOS="195" HPOS="698"/>
							<String ID="string_11" HPOS="713" VPOS="201" WIDTH="53" HEIGHT="15" WC="0.92" CONTENT="voro"/><SP WIDTH="15" VPOS="201" HPOS="766"/>
							<String ID="string_12" HPOS="781" VPOS="195" WIDTH="31" HEIGHT="21" WC="0.92" CONTENT="uti"/><SP WIDTH="15" VPOS="195" HPOS="812"/>
							<String ID="string_13" HPOS="827" VPOS="195" WIDTH="70" HEIGHT="21" WC="0.96" CONTENT="denna"/>
						</TextLine>
						<TextLine ID="line_2" HPOS="144" VPOS="228" WIDTH="752" HEIGHT="28">
							<String ID="string_14" HPOS="144" VPOS="229" WIDTH="134" HEIGHT="27" WC="0.93" CONTENT="proposition"/><SP WIDTH="14" VPOS="229" HPOS="278"/>
							<String ID="string_15" HPOS="292" VPOS="228" WIDTH="162" HEIGHT="28" WC="0.92" CONTENT="ifrägavarande"/><SP WIDTH="23" VPOS="228" HPOS="454"/>
							<String ID="string_16" HPOS="477" VPOS="229" WIDTH="158" HEIGHT="27" WC="0.88" CONTENT="bestämningar"/><SP WIDTH="22" VPOS="229" HPOS="635"/>
							<String ID="string_17" HPOS="657" VPOS="228" WIDTH="99" HEIGHT="22" WC="0.92" CONTENT="affattade"/><SP WIDTH="22" VPOS="228" HPOS="756"/>
							<String ID="string_18" HPOS="778" VPOS="230" WIDTH="7" HEIGHT="20" WC="0.96" CONTENT="i"/><SP WIDTH="18" VPOS="230" HPOS="785"/>
							<String ID="string_19" HPOS="803" VPOS="229" WIDTH="93" HEIGHT="27" WC="0.96" CONTENT="enlighet"/>
						</TextLine>
						<TextLine ID="line_3" HPOS="144" VPOS="262" WIDTH="752" HEIGHT="28">
							<String ID="string_20" HPOS="144" VPOS="262" WIDTH="47" HEIGHT="22" WC="0.93" CONTENT="med"/><SP WIDTH="25" VPOS="262" HPOS="191"/>
							<String ID="string_21" HPOS="216" VPOS="262" WIDTH="129" HEIGHT="22" WC="0.89" CONTENT="Ständernas"/><SP WIDTH="20" VPOS="262" HPOS="345"/>
							<String ID="string_22" HPOS="365" VPOS="263" WIDTH="36" HEIGHT="21" WC="0.93" CONTENT="vid"/><SP WIDTH="22" VPOS="263" HPOS="401"/>
							<String ID="string_23" HPOS="423" VPOS="263" WIDTH="139" HEIGHT="21" WC="0.91" CONTENT="1877—1878"/><SP WIDTH="22" VPOS="263" HPOS="562"/>
							<String ID="string_24" HPOS="584" VPOS="263" WIDTH="35" HEIGHT="21" WC="0.89" CONTENT="ärs"/><SP WIDTH="15" VPOS="263" HPOS="619"/>
							<String ID="string_25" HPOS="634" VPOS="263" WIDTH="102" HEIGHT="27" WC="0.92" CONTENT="landtdag"/><SP WIDTH="15" VPOS="263" HPOS="736"/>
							<String ID="string_26" HPOS="751" VPOS="265" WIDTH="55" HEIGHT="19" WC="0.93" CONTENT="samt"/><SP WIDTH="14" VPOS="265" HPOS="806"/>
							<String ID="string_27" HPOS="820" VPOS="263" WIDTH="76" HEIGHT="27" WC="0.93" CONTENT="kyrko-"/>
						</TextLine>
						<TextLine ID="line_4" HPOS="144" VPOS="296" WIDTH="752" HEIGHT="28">
							<String ID="string_28" HPOS="144" VPOS="298" WIDTH="79" HEIGHT="20" WC="0.89" CONTENT="mötets"/><SP WIDTH="22" VPOS="298" HPOS="223"/>
							<String ID="string_29" HPOS="245" VPOS="297" WIDTH="73" HEIGHT="21" WC="0.91" CONTENT="derom"/><SP WIDTH="24" VPOS="297" HPOS="318"/>
							<String ID="string_30" HPOS="342" VPOS="296" WIDTH="81" HEIGHT="22" WC="0.96" CONTENT="fattade"/><SP WIDTH="21" VPOS="296" HPOS="423"/>
							<String ID="string_31" HPOS="444" VPOS="297" WIDTH="76" HEIGHT="21" WC="0.93" CONTENT="beslut."/><SP WIDTH="29" VPOS="297" HPOS="520"/>
							<String ID="string_32" HPOS="549" VPOS="297" WIDTH="156" HEIGHT="27" WC="0.92" CONTENT="Lagutskottet,"/><SP WIDTH="22" VPOS="297" HPOS="705"/>
							<String ID="string_33" HPOS="727" VPOS="304" WIDTH="47" HEIGHT="14" WC="0.93" CONTENT="som"/><SP WIDTH="22" VPOS="304" HPOS="774"/>
							<String ID="string_34" HPOS="796" VPOS="296" WIDTH="40" HEIGHT="22" WC="0.92" CONTENT="fätt"/><SP WIDTH="19" VPOS="296" HPOS="836"/>
							<String ID="string_35" HPOS="855" VPOS="297" WIDTH="41" HEIGHT="21" WC="0.96" CONTENT="den"/>
						</TextLine>
						<TextLine ID="line_5" HPOS="144" VPOS="330" WIDTH="753" HEIGHT="28">
							<String ID="string_36" HPOS="144" VPOS="330" WIDTH="154" HEIGHT="22" WC="0.92" CONTENT="förberedande"/><SP WIDTH="15" VPOS="330" HPOS="298"/>
							<String ID="string_37" HPOS="313" VPOS="331" WIDTH="184" HEIGHT="27" WC="0.92" CONTENT="handläggningen"/><SP WIDTH="16" VPOS="331" HPOS="497"/>
							<String ID="string_38" HPOS="513" VPOS="330" WIDTH="22" HEIGHT="22" WC="0.97" CONTENT="af"/><SP WIDTH="12" VPOS="330" HPOS="535"/>
							<String ID="string_39" HPOS="547" VPOS="331" WIDTH="161" HEIGHT="26" WC="0.96" CONTENT="propositionen"/><SP WIDTH="14" VPOS="331" HPOS="708"/>
							<String ID="string_40" HPOS="722" VPOS="331" WIDTH="33" HEIGHT="26" WC="0.93" CONTENT="sig"/><SP WIDTH="11" VPOS="331" HPOS="755"/>
							<String ID="string_41" HPOS="766" VPOS="330" WIDTH="131" HEIGHT="26" WC="0.92" CONTENT="ombetrodd,"/>
						</TextLine>
						<TextLine ID="line_6" HPOS="145" VPOS="364" WIDTH="752" HEIGHT="27">
							<String ID="string_42" HPOS="145" VPOS="364" WIDTH="69" HEIGHT="21" WC="0.96" CONTENT="beslöt"/><SP WIDTH="21" VPOS="364" HPOS="214"/>
							<String ID="string_43" HPOS="235" VPOS="364" WIDTH="85" HEIGHT="22" WC="0.95" CONTENT="förorda"/><SP WIDTH="22" VPOS="364" HPOS="320"/>
							<String ID="string_44" HPOS="342" VPOS="364" WIDTH="103" HEIGHT="27" WC="0.95" CONTENT="förslaget"/><SP WIDTH="23" VPOS="364" HPOS="445"/>
							<String ID="string_45" HPOS="468" VPOS="365" WIDTH="71" HEIGHT="22" WC="0.96" CONTENT="derom"/><SP WIDTH="24" VPOS="365" HPOS="539"/>
							<String ID="string_46" HPOS="563" VPOS="366" WIDTH="32" HEIGHT="20" WC="0.96" CONTENT="att"/><SP WIDTH="22" VPOS="366" HPOS="595"/>
							<String ID="string_47" HPOS="617" VPOS="365" WIDTH="54" HEIGHT="26" WC="0.88" CONTENT="den,"/><SP WIDTH="15" VPOS="365" HPOS="671"/>
							<String ID="string_48" HPOS="686" VPOS="371" WIDTH="46" HEIGHT="14" WC="0.91" CONTENT="som"/><SP WIDTH="16" VPOS="371" HPOS="732"/>
							<String ID="string_49" HPOS="748" VPOS="365" WIDTH="48" HEIGHT="21" WC="0.93" CONTENT="ville"/><SP WIDTH="16" VPOS="365" HPOS="796"/>
							<String ID="string_50" HPOS="812" VPOS="364" WIDTH="85" HEIGHT="22" WC="0.95" CONTENT="utträda"/>
						</TextLine>
						<TextLine ID="line_7" HPOS="144" VPOS="399" WIDTH="753" HEIGHT="27">
							<String ID="string_51" HPOS="144" VPOS="405" WIDTH="26" HEIGHT="15" WC="0.96" CONTENT="ur"/><SP WIDTH="23" VPOS="405" HPOS="170"/>
							<String ID="string_52" HPOS="193" VPOS="399" WIDTH="50" HEIGHT="21" WC="0.95" CONTENT="eller"/><SP WIDTH="22" VPOS="399" HPOS="243"/>
							<String ID="string_53" HPOS="265" VPOS="399" WIDTH="83" HEIGHT="22" WC="0.96" CONTENT="inträda"/><SP WIDTH="21" VPOS="399" HPOS="348"/>
							<String ID="string_54" HPOS="369" VPOS="400" WIDTH="8" HEIGHT="20" WC="0.96" CONTENT="i"/><SP WIDTH="22" VPOS="400" HPOS="377"/>
							<String ID="string_55" HPOS="399" VPOS="399" WIDTH="41" HEIGHT="21" WC="0.93" CONTENT="den"/><SP WIDTH="22" VPOS="399" HPOS="440"/>
							<String ID="string_56" HPOS="462" VPOS="399" WIDTH="240" HEIGHT="27" WC="0.90" CONTENT="evangelisk-lutherska"/><SP WIDTH="21" VPOS="399" HPOS="702"/>
							<String ID="string_57" HPOS="723" VPOS="399" WIDTH="86" HEIGHT="27" WC="0.96" CONTENT="kyrkan,"/><SP WIDTH="21" VPOS="399" HPOS="809"/>
							<String ID="string_58" HPOS="830" VPOS="399" WIDTH="67" HEIGHT="21" WC="0.96" CONTENT="borde"/>
						</TextLine>
						<TextLine ID="line_8" HPOS="144" VPOS="433" WIDTH="753" HEIGHT="28">
							<String ID="string_59" HPOS="144" VPOS="433" WIDTH="62" HEIGHT="22" WC="0.95" CONTENT="hafva"/><SP WIDTH="23" VPOS="433" HPOS="206"/>
							<String ID="string_60" HPOS="229" VPOS="434" WIDTH="91" HEIGHT="27" WC="0.96" CONTENT="uppnått"/><SP WIDTH="22" VPOS="434" HPOS="320"/>
							<String ID="string_61" HPOS="342" VPOS="440" WIDTH="26" HEIGHT="15" WC="0.96" CONTENT="en"/><SP WIDTH="18" VPOS="440" HPOS="368"/>
							<String ID="string_62" HPOS="386" VPOS="434" WIDTH="58" HEIGHT="21" WC="0.96" CONTENT="ålder"/><SP WIDTH="16" VPOS="434" HPOS="444"/>
							<String ID="string_63" HPOS="460" VPOS="434" WIDTH="22" HEIGHT="21" WC="0.93" CONTENT="af"/><SP WIDTH="12" VPOS="434" HPOS="482"/>
							<String ID="string_64" HPOS="494" VPOS="434" WIDTH="94" HEIGHT="27" WC="0.92" CONTENT="tjuguett"/><SP WIDTH="15" VPOS="434" HPOS="588"/>
							<String ID="string_65" HPOS="603" VPOS="433" WIDTH="28" HEIGHT="26" WC="0.96" CONTENT="år,"/><SP WIDTH="20" VPOS="433" HPOS="631"/>
							<String ID="string_66" HPOS="651" VPOS="440" WIDTH="48" HEIGHT="15" WC="0.96" CONTENT="men"/><SP WIDTH="21" VPOS="440" HPOS="699"/>
							<String ID="string_67" HPOS="720" VPOS="433" WIDTH="67" HEIGHT="27" WC="0.93" CONTENT="ansåg"/><SP WIDTH="15" VPOS="433" HPOS="787"/>
							<String ID="string_68" HPOS="802" VPOS="433" WIDTH="95" HEIGHT="22" WC="0.93" CONTENT="deremot"/>
						</TextLine>
						<TextLine ID="line_9" HPOS="145" VPOS="467" WIDTH="751" HEIGHT="28">
							<String ID="string_69" HPOS="145" VPOS="470" WIDTH="31" HEIGHT="19" WC="0.96" CONTENT="att"/><SP WIDTH="23" VPOS="470" HPOS="176"/>
							<String ID="string_70" HPOS="199" VPOS="469" WIDTH="43" HEIGHT="20" WC="0.96" CONTENT="rätt"/><SP WIDTH="21" VPOS="469" HPOS="242"/>
							<String ID="string_71" HPOS="263" VPOS="468" WIDTH="33" HEIGHT="21" WC="0.96" CONTENT="för"/><SP WIDTH="25" VPOS="468" HPOS="296"/>
							<String ID="string_72" HPOS="321" VPOS="468" WIDTH="58" HEIGHT="27" WC="0.96" CONTENT="barn,"/><SP WIDTH="24" VPOS="468" HPOS="379"/>
							<String ID="string_73" HPOS="403" VPOS="469" WIDTH="65" HEIGHT="21" WC="0.95" CONTENT="hvars"/><SP WIDTH="26" VPOS="469" HPOS="468"/>
							<String ID="string_74" HPOS="494" VPOS="469" WIDTH="103" HEIGHT="21" WC="0.93" CONTENT="föräldrar"/><SP WIDTH="25" VPOS="469" HPOS="597"/>
							<String ID="string_75" HPOS="622" VPOS="468" WIDTH="124" HEIGHT="27" WC="0.89" CONTENT="öfvergingo"/><SP WIDTH="25" VPOS="468" HPOS="746"/>
							<String ID="string_76" HPOS="771" VPOS="467" WIDTH="31" HEIGHT="22" WC="0.96" CONTENT="till"/><SP WIDTH="24" VPOS="467" HPOS="802"/>
							<String ID="string_77" HPOS="826" VPOS="474" WIDTH="70" HEIGHT="15" WC="0.95" CONTENT="annan"/>
						</TextLine>
						<TextLine ID="line_10" HPOS="123" VPOS="502" WIDTH="774" HEIGHT="31">
							<String ID="string_78" HPOS="123" VPOS="531" WIDTH="2" HEIGHT="2" WC="0.69" CONTENT="—"/><SP WIDTH="20" VPOS="531" HPOS="125"/>
							<String ID="string_79" HPOS="145" VPOS="502" WIDTH="96" HEIGHT="26" WC="0.91" CONTENT="troslära,"/><SP WIDTH="15" VPOS="502" HPOS="241"/>
							<String ID="string_80" HPOS="256" VPOS="504" WIDTH="32" HEIGHT="19" WC="0.93" CONTENT="att"/><SP WIDTH="14" VPOS="504" HPOS="288"/>
							<String ID="string_81" HPOS="302" VPOS="502" WIDTH="73" HEIGHT="27" WC="0.93" CONTENT="afgöra"/><SP WIDTH="14" VPOS="502" HPOS="375"/>
							<String ID="string_82" HPOS="389" VPOS="503" WIDTH="106" HEIGHT="21" WC="0.96" CONTENT="huruvida"/><SP WIDTH="15" VPOS="503" HPOS="495"/>
							<String ID="string_83" HPOS="510" VPOS="503" WIDTH="60" HEIGHT="21" WC="0.96" CONTENT="äfven"/><SP WIDTH="13" VPOS="503" HPOS="570"/>
							<String ID="string_84" HPOS="583" VPOS="503" WIDTH="77" HEIGHT="21" WC="0.96" CONTENT="barnet"/><SP WIDTH="10" VPOS="503" HPOS="660"/>
							<String ID="string_85" HPOS="670" VPOS="503" WIDTH="48" HEIGHT="20" WC="0.96" CONTENT="ville"/><SP WIDTH="10" VPOS="503" HPOS="718"/>
							<String ID="string_86" HPOS="728" VPOS="502" WIDTH="89" HEIGHT="21" WC="0.96" CONTENT="omfatta"/><SP WIDTH="10" VPOS="502" HPOS="817"/>
							<String ID="string_87" HPOS="827" VPOS="502" WIDTH="70" HEIGHT="21" WC="0.96" CONTENT="denna"/>
						</TextLine>
						<TextLine ID="line_11" HPOS="145" VPOS="536" WIDTH="751" HEIGHT="26">
							<String ID="string_88" HPOS="145" VPOS="537" WIDTH="44" HEIGHT="21" WC="0.95" CONTENT="lära"/><SP WIDTH="22" VPOS="537" HPOS="189"/>
							<String ID="string_89" HPOS="211" VPOS="536" WIDTH="51" HEIGHT="22" WC="0.95" CONTENT="eller"/><SP WIDTH="21" VPOS="536" HPOS="262"/>
							<String ID="string_90" HPOS="283" VPOS="537" WIDTH="51" HEIGHT="25" WC="0.96" CONTENT="icke,"/><SP WIDTH="23" VPOS="537" HPOS="334"/>
							<String ID="string_91" HPOS="357" VPOS="537" WIDTH="66" HEIGHT="21" WC="0.95" CONTENT="borde"/><SP WIDTH="23" VPOS="537" HPOS="423"/>
							<String ID="string_92" HPOS="446" VPOS="537" WIDTH="117" HEIGHT="22" WC="0.95" CONTENT="tillkomma"/><SP WIDTH="18" VPOS="537" HPOS="563"/>
							<String ID="string_93" HPOS="581" VPOS="537" WIDTH="75" HEIGHT="21" WC="0.96" CONTENT="endast"/><SP WIDTH="19" VPOS="537" HPOS="656"/>
							<String ID="string_94" HPOS="675" VPOS="537" WIDTH="76" HEIGHT="21" WC="0.96" CONTENT="sådant"/><SP WIDTH="20" VPOS="537" HPOS="751"/>
							<String ID="string_95" HPOS="771" VPOS="537" WIDTH="59" HEIGHT="25" WC="0.96" CONTENT="barn,"/><SP WIDTH="20" VPOS="537" HPOS="830"/>
							<String ID="string_96" HPOS="850" VPOS="542" WIDTH="46" HEIGHT="15" WC="0.96" CONTENT="som"/>
						</TextLine>
						<TextLine ID="line_12" HPOS="145" VPOS="570" WIDTH="751" HEIGHT="28">
							<String ID="string_97" HPOS="145" VPOS="571" WIDTH="91" HEIGHT="27" WC="0.96" CONTENT="uppnått"/><SP WIDTH="14" VPOS="571" HPOS="236"/>
							<String ID="string_98" HPOS="250" VPOS="570" WIDTH="81" HEIGHT="22" WC="0.96" CONTENT="femton"/><SP WIDTH="16" VPOS="570" HPOS="331"/>
							<String ID="string_99" HPOS="347" VPOS="571" WIDTH="35" HEIGHT="21" WC="0.96" CONTENT="års"/><SP WIDTH="15" VPOS="571" HPOS="382"/>
							<String ID="string_100" HPOS="397" VPOS="571" WIDTH="65" HEIGHT="21" WC="0.96" CONTENT="ålder."/><SP WIDTH="29" VPOS="571" HPOS="462"/>
							<String ID="string_101" HPOS="491" VPOS="571" WIDTH="39" HEIGHT="22" WC="0.96" CONTENT="Vid"/><SP WIDTH="17" VPOS="571" HPOS="530"/>
							<String ID="string_102" HPOS="547" VPOS="571" WIDTH="112" HEIGHT="27" WC="0.96" CONTENT="förslagets"/><SP WIDTH="16" VPOS="571" HPOS="659"/>
							<String ID="string_103" HPOS="675" VPOS="571" WIDTH="129" HEIGHT="26" WC="0.96" CONTENT="behandling"/><SP WIDTH="13" VPOS="571" HPOS="804"/>
							<String ID="string_104" HPOS="817" VPOS="570" WIDTH="7" HEIGHT="21" WC="0.93" CONTENT="i"/><SP WIDTH="16" VPOS="570" HPOS="824"/>
							<String ID="string_105" HPOS="840" VPOS="570" WIDTH="56" HEIGHT="21" WC="0.90" CONTENT="stån-"/>
						</TextLine>
						<TextLine ID="line_13" HPOS="146" VPOS="604" WIDTH="751" HEIGHT="28">
							<String ID="string_106" HPOS="146" VPOS="605" WIDTH="40" HEIGHT="21" WC="0.96" CONTENT="den"/><SP WIDTH="24" VPOS="605" HPOS="186"/>
							<String ID="string_107" HPOS="210" VPOS="605" WIDTH="74" HEIGHT="27" WC="0.96" CONTENT="gjorde"/><SP WIDTH="19" VPOS="605" HPOS="284"/>
							<String ID="string_108" HPOS="303" VPOS="606" WIDTH="33" HEIGHT="26" WC="0.96" CONTENT="sig"/><SP WIDTH="17" VPOS="606" HPOS="336"/>
							<String ID="string_109" HPOS="353" VPOS="606" WIDTH="45" HEIGHT="20" WC="0.96" CONTENT="åter"/><SP WIDTH="16" VPOS="606" HPOS="398"/>
							<String ID="string_110" HPOS="414" VPOS="605" WIDTH="56" HEIGHT="21" WC="0.96" CONTENT="olika"/><SP WIDTH="14" VPOS="605" HPOS="470"/>
							<String ID="string_111" HPOS="484" VPOS="606" WIDTH="110" HEIGHT="26" WC="0.96" CONTENT="meningar"/><SP WIDTH="16" VPOS="606" HPOS="594"/>
							<String ID="string_112" HPOS="610" VPOS="605" WIDTH="102" HEIGHT="27" WC="0.91" CONTENT="gällande."/><SP WIDTH="30" VPOS="605" HPOS="712"/>
							<String ID="string_113" HPOS="742" VPOS="604" WIDTH="155" HEIGHT="27" WC="0.91" CONTENT="Ridderskapet"/>
						</TextLine>
						<TextLine ID="line_14" HPOS="146" VPOS="638" WIDTH="751" HEIGHT="29">
							<String ID="string_114" HPOS="146" VPOS="640" WIDTH="38" HEIGHT="20" WC="0.91" CONTENT="och"/><SP WIDTH="16" VPOS="640" HPOS="184"/>
							<String ID="string_115" HPOS="200" VPOS="640" WIDTH="69" HEIGHT="21" WC="0.91" CONTENT="Adeln"/><SP WIDTH="16" VPOS="640" HPOS="269"/>
							<String ID="string_116" HPOS="285" VPOS="640" WIDTH="69" HEIGHT="21" WC="0.96" CONTENT="beslöt"/><SP WIDTH="15" VPOS="640" HPOS="354"/>
							<String ID="string_117" HPOS="369" VPOS="642" WIDTH="31" HEIGHT="18" WC="0.96" CONTENT="att"/><SP WIDTH="15" VPOS="642" HPOS="400"/>
							<String ID="string_118" HPOS="415" VPOS="640" WIDTH="188" HEIGHT="27" WC="0.96" CONTENT="åldersgränserna"/><SP WIDTH="14" VPOS="640" HPOS="603"/>
							<String ID="string_119" HPOS="617" VPOS="640" WIDTH="7" HEIGHT="20" WC="0.96" CONTENT="i"/><SP WIDTH="10" VPOS="640" HPOS="624"/>
							<String ID="string_120" HPOS="634" VPOS="639" WIDTH="59" HEIGHT="27" WC="0.96" CONTENT="fråga"/><SP WIDTH="11" VPOS="639" HPOS="693"/>
							<String ID="string_121" HPOS="704" VPOS="639" WIDTH="68" HEIGHT="21" WC="0.96" CONTENT="skulle"/><SP WIDTH="10" VPOS="639" HPOS="772"/>
							<String ID="string_122" HPOS="782" VPOS="638" WIDTH="115" HEIGHT="22" WC="0.96" CONTENT="fastställas"/>
						</TextLine>
						<TextLine ID="line_15" HPOS="146" VPOS="672" WIDTH="750" HEIGHT="28">
							<String ID="string_123" HPOS="146" VPOS="674" WIDTH="31" HEIGHT="20" WC="0.91" CONTENT="till"/><SP WIDTH="23" VPOS="674" HPOS="177"/>
							<String ID="string_124" HPOS="200" VPOS="674" WIDTH="88" HEIGHT="21" WC="0.91" CONTENT="aderton"/><SP WIDTH="24" VPOS="674" HPOS="288"/>
							<String ID="string_125" HPOS="312" VPOS="673" WIDTH="39" HEIGHT="22" WC="0.96" CONTENT="och"/><SP WIDTH="22" VPOS="673" HPOS="351"/>
							<String ID="string_126" HPOS="373" VPOS="674" WIDTH="81" HEIGHT="21" WC="0.96" CONTENT="femton"/><SP WIDTH="21" VPOS="674" HPOS="454"/>
							<String ID="string_127" HPOS="475" VPOS="675" WIDTH="29" HEIGHT="25" WC="0.96" CONTENT="år,"/><SP WIDTH="18" VPOS="675" HPOS="504"/>
							<String ID="string_128" HPOS="522" VPOS="674" WIDTH="110" HEIGHT="21" WC="0.93" CONTENT="hvaremot"/><SP WIDTH="18" VPOS="674" HPOS="632"/>
							<String ID="string_129" HPOS="650" VPOS="673" WIDTH="180" HEIGHT="27" WC="0.92" CONTENT="Borgareståndet"/><SP WIDTH="16" VPOS="673" HPOS="830"/>
							<String ID="string_130" HPOS="846" VPOS="672" WIDTH="50" HEIGHT="27" WC="0.92" CONTENT="god-"/>
						</TextLine>
						<TextLine ID="line_16" HPOS="145" VPOS="707" WIDTH="751" HEIGHT="26">
							<String ID="string_131" HPOS="145" VPOS="708" WIDTH="70" HEIGHT="21" WC="0.96" CONTENT="kände"/><SP WIDTH="15" VPOS="708" HPOS="215"/>
							<String ID="string_132" HPOS="230" VPOS="707" WIDTH="149" HEIGHT="22" WC="0.93" CONTENT="betänkandet."/><SP WIDTH="27" VPOS="707" HPOS="379"/>
							<String ID="string_133" HPOS="406" VPOS="708" WIDTH="84" HEIGHT="21" WC="0.90" CONTENT="Preste-"/><SP WIDTH="16" VPOS="708" HPOS="490"/>
							<String ID="string_134" HPOS="506" VPOS="708" WIDTH="38" HEIGHT="21" WC="0.93" CONTENT="och"/><SP WIDTH="19" VPOS="708" HPOS="544"/>
							<String ID="string_135" HPOS="563" VPOS="707" WIDTH="166" HEIGHT="22" WC="0.92" CONTENT="Bondestånden"/><SP WIDTH="15" VPOS="707" HPOS="729"/>
							<String ID="string_136" HPOS="744" VPOS="707" WIDTH="101" HEIGHT="26" WC="0.93" CONTENT="slutligen"/><SP WIDTH="15" VPOS="707" HPOS="845"/>
							<String ID="string_137" HPOS="860" VPOS="713" WIDTH="36" HEIGHT="14" WC="0.92" CONTENT="an-"/>
						</TextLine>
						<TextLine ID="line_17" HPOS="147" VPOS="740" WIDTH="752" HEIGHT="29">
							<String ID="string_138" HPOS="147" VPOS="742" WIDTH="51" HEIGHT="27" WC="0.91" CONTENT="sågo"/><SP WIDTH="23" VPOS="742" HPOS="198"/>
							<String ID="string_139" HPOS="221" VPOS="744" WIDTH="31" HEIGHT="19" WC="0.96" CONTENT="att"/><SP WIDTH="22" VPOS="744" HPOS="252"/>
							<String ID="string_140" HPOS="274" VPOS="742" WIDTH="31" HEIGHT="21" WC="0.96" CONTENT="uti"/><SP WIDTH="22" VPOS="742" HPOS="305"/>
							<String ID="string_141" HPOS="327" VPOS="749" WIDTH="29" HEIGHT="14" WC="0.96" CONTENT="nu"/><SP WIDTH="23" VPOS="749" HPOS="356"/>
							<String ID="string_142" HPOS="379" VPOS="741" WIDTH="159" HEIGHT="28" WC="0.96" CONTENT="ifrågavarande"/><SP WIDTH="19" VPOS="741" HPOS="538"/>
							<String ID="string_143" HPOS="557" VPOS="741" WIDTH="36" HEIGHT="22" WC="0.95" CONTENT="fall"/><SP WIDTH="18" VPOS="741" HPOS="593"/>
							<String ID="string_144" HPOS="611" VPOS="741" WIDTH="66" HEIGHT="22" WC="0.96" CONTENT="borde"/><SP WIDTH="16" VPOS="741" HPOS="677"/>
							<String ID="string_145" HPOS="693" VPOS="741" WIDTH="55" HEIGHT="27" WC="0.96" CONTENT="gälla"/><SP WIDTH="15" VPOS="741" HPOS="748"/>
							<String ID="string_146" HPOS="763" VPOS="747" WIDTH="25" HEIGHT="15" WC="0.96" CONTENT="en"/><SP WIDTH="16" VPOS="747" HPOS="788"/>
							<String ID="string_147" HPOS="804" VPOS="741" WIDTH="58" HEIGHT="22" WC="0.96" CONTENT="ålder"/><SP WIDTH="15" VPOS="741" HPOS="862"/>
							<String ID="string_148" HPOS="877" VPOS="740" WIDTH="22" HEIGHT="22" WC="0.96" CONTENT="af"/>
						</TextLine>
						<TextLine ID="line_18" HPOS="146" VPOS="774" WIDTH="751" HEIGHT="29">
							<String ID="string_149" HPOS="146" VPOS="777" WIDTH="94" HEIGHT="26" WC="0.92" CONTENT="tjuguett"/><SP WIDTH="14" VPOS="777" HPOS="240"/>
							<String ID="string_150" HPOS="254" VPOS="776" WIDTH="40" HEIGHT="21" WC="0.93" CONTENT="och"/><SP WIDTH="16" VPOS="776" HPOS="294"/>
							<String ID="string_151" HPOS="310" VPOS="776" WIDTH="41" HEIGHT="22" WC="0.92" CONTENT="tolf"/><SP WIDTH="12" VPOS="776" HPOS="351"/>
							<String ID="string_152" HPOS="363" VPOS="776" WIDTH="30" HEIGHT="21" WC="0.93" CONTENT="år."/><SP WIDTH="32" VPOS="776" HPOS="393"/>
							<String ID="string_153" HPOS="425" VPOS="777" WIDTH="39" HEIGHT="21" WC="0.93" CONTENT="Vid"/><SP WIDTH="15" VPOS="777" HPOS="464"/>
							<String ID="string_154" HPOS="479" VPOS="776" WIDTH="108" HEIGHT="22" WC="0.91" CONTENT="verkstäld"/><SP WIDTH="16" VPOS="776" HPOS="587"/>
							<String ID="string_155" HPOS="603" VPOS="775" WIDTH="205" HEIGHT="27" WC="0.88" CONTENT="sammanjemkning"/><SP WIDTH="15" VPOS="775" HPOS="808"/>
							<String ID="string_156" HPOS="823" VPOS="774" WIDTH="74" HEIGHT="23" WC="0.91" CONTENT="omfat-"/>
						</TextLine>
						<TextLine ID="line_19" HPOS="146" VPOS="809" WIDTH="754" HEIGHT="28">
							<String ID="string_157" HPOS="146" VPOS="811" WIDTH="60" HEIGHT="21" WC="0.92" CONTENT="tades"/><SP WIDTH="16" VPOS="811" HPOS="206"/>
							<String ID="string_158" HPOS="222" VPOS="811" WIDTH="121" HEIGHT="21" WC="0.93" CONTENT="sedermera"/><SP WIDTH="14" VPOS="811" HPOS="343"/>
							<String ID="string_159" HPOS="357" VPOS="811" WIDTH="85" HEIGHT="20" WC="0.91" CONTENT="Preste-"/><SP WIDTH="16" VPOS="811" HPOS="442"/>
							<String ID="string_160" HPOS="458" VPOS="811" WIDTH="39" HEIGHT="20" WC="0.93" CONTENT="och"/><SP WIDTH="16" VPOS="811" HPOS="497"/>
							<String ID="string_161" HPOS="513" VPOS="811" WIDTH="177" HEIGHT="21" WC="0.92" CONTENT="Bondeståndens"/><SP WIDTH="15" VPOS="811" HPOS="690"/>
							<String ID="string_162" HPOS="705" VPOS="811" WIDTH="71" HEIGHT="20" WC="0.93" CONTENT="beslut"/><SP WIDTH="12" VPOS="811" HPOS="776"/>
							<String ID="string_163" HPOS="788" VPOS="809" WIDTH="80" HEIGHT="28" WC="0.92" CONTENT="jemväl"/><SP WIDTH="10" VPOS="809" HPOS="868"/>
							<String ID="string_164" HPOS="878" VPOS="809" WIDTH="22" HEIGHT="22" WC="0.97" CONTENT="af"/>
						</TextLine>
						<TextLine ID="line_20" HPOS="146" VPOS="844" WIDTH="751" HEIGHT="28">
							<String ID="string_165" HPOS="146" VPOS="845" WIDTH="157" HEIGHT="27" WC="0.91" CONTENT="Ridderskapet"/><SP WIDTH="16" VPOS="845" HPOS="303"/>
							<String ID="string_166" HPOS="319" VPOS="845" WIDTH="38" HEIGHT="21" WC="0.93" CONTENT="och"/><SP WIDTH="16" VPOS="845" HPOS="357"/>
							<String ID="string_167" HPOS="373" VPOS="845" WIDTH="69" HEIGHT="20" WC="0.92" CONTENT="Adeln"/><SP WIDTH="16" VPOS="845" HPOS="442"/>
							<String ID="string_168" HPOS="458" VPOS="848" WIDTH="56" HEIGHT="18" WC="0.93" CONTENT="samt"/><SP WIDTH="15" VPOS="848" HPOS="514"/>
							<String ID="string_169" HPOS="529" VPOS="845" WIDTH="185" HEIGHT="26" WC="0.91" CONTENT="Borgareståndet,"/><SP WIDTH="17" VPOS="845" HPOS="714"/>
							<String ID="string_170" HPOS="731" VPOS="844" WIDTH="38" HEIGHT="22" WC="0.96" CONTENT="och"/><SP WIDTH="17" VPOS="844" HPOS="769"/>
							<String ID="string_171" HPOS="786" VPOS="845" WIDTH="26" HEIGHT="20" WC="0.93" CONTENT="de"/><SP WIDTH="11" VPOS="845" HPOS="812"/>
							<String ID="string_172" HPOS="823" VPOS="844" WIDTH="74" HEIGHT="21" WC="0.92" CONTENT="omtvi-"/>
						</TextLine>
						<TextLine ID="line_21" HPOS="147" VPOS="878" WIDTH="750" HEIGHT="28">
							<String ID="string_173" HPOS="147" VPOS="879" WIDTH="60" HEIGHT="22" WC="0.92" CONTENT="stade"/><SP WIDTH="15" VPOS="879" HPOS="207"/>
							<String ID="string_174" HPOS="222" VPOS="879" WIDTH="188" HEIGHT="27" WC="0.96" CONTENT="åldersgränserna"/><SP WIDTH="16" VPOS="879" HPOS="410"/>
							<String ID="string_175" HPOS="426" VPOS="878" WIDTH="70" HEIGHT="22" WC="0.93" CONTENT="blefvo"/><SP WIDTH="15" VPOS="878" HPOS="496"/>
							<String ID="string_176" HPOS="511" VPOS="879" WIDTH="55" HEIGHT="27" WC="0.93" CONTENT="förty"/><SP WIDTH="15" VPOS="879" HPOS="566"/>
							<String ID="string_177" HPOS="581" VPOS="879" WIDTH="31" HEIGHT="21" WC="0.96" CONTENT="uti"/><SP WIDTH="16" VPOS="879" HPOS="612"/>
							<String ID="string_178" HPOS="628" VPOS="879" WIDTH="18" HEIGHT="22" WC="0.96" CONTENT="7,"/><SP WIDTH="16" VPOS="879" HPOS="646"/>
							<String ID="string_179" HPOS="662" VPOS="879" WIDTH="13" HEIGHT="20" WC="0.96" CONTENT="8"/><SP WIDTH="15" VPOS="879" HPOS="675"/>
							<String ID="string_180" HPOS="690" VPOS="879" WIDTH="39" HEIGHT="20" WC="0.96" CONTENT="och"/><SP WIDTH="12" VPOS="879" HPOS="729"/>
							<String ID="string_181" HPOS="741" VPOS="879" WIDTH="27" HEIGHT="20" WC="0.96" CONTENT="13"/><SP WIDTH="10" VPOS="879" HPOS="768"/>
							<String ID="string_182" HPOS="778" VPOS="878" WIDTH="24" HEIGHT="27" WC="0.89" CONTENT="$$"/><SP WIDTH="11" VPOS="878" HPOS="802"/>
							<String ID="string_183" HPOS="813" VPOS="879" WIDTH="31" HEIGHT="20" WC="0.93" CONTENT="uti"/><SP WIDTH="11" VPOS="879" HPOS="844"/>
							<String ID="string_184" HPOS="855" VPOS="878" WIDTH="42" HEIGHT="27" WC="0.92" CONTENT="gäl-"/>
						</TextLine>
						<TextLine ID="line_22" HPOS="146" VPOS="918" WIDTH="753" HEIGHT="27">
							<String ID="string_185" HPOS="146" VPOS="919" WIDTH="62" HEIGHT="21" WC="0.96" CONTENT="lande"/><SP WIDTH="16" VPOS="919" HPOS="208"/>
							<String ID="string_186" HPOS="224" VPOS="918" WIDTH="125" HEIGHT="27" WC="0.96" CONTENT="förordning"/><SP WIDTH="14" VPOS="918" HPOS="349"/>
							<String ID="string_187" HPOS="363" VPOS="918" WIDTH="22" HEIGHT="21" WC="0.96" CONTENT="af"/><SP WIDTH="14" VPOS="918" HPOS="385"/>
							<String ID="string_188" HPOS="399" VPOS="919" WIDTH="40" HEIGHT="20" WC="0.96" CONTENT="den"/><SP WIDTH="17" VPOS="919" HPOS="439"/>
							<String ID="string_189" HPOS="456" VPOS="919" WIDTH="25" HEIGHT="20" WC="0.96" CONTENT="11"/><SP WIDTH="12" VPOS="919" HPOS="481"/>
							<String ID="string_190" HPOS="493" VPOS="918" WIDTH="122" HEIGHT="21" WC="0.96" CONTENT="November"/><SP WIDTH="17" VPOS="918" HPOS="615"/>
							<String ID="string_191" HPOS="632" VPOS="918" WIDTH="55" HEIGHT="21" WC="0.96" CONTENT="1889"/><SP WIDTH="10" VPOS="918" HPOS="687"/>
							<String ID="string_192" HPOS="697" VPOS="919" WIDTH="110" HEIGHT="26" WC="0.96" CONTENT="angående"/><SP WIDTH="10" VPOS="919" HPOS="807"/>
							<String ID="string_193" HPOS="817" VPOS="919" WIDTH="82" HEIGHT="20" WC="0.96" CONTENT="kristna"/>
						</TextLine>
						<TextLine ID="line_23" HPOS="146" VPOS="952" WIDTH="751" HEIGHT="27">
							<String ID="string_194" HPOS="146" VPOS="952" WIDTH="202" HEIGHT="27" WC="0.90" CONTENT="religionssamfund"/><SP WIDTH="10" VPOS="952" HPOS="348"/>
							<String ID="string_195" HPOS="358" VPOS="953" WIDTH="7" HEIGHT="20" WC="0.96" CONTENT="i"/><SP WIDTH="10" VPOS="953" HPOS="365"/>
							<String ID="string_196" HPOS="375" VPOS="952" WIDTH="90" HEIGHT="21" WC="0.96" CONTENT="Finland"/><SP WIDTH="16" VPOS="952" HPOS="465"/>
							<String ID="string_197" HPOS="481" VPOS="952" WIDTH="22" HEIGHT="21" WC="0.96" CONTENT="af"/><SP WIDTH="17" VPOS="952" HPOS="503"/>
							<String ID="string_198" HPOS="520" VPOS="958" WIDTH="68" HEIGHT="15" WC="0.96" CONTENT="annan"/><SP WIDTH="15" VPOS="958" HPOS="588"/>
							<String ID="string_199" HPOS="603" VPOS="952" WIDTH="154" HEIGHT="27" WC="0.93" CONTENT="protestantisk"/><SP WIDTH="11" VPOS="952" HPOS="757"/>
							<String ID="string_200" HPOS="768" VPOS="952" WIDTH="91" HEIGHT="21" WC="0.91" CONTENT="troslära"/><SP WIDTH="12" VPOS="952" HPOS="859"/>
							<String ID="string_201" HPOS="871" VPOS="953" WIDTH="26" HEIGHT="20" WC="0.96" CONTENT="än"/>
						</TextLine>
						<TextLine ID="line_24" HPOS="147" VPOS="986" WIDTH="752" HEIGHT="28">
							<String ID="string_202" HPOS="147" VPOS="988" WIDTH="41" HEIGHT="20" WC="0.92" CONTENT="den"/><SP WIDTH="24" VPOS="988" HPOS="188"/>
							<String ID="string_203" HPOS="212" VPOS="987" WIDTH="242" HEIGHT="27" WC="0.88" CONTENT="evangelisk-lutherska"/><SP WIDTH="21" VPOS="987" HPOS="454"/>
							<String ID="string_204" HPOS="475" VPOS="986" WIDTH="110" HEIGHT="22" WC="0.92" CONTENT="faststälda"/><SP WIDTH="22" VPOS="986" HPOS="585"/>
							<String ID="string_205" HPOS="607" VPOS="986" WIDTH="30" HEIGHT="21" WC="0.95" CONTENT="till"/><SP WIDTH="25" VPOS="986" HPOS="637"/>
							<String ID="string_206" HPOS="662" VPOS="986" WIDTH="120" HEIGHT="26" WC="0.93" CONTENT="respektive"/><SP WIDTH="23" VPOS="986" HPOS="782"/>
							<String ID="string_207" HPOS="805" VPOS="986" WIDTH="94" HEIGHT="26" WC="0.92" CONTENT="tjuguett"/>
						</TextLine>
						<TextLine ID="line_25" HPOS="146" VPOS="1020" WIDTH="137" HEIGHT="22">
							<String ID="string_208" HPOS="146" VPOS="1022" WIDTH="39" HEIGHT="20" WC="0.92" CONTENT="och"/><SP WIDTH="15" VPOS="1022" HPOS="185"/>
							<String ID="string_209" HPOS="200" VPOS="1020" WIDTH="41" HEIGHT="22" WC="0.92" CONTENT="tolf"/><SP WIDTH="14" VPOS="1020" HPOS="241"/>
							<String ID="string_210" HPOS="255" VPOS="1022" WIDTH="28" HEIGHT="20" WC="0.96" CONTENT="år."/>
						</TextLine>
					</TextBlock>
				</ComposedBlock>
				<ComposedBlock ID="cblock_2" HPOS="147" VPOS="1116" WIDTH="753" HEIGHT="334">
					<TextBlock ID="block_2" HPOS="147" VPOS="1116" WIDTH="753" HEIGHT="334">
						<TextLine ID="line_26" HPOS="217" VPOS="1116" WIDTH="682" HEIGHT="28">
							<String ID="string_211" HPOS="217" VPOS="1119" WIDTH="74" HEIGHT="21" WC="0.96" CONTENT="Såsom"/><SP WIDTH="11" VPOS="1119" HPOS="291"/>
							<String ID="string_212" HPOS="302" VPOS="1118" WIDTH="22" HEIGHT="22" WC="0.96" CONTENT="af"/><SP WIDTH="9" VPOS="1118" HPOS="324"/>
							<String ID="string_213" HPOS="333" VPOS="1119" WIDTH="35" HEIGHT="21" WC="0.93" CONTENT="det"/><SP WIDTH="8" VPOS="1119" HPOS="368"/>
							<String ID="string_214" HPOS="376" VPOS="1119" WIDTH="152" HEIGHT="20" WC="0.92" CONTENT="ofvanstående"/><SP WIDTH="9" VPOS="1119" HPOS="528"/>
							<String ID="string_215" HPOS="537" VPOS="1117" WIDTH="94" HEIGHT="27" WC="0.96" CONTENT="framgår"/><SP WIDTH="8" VPOS="1117" HPOS="631"/>
							<String ID="string_216" HPOS="639" VPOS="1117" WIDTH="62" HEIGHT="21" WC="0.96" CONTENT="hafva"/><SP WIDTH="8" VPOS="1117" HPOS="701"/>
							<String ID="string_217" HPOS="709" VPOS="1117" WIDTH="26" HEIGHT="20" WC="0.96" CONTENT="de"/><SP WIDTH="7" VPOS="1117" HPOS="735"/>
							<String ID="string_218" HPOS="742" VPOS="1117" WIDTH="78" HEIGHT="27" WC="0.96" CONTENT="frågor,"/><SP WIDTH="9" VPOS="1117" HPOS="820"/>
							<String ID="string_219" HPOS="829" VPOS="1116" WIDTH="70" HEIGHT="21" WC="0.96" CONTENT="hvilka"/>
						</TextLine>
						<TextLine ID="line_27" HPOS="147" VPOS="1151" WIDTH="752" HEIGHT="29">
							<String ID="string_220" HPOS="147" VPOS="1154" WIDTH="5" HEIGHT="20" WC="0.96" CONTENT="i"/><SP WIDTH="23" VPOS="1154" HPOS="152"/>
							<String ID="string_221" HPOS="175" VPOS="1153" WIDTH="145" HEIGHT="27" WC="0.90" CONTENT="föreliggande"/><SP WIDTH="25" VPOS="1153" HPOS="320"/>
							<String ID="string_222" HPOS="345" VPOS="1152" WIDTH="211" HEIGHT="28" WC="0.88" CONTENT="petitionsmemorial"/><SP WIDTH="23" VPOS="1152" HPOS="556"/>
							<String ID="string_223" HPOS="579" VPOS="1151" WIDTH="92" HEIGHT="26" WC="0.96" CONTENT="beröras,"/><SP WIDTH="24" VPOS="1151" HPOS="671"/>
							<String ID="string_224" HPOS="695" VPOS="1151" WIDTH="103" HEIGHT="22" WC="0.96" CONTENT="särskilda"/><SP WIDTH="22" VPOS="1151" HPOS="798"/>
							<String ID="string_225" HPOS="820" VPOS="1151" WIDTH="79" HEIGHT="26" WC="0.96" CONTENT="gånger"/>
						</TextLine>
						<TextLine ID="line_28" HPOS="147" VPOS="1184" WIDTH="753" HEIGHT="29">
							<String ID="string_226" HPOS="147" VPOS="1187" WIDTH="55" HEIGHT="21" WC="0.94" CONTENT="varit"/><SP WIDTH="23" VPOS="1187" HPOS="202"/>
							<String ID="string_227" HPOS="225" VPOS="1187" WIDTH="88" HEIGHT="21" WC="0.94" CONTENT="föremål"/><SP WIDTH="24" VPOS="1187" HPOS="313"/>
							<String ID="string_228" HPOS="337" VPOS="1187" WIDTH="32" HEIGHT="20" WC="0.93" CONTENT="för"/><SP WIDTH="22" VPOS="1187" HPOS="369"/>
							<String ID="string_229" HPOS="391" VPOS="1186" WIDTH="109" HEIGHT="27" WC="0.92" CONTENT="pröfning;"/><SP WIDTH="23" VPOS="1186" HPOS="500"/>
							<String ID="string_230" HPOS="523" VPOS="1185" WIDTH="38" HEIGHT="22" WC="0.96" CONTENT="och"/><SP WIDTH="24" VPOS="1185" HPOS="561"/>
							<String ID="string_231" HPOS="585" VPOS="1185" WIDTH="72" HEIGHT="27" WC="0.95" CONTENT="hvarje"/><SP WIDTH="23" VPOS="1185" HPOS="657"/>
							<String ID="string_232" HPOS="680" VPOS="1186" WIDTH="56" HEIGHT="26" WC="0.96" CONTENT="gång"/><SP WIDTH="24" VPOS="1186" HPOS="736"/>
							<String ID="string_233" HPOS="760" VPOS="1185" WIDTH="62" HEIGHT="21" WC="0.96" CONTENT="hafva"/><SP WIDTH="22" VPOS="1185" HPOS="822"/>
							<String ID="string_234" HPOS="844" VPOS="1184" WIDTH="56" HEIGHT="21" WC="0.94" CONTENT="olika"/>
						</TextLine>
						<TextLine ID="line_29" HPOS="148" VPOS="1215" WIDTH="749" HEIGHT="33">
							<String ID="string_235" HPOS="148" VPOS="1222" WIDTH="110" HEIGHT="26" WC="0.96" CONTENT="meningar"/><SP WIDTH="22" VPOS="1222" HPOS="258"/>
							<String ID="string_236" HPOS="280" VPOS="1221" WIDTH="90" HEIGHT="21" WC="0.95" CONTENT="rörande"/><SP WIDTH="23" VPOS="1221" HPOS="370"/>
							<String ID="string_237" HPOS="393" VPOS="1221" WIDTH="108" HEIGHT="21" WC="0.96" CONTENT="desamma"/><SP WIDTH="22" VPOS="1221" HPOS="501"/>
							<String ID="string_238" HPOS="523" VPOS="1219" WIDTH="93" HEIGHT="22" WC="0.94" CONTENT="uttalats."/><SP WIDTH="29" VPOS="1219" HPOS="616"/>
							<String ID="string_239" HPOS="645" VPOS="1215" WIDTH="69" HEIGHT="26" WC="0.96" CONTENT="Äfven"/><SP WIDTH="22" VPOS="1215" HPOS="714"/>
							<String ID="string_240" HPOS="736" VPOS="1225" WIDTH="30" HEIGHT="14" WC="0.96" CONTENT="nu"/><SP WIDTH="22" VPOS="1225" HPOS="766"/>
							<String ID="string_241" HPOS="788" VPOS="1219" WIDTH="38" HEIGHT="20" WC="0.95" CONTENT="har"/><SP WIDTH="15" VPOS="1219" HPOS="826"/>
							<String ID="string_242" HPOS="841" VPOS="1219" WIDTH="56" HEIGHT="20" WC="0.96" CONTENT="inom"/>
						</TextLine>
						<TextLine ID="line_30" HPOS="148" VPOS="1252" WIDTH="750" HEIGHT="29">
							<String ID="string_243" HPOS="148" VPOS="1255" WIDTH="111" HEIGHT="22" WC="0.92" CONTENT="Utskottet"/><SP WIDTH="17" VPOS="1255" HPOS="259"/>
							<String ID="string_244" HPOS="276" VPOS="1254" WIDTH="244" HEIGHT="27" WC="0.91" CONTENT="meningsskiljaktighet"/><SP WIDTH="17" VPOS="1254" HPOS="520"/>
							<String ID="string_245" HPOS="537" VPOS="1253" WIDTH="110" HEIGHT="27" WC="0.93" CONTENT="angående"/><SP WIDTH="20" VPOS="1253" HPOS="647"/>
							<String ID="string_246" HPOS="667" VPOS="1252" WIDTH="97" HEIGHT="23" WC="0.91" CONTENT="behofvet"/><SP WIDTH="15" VPOS="1252" HPOS="764"/>
							<String ID="string_247" HPOS="779" VPOS="1253" WIDTH="39" HEIGHT="21" WC="0.93" CONTENT="och"/><SP WIDTH="15" VPOS="1253" HPOS="818"/>
							<String ID="string_248" HPOS="833" VPOS="1253" WIDTH="65" HEIGHT="26" WC="0.92" CONTENT="lämp-"/>
						</TextLine>
						<TextLine ID="line_31" HPOS="147" VPOS="1286" WIDTH="753" HEIGHT="30">
							<String ID="string_249" HPOS="147" VPOS="1289" WIDTH="93" HEIGHT="27" WC="0.96" CONTENT="ligheten"/><SP WIDTH="16" VPOS="1289" HPOS="240"/>
							<String ID="string_250" HPOS="256" VPOS="1289" WIDTH="22" HEIGHT="21" WC="0.96" CONTENT="af"/><SP WIDTH="14" VPOS="1289" HPOS="278"/>
							<String ID="string_251" HPOS="292" VPOS="1289" WIDTH="26" HEIGHT="22" WC="0.96" CONTENT="de"/><SP WIDTH="14" VPOS="1289" HPOS="318"/>
							<String ID="string_252" HPOS="332" VPOS="1289" WIDTH="120" HEIGHT="26" WC="0.93" CONTENT="föreslagna"/><SP WIDTH="12" VPOS="1289" HPOS="452"/>
							<String ID="string_253" HPOS="464" VPOS="1288" WIDTH="210" HEIGHT="27" WC="0.90" CONTENT="lagförändringarna"/><SP WIDTH="10" VPOS="1288" HPOS="674"/>
							<String ID="string_254" HPOS="684" VPOS="1287" WIDTH="58" HEIGHT="27" WC="0.96" CONTENT="gjort"/><SP WIDTH="12" VPOS="1287" HPOS="742"/>
							<String ID="string_255" HPOS="754" VPOS="1287" WIDTH="33" HEIGHT="26" WC="0.96" CONTENT="sig"/><SP WIDTH="11" VPOS="1287" HPOS="787"/>
							<String ID="string_256" HPOS="798" VPOS="1286" WIDTH="102" HEIGHT="27" WC="0.96" CONTENT="gällande."/>
						</TextLine>
						<TextLine ID="line_32" HPOS="148" VPOS="1321" WIDTH="751" HEIGHT="28">
							<String ID="string_257" HPOS="148" VPOS="1324" WIDTH="63" HEIGHT="21" WC="0.95" CONTENT="Hvad"/><SP WIDTH="15" VPOS="1324" HPOS="211"/>
							<String ID="string_258" HPOS="226" VPOS="1323" WIDTH="76" HEIGHT="21" WC="0.96" CONTENT="främst"/><SP WIDTH="14" VPOS="1323" HPOS="302"/>
							<String ID="string_259" HPOS="316" VPOS="1324" WIDTH="66" HEIGHT="25" WC="0.93" CONTENT="angår"/><SP WIDTH="14" VPOS="1324" HPOS="382"/>
							<String ID="string_260" HPOS="396" VPOS="1323" WIDTH="130" HEIGHT="26" WC="0.92" CONTENT="petitionens"/><SP WIDTH="14" VPOS="1323" HPOS="526"/>
							<String ID="string_261" HPOS="540" VPOS="1322" WIDTH="81" HEIGHT="26" WC="0.96" CONTENT="förslag"/><SP WIDTH="15" VPOS="1322" HPOS="621"/>
							<String ID="string_262" HPOS="636" VPOS="1322" WIDTH="78" HEIGHT="24" WC="0.96" CONTENT="derom,"/><SP WIDTH="12" VPOS="1322" HPOS="714"/>
							<String ID="string_263" HPOS="726" VPOS="1323" WIDTH="32" HEIGHT="18" WC="0.96" CONTENT="att"/><SP WIDTH="10" VPOS="1323" HPOS="758"/>
							<String ID="string_264" HPOS="768" VPOS="1322" WIDTH="40" HEIGHT="19" WC="0.96" CONTENT="den"/><SP WIDTH="11" VPOS="1322" HPOS="808"/>
							<String ID="string_265" HPOS="819" VPOS="1321" WIDTH="7" HEIGHT="20" WC="0.96" CONTENT="i"/><SP WIDTH="10" VPOS="1321" HPOS="826"/>
							<String ID="string_266" HPOS="836" VPOS="1321" WIDTH="12" HEIGHT="20" WC="0.96" CONTENT="7"/><SP WIDTH="12" VPOS="1321" HPOS="848"/>
							<String ID="string_267" HPOS="860" VPOS="1321" WIDTH="39" HEIGHT="20" WC="0.96" CONTENT="och"/>
						</TextLine>
						<TextLine ID="line_33" HPOS="150" VPOS="1354" WIDTH="749" HEIGHT="30">
							<String ID="string_268" HPOS="150" VPOS="1357" WIDTH="12" HEIGHT="21" WC="0.96" CONTENT="8"/><SP WIDTH="14" VPOS="1357" HPOS="162"/>
							<String ID="string_269" HPOS="176" VPOS="1357" WIDTH="23" HEIGHT="27" WC="0.62" CONTENT="88"/><SP WIDTH="11" VPOS="1357" HPOS="199"/>
							<String ID="string_270" HPOS="210" VPOS="1357" WIDTH="23" HEIGHT="21" WC="0.93" CONTENT="af"/><SP WIDTH="15" VPOS="1357" HPOS="233"/>
							<String ID="string_271" HPOS="248" VPOS="1357" WIDTH="169" HEIGHT="26" WC="0.90" CONTENT="dissenterlagen"/><SP WIDTH="15" VPOS="1357" HPOS="417"/>
							<String ID="string_272" HPOS="432" VPOS="1355" WIDTH="33" HEIGHT="21" WC="0.96" CONTENT="för"/><SP WIDTH="12" VPOS="1355" HPOS="465"/>
							<String ID="string_273" HPOS="477" VPOS="1356" WIDTH="84" HEIGHT="20" WC="0.97" CONTENT="utträde"/><SP WIDTH="11" VPOS="1356" HPOS="561"/>
							<String ID="string_274" HPOS="572" VPOS="1362" WIDTH="26" HEIGHT="14" WC="0.97" CONTENT="ur"/><SP WIDTH="11" VPOS="1362" HPOS="598"/>
							<String ID="string_275" HPOS="609" VPOS="1355" WIDTH="39" HEIGHT="21" WC="0.95" CONTENT="och"/><SP WIDTH="10" VPOS="1355" HPOS="648"/>
							<String ID="string_276" HPOS="658" VPOS="1355" WIDTH="83" HEIGHT="21" WC="0.96" CONTENT="inträde"/><SP WIDTH="10" VPOS="1355" HPOS="741"/>
							<String ID="string_277" HPOS="751" VPOS="1355" WIDTH="7" HEIGHT="19" WC="0.93" CONTENT="i"/><SP WIDTH="10" VPOS="1355" HPOS="758"/>
							<String ID="string_278" HPOS="768" VPOS="1354" WIDTH="131" HEIGHT="26" WC="0.92" CONTENT="evangelisk-"/>
						</TextLine>
						<TextLine ID="line_34" HPOS="149" VPOS="1387" WIDTH="751" HEIGHT="31">
							<String ID="string_279" HPOS="149" VPOS="1391" WIDTH="109" HEIGHT="22" WC="0.96" CONTENT="lutherska"/><SP WIDTH="22" VPOS="1391" HPOS="258"/>
							<String ID="string_280" HPOS="280" VPOS="1390" WIDTH="79" HEIGHT="28" WC="0.96" CONTENT="kyrkan"/><SP WIDTH="24" VPOS="1390" HPOS="359"/>
							<String ID="string_281" HPOS="383" VPOS="1389" WIDTH="103" HEIGHT="28" WC="0.96" CONTENT="stadgade"/><SP WIDTH="20" VPOS="1389" HPOS="486"/>
							<String ID="string_282" HPOS="506" VPOS="1390" WIDTH="162" HEIGHT="26" WC="0.93" CONTENT="åldersgränsen"/><SP WIDTH="16" VPOS="1390" HPOS="668"/>
							<String ID="string_283" HPOS="684" VPOS="1388" WIDTH="95" HEIGHT="28" WC="0.90" CONTENT="tjuguett"/><SP WIDTH="14" VPOS="1388" HPOS="779"/>
							<String ID="string_284" HPOS="793" VPOS="1388" WIDTH="23" HEIGHT="21" WC="0.96" CONTENT="år"/><SP WIDTH="16" VPOS="1388" HPOS="816"/>
							<String ID="string_285" HPOS="832" VPOS="1387" WIDTH="68" HEIGHT="22" WC="0.96" CONTENT="skulle"/>
						</TextLine>
						<TextLine ID="line_35" HPOS="149" VPOS="1423" WIDTH="749" HEIGHT="27">
							<String ID="string_286" HPOS="149" VPOS="1426" WIDTH="109" HEIGHT="22" WC="0.91" CONTENT="nedsättas"/><SP WIDTH="16" VPOS="1426" HPOS="258"/>
							<String ID="string_287" HPOS="274" VPOS="1426" WIDTH="30" HEIGHT="21" WC="0.96" CONTENT="till"/><SP WIDTH="16" VPOS="1426" HPOS="304"/>
							<String ID="string_288" HPOS="320" VPOS="1427" WIDTH="75" HEIGHT="20" WC="0.96" CONTENT="sexton"/><SP WIDTH="16" VPOS="1427" HPOS="395"/>
							<String ID="string_289" HPOS="411" VPOS="1425" WIDTH="29" HEIGHT="25" WC="0.95" CONTENT="år,"/><SP WIDTH="16" VPOS="1425" HPOS="440"/>
							<String ID="string_290" HPOS="456" VPOS="1425" WIDTH="24" HEIGHT="21" WC="0.96" CONTENT="så"/><SP WIDTH="14" VPOS="1425" HPOS="480"/>
							<String ID="string_291" HPOS="494" VPOS="1424" WIDTH="39" HEIGHT="22" WC="0.96" CONTENT="har"/><SP WIDTH="14" VPOS="1424" HPOS="533"/>
							<String ID="string_292" HPOS="547" VPOS="1424" WIDTH="113" HEIGHT="21" WC="0.96" CONTENT="Utskottet"/><SP WIDTH="15" VPOS="1424" HPOS="660"/>
							<String ID="string_293" HPOS="675" VPOS="1425" WIDTH="70" HEIGHT="20" WC="0.96" CONTENT="ansett"/><SP WIDTH="15" VPOS="1425" HPOS="745"/>
							<String ID="string_294" HPOS="760" VPOS="1423" WIDTH="36" HEIGHT="21" WC="0.96" CONTENT="det"/><SP WIDTH="15" VPOS="1423" HPOS="796"/>
							<String ID="string_295" HPOS="811" VPOS="1424" WIDTH="47" HEIGHT="25" WC="0.96" CONTENT="steg"/><SP WIDTH="15" VPOS="1424" HPOS="858"/>
							<String ID="string_296" HPOS="873" VPOS="1429" WIDTH="25" HEIGHT="15" WC="0.96" CONTENT="en"/>
						</TextLine>
					</TextBlock>
				</ComposedBlock>
				<ComposedBlock ID="cblock_3" HPOS="218" VPOS="1470" WIDTH="343" HEIGHT="25">
					<TextBlock ID="block_3" HPOS="218" VPOS="1470" WIDTH="343" HEIGHT="25">
						<TextLine ID="line_36" HPOS="218" VPOS="1470" WIDTH="343" HEIGHT="25">
							<String ID="string_297" HPOS="218" VPOS="1471" WIDTH="134" HEIGHT="24" WC="0.80" CONTENT="Lagutskottets"/><SP WIDTH="13" VPOS="1471" HPOS="352"/>
							<String ID="string_298" HPOS="365" VPOS="1470" WIDTH="109" HEIGHT="18" WC="0.96" CONTENT="betänkande"/><SP WIDTH="12" VPOS="1470" HPOS="474"/>
							<String ID="string_299" HPOS="486" VPOS="1470" WIDTH="38" HEIGHT="17" WC="0.96" CONTENT="N:o"/><SP WIDTH="12" VPOS="1470" HPOS="524"/>
							<String ID="string_300" HPOS="536" VPOS="1470" WIDTH="25" HEIGHT="17" WC="0.96" CONTENT="11."/>
						</TextLine>
					</TextBlock>
				</ComposedBlock>
			</PrintSpace>
		</Page>
	</Layout>
</alto>
