1064 1709
348 140 256 24 Motionsbetänkande
621 142 41 22 N:o
675 142 24 22 3.

414 485 226 28 Lagutskottets
657 485 178 22 betänkande
851 485 42 22 N:o

346 519 27 22 10
388 520 9 21 i
412 520 133 27 anledning
556 519 27 22 af
590 520 37 22 ett
638 520 39 22 till
687 519 206 28 Borgareståndet

346 554 137 23 inlemnadt
493 555 234 22 motionsmemorial
737 555 55 22 med
802 553 92 29 förslag

346 589 41 22 till
396 589 148 28 förordning
556 588 123 29 angående
692 589 94 22 ändrad
799 589 94 28 lydelse

346 623 28 22 af
386 624 13 21 8
416 624 14 28 $
447 624 12 21 7
476 624 54 28 kap.
547 624 9 21 i
574 623 145 28 strafflagen
734 623 41 22 för
785 623 108 23 Storfur-

344 658 138 23 stendömet
498 657 105 24 Finland
618 658 28 23 af
658 659 47 22 den
721 659 26 22 19
758 659 135 22 December

344 692 68 23 1889.

208 754 178 29 Borgareståndet
407 756 38 21 har
464 757 64 27 jemte
547 755 191 29 protokollsutdrag
760 756 33 21 för
808 756 40 21 den
866 757 25 20 10

140 789 95 21 sistlidne
250 789 102 22 Februari
366 790 33 21 till
414 791 159 27 Lagutskottets
589 791 126 27 behandling
731 790 116 29 hänskjutit
861 793 31 18 ett

141 823 24 22 så
179 823 89 28 lydande
285 825 176 27 motionsförslag:

304 906 47 19 Till
368 906 134 25 vällofliga
517 906 214 25 borgareståndet.

208 963 31 20 En
261 964 58 25 länge
341 963 51 20 känd
413 964 51 19 brist
484 964 5 19 i
510 963 34 20 vår
562 964 215 24 kriminallagstiftning
793 964 36 19 har
843 965 48 18 utan

140 993 71 19 tvifvel
226 993 50 19 varit
290 993 121 19 afsaknaden
426 993 20 18 af
461 993 126 24 erforderliga
602 993 121 24 stadganden
739 992 103 24 angående
857 993 34 18 be-

139 1021 107 19 fordrande
260 1021 20 19 af
295 1021 145 24 skyndsamhet
455 1021 28 19 uti
499 1021 37 19 den
552 1021 109 19 kriminella
675 1021 138 19 exekutionen.
835 1021 56 20 Först

139 1049 26 25 på
184 1051 79 18 senaste
282 1050 30 19 tid
331 1049 35 20 har
385 1050 60 24 nödig
460 1049 176 26 uppmärksamhet
651 1052 70 21 egnats
737 1049 64 20 denna
817 1050 74 25 viktiga

139 1077 149 25 angelägenhet,
304 1078 37 19 och
355 1078 6 19 i
377 1078 90 19 afsevärd
483 1078 47 25 grad
546 1078 36 19 har
596 1078 128 19 omförmälda
734 1078 50 19 brist
796 1078 94 25 afhjälpts

139 1111 70 20 genom
225 1108 75 18 tvänne
314 1107 6 18 i
336 1107 145 19 administrativ
497 1108 38 23 väg
550 1106 95 20 utkomna
661 1106 144 26 författningar,
821 1107 69 19 nämli-

139 1141 39 18 gen
191 1134 71 26 nådiga
278 1135 140 25 förordningen
433 1135 19 20 af
468 1135 37 20 den
521 1135 25 20 20
560 1135 105 19 november
681 1135 61 26 1896,
755 1135 136 20 innefattande

139 1165 90 18 närmare
248 1163 122 20 föreskrifter
387 1165 52 18 huru
461 1164 51 24 dom,
529 1169 42 14 som
586 1163 58 25 lyder
658 1163 12 19 å
685 1163 114 26 ovilkorligt
814 1164 77 20 frihets-

139 1193 61 24 straff,
222 1192 50 19 skall
292 1192 29 19 till
338 1192 151 25 värkställighet
505 1192 106 24 befordras,
627 1194 52 17 samt
694 1191 71 26 nådiga
779 1193 111 19 förordnin-

139 1227 38 18 gen
199 1221 20 19 af
238 1221 38 19 den
295 1221 26 20 19
341 1221 80 25 augusti
441 1222 61 23 1898,
517 1221 132 19 innefattande
666 1223 89 17 närmare
770 1221 121 20 föreskrifter

139 1250 53 19 huru
208 1249 121 20 bötesbeslut
344 1250 50 19 skall
410 1250 30 19 till
456 1250 152 25 värkställighet
623 1249 107 20 befordras.
753 1249 33 20 Uti
796 1250 93 24 gällande

139 1278 88 25 strafflag
249 1279 129 19 förekommer
398 1279 109 19 emellertid
526 1278 120 20 fortfarande
666 1280 29 17 ett
710 1278 115 25 stadgande,
840 1285 48 18 som,

139 1307 76 20 oafsedt
229 1307 46 20 dess
291 1307 122 26 gagnlöshet,
428 1308 5 19 i
450 1307 30 20 sin
495 1307 47 20 män
557 1309 22 18 är
594 1307 72 25 egnadt
680 1308 29 18 att
725 1307 83 25 fördröja
825 1308 65 19 straff-

140 1335 182 25 värkställigheten,
335 1337 99 22 nämligen
450 1337 125 17 föreskriften
590 1337 29 16 uti
642 1337 5 16 8
664 1338 10 20 $
691 1337 11 16 7
719 1336 43 23 kap.
777 1337 66 18 därom
855 1338 34 21 att,

140 1365 37 16 när
184 1363 48 18 flera
246 1363 74 24 domar,
335 1369 71 18 genom
416 1363 67 19 hvilka
494 1369 74 13 samma
576 1369 72 18 person
659 1363 63 19 dömts
733 1363 29 18 till
774 1364 117 23 bötesstraff,

138 1390 25 26 pä
185 1397 25 14 en
230 1391 53 25 gäng
302 1391 56 20 skola
379 1391 117 20 värkstäilas
516 1391 36 20 och
568 1391 37 19 den
621 1390 88 20 sakfälde
724 1391 89 20 befinnes
829 1392 61 19 sakna

138 1419 85 26 tillgäng
244 1422 29 18 att
293 1420 59 25 gälda
367 1420 91 19 böternas
474 1419 148 25 sammanlagda
638 1419 76 25 belopp,
730 1419 105 26 Kejsarens
851 1421 38 18 och

138 1448 133 21 Storfurstens
294 1448 218 26 befallningshafvande
536 1449 34 19 bör
590 1446 70 22 därom
680 1450 47 23 göra
746 1449 90 19 anmälan
853 1450 36 18 hos

207 1494 132 23 Lagutskottets
352 1494 109 18 betänkande
473 1494 37 17 N:o
524 1494 28 18 10.
