1092 1745
293 165 276 24 Petitionsbetänkande
586 166 41 22 N:o
643 166 34 21 14.
815 167 26 19 57

116 234 73 18 trakten
202 235 77 18 emellan
291 241 72 12 samma
375 235 41 17 stad
428 235 34 17 och
475 231 47 22 Äbo.
540 235 66 17 Denna
617 235 49 22 bygd
680 235 20 17 är
712 240 21 12 en
746 234 20 17 af
777 234 23 17 de
811 234 61 18 äldsta

116 263 35 18 och
168 263 107 18 folktätaste
292 263 6 18 i
315 263 68 21 landet,
399 263 74 18 hvadan
491 263 84 24 odlingen
590 263 34 18 där
636 263 55 17 sedan
703 263 51 17 äldre
766 262 47 19 tider
826 264 45 16 stått

115 292 51 23 högt.
191 292 130 18 Förhållandet
339 293 6 16 i
361 291 85 19 afseende
463 292 12 17 å
492 292 133 23 betingelserna
639 291 30 18 för
682 291 120 18 bedrifvande
813 291 20 18 af
845 293 26 16 ett

116 319 79 19 lönande
211 320 90 22 jordbruk
318 320 56 22 jämte
391 319 42 19 dess
449 320 105 23 binäringar
569 320 57 18 hafva
637 320 73 17 likvisst
721 325 82 16 numera,
816 319 56 18 sedan

116 349 58 17 andra
191 348 52 19 delar
259 348 20 18 af
296 348 63 19 landet
375 349 52 22 långt
438 349 78 17 framför
528 350 62 17 västra
602 348 52 19 delen
667 349 19 17 af
698 343 42 23 Åbo
751 349 31 17 län
794 348 77 18 kommit

116 378 5 16 i
139 377 109 22 åtnjutande
266 377 18 18 af
303 377 268 23 järnvägskommunikationer,
590 377 96 18 förändrat
704 377 27 23 sig
748 377 81 23 afgjordt
844 377 27 18 till

117 406 78 18 nackdel
212 406 29 18 för
259 405 78 19 berörda
348 405 55 23 bygd.
433 405 115 19 Landsdelen
566 412 42 18 eger
622 406 41 18 icke
678 412 31 12 ens
720 406 119 18 närmelsevis
851 406 21 17 så

117 435 35 18 lätt
173 435 72 18 tillfälle
262 435 27 18 till
307 434 98 23 förmånlig
423 435 102 23 afsättning
542 436 19 16 af
578 436 40 17 sina
635 436 56 17 alster
702 440 40 13 som
757 434 114 18 vidsträckta

118 463 50 18 delar
186 463 19 18 af
222 463 81 18 inlandet
320 464 6 17 i
341 469 44 12 norr
401 463 35 18 och
450 463 76 18 nordost
538 463 42 18 från
591 459 47 26 Åbo,
650 463 34 18 där
695 463 109 18 hemmanen
815 463 57 17 hafva

118 493 59 17 större
193 492 53 21 areal,
260 493 49 22 lägre
323 492 70 18 skatter
405 492 35 18 och
451 492 36 18 lätt
498 492 196 24 järnvägsförbindelse
706 493 20 17 åt
736 491 46 19 flere
793 492 39 17 häll
845 492 27 17 till

118 520 160 24 afsättningsorter
295 521 68 18 sådana
376 527 37 12 som
427 516 46 26 Åbo,
485 521 124 18 Tammerfors
621 521 35 18 och
669 520 121 23 Helsingfors,
802 521 30 17 för
843 523 29 15 att

118 549 40 18 icke
175 550 68 17 nämna
261 549 57 18 andra
335 551 54 20 orter,
405 549 28 18 till
448 548 63 19 hvilka
522 549 124 24 afsättningen
657 548 67 23 jämväl
736 549 20 17 är
768 549 104 23 förmånlig.

118 578 73 23 Bygdes
203 579 83 18 däremot
298 579 28 17 till
337 577 73 24 Nystad
423 584 21 12 en
456 579 80 22 järnväg,
549 580 21 16 är
582 578 30 18 det
624 578 132 23 ofvifvelaktigt
770 580 28 15 att
810 582 62 14 ortens

118 607 90 22 jordbruk
220 607 54 18 häraf
285 608 73 18 komme
370 609 29 16 att
409 607 58 18 hafva
479 610 39 15 stor
529 608 64 17 fördel.

188 637 43 17 Man
250 637 34 17 har
301 637 105 22 visserligen
425 636 81 22 invändt,
523 639 27 15 att
568 636 139 23 ifrågavarande
724 635 82 19 landsdel
825 636 47 18 hade

120 665 58 18 under
196 668 39 15 stor
253 665 28 18 del
299 666 19 17 af
335 666 40 17 året
391 667 28 16 att
435 665 51 23 tillgå
498 671 22 12 en
532 666 34 17 lätt
578 665 156 18 kommunikation
748 665 84 23 sjövägen
845 665 27 18 till

120 689 46 23 Åbo.
185 694 41 18 Men
240 694 59 18 denna
310 695 158 17 kommunikation
480 695 82 17 hvarken
574 696 20 16 är
604 695 42 17 eller
655 695 36 17 kan
700 695 89 22 någonsin
797 694 76 18 komma

120 725 28 16 att
159 723 27 18 bli
198 723 168 18 tillfredsställande
377 723 30 17 för
419 725 60 15 ortens
493 723 115 18 trafikbehof.

189 752 42 17 Den
242 752 33 17 här
287 751 109 24 ifrågasatta
408 751 60 18 banan
481 752 59 18 skulle
552 753 66 22 utgöra
629 758 22 12 en
663 752 80 23 naturlig
752 751 120 23 fortsättning

120 781 20 18 af
151 780 23 19 de
186 781 62 21 banor,
261 787 39 12 som
312 787 25 11 nu
350 783 91 20 utmynna
452 781 6 17 i
470 775 50 28 Åbo;
534 781 35 18 och
581 781 55 18 sedan
648 781 106 18 densamma
766 781 61 18 blifvit
835 780 36 18 för-

120 809 55 24 längd
193 811 66 16 norrut
277 809 27 18 till
321 809 105 24 någondera
443 809 19 18 af
480 809 33 18 där
530 810 87 18 mötande
628 810 103 22 järnbanor,
743 810 74 17 komme
829 809 42 18 den-

121 844 72 12 samma
215 838 100 23 säkerligen
336 838 39 17 icke
392 839 29 17 att
438 838 58 18 blifva
513 839 20 17 af
549 838 23 18 de
590 838 56 17 minst
663 838 83 18 rentabla
763 839 19 16 af
801 837 72 19 landets

120 867 102 23 järnvägar.

190 896 37 17 För
245 895 103 18 utrönande
365 895 20 18 af
402 895 35 18 den
455 895 115 23 lämpligaste
590 895 126 22 sträckningen
734 895 19 18 af
771 901 24 11 nu
808 895 67 22 ifråga-

122 926 49 16 satta
188 925 53 21 bana,
260 924 70 18 beslöto
348 923 168 24 stadsfullmäktige
533 925 5 16 i
556 919 41 23 Åbo
615 924 34 18 och
665 924 7 17 i
684 923 74 23 Nystad
770 925 27 16 att
809 923 66 22 bevilja

121 953 60 18 medel
199 953 29 18 för
251 953 144 18 värkställandet
416 953 19 17 af
456 959 21 11 en
495 953 129 18 instrumental
641 952 137 23 undersökning
795 953 20 17 af
832 952 43 18 den-

122 988 76 12 samma.
226 982 65 18 Denna
308 981 137 24 undersökning
463 982 113 17 värkstäldes
595 981 59 18 under
673 987 102 12 sommaren
794 981 45 18 1898
857 981 19 17 af

122 1011 108 23 Ingeniören
248 1010 20 18 E.
287 1010 66 19 Sonck.
378 1010 30 18 Då
424 1010 99 18 emellertid
542 1011 34 17 den
595 1011 110 22 uppgångna
722 1010 54 22 linjen
792 1010 45 17 kom
848 1011 28 16 att

122 1039 67 23 dragas
209 1039 76 23 ungefär
305 1040 8 16 7
332 1039 95 18 kilometer
444 1039 42 17 från
504 1038 102 22 Nådendal,
625 1039 69 18 beslöto
712 1038 164 23 statsfullmäktige

122 1069 5 17 i
148 1068 61 18 denna
228 1068 46 21 stad,
296 1070 29 16 att
343 1068 39 17 låta
398 1067 77 18 utstaka
492 1073 22 12 en
532 1068 96 17 alternativ
645 1067 42 22 linje
704 1068 84 17 närmare
806 1073 71 12 samma

122 1099 35 20 ort,
180 1097 34 18 och
235 1097 89 24 uppgicks
347 1096 59 19 denna
429 1097 106 22 sträckning
556 1096 81 18 sistlidne
659 1102 80 12 sommar
756 1096 20 18 af
793 1096 84 23 Ingeniö-

124 1132 32 11 ren
173 1126 24 17 V.
216 1126 87 17 Ahlblad.
328 1126 36 17 För
381 1125 49 18 båda
447 1125 54 18 dessa
518 1125 126 23 sträckningar
658 1125 88 23 föreligga
756 1124 122 24 fullständiga

124 1154 160 23 projektritningar
296 1154 35 18 och
342 1153 164 23 kostnadsförslag.
525 1153 40 18 Den
578 1153 19 18 af
608 1153 86 23 Ingeniör
706 1153 62 18 Sonck
779 1153 99 18 utstakade

124 1183 54 23 linjen
195 1183 35 18 har
248 1189 21 12 en
284 1182 54 24 längd
355 1183 19 17 af
385 1183 55 21 66,825
452 1182 100 21 kilometer,
564 1182 35 17 den
611 1182 19 17 af
642 1182 84 22 Ingeniör
738 1181 81 18 Ahlblad
831 1187 46 18 upp-

124 1213 73 22 gängna
215 1217 22 12 en
249 1211 55 24 längd
316 1211 20 18 af
353 1211 54 22 70,327
418 1211 101 21 kilometer,
530 1210 66 18 hvaraf
607 1211 87 22 framgär,
707 1212 28 16 att
747 1210 35 18 den
794 1211 84 17 närmare

124 1240 98 19 Nädendal
235 1240 69 23 dragna
316 1240 54 22 linjen
383 1241 20 16 är
415 1241 25 20 3,5
452 1239 95 18 kilometer
558 1239 68 23 längre.

194 1269 182 23 Kostnadsförslaget
392 1269 29 18 för
433 1268 36 18 den
481 1268 50 19 förra
542 1269 55 22 linjen
609 1268 56 23 stiger
677 1268 27 17 till
717 1267 91 22 4,889,000
820 1268 58 21 mark,

125 1299 29 17 för
173 1299 35 17 den
226 1304 62 12 senare
306 1298 26 17 till
349 1298 91 21 5,001,000
456 1298 58 20 mark,
528 1297 74 18 visande
614 1296 69 18 säledes
696 1303 22 11 en
730 1296 118 18 merkostnad
861 1296 18 18 af

126 1327 74 22 112,000
212 1327 53 17 mark
276 1327 30 17 för
318 1325 105 19 Nädendals
435 1326 60 22 linjen.

195 1356 66 22 Nägon
273 1355 85 18 afsevärd
371 1355 72 18 skilnad
455 1356 5 17 i
467 1354 256 24 befolkningsförhällandena
732 1354 99 19 förefinnes
840 1354 39 18 icke

126 1384 77 18 emellan
216 1383 23 18 de
250 1383 49 18 båda
310 1383 99 18 utstakade
420 1383 108 17 alternativa
540 1383 156 22 sträckningarna,
708 1383 63 16 hvilka
782 1383 30 17 för
824 1383 57 22 öfrigt

128 1412 127 19 sammanfalla
273 1413 52 16 utom
342 1412 25 23 på
384 1417 22 12 en
422 1411 71 18 distans
510 1411 20 18 af
540 1411 37 21 25,8
588 1411 100 20 kilometer,
701 1410 106 18 hvarunder
818 1410 23 17 de
853 1410 26 17 af-

127 1441 44 18 vika
187 1441 43 18 från
246 1440 105 19 hvarandra
368 1439 41 19 med
428 1441 27 16 ett
472 1439 73 18 afstånd
563 1439 20 18 af
598 1439 56 24 högst
666 1439 25 21 4,5
703 1439 100 18 kilometer.
827 1439 54 18 Dock

128 1471 47 17 talar
187 1470 30 18 för
228 1469 244 23 Nådendals-sträckningen
485 1469 87 18 särskildt
585 1470 28 17 att
622 1467 58 19 under
690 1467 192 20 sommarmånaderna

198 1516 185 23 Järnvägsutskottets
393 1515 110 18 betänkande
516 1515 37 18 N:o
565 1515 18 17 2.
