1064 1714
210 170 26 19 28
375 169 249 22 Petitionsbetänkande
640 168 38 23 N:o
689 168 34 23 26.

179 237 48 20 med
243 237 73 25 elever,
331 238 124 25 reallyceum
470 238 7 19 i
493 239 39 19 den
550 238 58 26 grad,
624 240 31 17 att
673 240 14 18 t.
704 245 31 13 ex.
751 240 82 18 senaste
848 238 49 20 höst
913 237 23 20 af

180 273 44 12 mer
245 269 27 17 än
293 267 26 19 70
334 266 185 21 inträdessökande
541 267 79 20 mindre
634 269 27 17 än
677 267 26 20 50
718 267 69 20 kunde
809 269 102 23 mottagas
926 267 8 19 i

181 295 78 19 skolan.

249 323 31 20 Af
299 324 68 19 denna
388 324 61 19 orsak
468 325 38 18 och
524 324 47 20 med
585 324 81 25 hänsyn
681 324 33 19 till
729 324 40 19 den
782 323 152 26 jämförelsevis

181 352 78 21 snabba
274 352 109 20 tillväxten
401 352 23 20 af
437 353 122 20 elevantalet
574 353 7 19 i
597 353 113 20 Kexholms
726 353 59 20 skola
801 353 133 26 (elevantalet

180 387 37 13 var
232 381 73 20 hösten
323 381 53 20 1896
395 393 22 3 —
436 382 34 23 48,
489 382 52 20 1897
558 377 19 35 —
595 382 33 24 55,
647 382 52 20 1898
718 377 16 35 —
750 382 33 24 73,
802 383 52 19 1899
869 377 16 35 —
900 383 33 23 82)

181 412 54 17 samt
249 410 7 19 i
271 410 136 19 betraktande
423 410 23 19 af
459 410 26 19 de
498 411 72 24 billiga
592 410 221 20 lefnadskostnaderna
827 411 26 25 på
869 413 64 24 orten,

181 438 59 20 torde
262 445 47 13 man
327 439 70 19 kunna
411 439 66 25 påstå,
493 441 32 18 att
539 439 79 24 skolan,
634 439 63 20 sedan
713 439 116 20 densamma
844 439 90 20 öfverta-

180 467 42 25 gits
238 467 23 20 af
274 470 68 17 staten
365 467 38 20 och
425 467 107 26 utvidgats
555 468 31 19 till
602 467 133 26 fullständigt
750 468 87 25 lyceum,
853 468 7 19 i
875 467 59 26 fråga

181 503 32 12 om
229 496 123 20 elevantalet
374 496 63 19 redan
459 496 55 20 inom
536 497 47 19 kort
598 497 67 19 skulle
679 497 70 19 kunna
765 499 90 23 upptaga
871 497 62 20 täflan

180 525 47 19 med
242 525 88 25 mången
346 531 67 13 annan
428 525 90 20 likartad
533 525 64 20 skola.

248 553 47 20 Den
311 553 185 26 omständigheten,
513 557 30 16 att
559 553 147 26 befolkningen
721 554 7 19 i
744 554 67 20 denna
826 554 57 20 trakt
893 554 42 20 fått

180 581 75 26 pröfva
270 582 86 20 hårdare
372 582 51 20 öden
439 585 25 16 än
481 583 34 19 det
531 583 66 25 öfriga
611 583 90 19 Finland
711 583 39 20 och
761 583 118 20 densamma
887 583 46 20 där-

179 610 32 19 för
234 611 65 20 måste
321 613 48 23 taga
385 611 70 26 längre
471 614 46 23 steg
532 612 27 25 på
577 611 208 20 framåtskridandets
800 615 40 22 väg
855 611 32 20 för
903 615 32 17 att

180 639 70 20 kunna
272 639 103 20 bibehålla
397 640 31 19 sin
452 640 55 25 plats
525 647 43 13 som
587 647 25 13 en
628 640 117 26 jämbördig
760 641 87 20 medlem
863 641 21 20 af
899 641 36 20 det

180 667 67 21 finska
270 669 115 24 samhället,
405 668 64 20 borde
484 669 34 20 väl
533 669 64 20 hellre
613 669 43 20 tala
671 669 33 20 till
718 669 79 20 förmån
813 669 32 20 för
860 669 74 20 skolan

180 700 26 16 än
221 699 42 17 mot
279 697 122 20 densamma.

248 726 42 25 Jag
305 726 37 19 har
357 726 46 19 icke
417 725 103 26 förbisett,
536 729 31 17 att
582 728 68 18 staten
666 727 37 20 hos
719 733 34 14 oss
763 726 32 20 för
805 727 128 20 närvarande

180 757 54 16 ännn
249 754 46 20 icke
311 755 126 19 omedelbart
459 755 131 20 underhåller
612 756 67 24 någon
698 755 33 20 till
745 755 144 21 universitetet
905 756 29 20 le-

181 783 66 20 dande
262 783 110 24 samskola,
388 783 64 20 sådan
466 783 37 26 jag
517 784 60 19 tänkt
593 783 42 26 mig
649 784 115 20 Kexholms
779 785 59 19 skola
853 785 7 19 i
870 785 65 20 fram-

180 811 63 20 tiden.
269 812 33 19 Då
317 812 68 20 denna
400 812 153 26 omständighet
567 812 97 26 möjligen
679 813 69 20 kunde
763 816 73 23 utgöra
846 816 31 17 ett
887 814 45 19 hin-

180 840 36 20 der
231 840 32 20 för
278 848 25 13 en
319 841 170 25 ständerpetition
505 841 7 20 i
528 841 90 24 ärendet,
641 842 38 19 har
693 842 37 25 jag
745 842 98 26 uppgjort
859 845 30 17 ett
905 843 31 20 al-

180 869 100 20 ternativt
295 869 84 26 förslag,
396 870 61 19 hvars
473 870 66 26 bägge
556 870 57 20 delar
627 871 46 19 med
689 871 57 20 tiden
757 871 46 20 leda
813 871 32 20 till
856 879 77 12 samma

179 898 93 20 resultat.

247 927 42 26 Jag
303 927 92 20 anhåller
410 934 32 13 om
458 927 34 20 det
507 927 104 26 vällofliga
621 927 187 26 Borgareståndets
819 929 114 20 understöd

178 955 33 20 för
226 962 25 14 en
265 956 88 26 petition
368 962 32 13 om

385 1015 28 18 att
428 1015 63 18 staten
505 1014 59 20 måtte
579 1014 100 25 öfvertaga
695 1015 110 20 Kexholms
819 1015 55 20 stads
884 1015 48 25 fem-

315 1042 89 25 klassiga
419 1043 100 20 samskola
535 1043 34 20 och
585 1043 81 25 utvidga
681 1043 114 20 densamma
806 1044 32 19 till
848 1051 24 13 en
881 1044 52 20 åtta-

315 1071 76 25 klassig
414 1071 33 20 till
468 1072 134 19 universitetet
626 1073 81 19 ledande
728 1073 43 19 real
793 1073 107 24 samskola,
923 1074 9 19 i

314 1100 80 19 hvilken
420 1100 79 24 finskan
521 1101 125 24 fortfarande
669 1101 105 20 bibehålles
795 1108 42 13 som
860 1103 72 18 under-

315 1128 156 25 visningsspråk,
488 1129 49 20 eller

383 1159 29 17 att
433 1158 69 19 staden
520 1158 51 25 finge
585 1158 82 25 utvidga
681 1159 71 19 skolan
767 1159 33 19 till
814 1159 119 26 ättaklassig

315 1186 34 19 och
371 1185 77 26 åtnjuta
463 1187 9 18 i
486 1187 121 24 statsbidrag
629 1187 46 25 fyra
697 1189 56 18 tusen
775 1188 83 26 (4,000)
873 1189 59 19 mark

314 1214 76 25 årligen
405 1214 33 25 för
451 1215 69 24 hvarje
535 1216 9 19 i
558 1216 123 19 verksamhet
696 1216 87 19 varande
798 1216 61 20 klass.

247 1270 138 25 Helsingfors,
402 1270 38 20 den
459 1271 25 19 10
499 1271 99 19 Februari
616 1272 60 19 1900.

624 1327 101 23 Theodor
740 1327 121 24 Schwindt.

245 1510 103 18 Allmänna
362 1511 176 18 Besvärsutskottets
551 1512 117 18 betänkande
681 1514 36 17 N:o
730 1514 26 16 15.
