1098 1750
262 162 39 19 112
420 157 275 24 Petitionsbetänkande
710 158 43 22 N:o
768 157 36 22 14.

301 227 30 18 Då
343 227 53 22 fråga
407 227 48 17 först
466 226 73 18 väcktes
552 232 30 12 om
594 225 106 23 byggandet
710 225 20 17 af
741 224 85 18 karelska
831 224 104 23 järnvägen,
941 223 42 18 hör-

231 255 40 23 des;
282 257 24 22 på
322 256 67 22 många
405 255 37 17 håll
455 255 78 22 spefulla
544 253 99 24 yttranden
655 259 31 12 om
697 253 49 18 huru
758 252 67 23 onödig
837 259 21 11 en
871 252 58 18 sådan
941 251 41 18 öde-

232 284 112 18 marksbana
355 289 48 15 vore,
415 289 40 12 som
466 283 39 18 helt
517 283 62 17 säkert
590 283 73 17 komme
674 284 29 15 att
714 281 83 19 medföra
809 287 31 12 ren
848 281 73 18 förlust.
939 281 44 17 Men

233 319 31 15 nu,
282 313 24 18 då
320 313 61 17 banan
393 313 20 16 är
425 311 65 24 färdig,
502 311 35 18 har
548 311 32 18 det
592 311 106 22 tillräckligt
709 310 67 23 tydligt
787 310 94 23 framgått,
893 309 91 18 hurusom

233 341 88 18 Karelens
333 343 50 16 stora
394 341 91 23 naturliga
498 340 103 18 rikedomar
613 340 35 17 fått
661 339 27 18 till
700 339 55 18 stånd
767 345 22 12 en
801 338 68 19 oanadt
875 338 46 23 liflig
927 338 56 18 trafik

232 371 37 18 och
279 371 98 22 betryggat
389 370 70 17 banans
472 369 115 18 rentabilitet.

302 399 63 22 Linjen
377 398 236 21 Sordavala—Pitkäranta,
622 397 85 23 omkring
718 397 23 18 60
752 397 95 18 kilometer
856 397 48 22 lång,
910 396 73 18 komme

232 430 29 15 att
272 427 107 23 genomlöpa
392 427 74 21 trakter,
478 427 71 17 hvilkas
558 426 91 23 naturliga
658 426 97 23 tillgångar
763 427 32 16 äro
804 425 115 23 synnerligen
928 427 55 16 stora.

234 455 96 24 Utgående
342 455 41 18 från
395 455 84 17 karelska
491 455 60 17 banan
564 454 30 18 vid
607 453 99 19 Sordavala
722 454 74 18 trakten
810 454 49 23 löper
871 453 35 18 den
918 459 66 17 genom

234 483 101 18 Sordavala
347 483 71 21 socken,
431 483 84 22 öfvergår
526 483 78 17 Läskelä
615 482 31 21 älf,
658 482 55 17 hvars
725 482 82 23 mäktiga
818 482 60 17 forsar
889 481 57 18 redan
958 488 25 11 nu

234 511 60 18 lämna
313 512 94 17 åttatusen
424 511 112 17 hästkrafter
552 511 28 17 uti
596 510 100 18 industrins
708 511 57 22 tjänst
777 511 30 18 vid
819 511 83 21 Läskelä,
914 511 69 23 Leppä-

234 539 53 18 koski
299 539 34 18 och
345 539 115 18 Hämekoski
472 539 86 22 fabriker,
570 540 33 22 går
615 538 56 19 sedan
683 539 30 18 vid
723 541 77 21 gränsen
810 539 76 18 emellan
895 539 89 24 Impilaks

232 567 36 18 och
287 567 100 18 Sordavala
406 567 77 18 socknar
500 567 48 19 förbi
566 567 92 18 Välimäki
676 568 40 18 rika
727 568 148 24 järnmalmbärg,
887 574 24 12 ur
922 568 62 19 hvilka

233 597 70 23 årligen
320 599 91 21 upptagas
428 597 33 17 allt
473 598 58 16 större
543 596 34 18 och
589 598 58 16 större
659 596 87 24 mängder
759 597 19 17 af
789 596 34 18 där
835 597 150 18 förekommande

234 625 78 18 särdeles
325 624 79 19 välkänd
415 625 102 22 järnmalm,
530 625 35 18 och
576 625 64 21 slutar,
652 625 46 17 efter
709 627 27 15 att
749 625 55 18 hafva
817 626 105 22 genomlöpt
928 625 56 23 Impi-

233 654 41 17 laks
292 654 24 23 på
333 654 83 23 fältspat-
434 654 35 17 och
486 654 114 17 kvartsbrott
618 654 40 17 rika
673 654 71 21 socken,
757 653 30 18 vid
803 654 108 17 Pitkäranta
923 653 61 18 kända

234 681 70 18 silfver-
316 681 35 18 och
363 681 122 24 kopparvärk,
497 681 75 18 hvarest
583 681 58 18 under
653 681 23 18 de
688 683 71 16 senaste
770 681 71 18 tiderna
852 682 20 18 af
881 681 33 19 där
926 682 59 17 funna

234 712 50 16 stora
295 710 148 23 järnmalmlager
455 710 52 18 äfven
519 710 40 23 järn
572 711 6 17 i
590 712 38 16 stor
640 710 45 23 grad
698 710 59 23 börjat
769 710 80 19 beredas.

303 739 90 17 Förutom
411 741 87 16 naturens
515 738 103 19 rikedomar
630 739 34 18 bör
675 739 6 17 i
693 739 121 18 betraktande
826 742 52 21 tagas
890 742 29 16 att
931 740 53 22 linjen

235 767 49 23 löper
302 773 64 18 genom
382 773 22 12 en
416 769 37 16 tätt
464 767 87 18 befolkad
563 768 50 17 trakt
625 768 35 17 och
672 768 58 18 slutar
742 768 30 18 vid
785 769 113 22 Pitkäranta,
909 769 76 18 hvarest

234 795 135 24 befolkningen,
382 797 86 21 tretusen,
480 797 20 16 är
512 798 58 16 större
582 797 23 17 än
617 797 5 16 i
635 797 77 22 mången
721 797 20 18 af
750 798 44 17 våra
803 797 106 19 småstäder.
925 797 10 18 I
943 799 41 17 när-

235 824 53 18 heten
301 824 20 18 af
332 825 108 17 Pitkäranta
452 825 59 18 finnes
523 825 54 18 äfven
589 831 55 12 norra
656 825 83 24 Ladogas
751 826 54 18 bästa
813 827 61 21 hamn,
881 827 74 18 hvarest
963 827 22 18 de

234 856 72 15 senaste
323 854 43 17 åren
384 853 67 24 byggts
469 859 21 12 en
502 853 42 24 god,
556 853 64 24 duglig
632 854 112 24 fartygsslip,
757 861 40 12 som
809 855 35 18 den
855 855 130 23 jämförelsevis

235 883 50 16 stora
296 881 144 19 handelsflottan
452 883 24 22 på
488 882 74 23 Ladoga
573 883 65 17 nästan
651 883 118 18 uteslutande
780 883 96 19 använder.
895 884 90 19 Afseende

235 910 34 18 bör
286 911 53 17 äfven
358 911 58 17 fästas
434 911 31 17 vid
482 913 28 16 att
528 913 50 16 stora
594 911 56 23 ryska
665 911 88 18 Karelens
765 912 62 22 trafik,
839 918 39 12 som
891 912 56 18 redan
960 919 25 12 nu

235 940 74 22 mycket
326 939 93 18 använder
436 940 85 18 karelska
538 940 65 21 banan,
619 940 59 18 skulle
696 941 45 17 efter
756 940 31 18 det
800 941 185 18 Sordavala—Pitkä-

236 970 53 16 ranta
304 969 61 17 banan
381 969 60 17 blifvit
457 969 63 23 byggd
538 969 105 23 ytterligare
661 969 76 24 tilltaga.
760 970 35 17 Till
807 970 38 18 slut
857 970 36 18 kan
905 971 30 22 jag
948 971 39 18 icke

236 997 96 18 nnderläta
343 1000 29 15 att
383 999 68 16 nämna
463 999 61 16 såsom
536 1000 27 16 ett
572 997 68 24 tydligt
647 998 49 18 bevis
705 999 24 22 pä
735 999 49 18 huru
794 999 57 23 viktig
861 999 35 18 och
906 999 81 19 nödvän-

234 1025 33 24 dig
285 1026 59 18 denna
363 1026 48 18 bana
431 1027 26 21 är,
472 1028 28 17 att
520 1027 23 18 de
563 1027 64 18 utmed
646 1026 107 19 densamma
769 1027 96 24 befintliga
882 1029 105 18 fabrikerna

234 1056 22 17 år
271 1055 45 18 1899
328 1055 56 18 redan
395 1057 114 21 gemensamt
520 1056 86 18 bekostat
617 1062 21 12 en
652 1056 70 18 enskild
734 1057 104 23 preliminär
850 1057 137 24 undersökning

234 1084 21 17 af
267 1084 70 17 banans
349 1084 111 23 sträckning.

304 1111 83 19 Emedan
405 1111 60 19 denna
481 1112 57 18 banas
556 1113 111 18 rentabilitet
684 1113 56 18 redan
751 1119 26 13 nu
789 1115 21 17 är
821 1114 100 24 uppenbar,
934 1120 52 18 synes

234 1140 147 22 förhoppningen
393 1145 30 12 om
435 1140 41 18 dess
488 1146 55 12 snara
554 1141 96 23 byggande
663 1147 42 12 vara
717 1142 21 17 så
749 1142 108 23 berättigad,
869 1144 28 16 att
905 1143 31 23 jag
945 1143 41 18 här-

235 1167 33 19 hos
281 1169 55 22 vågar
348 1168 73 18 anhålla
433 1174 29 12 om
475 1169 113 18 hedervärda
599 1169 146 19 Bondeståndets
757 1171 111 19 medvärkan
881 1171 66 22 därtill,

509 1274 30 16 att
557 1273 107 18 ekonomisk
681 1274 32 17 och
729 1275 137 17 instrumental
882 1276 105 18 undersök-

441 1301 46 20 ning
505 1301 42 16 med
564 1301 27 22 af
606 1301 109 17 Ständerna
725 1302 37 21 för
774 1300 109 19 ändamålet
896 1303 92 17 anvisade

441 1327 58 17 medel
509 1328 46 21 före
566 1329 175 17 nästinstundande
753 1329 96 23 landtdag
860 1330 59 17 måtte
930 1332 56 17 värk-

442 1354 71 18 ställas
525 1356 8 16 i
544 1355 34 18 och
588 1356 35 23 för
636 1361 22 12 en
665 1357 84 22 järnväg
760 1355 51 25 från
821 1358 91 18 karelska
922 1359 65 18 banan

442 1383 8 17 i
461 1383 110 18 Sordavala
583 1385 79 17 trakten
673 1385 31 17 till
716 1386 131 20 Pitkäranta;
859 1389 51 16 samt

511 1414 30 16 att
555 1413 31 17 till
597 1415 228 18 nästsammanträdande
838 1415 83 18 Ständer
929 1413 59 22 mätte

443 1437 79 26 aflätas
533 1439 60 25 nådig
603 1443 119 21 proposition
735 1441 99 25 angäende
847 1444 106 23 byggandet
963 1446 26 22 af

307 1498 202 23 Järnvägsutskottets
522 1499 118 18 betänkande
652 1501 39 17 N:o
702 1502 17 16 2.
