1092 1748
241 167 26 19 22
406 164 274 23 Petitionsbetänkande
696 165 42 21 N:o
753 164 34 22 14.

210 221 50 18 deles
278 221 82 23 omöjligt
377 223 28 15 att
422 221 42 18 med
482 221 63 18 hästar
560 222 56 17 hinna
634 221 56 18 forsla
708 221 34 17 den
756 221 68 23 mängd
837 221 38 21 säd,
888 226 39 12 som
941 226 23 12 nu

211 251 134 23 transporteras
358 250 23 23 på
393 250 80 23 järnväg.
492 250 30 18 Då
533 256 42 12 man
589 256 28 12 ser
628 249 57 23 detta,
697 250 60 23 gripes
769 256 43 12 man
822 250 19 18 af
850 249 115 18 medlidande

211 278 44 18 med
272 278 23 18 de
312 278 80 18 trakters
409 278 60 18 hårda
487 278 40 21 öde,
545 285 39 12 som
602 280 5 16 i
621 279 48 17 brist
680 280 23 22 på
715 279 179 18 kommunikationer
906 278 58 18 måste

211 306 38 18 lida
265 307 122 18 missväxtens
399 306 66 23 följder
477 308 4 17 i
493 307 42 18 hela
546 307 52 18 deras
612 307 100 23 stränghet.
738 307 73 18 Kanske
824 308 71 17 svårast
907 307 58 18 hafva

212 336 84 22 Kalajoki
311 336 53 18 dalen
379 337 6 17 i
397 336 93 18 mellersta
501 332 118 23 Österbotten
632 336 41 18 från
686 336 94 18 Ylivieska
792 336 38 18 inåt
841 335 64 19 landet
917 339 48 15 samt

211 364 100 24 Pyhäjärvi
328 365 34 17 och
381 364 98 19 Kiuruvesi
498 365 128 23 församlingar
644 367 73 15 träffats
734 366 19 16 af
768 366 112 17 missväxten
894 367 71 16 senaste

211 398 85 13 sommar.
321 393 81 22 [nhvar,
419 399 38 13 som
475 393 30 18 det
517 394 82 20 förmått,
611 394 35 17 har
658 394 81 22 tvungits
751 394 49 23 begifva
836 394 27 22 sig
875 394 27 17 till
913 394 51 22 lyck-

211 421 56 23 ligare
280 422 70 18 trakter
363 421 62 19 undan
437 422 90 23 hungern.
550 423 35 17 Till
597 422 23 18 de
632 422 40 18 skäl
685 422 34 18 den
731 422 20 18 af
762 422 114 23 Regeringen
888 422 76 18 tillsatta

210 450 168 24 järnvägskomitén
396 451 11 17 å
423 450 74 19 sidorna
513 452 68 16 74—78
598 451 20 17 af
631 451 32 17 sitt
675 450 57 18 andra
744 450 115 19 betänkande
871 451 53 18 anför
937 451 26 18 till

211 479 72 18 förmån
293 479 30 18 för
331 486 21 11 en
361 479 76 24 järnväg
449 479 47 19 ifrån
508 480 94 18 Ylivieska
613 485 65 17 genom
690 480 71 21 Nivala,
774 480 118 23 Haapajärvi,
904 480 59 23 Pyhä-

210 507 46 23 järvi
275 508 34 18 och
326 508 98 18 Kiuruvesi
441 509 109 18 kommuner
563 510 25 16 till
602 509 74 19 Tisalmi,
689 509 56 23 vågar
757 508 138 18 undertecknad
907 511 56 20 ytter-

210 536 57 24 ligare
279 537 75 23 tillägga
365 537 32 18 det
408 537 124 18 ofvannämda
544 541 48 15 samt
604 537 97 23 ödmjukast
722 538 79 21 anhålla,
816 540 28 16 att
860 538 103 18 Ständerna

211 565 42 18 ville
270 566 99 18 hänvända
387 567 26 23 sig
431 566 27 18 till
476 566 54 18 Hans
548 566 99 23 Kejserliga
663 566 86 23 Majestät
761 566 42 18 med
816 572 21 12 en
850 566 115 23 underdånig

212 594 75 22 petition
299 594 70 20 därom,

485 654 26 16 att
532 653 132 17 instrumental
682 653 136 23 undersökning
838 653 54 17 måtte
909 653 54 17 värlk-

416 682 65 17 ställas
490 682 31 21 för
530 688 20 11 en
560 682 132 22 järnvägslinje
700 682 47 22 från
757 682 91 18 Ylivieska
853 682 29 18 till
888 682 76 18 Iisalmi

416 712 49 15 samt
483 710 56 22 nådig
554 710 118 24 proposition
688 716 30 12 om
734 712 57 21 sugda
802 712 82 22 järnväg
896 711 67 22 aflåtas

416 739 29 17 till
457 739 166 17 nästinstundande
636 740 90 21 Inndtdag.

281 794 121 24 Helsingfors,
414 794 34 18 den
461 796 11 16 6
485 795 87 18 Februari
586 796 48 17 1900.

712 852 52 24 Wilh.
780 853 114 29 Malmberg.

573 985 28 23 12.

763 1040 131 20 (Öfversättning.)

395 1075 43 18 Fill
450 1075 141 20 hedervärda
604 1075 175 20 Bondeständet.

278 1132 63 18 Redan
364 1132 58 18 under
443 1135 25 15 ett
486 1139 33 18 par
537 1134 95 19 årtionden
649 1135 56 18 hafva
724 1135 92 18 mellersta
834 1131 128 22 Österbottens

208 1163 147 21 representanter
373 1161 42 18 sökt
433 1161 48 18 rikta
499 1162 71 19 landets
588 1163 88 18 Ständers
691 1164 165 23 uppmärksamhet
867 1164 24 23 pä
903 1163 59 19 denna

209 1188 115 19 vidsträckta
344 1189 91 18 landsdels
457 1201 21 2 -—
498 1191 48 18 hvad
569 1192 77 19 trafiken
667 1193 90 17 beträffar
775 1203 22 2 —
818 1193 89 22 hjälplösa
927 1193 35 17 till-

210 1217 59 18 ständ.

278 1246 36 19 Vid
334 1249 71 16 senaste
421 1247 89 24 landtdag
521 1249 124 18 framställdes
658 1250 38 17 åter
708 1250 46 17 flera
765 1250 156 23 järnvägsförslag
933 1251 29 16 för

209 1277 28 16 att
249 1274 96 24 tillgodose
357 1275 60 19 denna
426 1276 55 21 trakt,
495 1277 19 18 af
524 1277 62 18 hvilka
599 1278 69 22 förslag
680 1279 85 17 sträckan
775 1279 186 17 Ylivieska—Tisalmi

209 1303 93 18 tillvunnit
318 1303 27 23 sig
361 1303 116 18 erkännande
492 1305 51 17 såväl
558 1305 19 17 af
589 1305 113 18 Ständernas
715 1306 71 17 utskott
799 1312 38 12 som
850 1307 34 17 ock
896 1307 19 16 af
927 1307 34 17 den

209 1331 79 17 tillsatta
299 1331 172 23 järnvägskomiten.

278 1359 57 18 Detta
346 1359 156 25 järnvägsförslag
515 1362 20 17 är
546 1362 53 18 äfven
612 1362 30 18 det
655 1363 114 23 lämpligaste
780 1364 30 18 för
819 1366 56 19 orten,
886 1364 75 18 emedan

209 1388 57 23 enligt
283 1388 102 19 detsamma
402 1389 104 24 järnvägen,
524 1391 156 22 genomskärande
696 1392 82 18 traktens
791 1392 107 19 folkrikaste
910 1393 51 18 sock-

208 1422 39 17 nar,
263 1416 90 24 därjämte
369 1417 73 19 komme
453 1420 28 16 att
493 1419 5 17 i
511 1419 41 18 hela
564 1420 27 17 sin
603 1420 56 23 längd
671 1421 107 24 genomlöpa
790 1421 23 18 de
824 1423 50 16 mäst
885 1421 76 24 bördiga

208 1445 36 19 och
255 1445 116 24 odlingsbara
384 1447 101 22 markerna,
496 1447 64 19 hvilka
572 1449 5 17 i
589 1448 47 18 brist
648 1449 24 24 på
684 1455 21 12 en
718 1449 84 24 tidsenlig
814 1450 86 19 trafikled
912 1452 49 17 ännu

208 1475 28 28 till
254 1481 23 13 en
295 1477 38 16 stor
349 1475 30 18 del
395 1475 73 18 befinna
480 1476 27 23 sig
518 1476 6 17 i
536 1477 144 18 naturtillständ.
705 1478 39 19 Och
757 1479 20 17 sä
788 1479 54 22 länge
854 1479 107 18 slättlandet

648 1513 12 13 2

275 1509 186 24 Järnvägsutskottets
474 1511 110 18 betänkande
