1700 1867
515 290 12 18 2
653 288 85 22 Ständ.
756 287 54 23 Pet.
825 300 28 2 —
867 286 172 23 Petitionsbet.
1057 286 40 22 N:o
1113 286 23 21 3.

516 367 29 14 en
571 360 8 21 i
605 359 176 22 Bondeståndet
807 359 129 28 föreslagen
954 358 98 29 petition
1071 365 37 14 om
1125 355 143 29 vidtagande

516 395 23 21 af
557 394 83 28 åtgärd
655 394 36 21 för
703 393 179 23 underlättande
896 393 22 22 af
930 392 177 29 ifrågavarande
1119 390 148 23 förbindelse.

516 428 89 22 Genom
632 428 77 29 privat
735 428 182 28 företagsamhet
942 427 43 22 och
1003 427 52 21 med
1072 425 127 23 understöd
1216 426 52 22 från

515 465 89 20 statens
631 462 50 22 sida
707 462 42 22 har
775 462 136 29 visserligen
933 461 181 28 åstadkommits,
1134 462 35 21 att
1186 460 83 23 Marie-

515 498 70 21 hamn
613 497 42 22 och
682 497 109 28 Degerby
810 497 67 22 äfven
895 496 112 23 vintertid
1026 504 29 13 en
1072 497 64 27 gång
1153 496 9 21 i
1178 496 90 21 veckan

516 532 97 28 anlöpas
641 531 22 22 af
687 531 94 28 ängbäs,
800 539 52 14 men
871 532 34 21 för
923 530 152 23 samfärdseln
1093 531 30 27 pä
1142 530 43 21 den
1204 531 65 28 linje,

516 574 48 13 som
583 567 65 21 öfver
666 565 101 27 Gustafs,
787 565 100 29 Brändö,
906 565 126 28 Kumlinge
1050 565 43 21 och
1114 564 77 22 Värdö
1204 564 65 22 sock-

516 608 42 14 nar
576 600 63 21 leder
657 600 38 21 till
714 600 76 21 Sunds
809 601 85 21 socken
913 601 29 28 pä
960 595 83 32 Äland,
1062 599 42 22 har
1116 599 53 22 frän
1182 601 87 20 statens

516 635 50 21 sida
588 636 25 20 sä
631 635 56 28 godt
705 641 48 15 som
771 635 60 20 intet
848 635 116 28 tillejorts.
1001 634 82 28 Enligt
1100 633 170 30 upplysningar

516 669 51 21 frän
594 669 171 28 Lotsstyrelsen
783 672 26 18 är
825 669 103 22 farleden
947 668 73 22 delvis
1038 669 51 20 icke
1108 675 40 14 ens
1165 668 104 29 uppgän-

516 711 45 21 gen
585 703 44 22 och
646 703 109 22 utmärkt.
790 703 181 29 Ifrägavarande
989 703 74 22 farled
1081 703 43 22 har
1142 702 127 22 emellertid

516 738 37 21 sin
571 741 62 18 stora
652 737 119 29 betydelse
790 738 35 21 för
843 737 150 22 samfärdseln
1011 737 53 22 med
1076 733 84 26 Äland.
1190 737 79 28 Längs

516 773 133 22 densamma
675 772 118 22 befordras
820 781 28 14 en
875 773 38 21 del
939 772 24 22 af
987 772 44 21 den
1049 772 113 21 åländska
1180 774 88 27 posten,

516 807 44 22 och
587 807 28 21 de
642 807 112 22 äländska
781 807 184 28 tjenstemännen
991 807 84 21 liksom
1102 807 68 21 äfven
1198 805 72 22 andra

516 842 151 28 medborgare
685 841 88 29 nödgas
793 842 73 21 anlita
884 841 131 22 densamma
1033 841 37 22 för
1087 841 51 22 sina
1156 848 62 15 resor
1233 841 37 21 till

516 877 127 28 Kumlinge
674 876 43 22 och
746 877 93 21 Brändö
867 877 62 22 inom
955 871 90 26 Ålands
1071 875 73 22 härad
1170 875 100 29 belägna

516 911 105 22 socknar.
658 911 52 21 Der
736 911 160 28 regelbundna
917 911 100 22 trafiken
1034 910 147 22 underhälles
1200 910 23 22 af
1242 910 27 21 de

516 946 8 21 i
542 945 76 22 denna
632 945 106 22 landsde]
751 949 62 18 ännu
825 945 145 22 existerande
982 945 198 29 posthemmanen,
1188 945 82 22 hvilka

516 982 49 20 mot
582 980 130 28 ersättning
731 980 70 22 haiva
815 981 35 28 sig
861 980 218 29 postbefordringen
1092 980 75 29 älagd.
1189 979 81 22 Under

516 1015 28 21 de
562 1014 61 22 tider
643 1015 22 21 af
683 1015 55 27 året,
758 1015 29 20 dä
805 1015 110 28 sogelfart
926 1015 47 22 kan
985 1015 84 28 fortgå,
1082 1015 56 21 eller
1150 1014 30 22 dä
1192 1015 78 21 isarna

516 1050 30 27 pä
573 1049 28 21 de
629 1053 78 24 öppna
724 1049 117 28 fjärdarna
861 1049 86 22 Skiftet
965 1049 43 22 och
1025 1049 70 22 Delet
1113 1053 39 18 äro
1170 1049 99 27 farbara,

516 1084 77 21 skötes
620 1083 77 22 denna
723 1083 69 22 traik
820 1084 51 21 med
889 1084 68 21 bätar
975 1084 54 21 eller
1047 1083 52 22 med
1117 1083 78 22 slädar
1212 1086 58 18 utan

516 1118 79 21 alltför
621 1121 62 18 stora
710 1117 148 30 svärigheter.
894 1119 54 21 Men
976 1118 29 21 dä
1023 1118 91 29 segling
1132 1121 26 18 är
1175 1118 95 29 omöjlig

516 1153 42 21 och
586 1152 77 22 isarna
687 1152 51 21 icke
765 1152 70 22 heller
853 1153 62 28 bära,
933 1153 74 22 blifva
1025 1153 108 21 färderna
1152 1152 118 28 äfventyr-

514 1187 55 28 liga,
596 1187 23 29 ja
640 1186 129 29 lifsfarliga.
805 1187 63 22 Från
892 1187 143 28 sakkunnigt
1052 1187 48 21 håll
1118 1187 43 22 har
1178 1186 92 22 medde-

515 1221 51 28 lats,
586 1223 35 20 att
640 1221 69 22 äfven
726 1224 81 25 posten
825 1222 51 21 icke
895 1222 72 22 sällan
981 1224 66 25 tager
1059 1221 74 22 skada
1144 1222 31 28 pä
1187 1225 82 24 vägen.

584 1255 47 22 Vid
658 1255 84 22 sädant
764 1256 143 22 förhällande
926 1256 43 23 och
987 1256 52 21 med
1056 1256 88 22 fästadt
1163 1255 106 22 afseende

516 1290 61 27 derä,
605 1292 35 19 att
667 1290 27 21 de
719 1290 112 22 åländska
849 1295 70 18 öarna
938 1291 36 21 till
992 1290 59 29 följd
1069 1290 23 22 af
1111 1290 41 22 sitt
1170 1289 100 23 afskilda

515 1325 52 26 läge
595 1324 52 20 icke
673 1325 80 20 kunna
770 1325 92 20 komma
879 1325 8 20 i
907 1325 136 28 åtnjutande
1061 1325 24 20 af
1103 1332 85 13 samma
1207 1325 63 20 kom-

516 1357 281 27 munikationsförmär.er,
828 1365 48 14 som
905 1359 154 27 järnvägarne
1087 1357 96 29 erbjuda
1208 1358 62 21 fasta

515 1390 86 28 landet,
620 1397 69 21 synes
708 1390 39 22 det
765 1398 55 15 vara
838 1391 59 22 både
916 1391 103 29 önskligt
1037 1391 43 23 och
1097 1391 52 22 med
1162 1391 108 29 billighet

516 1426 257 27 ofverensstämmande,
793 1428 35 19 att
845 1428 74 20 staten
939 1426 94 29 vidtoge
1051 1426 83 29 åtgärd
1146 1426 35 22 för
1194 1426 75 22 säker-

516 1460 125 22 ställandet
668 1460 23 22 af
717 1463 62 25 post-
806 1461 43 21 och
870 1461 249 29 passageraretrafiken
1137 1462 30 28 pä
1184 1461 85 29 ifräga-

515 1494 102 23 varande
637 1494 43 22 led.

584 1530 34 21 Pä
635 1529 76 29 grund
730 1529 67 22 häraf
809 1530 23 22 fä
846 1530 130 22 Ständerna
988 1530 168 29 underdänigst
1166 1530 102 22 anhälla:
