1106 1756
334 149 274 24 Petitionsbetänkande
623 150 43 23 N:o
681 150 35 24 14.
831 151 41 22 135

147 219 39 20 och
214 219 89 21 sålunda
328 219 84 21 hänfört
438 219 30 21 till
498 220 54 25 dem,
574 219 82 22 hvilkas
678 220 111 27 byggande
812 220 17 26 ej
857 226 40 15 un-

147 252 37 21 der
212 253 46 28 den|
279 255 107 19 närmaste
411 253 113 22 framtiden
549 253 96 22 kommer
668 255 32 20 att
722 253 100 22 beslutas.
860 249 39 26 Äf-

147 293 40 15 ven
212 287 111 21 Utskottet
345 287 37 22 har
405 287 54 22 varit
481 287 23 21 af
524 287 69 22 denna
608 288 69 21 tanke.
707 287 49 22 Med
771 288 101 21 afseende
887 289 12 20 å

147 321 81 22 banans
250 321 160 28 undersökning
430 321 38 22 har
490 322 110 21 dessutom
617 322 115 25 anmärkts,
748 323 31 20 att
794 322 104 21 bandelen

145 355 77 22 mellan
246 355 64 22 Ikalis
332 356 40 21 och
394 355 144 22 Tammerfors
561 356 68 21 blifvit
650 356 117 21 undersökt
782 356 46 21 före
845 356 56 22 1877

145 390 36 21 års
197 390 106 27 landtdag,
324 390 26 22 då
364 390 134 27 fullständigt
513 390 81 28 förslag
608 390 104 25 förelades
729 391 119 22 Ständerna
863 397 34 15 om

147 425 121 27 byggandet
290 425 22 22 af
330 431 26 15 en
372 424 91 29 järnväg
477 424 47 22 från
539 425 144 22 Tammerfors
699 427 71 20 väster
786 432 35 14 om
837 425 61 22 Näsi-

143 459 56 28 järvi
220 459 40 22 och
282 459 124 28 Kyrösjärvi
428 460 31 21 till
481 455 147 27 Österbotten.
657 460 74 22 Redan
750 460 50 21 med
815 460 48 21 stöd
878 459 23 22 af

146 495 26 21 då
194 495 74 27 gjorda
290 495 104 27 ritningar
415 495 39 21 och
469 495 121 22 nivåkartor
606 495 39 22 och
660 495 67 22 under
743 495 118 22 beaktande
876 495 23 22 af

145 535 30 15 nu
190 529 97 28 gällande
303 529 155 28 byggnadspris
473 529 41 22 kan
530 537 26 14 en
571 529 121 28 tillräckligt
704 536 112 21 noggrann
828 528 71 29 kalkyl

146 565 62 25 göras
224 563 59 22 öfver
298 564 143 21 kostnaderna
450 563 33 22 för
499 570 26 15 en
540 565 51 26 linje
606 562 162 29 Ikalis--Epilä.
798 565 48 21 Den
861 571 36 15 an-

145 599 39 20 dra
200 598 120 27 föreslagna
336 598 150 27 sträckningen
501 599 51 21 eller
566 599 64 27 linjen
646 599 198 22 Ikalis—Kulovesi
859 598 38 23 har

145 634 57 19 ännu
226 638 74 16 senare
320 632 70 22 blifvit
405 633 117 21 undersökt
536 633 7 21 i
558 633 98 22 afseende
672 633 12 21 å
699 633 121 27 byggandet
835 633 23 22 af
871 639 26 16 en

145 667 127 27 smalspårig
294 667 130 27 privatbana,
447 667 38 22 och
506 667 49 23 dess
575 667 160 28 undersökning
749 668 7 20 i
771 667 100 23 afseende
886 668 13 21 å

145 708 26 15 en
192 702 100 28 möjligen
314 702 73 22 afsedd
409 703 111 21 statsbana
542 704 60 21 torde
618 703 17 27 ej
652 702 72 23 fordra
740 703 23 21 så
778 703 119 27 betydande

144 737 116 22 kostnader
280 737 51 22 eller
354 738 24 21 så
397 737 50 28 lång
461 738 37 26 tid,
518 740 31 20 att
570 738 46 22 icke
634 738 123 22 densamma
772 738 71 22 kunde
858 744 39 22 ega

144 778 48 16 rum
208 772 27 22 då
249 772 57 22 tiden
322 772 73 22 nalkas
403 772 33 22 för
444 772 121 28 byggandet
580 772 23 22 af
619 773 40 21 den
675 779 39 15 ena
729 772 51 22 eller
795 773 68 21 andra
877 772 22 22 af

144 807 64 22 dessa
222 807 120 27 föreslagna
357 807 73 22 banor.

214 842 33 22 Då
267 842 31 22 till
322 842 80 22 banans
424 842 87 22 område
529 842 95 22 kommer
640 844 31 20 att
686 842 52 22 höra
752 842 144 22 Tammerfors

144 877 48 22 stad
215 876 39 22 och
276 877 66 21 Ikalis
364 877 80 27 köping
466 879 55 19 samt
543 878 23 20 så
581 877 112 27 förmögna
707 877 190 21 landskommuner

144 918 46 15 som
206 912 94 26 Ylöjärvi
315 912 39 21 och
370 912 154 26 Hämeenkyrö,
540 912 38 21 och
594 912 26 21 då
636 912 69 22 banan
720 911 97 22 kommer
828 914 32 19 att
871 912 26 26 gå

142 945 56 22 förbi
214 946 133 27 Kyröskoski
361 946 155 27 pappersbruk,
532 946 79 22 hvilket
626 945 68 22 skulle
706 944 62 23 hafva
779 946 118 28 synnerligt

143 983 56 19 stort
214 987 55 21 gagn
285 980 23 22 af
322 981 128 26 densamma,
466 987 62 15 anser
544 980 111 23 Utskottet
665 982 34 20 att
704 980 129 28 järnvägens
845 981 51 27 byg-

143 1015 69 27 gande
228 1021 76 22 genom
319 1015 93 22 enskildt
426 1016 89 21 initiativ
530 1015 39 22 bör
584 1022 50 15 vara
649 1010 87 33 möjligt,
752 1015 93 22 särdeles
861 1022 35 15 om

143 1051 124 21 densamma
288 1050 41 22 blir
351 1050 132 28 smalspårig.
512 1050 34 22 Då
566 1050 117 22 emellertid
707 1050 61 24 detta
783 1050 113 22 alternativ

142 1085 46 22 icke
210 1085 7 21 i
239 1084 204 29 petitionsförslaget
457 1085 131 27 förutsättes,
603 1085 38 21 har
656 1085 36 21 det
706 1085 18 27 ej
742 1086 55 20 varit
813 1085 83 28 möjligt

142 1120 34 21 för
196 1120 112 22 Utskottet
329 1122 31 20 att
375 1121 49 26 taga
438 1120 8 21 i
459 1120 145 26 betraktande,
620 1119 106 23 huruvida
742 1120 119 27 beviljande
875 1119 24 22 af

144 1154 171 22 statsunderstöd
334 1154 33 22 för
388 1156 31 20 ett
433 1154 77 22 sådant
524 1154 83 27 företag
621 1154 72 22 kunde
707 1160 63 16 anses
787 1154 62 22 värdt
865 1156 31 20 att

142 1188 104 28 förordas,
262 1189 38 21 och
315 1189 32 22 får
363 1189 110 22 Utskottet
488 1189 82 22 således
586 1189 110 21 vördsamt
710 1188 87 22 föreslå:

416 1259 34 20 att
482 1257 143 28 förevarande
656 1257 191 28 —petitionsförslag
877 1258 19 27 ej

348 1292 67 21 måtte
437 1292 115 28 föranleda
574 1292 35 21 till
628 1291 78 28 åtgärd
720 1292 54 27 från
791 1291 104 22 Ständer-

349 1334 41 15 nas
404 1327 55 21 sida.
693 1338 2 2 i

210 1510 186 23 Järnvägsutskottets
408 1509 110 19 betänkande
530 1509 38 18 N:o
580 1509 18 18 2.
