1061 1703
309 135 274 25 Petitionsbetänkande
598 138 43 23 N:o
656 138 37 22 18.

405 519 259 27 Lagutskottets
681 521 199 23 betänkande

335 552 42 22 N:o
399 553 26 22 11
440 554 9 22 i
464 554 133 28 anledning
612 554 27 22 af
656 555 36 22 ett
706 555 42 23 till
763 555 118 29 Borgare-

336 586 111 24 ståndet
445 582 11 40 :
463 588 136 23 inlemnadt
625 589 256 29 petitionsmemorial,

334 621 129 29 äsyftande
486 622 106 28 ändring
609 622 25 22 af
651 623 22 28 7,
688 624 15 22 8
719 624 46 23 och
781 624 27 23 13
824 624 32 29 88
872 625 10 23 i

334 656 178 28 förordningen
533 656 25 23 af
568 657 47 23 den
631 658 26 21 11
673 658 133 22 November
821 659 59 23 1889

334 690 124 27 angående
487 691 95 22 kristna
610 691 232 28 religionssamfund
867 693 11 22 1

334 724 104 23 Finland
453 725 28 22 af
493 731 79 17 annan
587 726 178 28 protestantisk
776 727 104 23 troslära

334 760 31 21 än
381 759 47 22 den
445 760 284 28 evangelisk-lutherska.

196 834 182 27 Borgareståndet
394 834 45 27 har,
451 835 67 26 jemte
534 835 197 28 protokollsutdrag
745 836 33 21 för
794 836 42 21 den
853 837 27 21 10

129 868 97 21 sistlidne
241 868 107 27 Februari,
363 868 31 21 till
409 869 161 27 Lagutskottets
580 869 128 28 behandling
717 870 120 27 hänskjutit
849 873 31 18 ett

129 902 24 21 så
168 903 89 26 lydande
272 903 220 26 petitionsmemorial:

269 988 51 17 Till
340 987 149 23 Vällofliga
507 988 234 23 Borgareståndet!

195 1045 33 17 Uti
239 1044 102 23 Kejserliga
352 1044 130 23 förordningen
495 1045 20 17 af
526 1044 35 19 den
574 1045 20 16 11
608 1045 103 18 November
723 1045 51 22 1889,
787 1045 93 24 angående

127 1073 71 18 kristna
216 1072 173 25 religionssamfund
406 1073 20 18 af
437 1079 61 12 annan
511 1073 130 24 protestantisk
654 1074 77 18 troslära
743 1075 23 16 än
779 1073 34 19 den
825 1080 54 12 evan-

127 1101 167 24 gelisk-lutherska,
313 1101 74 24 stadgas
399 1102 6 17 i
417 1103 20 22 $$
450 1102 9 17 7
472 1102 35 18 och
518 1103 11 17 8
540 1103 28 17 att
586 1101 41 23 den,
646 1108 39 13 som
703 1103 31 17 vill
750 1103 74 23 öfvergå
836 1102 44 18 från

127 1130 208 23 evangelisk-lutherska
352 1130 72 23 kyrkan
444 1130 26 17 till
487 1133 56 16 annat
554 1131 140 24 protestantiskt
706 1131 173 23 religionssamfund

127 1159 43 18 eller
182 1160 85 21 tvärtom,
280 1159 47 18 skall
338 1159 56 18 hafva
405 1160 80 23 uppnått
497 1160 21 17 21
530 1160 30 18 års
573 1159 57 22 ålder,
641 1159 109 19 hvaremot
741 1155 12 33 i
759 1161 10 22 $
779 1160 21 17 13
806 1165 55 13 mom.
868 1161 10 17 3

128 1189 56 22 säges,
202 1190 29 15 att
248 1188 60 22 »barn,
326 1193 39 12 som
382 1187 43 23 fyllt
444 1187 21 18 12
483 1189 30 16 års
530 1187 56 23 ålder,
602 1189 36 21 må,
650 1189 6 16 i
667 1188 86 18 händelse
765 1188 114 19 föräldrarne

127 1217 75 23 öfvergå
220 1217 27 17 till
259 1222 62 13 annan
332 1216 83 22 troslära,
427 1216 41 23 sjelf
479 1217 69 23 afgöra,
559 1217 93 18 huruvida
663 1217 31 18 det
706 1217 31 18 vill
749 1223 71 12 samma
832 1219 46 16 tros-

127 1246 40 18 lära
182 1245 79 18 omfatta
277 1246 43 17 eller
331 1245 114 18 fortfarande
457 1245 73 18 tillhöra
542 1245 31 19 det
584 1245 153 24 kyrkosamfund,
749 1246 6 17 i
766 1246 70 18 hvilket
847 1246 33 18 det

127 1275 52 18 förut
190 1274 132 23 uppfostrats».
346 1274 132 18 Erfarenheten
490 1275 48 17 inom
551 1275 44 17 våra
606 1273 227 24 dissenter-församlingar
845 1275 35 18 har

127 1303 53 22 visat,
198 1304 28 16 att
242 1302 58 24 begge
317 1302 53 18 dessa
385 1302 197 24 åldersbestämningar
598 1303 32 18 äro
642 1303 97 23 olämpliga
750 1302 35 19 och
796 1303 83 18 medföra

127 1331 63 21 vådor,
202 1331 72 17 oafsedt
285 1331 31 17 det
328 1331 112 22 obegripliga
451 1331 44 20 deri,
507 1333 27 15 att
546 1333 27 16 ett
584 1331 47 18 barn
642 1331 31 17 vid
686 1331 21 17 12
716 1332 30 17 års
755 1331 51 17 ålder
815 1331 6 17 i
830 1332 49 17 vissa

127 1359 33 17 fall
176 1364 53 12 anses
245 1359 39 17 lika
301 1361 61 21 moget
374 1361 28 15 att
414 1359 40 21 sjelf
465 1359 103 17 bestämma
579 1364 30 12 om
622 1359 28 17 sin
661 1359 83 23 religiösa
757 1359 121 23 ståndpunkt,

127 1393 40 12 som
179 1387 31 18 det
222 1393 67 12 annars
301 1393 52 12 anses
366 1393 44 11 vara
421 1387 48 18 först
482 1386 30 18 vid
524 1387 21 17 21
558 1388 30 17 års
600 1386 56 19 ålder.

195 1416 57 19 Hvad
267 1416 35 19 blir
314 1422 26 12 nu
352 1416 68 22 följden
432 1416 57 22 deraf,
501 1418 28 16 att
541 1418 26 16 ett
580 1416 21 18 12
614 1417 29 18 års
655 1416 47 18 barn
713 1423 43 17 eger
767 1416 72 19 besluta
851 1419 28 16 att

126 1446 126 23 qvarstanna
243 1440 11 33 i
262 1447 26 17 ett
300 1445 153 24 kyrkosamfund,
465 1451 40 13 som
516 1444 115 20 föräldrarne
642 1445 74 19 lämna?
729 1446 95 23 Klarligen
837 1446 41 23 den,

195 1487 132 23 Lagutskottets
340 1487 109 18 betänkande
461 1487 37 17 N:o
512 1487 24 17 11.
