1086 1742
250 180 41 20 174
427 178 275 24 Petitionsbetänkande
717 179 42 22 N:o
775 178 36 23 11.

265 286 322 27 Joensuu—Lieksa--Nurmes;
603 282 105 36 Värtsilä
717 286 108 22 -Lieksa—
834 282 93 36 Nurmes.

289 350 58 21 Ense
362 350 47 21 med
424 349 112 22 Utskottet
550 350 80 26 därom,
640 351 31 19 att
685 345 52 25 Öfra
747 349 224 22 Karelen
848 341 11 40 i
871 349 100 22 närmaste

220 384 86 21 framtid
328 384 66 21 borde
417 384 85 26 bringas
524 384 7 21 i
545 384 130 21 förbindelse
689 384 49 21 med
750 384 167 26 järnvägsnätet,
932 383 39 21 har

218 418 38 27 jag
278 418 45 22 icke
345 418 82 21 kunnat
448 418 74 21 förena
536 418 43 27 mig
597 424 35 16 om
648 418 40 21 den
704 418 95 27 riktning
813 418 111 21 Utskottet
938 417 33 22 för

221 458 26 15 en
270 452 31 21 till
323 452 77 21 nämda
420 452 97 21 landsdel
535 452 49 22 ledd
604 452 91 28 järnväg
715 452 95 22 föreslär.
839 452 73 27 Enligt
927 452 43 21 min

220 486 65 22 tanke
299 486 66 22 borde
381 486 72 22 banan
464 486 57 22 föras
538 487 28 26 sä,
581 488 32 20 att
623 486 123 22 densamma
757 487 8 21 i
775 486 118 27 möjligaste
903 486 67 21 mätto

221 521 68 21 skulle
311 521 86 27 betjäna
418 521 136 27 landskapets
577 521 56 21 olika
655 520 58 22 delar
729 520 38 22 och
783 520 71 22 därför
869 520 46 22 frän
930 520 41 21 alla

221 554 42 22 håll
285 555 111 27 uppsamla
418 556 80 20 största
523 555 86 27 möjliga
630 554 67 22 trafik.
731 555 50 21 Men
797 555 70 21 denna
883 554 87 22 fordran

221 589 68 21 skulle
301 589 117 27 järnvägen
432 589 46 21 icke
493 589 72 21 kunna
579 591 114 25 motsvara,
708 596 34 14 om
758 589 31 21 till
805 590 48 20 dess
869 589 101 27 utgängs-

220 623 70 27 punkt
304 623 72 21 valdes
391 624 97 21 Joensuu
504 624 38 20 och
558 624 45 21 icke
618 624 99 20 Värtsilä.

289 658 72 21 Skulle
371 658 123 26 järnvägen,
506 658 8 21 i
524 658 93 27 enlighet
627 658 49 21 med
691 658 122 21 Utskottets
824 658 84 27 förslag,
920 658 52 27 utgä

222 691 46 22 frän
289 692 97 22 Joensuu
402 692 38 21 och
456 692 91 21 därefter
562 691 59 22 öfver
636 692 93 21 Kaltimo
746 692 39 21 och
800 692 124 27 Uimaharju
940 692 30 21 fö-

220 732 36 15 ras
278 726 31 21 till
330 726 76 22 Lieksa
426 726 39 21 och
483 727 98 25 Nurmes,
596 726 85 22 komme
696 727 124 21 densamma
835 729 30 19 att
880 726 90 22 hufvud-

222 760 94 27 sakligen
332 760 84 28 betjäna
430 761 54 23 Eno,
499 760 118 28 Pielisjärvi
631 760 40 22 och
679 761 100 23 Nurmes,
789 761 75 21 medan
875 761 96 21 däremot

221 795 104 21 Ilomants
348 795 40 21 och
409 795 129 27 Korpiselkä
557 795 50 21 fölle
628 795 45 21 helt
688 795 38 21 och
742 795 64 21 hället
821 796 22 20 ät
857 796 59 20 sidan
932 795 40 21 och

222 829 98 27 Suojärvi
343 828 129 22 fortfarande
492 829 69 21 skulle
582 829 81 21 lämnas
685 830 7 20 i
708 836 81 15 samma
803 830 96 26 atlägsna
914 829 57 21 ställ-

220 863 52 27 ning
293 869 46 15 som
360 862 63 22 förut.
454 863 72 22 Skulle
541 864 96 21 däremot
647 864 118 27 järnvägen
781 864 52 27 utgä
847 864 47 21 frän
909 864 62 21 Värt-

221 897 44 26 silä,
287 897 85 22 komme
398 897 123 22 densamma
546 900 31 19 att
602 897 49 28 löpa
677 898 54 21 midt
755 898 84 27 igenom
868 899 103 21 Ilomants

220 931 40 22 och
275 932 76 21 beröra
365 932 123 27 västligaste
513 932 76 21 hörnet
603 931 23 22 af
646 932 132 27 Korpiselkä,
795 933 119 26 Pielisjärvi
932 932 39 22 och

220 966 94 21 Nurmes
333 966 67 21 skulle
422 967 79 21 erhålla
523 967 27 21 25
574 967 35 21 km
633 966 87 22 kortare
745 969 41 25 väg
807 967 31 21 till
862 967 110 22 Sortavala

221 1000 39 22 och
275 1001 67 21 andra
356 1003 57 19 orter
427 1001 8 20 i
449 1001 73 21 landet
531 1001 39 21 och
583 1001 98 26 Suojärvi
693 1001 85 21 komme
789 1001 98 27 omkring
896 1001 28 22 40
936 1001 35 22 km

220 1037 98 19 närmare
337 1035 124 27 järnvägen.
490 1035 33 21 En
543 1035 47 21 från
605 1035 93 22 Värtsilä
714 1036 106 27 utgående
834 1036 55 21 bana
904 1036 68 21 skulle

220 1069 125 27 visserligen
367 1069 45 22 icke
433 1069 49 28 löpa
505 1076 76 21 genom
596 1070 53 26 Eno,
665 1076 48 15 men
729 1070 124 21 densamma
866 1070 85 22 komme
966 1071 6 20 i

220 1103 73 28 hvarje
307 1103 101 22 händelse
423 1105 31 20 att
469 1103 81 28 framgå
565 1104 27 27 på
606 1104 45 21 icke
667 1105 134 26 synnerligen
817 1105 59 27 långt
888 1105 84 21 afstånd

221 1137 47 22 från
291 1138 141 21 kommunens
454 1140 58 20 östra
535 1140 69 25 gräns,
625 1138 132 22 Kontiolahti
786 1139 60 21 faller
872 1139 100 21 rundtom

220 1172 104 26 Joensuu,
339 1172 86 21 hvarför
440 1172 128 21 kommunen
579 1173 46 21 icke
632 1172 39 21 har
678 1173 65 26 något
751 1173 118 27 synnerligt
878 1173 66 22 behof
952 1173 23 22 af

218 1206 130 27 järnvägens
363 1206 147 27 utsträckning
524 1209 81 23 norrut,
617 1207 39 20 och
681 1207 56 21 Juuka
747 1207 71 21 kunde
828 1207 59 22 öfver
899 1207 73 22 Pielis-

218 1240 57 27 järvi
289 1240 32 27 sjö
336 1240 42 21 lika
392 1241 40 20 lätt
446 1241 158 21 kommunisera
619 1241 48 21 med
679 1241 124 27 järnvägen,
813 1242 100 26 antingen
923 1242 49 21 dess

221 1274 163 26 utgångspunkt
398 1281 50 14 vore
463 1275 97 20 Joensuu
576 1275 51 20 eller
643 1275 99 21 Värtsilä.

289 1307 66 21 Emot
362 1307 40 21 den
411 1307 95 27 riktning
514 1308 103 21 utskottet
625 1308 33 21 för
667 1308 68 21 banan
743 1308 110 27 föreslagit
861 1309 42 21 tala
910 1309 63 21 likväl

222 1339 61 23 äfven
301 1341 67 21 andra
388 1341 186 27 omständigheter.
603 1341 59 22 Ledd
684 1341 7 21 i
710 1342 69 21 denna
795 1342 95 27 riktning
905 1342 68 22 skulle

219 1374 117 28 järnvägen
348 1375 31 21 till
391 1375 47 21 hela
449 1375 33 22 sin
495 1375 122 28 sträckning
624 1375 51 28 följa
685 1375 109 28 Pielisjoki
804 1376 39 22 och
853 1376 119 28 Pielisjärvi

222 1409 68 21 starkt
312 1409 125 22 trafikerade
459 1410 113 26 vattenled,
594 1410 84 21 hvilken
700 1412 52 20 utan
774 1410 72 23 tvifvel
860 1411 113 22 framdeles

221 1443 89 22 likasom
333 1443 104 22 härintills
459 1444 84 22 komme
565 1447 32 19 att
615 1444 103 23 förmedla
733 1451 26 16 en
775 1446 97 27 ansenlig
886 1448 87 20 varurö-

221 1478 62 22 relse.
312 1478 139 22 Vattenleden
474 1479 41 21 kan
537 1479 124 28 visserligen
684 1479 107 29 begagnas
815 1481 76 22 endast
905 1481 68 22 under

289 1523 185 24 Järnvägsutskottets
487 1525 110 18 betänkande
608 1525 38 18 N:o
658 1525 19 17 2.
