1061 1714
231 161 28 22 24
394 159 268 24 Petitionsbetänkande
677 159 40 23 N:o
733 159 34 22 20.

272 225 160 26 (Öfversättning.)

482 473 202 24 Reservationer.

570 530 16 21 1.

272 581 33 21 Dä
327 581 20 21 vi
369 581 46 21 icke
435 581 81 22 kunnat
535 581 73 22 förena
627 587 34 16 oss
682 588 33 15 om
734 581 122 23 Utskottets
874 582 27 28 pä
917 589 35 15 an-

204 615 106 27 taganden
328 616 103 21 beroende
452 616 75 26 beslut,
543 616 53 26 våga
612 616 18 22 vi
646 616 27 27 pä
688 616 26 22 de
729 616 7 22 i
751 616 203 28 petitionsförslaget

205 650 127 21 utvecklade
348 650 45 21 skäl
409 650 108 22 vördsamt
531 650 78 22 föreslä

409 722 32 19 att
457 720 179 22 nästkommande
655 720 104 28 landtdag
774 720 66 22 mätte
855 720 96 28 föreläg-

340 761 39 21 gas
398 754 67 29 nädig
483 754 139 28 proposition
636 755 10 21 i
662 755 57 27 syfte
735 756 32 20 att
782 755 76 28 stadga
873 755 82 28 förbud

340 792 46 19 mot
401 789 149 28 tillverkning,
565 789 95 28 införsel
675 790 38 21 och
728 789 137 29 försäljning
880 790 9 21 i
903 790 51 22 vårt

343 824 52 26 land
417 824 29 28 af
464 824 45 21 alla
530 824 100 21 starkare
652 824 39 22 och
709 831 91 21 svagare
822 831 53 15 rus-
896 826 58 20 samt

343 858 146 28 maltdrycker
504 858 36 28 för
554 858 72 22 andra
642 859 106 21 ändamål
763 861 31 19 än
807 859 98 21 tekniska
917 858 39 22 och

344 893 134 22 medicinska
493 894 69 28 enligi
578 894 84 21 läkares
677 893 122 29 föreskrift.

277 962 136 27 Helsingfors,
429 963 41 21 den
485 964 13 21 2
513 962 42 29 Maj
572 964 61 21 1900.

276 1044 20 20 K.
312 1044 26 21 W.
355 1044 100 21 Koskelin.
750 1044 54 21 Matti
822 1044 64 21 Rossi.

569 1245 27 19 I.

276 1295 39 21 Om
331 1295 39 21 ock
389 1294 122 22 Utskottets
530 1295 133 21 betänkande
682 1295 89 21 rörande
790 1294 76 27 nådiga
882 1301 75 20 propo-

207 1330 90 21 sitionen
324 1336 33 14 om
385 1329 88 27 ändring
504 1329 23 21 af
555 1329 104 21 särskilda
689 1328 130 28 stadganden
846 1329 6 21 i
875 1329 82 22 förord-

208 1364 74 27 ningen
317 1363 108 27 angående
455 1363 124 28 försäljning
610 1363 40 22 och
679 1363 145 27 utskänkning
851 1364 23 21 af
897 1364 60 22 malt-

207 1398 96 27 drycker,
330 1398 108 22 äfvensom
467 1398 38 21 den
532 1398 31 22 till
591 1397 142 22 betänkandet
756 1398 112 27 vidfogade
889 1405 68 15 reser-

208 1434 104 25 vationen,
336 1433 68 21 såsom
428 1433 19 21 vi
467 1433 86 27 hoppas,
573 1433 123 26 godkännas
714 1433 23 22 af
755 1433 100 26 Stånden,
874 1433 83 22 komme

208 1467 64 22 likväl
288 1468 7 21 i
311 1467 40 22 den
367 1467 136 22 kommunala
520 1467 138 28 förbudsrätt,
674 1468 86 21 hvarom
781 1468 104 22 särskilda
900 1469 57 21 med-

277 1513 182 18 Ekonomiutskottets
471 1513 110 19 betänkande
593 1513 37 18 N:o
644 1515 18 17 8.
