1114 1709
181 166 17 20 2
317 164 84 23 Ständ.
417 164 54 22 Pet.
486 177 27 3 —
528 164 172 22 Petitionsbet.
716 163 44 22 N:o
776 163 23 22 2.

181 236 20 21 4
220 235 103 22 Oktober
343 235 62 21 1892
426 234 73 22 lärare
518 235 43 21 och
579 234 123 28 lärarinna,
718 241 48 14 som
778 234 52 21 från
844 233 94 22 anställ-

185 270 59 28 ning
261 269 40 22 vid
319 270 77 28 privat
413 269 138 22 läroanstalt
569 269 117 28 öfvergätt
704 268 37 22 till
756 269 72 28 tjenst
840 268 40 22 vid
892 270 46 20 sta-

186 307 51 19 tens
258 304 115 27 läroverk,
394 304 91 28 tillagts
503 306 47 19 rätt
569 306 39 24 att,
627 303 74 21 under
718 307 106 17 närmare
842 303 96 28 angifna

185 339 85 27 vilkor,
288 339 9 21 i
315 338 106 22 afseende
440 339 13 20 å
471 338 97 28 pension
595 337 173 29 tillgodoräkna
796 338 35 28 sig
849 337 89 21 hälften

186 374 24 21 af
232 373 44 21 den
300 372 34 22 tid
358 372 45 22 han
427 372 55 21 eller
505 372 46 22 hon
577 372 133 29 tjenstgjort
728 372 40 21 vid
786 372 77 28 privat
880 372 59 21 läro-

185 407 64 28 verk,
270 407 60 21 dock
347 407 52 21 icke
416 407 92 21 utöfver
526 407 33 21 tio
577 408 31 20 år.

255 442 46 21 Till
327 441 131 29 tryggande
485 442 23 20 af
531 441 224 29 lärarepersonalens
781 440 40 22 vid
848 440 91 29 privata

185 476 109 21 läroverk
324 476 149 21 ekonomiska
503 476 111 28 ställning
645 475 42 21 har
713 475 41 21 vid
782 474 157 22 innevarande

186 510 114 29 landtdag
329 510 63 22 inom
415 510 197 28 Borgareståndet
638 510 131 28 föreslagits
788 518 28 13 en
840 510 119 28 petition
952 506 10 37 -

184 545 132 28 åsyftande,
335 544 71 22 bland
430 547 77 26 annat,
525 545 136 28 ytterligare
685 544 164 29 utsträckning
868 544 22 22 af
908 552 32 14 nu

183 580 113 28 gällande
323 582 47 19 rätt
393 580 37 21 för
456 580 73 21 lärare
553 580 43 21 och
617 579 130 21 lärarinnor
764 579 41 21 vid
824 579 116 21 allmänna

186 614 108 21 läroverk
321 616 35 19 att
373 614 36 21 för
426 614 98 28 pension
541 614 74 21 räkna
633 614 36 28 sig
687 614 97 28 tillgodo
803 613 137 29 föregående

185 649 159 28 tjenstgöring
367 648 39 22 vid
429 649 78 28 privat
529 648 113 28 läroverk,
666 648 119 22 äfvensom
808 648 132 28 beviljande

184 683 28 21 af
239 683 110 21 liknande
376 685 47 19 rätt
449 683 37 21 till
504 682 253 30 tjensteårsberäkning
774 683 9 21 i
802 682 107 22 afseende
928 683 12 21 å

185 718 231 28 författningsenligt
434 717 99 29 stadgad
545 718 134 28 förhöjning
691 717 24 21 af
727 717 40 22 lön
780 717 56 21 eller
849 716 91 23 arvode.

256 752 36 22 Då
310 752 28 22 de
358 752 116 22 allmänna
492 752 143 28 läroverken,
655 752 75 22 såsom
747 752 154 21 underhållna
918 752 23 21 af

184 788 86 26 staten,
292 786 77 22 städse
391 790 39 17 äro
449 787 8 20 i
475 786 68 22 stånd
567 789 34 19 att
619 786 85 22 bereda
722 786 36 22 sin
776 786 118 22 lärarekår
912 794 29 14 en

187 821 95 21 säkrare
304 821 135 21 ekonomisk
457 821 112 29 ställning
588 825 29 17 än
635 821 167 29 privatskolan,
822 821 72 29 draga
912 820 28 22 de

187 855 50 22 ofta
255 855 87 23 dennas
361 856 67 22 bästa
445 856 88 22 krafter
551 856 37 22 till
605 857 42 28 sig.
674 856 174 22 Privatskolans
862 856 78 22 arbete

187 890 37 22 för
248 890 39 22 det
311 890 116 23 allmänna
450 898 55 22 eger
526 890 128 22 emellertid
672 890 45 22 den
736 893 62 19 stora
815 891 126 29 betydelse,

184 927 40 19 att
242 926 102 21 lärarnes
363 925 177 22 kvarblifvande
558 926 41 21 vid
617 926 131 21 densamma
766 926 52 21 icke
836 926 42 22 bör
896 926 46 22 för-

187 960 86 21 svåras.
310 960 118 22 Särskildt
445 960 9 21 i
472 960 107 22 afseende
597 961 14 21 å
629 960 27 21 de
675 960 147 22 kommunala
834 960 108 29 borgare-

188 994 116 28 skolorna,
332 994 36 22 till
394 994 81 22 hvilka
501 997 88 19 statens
615 995 64 28 lägre
707 994 203 22 elementarskolor
933 995 9 21 i

188 1029 85 28 många
300 1028 78 22 städer
402 1028 124 22 ombildats
544 1030 9 20 i
571 1029 103 28 enlighet
699 1029 52 21 med
774 1029 86 29 nådiga
884 1030 58 21 kun-

184 1063 112 28 görelsen
320 1063 23 21 af
367 1063 44 21 den
439 1064 28 20 19
492 1063 101 29 Augusti
620 1064 70 27 1896,
715 1064 74 21 skulle
807 1066 34 19 ett
859 1064 83 22 sådant

188 1097 134 21 förfarande
340 1097 52 21 icke
409 1100 117 19 motsvara
544 1097 108 29 billighet
671 1098 42 21 och
731 1098 104 21 rättvisa.

258 1132 54 20 Med
336 1131 106 22 afseende
465 1132 56 21 härå
540 1132 43 21 och
601 1132 30 21 då
649 1132 28 21 de
696 1132 23 21 af
738 1132 132 21 Ständerna
888 1132 54 21 tidi-

186 1172 59 21 gare
263 1166 133 21 framburna
413 1166 161 28 underdåniga
593 1166 204 28 önskningsmålen
816 1166 62 22 blott
896 1166 46 21 del-

188 1199 37 21 vis
243 1200 165 28 förverkligats
427 1207 82 21 genom
529 1200 166 22 ofvananförda
714 1200 152 29 kungörelser
882 1200 23 22 af
918 1201 25 21 år

192 1234 65 21 1888
280 1234 43 21 och
350 1234 72 26 1892,
445 1234 71 22 hafva
535 1234 130 22 Ständerna
683 1235 79 21 funnit
779 1234 109 28 önskligt,
908 1237 35 19 att

186 1266 78 22 lärare
288 1267 43 21 och
354 1267 119 21 lärarinna
493 1268 40 20 vid
555 1268 127 28 öfvergång
700 1268 52 21 från
779 1268 77 28 privat
878 1268 65 22 skola

190 1300 38 21 till
246 1303 88 19 statens
352 1301 107 21 läroverk
476 1301 61 29 finge
556 1302 8 20 i
583 1301 106 22 afseende
702 1302 14 21 ä
728 1302 96 29 pension
836 1302 106 29 tillgodo-

188 1335 76 21 räkna
290 1336 35 28 sig
349 1335 53 22 hela
426 1336 45 21 den
492 1336 34 21 tid
544 1336 47 22 han
609 1336 55 22 eller
682 1336 46 22 hon
747 1337 134 29 tjenstgjort
902 1336 41 23 vid

189 1370 78 28 privat
293 1370 144 22 läroanstalt.
474 1370 131 22 Ständerna
632 1371 70 22 hafva
729 1371 61 22 dock
812 1374 78 19 ansett
907 1372 36 29 sig

188 1404 60 22 böra
266 1406 55 27 taga
338 1405 9 21 i
364 1404 155 23 betraktande
533 1408 34 19 att
579 1406 141 22 statsskolan
732 1414 85 21 genom
829 1414 29 14 en
870 1406 73 22 sådan

189 1438 150 31 bestämning
357 1439 78 22 kunde
453 1442 100 20 utsättas
571 1440 36 22 för
624 1440 78 22 risken
721 1443 35 19 att
768 1441 88 22 erhålla
868 1441 74 23 lärare

187 1474 55 20 från
260 1474 161 29 privatskolan
438 1475 59 21 först
514 1475 71 22 sedan
603 1475 64 21 desse
679 1476 122 21 förbrukat
813 1476 51 21 sina
875 1476 69 22 bästa
