1061 1714
228 162 12 21 2
401 157 266 24 Petitionsbetänkande
682 156 40 22 N:o
736 155 34 23 20.

200 228 120 19 betänkande
333 228 53 17 lades
398 227 29 18 till
439 227 60 23 grund
511 227 28 17 för
552 231 22 13 en
586 225 113 24 proposition
711 225 30 18 till
752 230 24 17 ny
788 224 159 18 bränvinsförord-

200 257 50 23 ning,
266 262 40 13 som
322 256 93 19 förelades
428 256 44 18 1882
484 257 30 17 års
526 255 80 21 ständer,
618 259 42 13 men
672 259 39 13 som
722 253 101 18 ständerna
834 253 57 18 likväl
903 253 42 17 icke

200 286 62 17 hunno
279 285 98 18 behandla.
401 284 62 18 Saken
479 283 94 19 lemnades
588 283 7 18 i
610 283 28 17 sin
652 282 65 23 helhet
728 282 29 17 till
769 281 81 23 följande
864 281 83 18 ständer-

201 316 54 19 möte,
270 314 31 17 till
317 313 72 18 hvilket
406 318 42 13 man
467 313 81 22 emotsåg
566 317 23 13 en
604 311 24 23 på
642 311 48 18 ökad
705 311 105 18 erfarenhet
824 310 85 23 grundad
922 316 24 17 ny

200 338 122 33 proposition.
606 341 6 6 N

269 371 112 18 Emellertid
396 371 48 17 hade
462 371 96 22 missnöjet
574 370 34 17 och
624 375 46 12 oron
684 368 57 18 bland
753 368 63 18 :folket
832 368 41 17 med
885 368 63 18 anled-

201 401 45 22 ning
259 400 21 18 af
291 400 55 18 dessa
357 399 128 18 förhällanden
493 400 8 17 i
508 400 36 21 hög
552 399 46 22 grad
606 398 81 23 tilltagit,
696 398 35 17 och
739 397 61 18 denna
808 397 92 22 stämning
908 397 43 18 bröt

201 429 73 23 igenom
289 429 24 23 pä
329 431 26 16 ett
369 429 88 18 oväntadt
472 430 37 17 sätt
523 427 31 19 vid
570 428 44 18 1885
629 427 31 18 års
675 426 93 23 landtdag.
792 427 8 17 I
812 426 137 23 Ridderskapet

202 459 34 17 och
251 458 61 17 Adeln
328 457 98 18 framlades
441 459 68 16 tvenne
521 456 158 23 petitionsförslag
690 455 28 18 till
731 455 71 18 förmån
814 455 30 18 för
856 461 23 12 en
891 457 58 16 strän-

201 492 43 17 gare
261 486 124 23 lagstiftning.
409 487 36 17 Det
461 491 35 12 ena
508 485 20 18 af
538 485 59 21 dessa,
609 485 23 17 hr
643 485 22 17 E.
677 484 147 23 Björkenheims,
836 484 81 22 uppbars
929 483 23 18 af

202 516 60 21 12,481
276 515 85 18 enskilda
373 515 129 22 medborgares
514 513 136 18 underskrifter
663 515 47 16 samt
720 513 21 17 14
753 513 118 18 kommuners
881 513 66 17 beslut.

202 545 36 17 Det
253 543 65 23 andra,
334 544 22 17 hr
371 544 20 17 A.
408 544 21 17 A.
445 543 99 21 Granfelts,
558 543 28 17 uti
601 542 71 17 hvilket
686 541 90 23 begärdes
791 541 78 18 allmänt
881 541 67 18 förbud

202 575 38 15 mot
256 573 122 18 användande
393 572 20 17 af
426 572 111 23 rusdrycker
551 571 29 18 till
595 571 57 17 andra
668 573 23 15 än
703 570 144 22 vetenskapliga,
860 570 88 17 tekniska

202 602 35 17 och
256 601 117 18 medicinska
390 601 91 21 ändamäl,
497 600 47 18 eller
556 600 111 17 ätminstone
682 601 37 15 rätt
733 599 29 17 för
774 599 134 17 kommunerna
922 600 28 16 att

202 630 66 23 sjelfva
286 630 74 18 besluta
378 630 6 17 i
401 629 61 18 denna
476 629 39 21 sak,
529 628 66 18 stödde
608 629 28 21 sig
647 628 24 23 pä
684 627 107 18 uttalanden
806 627 42 18 från
862 628 21 16 17
899 627 51 18 kom-

202 664 71 12 muner.
300 659 9 17 I
328 658 140 18 Presteständet
481 658 115 18 inlemnades
613 658 11 17 3
638 657 101 23 petitioner
753 657 7 17 i
778 656 171 23 nykterhetsvänlig

203 688 88 22 riktning.
319 688 8 17 I
345 687 156 23 Borgareständet
518 686 89 18 framlade
625 686 22 18 hr
666 682 73 26 Öhberg
758 690 23 13 en
798 685 85 23 petition,
902 685 47 17 hvil-

202 717 38 17 ken
259 716 52 23 afsåg
327 718 28 16 att
373 716 102 18 inskränka
493 716 145 22 tillverkningen
660 715 34 17 och
714 714 134 23 försäljningen
870 714 21 18 af
909 719 42 13 rus-

204 746 79 23 drycker
298 747 48 16 samt
360 747 27 16 att
402 744 76 23 utvidga
492 745 141 17 kommunernas
648 744 153 21 beslutanderätt,
816 744 35 17 och
866 749 38 12 som
917 748 34 12 un-

204 774 109 18 derstöddes
332 774 20 18 af
367 774 52 22 8,200
436 773 164 18 hnfvudstadsbors
618 772 141 19 underskrifter.
788 773 8 17 I
811 772 141 18 Bondeståndet

203 804 74 22 gjordes
289 803 164 22 tillsammantaget
464 802 22 18 19
501 802 91 18 särskilda
606 802 163 22 petitionsförslag.
795 802 55 17 Flere
866 801 21 18 af
897 802 55 17 dessa

204 832 84 23 åsyftade
308 838 23 12 en
347 832 67 17 allmän
429 831 107 23 förbudslag
551 832 24 22 på
587 836 70 13 samma
673 832 37 16 sätt
725 836 39 12 som
779 830 31 18 det
825 836 35 12 ena
875 830 20 18 af
906 830 23 18 de
945 831 7 17 i

204 861 138 23 Ridderskapet
360 861 34 17 och
412 860 61 18 Adeln
490 860 111 18 inlemnade.
625 860 30 18 En
670 860 20 18 af
702 860 124 22 petitionerna
842 865 28 12 om
883 860 69 17 allmän

204 890 106 22 förbudslag
326 889 86 23 åtföljdes
427 889 20 18 af
464 890 4 17 3
480 889 123 21 kommuners,
616 894 23 12 en
652 894 60 12 annan
725 888 20 18 af
755 889 22 17 18
791 889 117 17 kommuners
921 889 32 17 be-

205 919 37 17 slut
260 919 35 17 och
313 918 50 21 3,178
382 918 85 18 enskilda
484 922 98 18 personers
600 917 142 18 underskrifter.
769 914 55 21 Ännu
843 917 45 18 flere
907 918 46 22 peti-

205 947 119 23 tionsförslag
340 947 59 18 skulle
415 947 24 17 ha
453 947 70 21 väckts,
538 949 18 21 ty
572 947 26 17 «vi
611 946 60 19 skulle
685 947 20 22 ju
721 947 69 17 enhvar
803 947 23 17 ha
839 952 23 12 en
874 947 79 22 petition

205 977 6 18 i
230 977 61 17 denna
309 976 48 22 saks,
372 976 82 23 yttrades
472 976 23 18 då
514 976 7 18 i
536 976 73 18 ståndet
624 986 20 2 —
660 981 42 13 men
717 975 29 19 för
761 976 115 22 besparande
893 976 20 17 af
926 975 27 18 tid

205 1006 95 17 lemnades
317 1005 23 18 de
357 1005 76 22 derhän,
452 1004 77 18 emedan
547 1010 42 12 man
601 1005 62 22 ansåg,
675 1006 27 16 att
713 1005 67 17 folkets
792 1005 48 22 åsigt
852 1004 57 18 redan
922 1010 31 17 ge-

206 1040 42 12 nom
260 1034 23 19 de
297 1034 80 18 nämnda
389 1034 125 22 petitionerna
526 1034 47 18 hade
585 1034 35 18 fått
632 1035 27 17 ett
670 1034 109 22 tillräckligt
794 1034 66 22 tydligt
872 1034 81 22 uttryck.

274 1063 37 18 Vid
322 1063 105 23 påföljande
439 1062 88 23 landtdag
538 1062 132 19 inströmmade
678 1063 47 22 ånyo
734 1062 50 18 såväl
792 1062 159 23 petitionsförslag

206 1098 38 12 som
259 1092 54 18 äfven
328 1092 30 18 till
373 1092 41 18 stöd
429 1092 30 18 för
474 1092 54 18 dessa
539 1092 48 18 både
599 1092 276 22 kommunalstämmoprotokoll
887 1092 34 17 och
934 1091 20 18 af

206 1121 86 18 enskilda
308 1121 120 22 medborgare
443 1120 132 18 underskrifna
590 1120 89 18 adresser.
703 1120 26 23 Ty
741 1120 48 18 hvad
802 1122 24 16 än
838 1120 114 22 föregäende

206 1149 110 23 landtdagar
331 1149 47 17 hade
391 1149 34 18 fått
437 1149 29 17 till
479 1149 53 18 stånd
544 1149 29 17 till
585 1149 175 23 nykterhetssakens
772 1149 78 20 förmån,
863 1149 36 21 det,
913 1154 39 12 som

207 1178 60 19 folket
285 1178 110 18 framförallt
411 1178 47 18 hade
474 1178 53 21 velat,
543 1183 23 13 en
582 1178 67 18 allmän
664 1177 106 23 förbudslag
781 1178 48 17 eller
840 1178 111 17 ätminstone

207 1207 108 17 kommunal
327 1206 120 22 förbudsrätt,
459 1206 51 18 detta
521 1206 47 18 hade
581 1207 16 22 ej
608 1207 75 17 ernätts.
702 1206 29 18 Nu
739 1206 96 22 begärdes,
844 1208 27 16 att
880 1206 74 22 »frägan

207 1241 29 12 om
248 1235 119 22 tillverkning
380 1235 35 17 och
423 1234 108 23 försäljning
540 1235 20 17 af
567 1235 111 22 rusdrycker
686 1240 66 17 genom
761 1235 119 22 regeringens
888 1234 67 23 ätgärd

208 1263 59 17 blefve
282 1263 78 17 föremäl
376 1263 28 17 för
417 1268 23 12 en
453 1263 87 21 grundlig
552 1263 144 21 undersökning,
708 1263 35 17 och
755 1264 27 16 att
793 1263 108 22 isynnerhet
912 1262 42 17 frän

208 1291 22 17 de
242 1293 50 15 orter
303 1291 74 17 hemma
389 1290 34 18 och
437 1290 6 17 i
456 1290 89 21 utlandet,
557 1291 7 17 i
576 1290 63 17 hvilka
652 1292 25 15 ett
684 1290 55 18 totalt
748 1290 47 18 eller
802 1290 78 22 partielt
887 1290 67 17 förbud

208 1321 37 16 mot.
260 1319 113 23 rusdrycker
387 1319 48 17 varit
449 1318 92 23 gällande,
556 1319 132 23 upplysningar
703 1319 59 18 blefve
777 1318 132 19 införskaffade
924 1320 30 16 rö-

207 1347 58 19 rande
281 1347 23 18 de
320 1347 20 18 af
355 1349 26 16 ett
397 1347 59 23 dylikt
471 1347 67 18 förbud
552 1347 122 18 framkallade
689 1347 157 22 förhållandena»,
861 1350 47 15 samt
919 1349 36 16 att

208 1377 24 22 pä
243 1376 61 23 grund
316 1376 21 17 af
348 1376 54 18 dessa
413 1375 133 23 upplysningar
558 1376 47 18 först
616 1376 172 18 sammanträdande
800 1376 89 23 landtdag
897 1377 58 17 mätte

207 1405 105 22 föreläggas
330 1410 23 12 en
368 1404 57 18 sädan
441 1405 120 22 proposition,
577 1410 38 13 som
628 1405 60 18 skulle
700 1405 92 18 innefatta
804 1410 22 13 en
839 1405 116 22 fullständig,

208 1433 29 18 för
252 1434 44 17 våra
311 1433 130 18 förhållanden
455 1433 76 23 lämplig
547 1433 99 23 skyädslag
662 1435 38 16 mot
713 1433 75 18 farorna
802 1433 21 18 af
832 1434 124 23 rusdryckers

208 1462 48 18 bruk
269 1463 53 21 eller,
334 1467 28 13 om
376 1467 23 13 en
412 1461 58 18 sädan
483 1461 30 23 lag
526 1462 16 22 ej
555 1462 63 18 kunde
630 1462 28 18 fäs
671 1462 29 18 till
711 1462 54 18 ständ
777 1463 29 18 för
817 1463 136 18 stadskommu-

276 1512 179 18 Ekonomiutskottets
468 1511 111 18 betänkande
592 1512 36 17 N:o
643 1511 17 19 8.
