1061 1706
211 159 12 20 8
364 157 276 23 Petitiousbetänkande
656 157 46 22 N:o
716 158 20 21 1.

183 226 82 20 fordras
288 225 22 21 af
333 226 79 20 notarie
434 226 78 27 jemväl
535 232 25 14 en
583 225 43 21 viss
648 224 155 22 förberedande
818 225 117 28 tjenstetid,

182 259 66 21 ehuru
267 259 105 28 betydligt
387 259 84 21 kortare
486 261 26 19 än
529 260 6 20 i
550 258 124 27 Frankrike,
689 259 60 27 intyg
764 258 61 22 öfver
839 260 94 27 aspiran-

181 296 48 18 tens
251 293 73 26 moral,
338 293 110 21 utfärdadt
462 293 23 21 af
500 293 113 29 municipal
629 293 121 26 auktoritet,
764 295 55 19 samt
834 296 31 18 ett
880 292 54 22 kun-

182 326 122 30 skapsprof,
319 327 82 21 hvilket
416 327 92 29 aflägges
521 327 56 21 inför
593 334 25 13 en
631 326 90 22 särskild
733 327 200 21 examenskommis-

182 362 51 20 sion.
256 375 28 2 —
305 361 11 21 I
331 362 106 21 Preussen
453 361 83 22 fordras
552 368 86 14 numera
654 361 65 27 enligt
734 362 61 27 lagen
811 361 22 21 af
849 361 40 21 den
906 362 26 20 15

181 395 44 22 Juli
251 397 55 20 1890
331 395 34 22 för
389 395 131 22 beklädande
543 396 22 20 af
587 395 212 28 notariathefattning
821 395 111 21 enahanda

182 430 201 28 kompetensvilkor,
405 437 44 14 som
472 430 35 21 för
529 429 117 22 utöfvande
669 430 22 21 af
712 429 169 22 domareembete
896 432 36 19 äro

181 464 136 21 föreskrifna.

248 498 32 21 På
303 499 36 20 det
361 501 30 18 att
411 499 81 20 notarie
508 498 47 21 icke
571 498 33 21 må
620 499 90 20 utsättas
726 497 33 22 för
774 498 111 21 frestelsen
902 502 31 17 att

181 531 110 22 vårdslösa
306 532 48 21 med
371 533 32 20 sin
420 532 67 28 syssla
502 532 51 21 eller
568 532 60 21 svika
641 531 152 22 allmänhetens
804 532 129 26 förtroende,

181 568 22 19 är
223 565 36 22 det
275 567 81 27 vanligt
372 569 30 18 att
418 566 167 21 innehafvandet
600 566 24 22 af
638 567 56 20 vissa
711 566 222 29 tjenstebefaltningar

181 600 113 21 förklarats
318 608 50 14 vara
384 600 48 22 med
448 603 30 18 ett
494 601 90 21 notariat
600 600 123 28 oförenliga,
754 600 82 22 Sådant
851 603 23 18 är
888 601 44 21 för-

181 634 108 21 hållandet
311 636 5 19 i
338 635 118 21 Frankrike
478 635 48 21 med
541 635 108 27 åtskilliga
665 637 62 18 stats-
743 635 40 20 och
799 635 133 21 kommunala

180 669 93 28 tjenster.
303 669 105 21 Särskildt
431 669 34 21 må
487 669 92 28 påpekas
602 672 30 18 att
654 669 215 28 advokatbefattning
884 670 47 21 icke

181 703 33 20 får
229 703 47 21 med
292 703 226 22 notariatverksamhet
534 703 92 21 förenas.
642 716 27 2 —
684 703 12 21 I
711 703 106 22 Preussen
832 704 56 27 gälla
898 704 35 21 för

180 737 133 22 närvarande
337 737 131 22 beträffande
484 738 119 21 notarierne
620 745 79 14 samma
715 732 156 33 bestämningar
886 745 45 14 som

180 771 33 21 för
229 772 179 27 statstjenstemän
425 773 5 20 i
446 771 119 26 allmänhet,
581 771 51 22 eller
647 774 31 18 att
693 773 62 26 ingen
772 772 33 20 må
821 771 110 30 öfvertaga

180 813 26 13 en
224 806 86 28 bitjenst
325 806 51 21 eller
391 805 95 29 bisyssla,
502 806 46 21 med
562 805 85 22 hvilken
658 813 24 13 en
692 806 137 27 fortlöpande
837 813 95 14 remune-

179 840 68 21 ration
263 841 24 20 är
301 839 126 28 förbunden,
443 843 51 18 utan
504 839 130 29 föregående
645 840 124 28 uttryckligt
780 840 151 29 medgifvande

179 873 22 23 af
217 873 27 22 de
259 874 152 27 myndigheter,
427 874 67 21 under
508 874 73 21 hvilka
597 874 120 28 respektive
729 874 144 29 befattningar
881 875 50 21 sub-

180 907 103 22 ordinera.
320 908 76 21 Denna
420 909 133 28 bestämning
575 909 71 27 lägger
668 908 62 21 alltså
752 909 53 20 intet
827 909 75 21 hinder
924 911 6 19 i

179 944 68 26 vägen
264 943 33 20 för
317 945 32 18 att
364 944 101 20 notariat-
480 943 40 21 och
535 943 178 28 sakföraresyssla
728 943 85 21 förenas
829 944 6 20 i
851 951 79 14 samma

179 983 88 22 persons
290 976 65 27 hand;
378 977 40 21 och
441 977 65 21 hafva
525 977 76 28 jemväl
620 977 159 21 förhållandena
796 978 5 20 i
818 978 112 27 praktiken

178 1011 172 28 mångenstädes,
372 1012 123 28 isynnerhet
510 1013 6 20 i
531 1011 81 22 mindre
629 1011 195 28 inkomstgifvande
839 1012 92 26 distrikt,

177 1045 102 28 gestaltat
293 1047 33 26 sig
342 1047 26 27 på
383 1046 77 21 sådant
475 1048 47 20 sätt.
546 1046 43 22 Väl
604 1046 66 21 hafva
685 1046 99 21 stundom
795 1048 68 20 röster
874 1047 56 28 höjts

177 1080 35 21 för
235 1083 29 18 ett
287 1080 84 21 absolut
393 1080 77 21 förbud
494 1083 44 18 mot
557 1081 61 21 dessa
635 1080 154 28 befattningars
805 1081 127 26 förenande,

177 1121 47 14 men
248 1113 27 22 de
297 1114 81 26 försök,
399 1114 72 21 hvilka
488 1116 5 20 i
510 1115 77 21 sådant
612 1114 121 21 hänseende
757 1115 71 21 blifvit
849 1115 81 28 gjorda,

177 1148 64 21 bafva
264 1148 114 28 ådagalagt
400 1151 31 19 att
452 1149 76 28 många
550 1149 91 21 notariat
664 1148 71 21 blifvit
751 1149 23 21 sä
789 1149 47 21 litet
850 1150 81 21 inbrin-

176 1181 76 29 gande,
267 1185 32 18 att
313 1182 26 21 de
355 1183 47 21 icke
418 1183 79 21 lemnat
508 1184 45 20 sina
562 1183 138 21 innehafvare
711 1190 25 13 en
747 1183 114 28 anständig
869 1184 62 27 berg-

177 1217 56 27 ning.
262 1216 42 21 Till
327 1216 115 29 belysande
464 1217 61 22 häraf
546 1217 35 21 må
604 1219 87 19 nämnas
713 1219 31 19 att
762 1218 3 20 i
781 1217 151 28 Rhenprovin-

176 1257 67 18 serna,
258 1250 87 21 hvarest
360 1251 221 26 notariatsordningen
598 1250 23 21 af
636 1251 54 20 1822
706 1250 84 28 förbjöd
802 1252 81 20 notarie
898 1254 31 18 att

176 1283 76 21 utöfva
267 1283 253 27 sakförareverksamhet,
534 1284 47 20 utaf
596 1284 41 21 226
653 1285 164 26 notariatposter
833 1285 54 20 ända
897 1285 31 21 till

176 1318 27 20 29
225 1316 80 23 sådana
327 1316 42 22 fått
388 1317 29 29 på
436 1325 25 13 en
482 1318 57 28 gång
559 1318 33 21 stå
609 1318 102 26 obesatta,
725 1318 88 22 hvarför
829 1326 46 14 man
892 1319 38 22 der

175 1359 76 20 genom
269 1359 28 14 en
313 1352 34 28 lag
363 1352 23 21 af
401 1353 40 20 den
459 1353 25 20 13
500 1352 62 29 April
579 1353 55 21 1888
649 1352 90 29 nödgats
755 1353 66 22 ändra
838 1353 91 22 bestäm-

176 1387 77 27 ningen
277 1386 85 26 derhän,
385 1389 30 18 att
438 1386 62 22 dessa
524 1387 78 29 sysslor
618 1387 71 21 kunde
704 1387 86 22 förenas
807 1387 27 30 på
849 1388 80 21 sådana

175 1423 62 26 orter,
254 1420 86 22 hvarest
355 1420 66 22 behof
436 1421 62 21 deraf
512 1421 100 29 föreläge.

244 1467 132 22 Lagutskottets
389 1467 110 18 betänkande
512 1468 37 18 N:o
562 1469 17 17 2.
