1061 1709
193 163 27 19 20
352 160 72 22 Ständ.
440 160 43 22 Pet.
499 173 28 3 —
542 159 143 23 Petitionsbet.
701 158 35 23 N:o
750 158 31 23 14.

193 223 277 29 anläggningskostnaden
492 222 129 22 förutsättes
644 224 73 20 såsom
732 221 74 23 vilkor
821 220 36 23 för
871 220 70 22 bevil-

190 258 68 29 jande
273 258 27 22 af
311 258 140 22 koncession.

259 292 34 22 På
315 292 74 29 grund
412 292 27 21 af
456 292 38 21 det
509 291 95 23 anförda
618 291 24 22 få
658 291 126 22 Ständerna
806 290 40 23 hos
869 290 71 22 Eders

192 326 129 29 Kejserliga
335 326 105 29 Majestät
454 327 8 21 i
476 326 179 29 underdånighet
670 326 99 21 anhålla:

465 397 32 20 att
518 395 24 23 de
566 395 187 29 amorteringslän,
772 402 45 15 som
836 395 28 28 af
876 395 65 22 Stän-

398 431 70 21 derna
482 431 36 27 för
532 430 109 22 särskilda
654 430 88 28 privata
754 429 188 29 jernvägsföretag

396 465 115 28 förordats,
534 465 64 22 måtte
617 464 32 28 på
667 465 77 21 hittills
758 464 9 22 i
782 464 104 23 liknande
900 464 42 28 fall

396 499 118 28 uppstälda
529 499 66 22 vilkor
609 499 97 28 utgifvas
716 506 30 15 ur
756 499 114 22 allmänna
880 500 62 21 stats-

396 533 73 28 medel,
485 536 42 20 mot
544 533 126 29 inteckning
684 534 55 27 efter
754 533 42 23 den
811 533 130 29 inteckning,

396 575 43 15 som
458 569 37 27 för
514 568 170 23 säkerställande
699 569 28 27 af
739 567 138 30 obligationer
892 567 50 23 eller

396 610 80 15 annan
495 603 75 28 privat
592 602 124 29 upplåning
738 603 44 22 kan
803 605 62 26 tagas
880 603 8 21 i
903 609 39 16 an-

396 637 73 28 språk.

260 775 180 22 Vidkommande
462 775 149 22 bekostandet
626 775 26 22 af
665 775 27 22 de
707 775 197 29 undersökningar
919 775 26 22 af

197 809 108 23 särskilda
318 809 272 30 jernvägssträckningar,
608 810 77 21 hvilka
701 809 69 23 ofvan
784 809 119 27 förordats,
919 809 24 22 få

196 844 127 23 Ständerna
337 844 106 29 slutligen
458 845 163 28 underdånigst
636 844 97 23 anmäla:

465 909 32 21 att
519 908 125 23 Ständerna
664 908 36 28 för
715 908 126 23 ändamålet
855 909 88 22 anvisat

397 944 29 20 ett
441 943 77 28 anslag
533 943 27 28 af
572 943 103 27 250,000
688 943 64 22 mark
767 945 32 20 att
809 943 37 28 för
856 943 85 23 instun-

397 977 72 22 dande
489 977 151 29 finansperiod
654 985 29 13 ur
698 977 243 29 kommunikationsfon-

396 1012 42 22 den
453 1011 60 29 utgå.

259 1074 109 23 Finlands
384 1075 96 22 Ständer
495 1075 128 22 framhärda
639 1078 40 19 etc.

259 1144 150 29 Helsingfors,
426 1145 43 21 den
485 1146 12 19 5
512 1144 55 22 Juni
584 1146 60 20 1900.

300 1477 100 16 Helsingfors,
410 1477 80 16 Tidnings-
500 1476 12 14 &
521 1477 181 16 Tryckeriaktiebolagets
712 1478 71 16 tryckeri,
793 1478 38 12 1900.
