1061 1709
189 175 13 20 2
318 173 86 23 Ständ.
420 174 53 22 Pet.
487 186 29 3 —
530 173 171 23 Petitionsbet.
717 173 41 23 N:o
772 172 39 23 16.

188 244 108 23 läroverk
314 244 43 22 och
374 243 235 23 fruntimmersskolor
624 244 71 22 måtte
707 243 119 23 nedsättas
838 242 38 23 till
887 249 53 16 ena-

189 279 80 22 handa
294 279 85 28 belopp
397 286 49 14 som
463 278 160 23 motsvarande
642 278 94 29 afgifter
752 278 36 22 för
806 277 134 22 elementar-

189 313 149 22 läroverkens
355 313 103 28 manliga
474 313 80 22 elever.
581 313 119 28 Härjemte
712 313 128 21 innefattar
852 311 40 22 det
903 312 38 21 till

189 347 176 23 Presteståndet
399 347 131 23 inlemnade
565 347 255 29 petitionsmemorialet
854 346 87 29 förslag

190 382 86 29 derom,
294 384 35 20 att
347 382 127 29 afgifterna
490 383 9 21 i
517 381 182 23 hufvudstadens
717 382 77 22 skolor
808 381 77 22 blefve
897 381 44 22 lik-

190 417 78 22 stälda
285 416 53 23 med
356 417 177 28 skolafgifterna
550 417 9 22 i
577 416 92 22 landets
687 417 75 28 öfriga
780 417 84 22 städer.

260 452 90 21 Genom
375 452 87 28 nådiga
489 451 156 30 kungörelsen
673 451 22 22 af
722 451 45 22 den
790 452 31 21 22
840 451 102 28 Augusti

194 487 63 22 1889
282 491 40 18 äro
347 487 37 21 för
407 489 87 20 statens
518 486 232 22 elementarläroverk
773 486 43 22 och
836 485 106 22 fruntim-

190 521 140 22 mersskolor
351 521 103 29 följande
472 518 190 31 terminsafgifter
678 520 134 23 faststälda:

191 590 48 23 För
256 590 233 23 elementarläroverk
519 591 8 21 i
543 590 146 28 Helsingfors
706 607 4 4 .
730 607 4 4 .
755 607 3 3 .
779 607 4 4 .
803 607 4 4 .
827 590 31 21 25
877 589 65 22 mark

361 642 10 11 n
518 625 9 21 i
545 625 75 29 öfriga
638 624 77 22 städer
735 642 1 4 .
756 625 103 21 ...20
905 641 9 12 ,

256 660 236 22 fruntimmersskolor
520 660 8 21 i
545 659 146 29 Helsingfors
708 677 1 3 .
729 677 4 4 .
752 676 4 4 .
777 677 4 3 .
802 677 4 4 .
827 660 31 21 50
905 676 9 11 ,

211 712 10 11 ”
362 692 14 36 är
520 695 8 21 i
547 695 75 28 öfriga
640 694 77 21 städer
730 712 4 3 .
754 711 4 5 .
778 711 4 4 .
805 713 1 3 .
826 695 33 21 40
906 711 9 11 ,

261 764 37 21 Då
316 771 82 22 genom
416 764 87 29 nådiga
521 764 89 22 brefvet
628 763 24 23 af
665 763 43 22 den
722 764 14 22 5
750 763 112 23 Februari
878 763 64 23 1890

192 798 115 23 särskilda
331 799 204 21 elementarskolor
562 798 87 22 erhöllo
673 798 113 29 rättighet
810 800 34 20 att
861 798 82 29 intaga

192 834 70 22 äfven
280 833 105 29 qvinliga
403 832 82 29 elever,
504 833 123 29 stadgades
645 833 83 28 tillika,
743 835 35 20 att
790 833 66 22 dessa
868 832 75 23 skulle

192 869 96 28 erlägga
312 875 86 15 samma
422 868 197 29 terminsafgifter,
637 875 49 14 som
707 872 42 18 äro
767 868 122 22 faststälda
907 868 37 22 för

192 903 273 27 fruntimmersskolorna,
485 903 37 29 ,af
539 903 81 22 hvilka
639 902 94 29 afgifter
751 903 67 28 tjugu
830 903 66 21 mark
908 903 36 22 för

192 937 80 30 hvarje
291 937 51 22 elev
359 937 25 22 få
402 937 119 22 användas
538 937 38 22 till
593 937 142 22 bekostande
751 937 23 22 af
786 937 99 22 särskild
898 937 46 22 till-

193 980 45 21 syn
256 972 64 22 öfver
338 971 27 22 de
384 972 105 28 qvinliga
506 972 127 22 eleverna."

262 1006 73 23 Dessa
365 1007 178 28 bestämningar,
574 1014 48 14 som
652 1006 146 29 väsentligen
830 1006 115 22 öfverens-

194 1043 97 20 stämma
320 1041 53 22 med
403 1040 100 30 tidigare
530 1041 163 28 anordningar,
720 1040 70 23 hafva
816 1041 129 22 förorsakat

193 1075 108 30 missnöje
322 1075 63 22 inom
407 1075 55 22 vida
479 1076 90 21 kretsar
587 1075 44 22 och
648 1075 130 28 flerfaldiga
795 1076 88 28 gånger
900 1075 44 29 gif-

193 1110 36 21 vit
246 1109 127 29 anledning
390 1110 38 21 till
446 1110 198 28 petitionsförslag
661 1110 41 21 vid
719 1109 177 29 landtdagarna.

263 1144 104 21 Orsaken
384 1144 38 21 till
440 1147 35 18 att
492 1144 223 28 terminsafgifterna
732 1144 36 21 för
784 1143 105 29 qvinliga
901 1144 44 21 ele-

193 1186 41 14 ver
252 1179 111 21 bestämts
385 1178 72 29 högre
476 1182 29 18 än
524 1179 36 21 för
577 1178 108 29 manliga,
705 1182 26 18 är
749 1180 35 19 att
802 1179 54 21 söka
874 1178 9 21 i
900 1178 45 21 den

193 1213 63 22 förut
278 1213 97 22 allmänt
395 1213 117 22 utbredda
537 1213 158 28 uppfattning,
720 1215 35 19 att
778 1213 167 21 fruntimmers-

194 1247 110 20 skolorna
321 1254 55 13 vore
397 1247 96 20 afsedda
510 1248 36 19 för
564 1247 89 20 döttrar
671 1248 23 19 af
711 1247 115 20 föräldrar
843 1247 103 20 hörande

194 1280 38 22 till
241 1280 277 29 ståndspersonsklassen.
536 1279 277 29 Utvecklingen
718 1275 11 38 i
734 1279 79 29 landet
824 1280 43 22 har
878 1280 68 22 emel-

193 1314 71 23 lertid
287 1314 133 23 fortskridit
440 1315 8 21 i
466 1314 46 22 den
530 1314 112 28 riktning,
661 1317 35 19 att
714 1315 68 21 äfven
801 1314 89 22 mindre
908 1314 38 22 be-

193 1348 107 24 medlade
318 1348 115 24 föräldrar
450 1349 8 22 i
476 1349 43 22 allt
537 1351 72 20 större
627 1349 164 29 utsträckning
809 1349 88 22 sträfva
912 1351 35 20 att

194 1384 65 30 gifva
277 1384 52 22 sina
346 1383 90 23 döttrar
452 1384 146 22 förmänerna
617 1384 22 22 af
655 1391 28 14 en
695 1384 72 28 högre
780 1384 166 29 skolbildning.

194 1419 139 22 Statistiska
353 1419 119 29 uppgifter
492 1418 36 22 för
545 1419 99 21 läseäret
665 1419 127 21 1897—98
810 1419 83 28 utvisa,
913 1421 39 19 att

194 1453 92 23 landets
304 1454 236 22 fruntimmersskolor
557 1453 37 23 för
611 1454 144 22 närvarande
774 1456 104 27 mottaga
895 1454 51 22 sina

194 1488 78 22 elever
295 1488 9 22 i
327 1488 98 29 ungefär
448 1496 87 14 samma
552 1488 133 29 proportion
703 1495 49 16 som
770 1488 109 28 lyceerna
895 1488 53 22 frän
