1064 1711
211 173 15 21 4
417 171 250 22 Petitionsbetänkande
681 171 38 22 N:o
735 171 33 22 13.

213 235 188 26 jernvägstrafiken
420 237 22 18 är
458 236 22 19 så
496 235 96 26 ofantligt
607 235 82 26 mycket
704 237 66 18 större
785 238 25 16 än
825 235 38 19 hos
878 240 41 17 oss,
935 240 32 13 om

216 263 129 26 söndagarna
359 263 46 20 icke
419 263 108 21 befordras
536 265 65 25 några
610 264 88 26 godståg
709 264 38 19 och
757 266 31 17 att
796 263 77 27 jemväl
883 269 84 20 person-

216 293 73 25 tågens
304 292 57 20 antal
376 295 23 17 är
412 292 80 20 mindre
508 296 25 16 än
548 293 65 20 under
628 292 146 26 hvardagarne.
804 292 34 20 Må
853 298 47 13 man
914 291 54 20 blott

215 324 53 25 taga
283 321 49 20 reda
350 322 27 25 på
391 320 53 21 huru
458 321 156 21 förhållandena
629 322 36 20 der
680 324 34 17 äro
730 322 96 24 ordnade,
842 320 38 21 och
896 327 32 13 om
943 323 25 17 än

216 351 25 20 de
262 350 39 20 hos
321 357 33 13 oss
373 350 111 20 bestående
499 351 45 20 icke
559 354 35 17 äro
609 350 103 20 desamma
726 358 44 12 som
785 350 25 20 de
825 350 105 26 engelska,
946 349 23 20 så

216 379 54 21 skall
291 379 35 20 det
349 379 53 20 dock
421 379 46 20 icke
485 380 46 20 med
545 380 36 26 fog
595 380 70 20 kunna
679 380 71 26 påstås
765 386 49 14 vara
829 379 94 25 omöjligt
938 380 31 18 att

215 408 38 20 här
267 407 63 21 träffa
344 408 26 26 på
386 408 174 27 ändamålsenliga
572 411 94 23 utvägar.
688 408 104 20 Särskildt
802 409 37 19 bör
848 406 121 22 framhållas

215 440 30 17 att
267 437 26 19 de
319 436 62 26 långa
399 437 271 26 jernvägssträckningarna
688 438 38 19 hos
742 444 34 13 oss
790 438 46 19 icke
851 439 73 23 utgöra
939 439 30 17 ett

215 466 175 26 sådant
301 460 9 36 ,
314 466 76 26 hinder,
409 472 45 14 som
476 466 18 26 ej
518 466 66 20 skulle
600 466 110 20 förefinnas
726 466 7 20 i
747 466 102 26 England.
879 466 11 19 I
905 464 64 26 sagda

215 494 48 20 land
278 497 64 23 utgör
356 494 105 20 afståndet
470 495 74 19 mellan
554 495 86 20 London
651 495 38 19 och
698 495 110 19 Inverness
820 495 40 19 580
872 493 98 26 engelska

215 523 42 24 mil,
278 523 82 19 således
375 522 58 21 öfver
448 524 41 19 920
505 524 113 24 kilometer,
635 524 38 19 och
688 524 133 25 naturligtvis
835 526 23 16 är
865 522 105 20 afståndet

214 552 31 19 till
271 551 131 21 sistnämnda
424 555 32 16 ort
478 552 46 20 från
547 552 85 20 hamnar
649 552 77 20 sådana
741 559 44 13 som
800 550 169 26 Queenborough,

216 580 75 23 Dover,
307 579 150 26 Southampton
472 587 26 13 m.
514 581 20 19 fl.
550 584 54 17 ännu
615 583 71 22 större,
698 581 108 20 hvarutom
814 581 88 25 jernväg
912 579 58 20 torde

217 615 50 14 vara
289 609 78 25 dragen
389 608 61 23 äfven
468 609 33 20 till
516 612 55 18 orter
586 616 48 13 norr
649 616 31 13 om
695 610 110 19 Inverness
820 609 13 25 (i
849 608 121 23 Scottland).

283 637 40 20 Att
347 637 151 26 godstrafikens
522 639 124 20 inställande
666 639 65 20 under
753 638 128 26 söndagarne
904 637 67 20 skulle

215 666 109 21 föranleda
346 667 62 25 något
424 667 65 20 ökade
504 667 112 21 kostnader
630 667 41 20 kan
686 667 135 26 naturligtvis
835 667 46 20 icke
896 666 74 20 bestri-

216 696 43 20 das.
289 695 49 20 Men
361 695 33 19 till
418 696 52 23 dem,
487 703 43 13 som
545 697 7 19 i
567 696 53 27 följd
641 696 61 20 häraf
718 697 49 20 ville
784 699 99 17 motsätta
898 695 33 26 sig
946 701 25 14 en

215 724 82 24 reform,
313 724 42 19 kan
370 724 66 20 riktas
452 724 39 20 den
506 725 64 26 fråga,
586 725 101 20 huruvida
702 725 25 20 de
742 726 26 25 på
783 725 65 20 allvar
858 724 52 26 vilja
920 731 51 19 upp-

217 753 98 20 rätthålla
331 753 39 19 den
386 755 76 22 satsen,
478 756 30 17 att
524 761 25 13 en
564 754 70 24 börda,
650 761 44 13 som
709 754 108 20 samhället
832 754 7 19 i
854 754 33 20 sin
902 753 69 20 helhet

215 782 37 20 bör
275 782 71 25 draga,
362 781 54 20 skall
438 782 78 21 vältras
534 784 26 25 på
576 783 226 26 jernvägspersonalen.
832 783 85 20 Dennas
936 785 35 16 ön-

216 811 53 20 skan
291 813 32 17 att
345 810 22 19 få
389 811 94 25 begagna
498 812 33 25 sig
546 811 24 20 af
582 811 123 26 hvilodagen
721 815 22 16 är
756 812 24 25 ju
795 812 45 19 icke
855 811 95 26 grundad
965 810 7 19 i

215 840 69 24 någon
307 839 95 25 motvilja
418 843 43 15 mot
476 841 76 23 arbete,
568 841 39 19 den
622 841 38 19 har
675 841 85 25 djupare
774 841 90 25 grunder
879 840 38 19 och
932 840 40 19 den

217 871 22 17 är
257 868 124 25 berättigad.
410 868 33 20 De
458 869 89 25 menliga
561 868 103 27 följderna
678 869 24 20 af
714 870 40 19 den
769 869 99 20 orättvisa
884 868 87 20 samhäl-

216 897 30 19 let
260 899 38 23 gör
313 896 33 26 sig
361 896 94 26 skyldigt
470 898 32 19 till
517 901 104 23 gentemot
636 905 26 13 en
677 898 33 20 del
724 898 24 20 af
761 898 45 20 sina
820 898 79 26 tjenare
910 897 62 20 fram-

216 926 33 20 stå
271 926 35 19 väl
329 925 46 20 icke
397 926 36 20 vid
454 926 66 21 första
542 928 123 25 ögonkastet
686 928 22 19 så
730 928 84 25 tydligt,
829 934 44 13 som
888 927 25 19 de
929 926 44 20 små

218 954 160 26 olägenheterva
399 954 24 20 af
442 955 95 21 minskad
552 956 160 26 söndagstrafik;
728 963 46 13 men
790 956 25 20 de
830 956 90 20 existera
934 955 39 20 och

217 987 34 17 äro
267 983 125 26 betydande.
415 983 44 21 Och
474 984 81 21 befaras
571 986 71 24 måste,
658 988 30 17 att
702 985 186 27 jernvägstrafiken
899 984 72 20 åtmin-

217 1016 59 17 stone
298 1012 7 20 i
328 1012 89 26 längden
438 1013 20 25 ej
482 1014 54 20 skall
553 1014 69 20 kunna
637 1014 71 20 skötas
724 1015 46 19 med
786 1015 38 19 den
840 1020 82 19 omsorg
936 1013 37 20 och

217 1042 68 19 vakna
307 1042 135 24 noggranhet,
458 1049 44 13 som
524 1050 48 13 vore
593 1043 23 19 af
631 1043 67 20 nöden
713 1044 38 19 och
767 1050 43 13 som
824 1043 70 19 kunde
909 1048 64 20 egnas

217 1070 84 25 arbetet,
319 1070 69 20 derest
410 1077 46 13 man
479 1071 41 20 läte
543 1072 32 25 sig
598 1072 107 26 angeläget
727 1079 50 13 vara
795 1075 31 17 att
844 1072 46 20 icke
906 1071 66 20 öfver-

217 1102 113 22 anstränga
352 1099 128 26 personalen,
496 1103 49 17 utan
564 1101 37 20 hos
617 1101 117 20 densamma
749 1102 75 19 bevara
838 1101 40 19 den
893 1100 80 20 sinnets

217 1127 140 25 spänstighet,
369 1134 44 12 som
423 1127 7 19 i
440 1127 135 22 förevarande
588 1129 96 20 afseende
695 1133 23 16 är
728 1131 23 18 så
760 1129 125 25 nödvändig.
908 1129 65 19 Måtte

216 1156 46 19 vårt
284 1156 50 19 land
357 1156 45 19 icke
422 1156 88 20 behöfva
528 1164 74 19 genom
616 1158 160 19 fruktansvärda
789 1156 185 27 jernvägsolyckor

217 1184 50 20 eller
290 1184 64 20 andra
377 1184 129 26 svårigheter
520 1187 36 19 vid
569 1186 187 26 jernvägstrafiken
771 1187 107 25 påminnas
893 1192 33 13 om
941 1186 32 19 sin

216 1212 143 21 försummelse
374 1215 30 17 att
419 1213 76 21 beakta
510 1215 135 26 hvilodagens
660 1215 117 26 betydelse!

284 1242 27 19 Vi
322 1243 54 23 våga
386 1242 37 19 hos
434 1242 36 20 det
481 1243 127 25 högvördiga
617 1244 156 19 Presteståndet
783 1244 106 19 vördsamt
897 1243 77 19 föreslå

434 1283 30 18 att
478 1282 76 20 ståndet
569 1283 48 19 ville
632 1283 76 19 besluta
723 1284 29 18 att
762 1284 120 24 gemensamt
891 1282 44 20 med
945 1282 28 24 öf-

359 1310 45 26 riga
425 1310 59 20 stånd
508 1311 34 20 hos
568 1312 59 20 Hans
641 1312 114 25 Kejserliga
770 1312 96 24 Majestät
880 1311 9 19 i
903 1310 71 20 under-

359 1339 92 26 dånighet
468 1340 122 24 petitionera
613 1340 71 26 derom,
701 1342 29 18 att
751 1340 63 20 under
835 1340 23 20 de
878 1340 96 25 egentliga

357 1369 124 25 söndagarne
497 1369 29 19 all
540 1369 109 25 godstrafik
664 1369 13 20 d
685 1370 23 20 de
718 1370 66 24 finska
794 1370 180 24 statsjernvägarne

358 1396 34 20 må
404 1398 96 19 inställas
515 1398 35 20 och
561 1398 163 26 personaltägens
739 1398 56 20 antal
809 1398 97 20 minskas.

285 1436 133 26 Helsingfors
434 1438 38 19 den
491 1439 24 19 10
530 1438 99 20 Februari
647 1439 59 20 1900.

215 1475 72 23 Wald.
303 1475 84 24 Wallin.
462 1477 60 24 Wilh.
539 1478 123 29 Malmberg.
734 1479 80 22 Robert
830 1478 143 23 Hermanson.

286 1516 105 18 Allmänna
404 1516 174 20 Besvärsutskottets
590 1518 111 18 betänkande
713 1518 33 18 N:o
759 1519 26 17 11.
