1064 1714
305 146 272 23 Petitionsbetänkande
596 147 40 22 N:o
652 147 34 22 27.
825 148 13 21 3

184 213 37 22 Jag
239 214 56 22 vågar
315 214 79 18 sålunda
412 215 125 22 anhälla,jatt
555 215 31 18 det
601 215 115 18 hedervärda
730 215 140 18 Bondeständet

117 242 57 17 måtte
189 241 76 18 omfatta
278 247 22 12 en
313 243 79 22 petition
404 243 6 17 i
425 243 31 18 det
468 243 47 22 syfte

319 275 27 14 att
373 272 57 17 Hans
457 273 104 23 Kejserliga
587 273 88 22 Majestät
697 274 65 17 täcktes
778 273 91 23 förlänga

251 303 190 23 återbetalningstiden
450 304 34 23 för
498 305 22 17 de
534 305 54 22 enligt
601 305 70 22 nådiga
688 305 146 20 cirkulärbrefvet
847 305 24 22 af

253 335 35 18 den
298 335 29 18 26
337 335 45 18 Juni
392 335 52 18 1885
457 337 19 17 åt
486 337 183 17 landskommunerna
677 336 86 24 beviljade
770 337 52 16 lånen
830 337 40 16 med

251 366 28 18 20
301 368 28 20 år,
353 367 81 18 sålunda
459 371 27 14 att
510 369 53 16 lånen
585 368 45 17 böra
654 368 107 17 återbetalas
786 368 40 17 med
848 373 21 12 en

247 399 88 22 femtedel
358 399 62 23 hvarje
438 401 22 16 år
482 400 59 17 under
561 400 22 17 de
595 400 40 22 fem
652 400 44 17 sista
714 401 44 16 åren
772 400 24 23 af
807 400 61 17 denna

247 431 106 22 förlängda
367 431 132 23 betalningstid.

183 472 119 23 Helsingfors
315 473 36 17 den
364 473 10 17 8
387 473 84 18 februari
485 474 49 17 1900.

387 507 22 18 F.
422 507 31 19 W.
465 507 126 23 Lagerstedt.

184 542 69 17 Härom
265 541 66 18 förena
342 542 36 22 sig:

217 577 57 18 Antti
287 577 137 18 Tuomikoski.
561 577 53 18 Juho
627 577 86 22 Torppa.

142 604 5 7 =
217 605 24 18 K.
254 605 24 18 H.
291 605 109 19 Teittinen.
560 605 47 19 Joh.
619 606 119 22 Lindegren.

217 635 22 18 E.
252 634 126 19 Tensikkala.
562 635 26 18 K.
600 635 32 19 W.
643 635 105 18 Koskelin.

216 663 55 18 Antti
284 663 105 19 Punttala.
565 664 79 19 Vihtori
656 664 69 18 Hosia.

216 693 77 22 August
305 692 73 19 Perho.
562 693 22 19 0.
597 693 21 18 E.
630 693 74 18 Könni.

218 721 57 18 Kalle
287 721 101 19 Piilonen.
560 723 24 18 D.
596 723 100 22 Nykänen,

183 808 80 21 Genom
287 809 77 26 nädiga
386 808 177 23 cirkulärbrefvet
585 809 23 21 af
629 809 40 20 den
693 809 27 20 26
742 808 50 21 Juni
813 808 55 22 1885

114 843 122 21 bestämdes
252 845 31 19 att
299 843 23 21 af
336 843 166 27 besparingarna
517 844 7 21 i
540 843 133 22 statsfonden
689 842 55 27 finge
756 843 33 21 till
800 843 67 20 sådan

114 877 120 27 fördelning
249 878 77 21 mellan
348 878 26 21 de
389 877 70 21 skilda
474 877 68 28 länen,
559 884 45 15 som
620 877 23 21 af
657 877 209 27 omständigheterna

114 912 131 28 päkallades,
260 912 94 27 utgifvas
370 913 14 21 2
402 912 97 27 miljoner
514 913 60 21 mark
588 912 70 21 iform
667 912 22 21 af
696 912 101 21 räntefria
809 911 57 22 läne-

114 947 93 21 förskott
229 947 33 22 till
285 947 100 21 bildande
408 947 23 21 af
453 947 159 27 odlingsfonder
634 947 54 21 inom
710 947 157 21 landskommu-

114 987 72 16 nerna.
216 981 28 22 Af
267 983 62 20 dessa
352 981 69 22 medel
444 982 70 21 kunde
536 983 100 20 kommun
657 981 81 22 erhålla
759 981 55 21 ända
833 981 32 20 till

116 1016 77 25 15,000
205 1016 58 21 mark
275 1016 27 27 pä
310 1016 28 21 20
345 1016 35 21 ärs
388 1015 31 22 tid
428 1018 44 19 mot
480 1017 138 20 kommunens
626 1022 158 20 gemensamma
792 1021 75 15 ansva-

113 1050 70 26 righet
199 1051 48 20 med
254 1051 70 20 vilkor
336 1051 32 20 att
380 1050 57 21 länet
448 1051 68 20 under
529 1051 25 20 de
566 1050 41 21 fem
620 1050 52 21 sista
684 1051 49 20 ären
744 1050 32 21 till
786 1050 80 20 kronan

114 1084 157 22 äterbetalades
283 1085 47 20 med
345 1091 24 14 en
381 1084 99 22 femtedel
493 1091 32 14 om
539 1085 53 20 äret.
607 1084 84 21 Medlen
704 1084 101 21 förvaltas
815 1085 6 19 i
830 1089 36 15 en-

114 1119 69 27 lighet
199 1119 46 21 med
262 1121 31 19 ett
308 1119 14 21 å
336 1119 214 21 kommunalstämma
566 1119 113 27 uppgjordt
694 1119 39 21 och
749 1118 23 21 af
784 1118 82 21 Guver-

114 1155 66 19 nören
195 1153 111 22 faststäldt
326 1153 136 27 reglemente,
478 1160 44 15 som
539 1153 63 22 bland
618 1156 64 19 annat
698 1153 37 21 bör
750 1153 116 21 innehälla:

114 1190 31 19 att
164 1187 75 27 högsta
257 1188 150 26 länebeloppet
430 1188 28 27 pä
477 1195 24 14 en
520 1188 57 21 hand
595 1187 35 22 mä
648 1188 32 20 för
700 1187 166 26 odlingsföretag

115 1223 38 20 och
170 1223 67 20 andra
252 1222 155 27 förbättringar
423 1223 7 20 i
445 1223 137 21 landtbruket
597 1224 76 25 utgöra
690 1222 54 21 1000
754 1221 70 26 mark;
835 1223 32 19 att

114 1256 34 21 län
165 1257 59 20 öfver
239 1257 44 20 400
297 1256 61 21 mark
374 1257 18 26 ej
409 1257 34 20 mä
458 1257 88 26 beviljas
562 1257 48 20 med
625 1257 81 20 mindre
718 1257 148 25 läneagronom

114 1291 52 21 eller
181 1297 69 15 annan
270 1291 23 20 af
311 1290 137 22 Guvernören
468 1291 77 21 utsedd
560 1291 80 26 kunnig
656 1290 142 27 jordbrukare
814 1296 52 21 upp-

114 1326 56 25 gjort
185 1326 49 25 plan
250 1325 32 21 till
299 1325 105 25 företaget
419 1325 38 21 och
474 1325 116 21 detsamma
605 1325 104 25 förordat;
726 1326 32 19 att
773 1324 12 21 &
796 1324 69 25 länen,

114 1365 44 15 som
178 1359 21 20 fä
219 1358 94 26 ätnjutas
328 1358 8 20 i
351 1358 63 27 högst
433 1358 32 27 sju
484 1359 36 20 ärs
538 1358 37 25 tid,
595 1358 97 26 erlägges
710 1359 31 24 3,6
757 1357 109 26 procent
854 1353 15 36 i

113 1395 72 24 ränta;
206 1394 31 19 att
259 1392 41 21 den
324 1392 122 27 behällning
465 1393 13 20 &
495 1393 189 27 ränteinkomsten,
707 1398 44 15 som
774 1391 92 22 äterstär

114 1427 65 22 sedan
201 1427 165 22 läneförskottet
385 1427 71 21 blifvit
474 1427 129 22 statsverket
621 1427 33 21 till
672 1427 51 21 fullo
739 1426 127 27 äterguldet,

114 1462 98 22 tillfaller
227 1461 135 26 kommunen,
378 1461 33 22 för
426 1465 31 18 att
472 1462 70 21 såsom
557 1462 48 21 dess
621 1467 53 22 egen
690 1460 134 29 odlingsfond
839 1460 28 27 pä

182 1507 183 19 Ekonomiutskotteis
378 1508 110 18 betänkande
501 1507 36 19 N:o
549 1508 23 18 12
