1100 1745
315 151 276 22 Petitionsbetänkande
607 151 42 22 N:o
666 151 34 22 14.
823 151 39 21 123

138 219 46 21 från
209 220 130 21 Ständernas
355 221 51 25 sida,
422 227 49 14 men
486 221 132 26 majoriteten
635 221 37 20 har
688 222 71 19 ansett
773 222 32 19 att
819 220 71 21 anhål-

138 254 34 21 lan
196 260 35 15 om
249 255 64 26 nådig
328 255 134 26 proposition
478 255 30 20 till
524 256 60 19 nästa
599 254 101 27 landtdag
715 255 109 26 angående
840 255 51 26 byg-

139 288 69 26 gande
223 287 22 21 af
258 288 69 21 denna
343 289 55 20 bana
413 289 39 20 bör
468 290 67 25 göras.

207 322 11 20 I
240 322 66 20 likhet
328 323 48 20 med
396 322 208 27 järnvägsutskottet
620 322 34 21 vid
671 322 53 21 1897
740 322 35 20 års
790 322 102 26 landtdag

138 356 38 21 har
197 356 112 21 Utskottet
331 358 71 19 ansett
424 358 32 19 att
478 357 69 20 denna
566 356 96 27 järnväg,
678 356 27 26 på
721 357 70 26 grund
806 355 22 22 af
841 357 49 20 dess

139 389 134 22 uteslutande
293 390 70 21 lokala
385 390 113 27 betydelse,
517 390 65 21 borde
599 390 81 27 byggas
695 390 132 27 smalspårig.
856 391 33 20 En

137 423 102 21 afvikelse
261 424 45 20 från
330 424 41 21 den
393 424 32 21 för
448 424 220 27 Uleåborg—Torneå
690 424 69 21 banan
779 424 113 27 godkända

138 457 128 27 spårvidden
286 458 86 21 komme
394 458 124 26 visserligen
541 460 31 19 att
592 458 108 21 föranleda
715 464 26 15 en
757 457 134 28 förlängning

138 491 23 22 af
181 492 216 21 Kemi-—Rovaniemi
421 493 69 20 banan
508 493 48 21 med
572 492 98 27 omkring
687 493 26 20 10
728 492 41 26 km,
786 493 24 21 då
827 493 40 20 den
884 493 6 20 i

138 526 76 22 sådant
236 526 36 21 fall
286 527 46 21 icke
348 527 41 20 kan
404 527 89 20 afslutas
508 527 35 20 vid
558 527 204 26 föreningspunkten
779 527 47 21 med
842 527 46 20 huf-

138 561 120 22 vudbanan,
280 564 50 18 utan
353 561 69 21 måste
440 561 58 20 ledas
514 562 54 20 ända
584 563 23 18 ut
622 561 31 20 till
669 561 62 20 Kemi
746 561 59 21 stads
821 561 69 20 hamn.

138 595 70 21 Häraf
226 595 100 27 betingad
350 595 137 21 merkostnad
502 595 60 21 torde
579 595 54 20 dock
648 595 44 20 icke
707 594 65 21 blifva
787 595 101 26 synnerli-

138 635 41 20 gen
195 629 124 27 betydande,
336 629 27 21 då
377 630 36 21 det
429 629 66 22 smala
511 630 70 26 spåret
597 629 40 21 kan
652 629 107 26 förläggas
775 629 57 21 inom
843 629 46 21 huf-

138 663 124 22 vudbanans
279 664 55 26 spår.

206 698 32 21 På
260 698 50 22 skäl,
333 704 47 15 som
403 698 111 21 Utskottet
532 697 68 22 anfört
616 697 130 21 beträffande
762 697 127 28 spårvidden

137 733 13 20 å
165 733 68 20 banan
251 733 285 26 Seinäjoki—Kristinestad,
551 738 63 15 anser
630 732 111 21 Utskottet
751 732 33 27 sig
795 733 51 20 böra
856 732 34 21 för

138 773 29 14 nu
182 767 160 26 ifrågavarande
357 767 55 21 bana
427 767 87 21 förorda
528 773 25 15 en
570 767 99 26 spårvidd
685 766 23 21 af
720 767 41 24 0,75
775 773 28 14 m.

207 801 49 21 Med
271 801 48 21 stöd
335 801 23 21 af
370 801 56 21 hvad
442 801 61 21 ofvan
519 801 125 21 framhållits
660 801 31 20 får
706 801 112 21 Utskottet
828 801 61 20 vörd-

138 838 56 19 samt
208 835 116 26 hemställa,
340 837 32 20 att
388 835 117 22 Ständerna
521 835 47 21 ville
584 835 38 21 hos
639 835 60 21 Hans
716 835 117 26 Kejserliga
844 835 45 20 Ma-

134 870 66 26 jestät
216 870 6 20 i
238 869 169 27 underdånighet
422 870 91 20 anhålla:

412 934 33 19 att
460 932 34 21 till
510 932 178 21 nästkommande
704 932 104 28 landtdag
824 932 66 21 måtte

344 966 80 28 aflåtas
446 967 67 27 nådig
535 967 138 27 proposition
700 966 111 28 angående
836 966 52 28 byg-

342 1002 71 26 gande
432 1002 28 26 af
472 1009 25 13 en
508 1002 98 27 järnväg
622 1001 47 21 med
686 1002 49 26 0,75
749 1008 22 14 m
787 1001 104 27 spårvidd

343 1035 53 28 från
411 1036 67 20 Kemi
492 1036 49 20 stad
556 1036 34 21 till
605 1036 131 20 Rovaniemi
752 1035 100 28 kyrkoby.

396 1200 127 29 Uleåborg
512 1196 13 37 —
528 1202 109 22 Kuusamo.

401 1260 201 17 Petitionsmcmorialet
615 1260 15 16 4.

207 1319 10 20 I
240 1318 65 21 likhet
327 1317 48 22 med
388 1317 208 27 järnvägsutskottet
610 1317 35 20 vid
663 1316 52 21 1897
732 1316 35 21 års
782 1316 107 26 landtdag,

138 1353 28 22 dä
187 1359 26 15 en
236 1352 88 27 petition
345 1352 7 21 i
367 1351 110 21 enahanda
492 1351 54 26 syfte
561 1351 7 20 i
583 1351 155 21 bondeståndet
753 1349 137 23 inlämnades,

138 1393 63 14 anser
217 1386 110 21 Utskottet
345 1387 32 18 att
392 1385 120 26 byggandet
525 1385 23 20 af
560 1390 26 15 en
602 1385 55 19 bana
672 1383 48 21 frän
737 1384 107 25 Uleäborg
860 1383 31 20 till

139 1420 111 21 Kuusamo
270 1419 7 20 i
298 1419 74 26 hvarje
393 1417 36 21 fall
451 1418 71 20 kunde
540 1417 85 21 komma
639 1417 7 20 i
661 1417 59 26 fräga
735 1416 54 21 först
803 1417 7 20 i
826 1423 25 14 en
868 1416 24 21 sä

138 1454 94 27 aflägsen
253 1453 91 26 framtid,
359 1454 31 19 att
404 1451 112 22 resultatet
530 1451 24 22 af
567 1458 25 15 en
608 1458 29 14 nu
654 1451 59 27 gjord
731 1451 161 26 undersökning

207 1499 186 22 Järnvägsutskottets
406 1498 110 18 betänkande
529 1497 37 18 N:o
579 1498 18 17 2.
