1089 1745
304 159 276 23 Petitionsbetänkande
596 160 42 23 N:o
654 161 34 21 14.
826 162 26 19 29

196 222 39 18 Och
254 223 55 17 likväl
328 223 29 17 vill
374 222 31 18 det
417 229 60 16 synas,
489 229 40 11 som
541 229 30 11 om
583 222 34 19 den
630 223 61 23 gamla
704 223 91 21 trafikled,
808 223 73 18 hvilken

126 251 14 18 f.
152 257 18 11 n.
182 251 93 18 markeras
294 251 19 18 af
330 251 111 24 landsvägen
459 252 40 17 från
513 252 66 17 Gamla
592 251 80 23 Karleby
685 252 52 17 öfver
749 251 54 22 Vetil,
816 251 65 20 Perho,

126 279 94 21 Karstula,
239 279 103 22 Saarijärvi,
361 280 74 17 Laukas
453 280 35 17 och
506 279 61 19 vidare
585 280 27 17 till
625 280 72 23 Kuopio
714 280 34 17 och
768 280 29 18 S:t
815 279 66 18 Michel

126 308 54 23 gäive
197 313 21 13 en
237 308 60 17 direkt
317 309 131 22 fingervisning
458 309 37 16 hur
507 308 82 18 området
602 309 104 22 lämpligast
717 308 63 17 kunde
792 308 55 18 delas.
871 308 11 17 I

127 337 27 16 sin
172 336 112 23 detaljkritik
301 337 19 17 af
332 336 82 19 området
427 337 89 18 erkänner
527 337 167 23 järnvägskomit6n
707 339 28 15 att
746 342 22 12 en
781 337 100 23 spanmäls-

127 365 67 22 import
206 371 41 16 eger
259 371 42 12 rum
313 365 27 18 till
352 365 36 18 alla
400 365 23 18 de
435 365 114 22 kommuner,
557 371 38 12 som
608 365 19 18 af
639 371 21 12 en
673 365 48 18 bana
733 365 6 17 i
751 365 60 18 denna
820 364 61 18 lands-

127 394 44 22 vägs
183 393 81 23 riktning
276 393 73 19 komme
361 395 28 17 att
401 394 122 23 genomlöpas,
536 394 57 18 likaså
605 395 28 17 att
645 393 41 18 dessa
709 394 111 18 kommuner
831 399 33 17 ega
876 394 6 17 i

127 422 39 17 sina
178 422 67 23 skogar
257 422 34 17 och
303 423 114 17 vidsträckta
428 422 124 18 betesmarker
561 422 58 18 källor
627 422 28 17 till
664 421 89 22 välständ,
763 422 48 18 blott
819 422 61 18 bättre

126 450 178 18 kommunikationer
317 451 80 18 värkade
408 451 127 18 befruktande,
560 450 81 19 Alldeles
659 450 78 18 särskildt
746 451 59 18 skulle
813 450 68 23 mejeri-

127 478 131 23 handteringen
276 479 34 18 här
328 479 64 18 kunna
409 479 135 24 uppblomstra;
563 479 55 18 redan
637 485 25 12 nu
675 479 106 24 uppräknas
793 479 90 18 Karstula

127 507 60 18 såsom
206 513 21 12 en
245 507 20 18 af
285 507 23 18 de
328 509 59 17 större
407 508 249 23 sinörproduktionsorterna.
680 508 70 23 Lägges
771 508 62 18 härtill
854 510 25 16 att

126 535 51 18 Vetil
189 535 42 19 adal
244 537 20 16 är
275 535 65 24 bördig
352 539 47 15 samt
412 536 72 18 hemort
497 537 28 18 för
538 543 21 11 en
572 537 115 18 omfattande
699 537 182 22 tjärbränning
836 531 12 32 —
858 531 27 32 en

126 564 110 24 handtering
248 570 40 12 som
299 565 5 17 i
317 564 118 24 förbigäende
447 565 53 23 sagdt
512 566 20 17 är
544 565 60 18 bättre
616 566 23 17 än
652 566 32 17 sitt
693 565 62 22 rykte;
763 575 22 2 —
793 567 28 16 att
830 565 51 18 säväl

126 592 35 19 här
172 599 40 12 som
223 593 106 22 isynnerhet
341 593 6 18 i
359 593 89 18 Karstula
460 593 34 18 och
503 593 96 23 Saarijärvi
608 593 59 18 finnas
677 593 46 18 flera
732 595 37 16 rätt
778 593 104 23 betydande

126 621 69 22 forsar;
208 623 27 16 att
252 621 65 20 Perho,
330 627 39 12 som
381 623 21 16 är
414 621 35 18 den
462 625 83 20 svagaste
557 622 19 18 af
588 621 23 18 de
623 622 108 17 kommuner
742 622 35 18 den
789 621 93 19 blifvande

126 649 98 24 järnvägen
241 650 73 18 komme
330 652 28 16 att
369 650 65 18 beröra
446 651 14 22 ej
473 657 55 14 mera,
541 650 55 18 sedan
609 652 50 16 stora
672 650 208 23 torrläggningsarbeten

127 677 34 19 där
179 679 74 21 utförts,
272 679 62 17 tillhör
351 679 22 18 de
385 679 95 23 ohjälpligt
491 678 58 19 under
561 679 79 18 frostens
652 679 107 17 herravälde
771 678 68 19 dömda
851 679 31 17 de-

127 707 52 18 larna
196 707 19 18 af
233 708 41 17 vårt
285 707 49 21 land,
348 710 38 15 tror
397 707 30 23 jag
440 708 38 17 skäl
491 713 36 17 nog
539 708 71 17 funnits
623 707 29 18 för
664 710 27 15 att
703 707 60 18 denna
775 707 20 18 af
806 707 37 23 mig
855 713 26 12 nu

127 735 94 24 päpekade
232 736 48 17 bana
292 736 19 17 af
322 736 81 18 komiten
417 737 99 22 upptagits.

194 765 44 17 Men
250 765 74 18 utöfver
336 765 34 18 den
382 764 94 23 betydelse
486 765 30 23 jag
528 765 34 18 här
574 764 42 18 sökt
625 765 87 17 framvisa
722 765 29 17 för
760 764 60 18 denna
828 765 54 20 bana,

126 792 30 19 får
174 793 14 22 ej
206 793 42 18 dess
265 793 94 23 betydelse
375 793 29 18 för
416 793 35 19 den
464 793 133 24 genomgående
610 793 78 18 trafiken
700 793 83 18 förbises.
807 793 73 23 Dragen

127 821 41 19 från
180 822 102 23 Uleåborgs
293 822 61 18 banan
367 822 5 18 i
384 823 93 17 närmaste
489 823 64 17 närhet
566 822 26 17 till
606 822 131 23 Gla-Karleby,
749 822 56 17 hvars
817 827 64 18 ypper-

127 851 35 23 liga
180 850 57 19 hamn
256 853 20 16 är
293 851 38 18 isfri
350 852 52 21 långt
419 852 17 17 in
449 852 24 22 pä
485 851 76 22 vintern,
575 853 48 16 samt
635 850 128 23 utmynnande
775 851 5 16 i
793 850 88 21 Suolahti,

127 879 59 18 skulle
198 879 61 18 banan
271 880 58 18 blifva
342 886 21 12 cn
375 879 105 24 nödvändig
492 880 43 18 länk
548 881 5 16 i
566 879 35 18 den
608 881 40 22 väg,
659 885 44 16 som,
712 880 40 17 förr
761 879 44 18 eller
813 885 69 13 senare,

127 908 41 18 frän
186 908 66 22 hjärtat
273 908 19 17 af
310 908 78 18 Finland
402 909 53 18 söker
468 909 27 22 sig
506 909 48 17 fram
566 908 27 17 till
605 908 56 18 hamn
674 907 29 18 vid
716 907 79 24 Ladoga,
807 913 22 12 en
841 908 40 22 väg,

128 942 40 13 som
185 937 23 22 pä
221 939 26 16 ett
259 937 89 23 naturligt
360 938 37 17 sätt
409 937 47 18 skall
468 936 87 18 förmedla
570 942 22 12 en
604 936 56 18 redan
672 936 105 23 förefintlig,
790 941 42 12 men
843 935 39 18 holt

128 966 50 20 visst,
195 967 34 16 när
245 966 35 17 alla
292 965 65 18 hinder
369 965 114 22 undanröjts,
495 965 90 23 betydligt
598 964 111 19 tillväxande
721 965 161 23 spanmälsimport

127 994 41 18 från
181 994 133 22 Kejsardömet.

196 1023 9 18 I
224 1022 33 18 den
276 1023 76 22 petition
369 1022 30 24 jag
417 1022 29 18 vid
467 1022 109 24 landtdagen
597 1023 42 17 1897
658 1022 48 17 hade
717 1023 45 17 äran
775 1021 67 24 ingifva
855 1021 27 18 till

128 1051 153 24 Borgareståndet
298 1052 88 22 föreslogs
404 1057 23 12 en
445 1051 48 18 bana
510 1052 42 17 från
565 1051 53 22 Sievi,
631 1051 106 18 alternativt
749 1051 94 18 Ylivieska
855 1050 27 18 till

128 1080 75 23 lämplig
215 1080 59 24 punkt
286 1081 11 18 &
310 1080 156 19 Savolaksbanan.
489 1080 67 18 Ehuru
567 1079 158 24 fortsättningsvis
734 1078 108 25 öfvertygad
852 1085 30 12 om

128 1109 109 23 riktigheten
255 1109 19 18 af
291 1109 60 18 denna
369 1109 142 23 bansträckning
529 1110 92 22 gentemot
638 1108 176 22 järnvägskomiténs
834 1107 49 18 bana

128 1138 192 21 Ylivieska—Tisalmi,
333 1140 38 15 tror
382 1138 30 23 jag
423 1137 56 18 likväl
491 1138 37 23 mig
540 1137 15 22 ej
567 1137 45 18 böra
625 1137 126 23 upprätthålla
759 1135 91 24 yrkandet
859 1137 24 22 pä

127 1167 130 18 förstnämnda
275 1167 111 22 sträckning,
404 1166 55 18 sedan
477 1166 175 23 järnvägskomiténs
670 1166 70 22 förslag
758 1165 126 18 framkommit

129 1195 34 18 och
180 1195 92 18 måhända
292 1195 63 18 vinner
372 1195 112 23 anslutning,
502 1194 75 19 emedan
589 1194 54 18 dessa
654 1194 58 23 bägge
724 1194 57 18 banor
793 1193 73 18 komme
878 1194 5 17 i

129 1224 33 17 allt
178 1224 30 17 för
220 1228 38 13 stor
270 1223 65 18 närhet
347 1223 28 18 till
386 1223 109 20 hvarandra,
509 1223 94 18 hvaremot
616 1222 51 18 detta
679 1223 14 21 ej
707 1222 60 18 blefve
778 1222 52 17 fallet
841 1222 42 18 med

129 1252 34 18 den
182 1253 19 17 af
220 1253 36 22 mig
272 1259 26 11 nu
317 1251 97 19 förordade
425 1252 172 23 bansträckningen,
609 1257 39 12 som
660 1251 84 18 däremot
755 1250 63 23 gjorde
831 1256 52 18 ,,sug-

128 1281 72 18 banan”
219 1280 222 24 Kanhava—Lappajärvi
460 1279 113 24 öfverflödig,
592 1285 41 12 men
655 1279 126 18 sammanfölle
799 1278 42 18 med
862 1285 21 12 en

129 1314 61 13 annan
208 1309 20 17 af
245 1309 90 18 komiténs
354 1309 120 23 ,sugbanor*,
487 1308 34 18 den
539 1308 42 18 från
600 1307 116 23 Kapeakoski
737 1308 28 16 till
786 1307 98 22 Saarijärvi

129 1338 92 23 kyrkoby.

199 1366 42 17 Med
260 1367 41 17 stöd
319 1366 19 17 af
355 1366 31 18 det
402 1366 77 17 anförda
491 1367 56 21 vågar
558 1366 31 22 jag
600 1365 95 18 vördsamt
707 1364 79 21 anhålla,
799 1366 27 16 att
839 1365 45 17 Bor-

130 1394 116 24 gareståndet
259 1395 41 17 ville
312 1393 100 18 medvärka
424 1393 28 18 till
464 1400 22 12 en
497 1393 74 23 petition
585 1392 70 18 därom:

405 1441 29 16 att
446 1439 137 18 instrumental
595 1439 143 22 undersökning
749 1439 36 22 för
798 1443 22 12 en
833 1438 53 17 bana

335 1466 51 26 från
405 1468 69 17 Gamla
493 1467 86 22 Karleby
596 1467 31 17 till
645 1466 89 19 Suolahti
753 1464 59 20 måtte
827 1467 58 17 värk-

199 1505 185 23 Järnvägsutskottets
394 1505 113 17 betänkande
519 1504 39 17 N:o
571 1503 18 17 2.
