1059 1709
177 149 13 21 8
309 148 83 23 Ständ.
408 148 53 22 Pet.
477 158 28 5 —
519 148 172 22 Petitionsbet.
706 147 45 23 N:o
761 146 37 24 30

177 213 65 21 deraf
269 213 100 28 härflyta
388 212 43 23 och
448 212 87 28 hvilka,
553 212 53 22 med
623 212 158 28 hänsynsfullt
798 211 131 23 beaktande

178 247 23 22 af
220 246 233 23 Storfurstendömets
465 246 175 23 samhällsskick
653 246 43 22 och
708 246 120 28 intressen,
839 250 38 18 äro
890 252 40 16 an-

177 282 67 28 gifna
259 282 10 21 i
286 281 173 23 instruktionen
476 282 35 22 för
528 281 241 29 generalguvernören
782 281 23 22 af
817 282 26 20 år
857 280 71 22 1812.

178 316 43 22 Ett
239 318 170 26 samvetsgrant
427 316 152 28 iakttagande
597 315 24 23 af
638 315 30 21 de
685 316 52 22 visa
748 314 182 30 grundsatserna

177 351 9 21 i
204 350 77 22 denna
306 350 144 22 instruktion
475 350 113 22 utesluter
614 349 128 29 ingalunda
761 357 28 14 en
807 356 123 22 noggrann

178 392 92 22 omsorg
296 384 85 30 jemväl
399 392 38 15 om
454 384 185 30 Kejsaredömets
657 384 121 28 intressen,
797 384 78 22 såvidt
892 384 38 22 de-

177 427 87 15 samma
281 419 81 22 kunna
380 419 23 21 af
421 418 40 23 det
478 419 121 29 offentliga
616 418 67 22 lifvet
694 419 9 21 i
715 418 103 22 Finland
830 418 99 22 beröras.

177 454 111 22 Tvärtom
305 454 76 28 ligger
399 453 40 23 det
453 454 9 22 i
473 459 99 16 naturen
585 454 23 22 af
619 453 254 29 generalguvernörens
884 461 46 14 em-

178 489 60 27 bete,
265 490 35 20 att
321 488 52 22 dess
391 488 158 28 innehafvare,
567 495 54 15 vare
639 488 36 28 sig
693 488 45 21 han
758 492 25 17 är
800 488 56 28 rysk
874 488 57 21 eller

177 523 62 22 finsk
256 530 61 20 man,
335 523 52 21 icke
405 523 60 22 blott
481 523 61 21 skall
558 523 50 21 låta
625 523 37 28 sig
679 522 124 29 angeläget
820 530 57 14 vara
896 524 35 20 att

177 557 130 29 förebygga
326 557 134 22 kollisioner
477 557 85 22 mellan
580 558 71 28 ryska
667 557 43 21 och
722 557 75 21 finska
809 557 120 27 intressen,

177 595 58 19 utan
253 592 44 21 ock
315 592 56 22 söka
389 592 107 22 befordra
508 594 34 19 ett
553 591 58 29 godt
623 591 154 23 samförstånd
790 591 86 23 mellan
887 591 43 22 fin-

177 627 44 21 ska
238 626 43 22 och
299 626 69 29 ryska
386 626 161 30 myndigheter
565 629 60 20 samt
636 626 66 22 Hans
714 627 121 28 Majestäts
847 626 83 22 under-

178 662 63 21 såtar
258 662 8 20 i
284 660 29 22 de
331 661 61 22 båda
409 661 119 27 länderna,
546 665 55 18 enär
619 663 34 19 ett
670 661 83 21 sådant
771 661 56 29 godt
844 660 86 22 förhål-

177 696 69 21 lande
264 696 72 21 måste
353 696 138 22 förutsättas
509 698 116 20 motsvara
642 696 113 28 Kejsaren
775 695 42 22 och
831 695 99 21 Storfur-

177 732 63 19 stens
258 729 183 29 landsfaderliga
459 730 102 28 afsigter,
581 738 36 14 om
634 730 93 21 hvilkas
742 729 188 29 förverkligande

177 764 247 29 generalguvernören,
443 765 74 21 såsom
528 764 141 22 Monarkens
681 764 95 22 främste
788 764 142 22 förtroende-

177 806 54 14 man
248 799 9 21 i
277 798 64 22 detta
359 798 62 28 land,
441 799 41 21 bör
499 799 98 22 bemöda
614 799 43 28 sig.

246 833 75 22 Nittio
346 834 36 21 års
401 833 130 22 erfarenhet
547 834 42 22 har
607 832 132 30 ådagalagt,
758 836 35 19 att
811 841 28 14 en
858 833 72 22 sådan

177 867 237 22 öfverensstämmelse
432 870 57 19 utan
501 868 118 28 svårighet
631 868 46 20 kan
690 869 67 20 ernås
770 868 43 22 och
825 870 105 26 upprätt-

177 902 80 27 hållas,
276 902 61 22 blott
353 910 54 13 man
425 902 120 22 fasthåller
562 902 39 22 vid
620 902 44 21 den
683 902 108 29 rättsliga
805 902 82 30 grund,
900 903 30 27 på

177 936 96 22 hvilken
285 937 85 28 Kejsar
381 936 134 22 Alexander
526 937 11 21 I
547 936 77 29 bygde
637 936 113 22 Finlands
762 937 107 28 förening
878 936 52 22 med

177 971 182 28 Kejsaredömet,
378 970 43 22 och
439 971 43 21 den
496 971 85 29 politik
592 970 47 22 han
651 971 8 21 i
672 971 105 28 enlighet
789 971 93 21 dermed
894 973 37 19 ut-

178 1005 103 22 stakade.
308 1005 47 21 Det
371 1005 76 21 finska
464 1006 84 21 folkets
567 1005 147 22 okränkbara
732 1006 113 28 rättighet
858 1009 25 17 är
895 1007 36 20 att

178 1042 75 25 styras
271 1039 60 21 efter
349 1039 50 21 sina
417 1046 60 21 egna
494 1040 66 28 lagar
579 1038 42 23 och
633 1046 84 22 genom
729 1040 52 21 sina
794 1047 60 21 egna
866 1047 64 21 myn-

177 1072 113 30 digheter.
315 1073 37 21 Då
369 1073 77 22 denna
463 1073 162 29 sjelfständiga
637 1074 112 28 ställning
763 1077 25 18 är
800 1074 130 28 begränsad

177 1107 38 22 till
232 1107 114 22 Finlands
364 1108 50 20 inre
433 1108 194 28 angelägenheter
645 1108 43 21 och
707 1108 29 21 då
754 1108 70 28 ingen
837 1108 40 29 lag
888 1108 43 22 här

177 1142 46 22 kan
242 1142 77 21 stiftas
337 1142 146 22 annorlunda
501 1146 29 18 än
548 1142 52 22 med
612 1142 140 22 Monarkens
764 1142 110 22 sanktion
886 1143 44 21 och

175 1176 72 28 ingen
273 1176 116 28 vigtigare
415 1176 172 22 administrativ
614 1177 83 28 åtgärd
714 1179 58 20 utan
790 1177 140 21 Monarkens

176 1210 174 29 godkännande
368 1210 116 28 vidtagas,
503 1214 25 18 är
546 1210 39 22 det
603 1211 138 29 uppenbart,
761 1214 34 18 att
813 1211 44 22 den
875 1214 54 24 rätt,

177 1252 49 13 som
244 1244 183 21 tillförsäkrades
445 1244 101 21 Finland
558 1244 41 21 vid
611 1245 52 21 dess
675 1245 108 27 förening
795 1245 51 21 med
859 1246 71 27 Ryss-

175 1277 64 27 land,
266 1277 76 28 aldrig
363 1277 46 21 kan
428 1278 70 21 lända
515 1278 176 28 Kejsaredömet
709 1278 36 21 till
763 1278 94 29 förfång
875 1279 55 21 eller

175 1315 57 24 göra
250 1311 95 28 intrång
363 1312 30 28 på
411 1311 52 22 dess
481 1314 47 19 rätt
546 1312 43 22 och
607 1312 80 22 fördel.

245 1346 86 28 Kejsar
348 1346 132 22 Alexander
492 1346 18 28 I,
523 1354 49 14 som
589 1347 114 22 förklarat
717 1347 40 22 det
768 1348 75 22 finska
855 1348 74 21 folket

176 1380 115 30 upphöjdt
301 1380 72 23 bland
381 1381 149 22 nationernas
539 1382 70 27 antal,
616 1382 74 22 under
699 1383 51 21 sina
759 1382 77 30 lagars
846 1382 82 30 skydd,

176 1416 34 21 lät
222 1416 8 21 i
242 1416 153 28 reglementet
406 1416 36 22 för
454 1416 249 30 Regeringskonseljen
717 1420 104 27 upptaga
833 1418 45 22 den
889 1418 39 21 be-

177 1451 154 28 stämningen,
348 1453 34 19 att
393 1450 114 23 Finlands
519 1451 117 23 allmänna
648 1453 96 27 styrelse
757 1454 115 21 anförtros
883 1454 45 21 Re-
