1064 1714
185 194 13 21 2
311 193 84 23 Ständ.
412 194 53 21 Pet.
482 206 26 2 —
524 192 169 23 Petitionsbet.
709 193 42 21 N:o
766 192 39 22 23.

255 264 82 23 Ehuru
354 265 83 27 frågan
456 272 36 14 om
511 263 238 29 arbetareförsäkring
766 263 72 23 redan
849 263 88 23 härför-

185 300 72 22 innan
275 300 90 29 utgjort
382 299 95 23 föremål
495 299 37 22 för
548 298 158 30 Regeringens
725 298 147 30 ompröfning
894 298 43 22 och

186 335 68 21 äfven
281 334 73 22 delvis
379 334 114 22 föranledt
521 334 37 22 till
586 333 253 29 lagstiftningsåtgärd,
867 333 72 23 hafva

187 369 130 22 Ständerna
341 369 73 22 likväl
438 369 8 21 i
473 368 153 23 betraktande
651 368 22 22 af
691 368 84 22 sakens
793 370 62 20 stora
872 368 66 29 bety-

186 404 63 22 delse
259 406 76 20 ansett
346 404 132 22 densamma
487 404 94 28 påkalla
591 403 98 29 förnyad
698 403 132 29 utredning.
855 403 84 21 Denna

185 438 126 30 utredning
324 438 70 23 borde
408 438 73 29 enligt
491 438 142 22 Ständernas
643 438 94 28 mening
747 438 98 22 hänföra
855 438 36 28 sig
902 438 37 22 till

186 474 116 21 arbetares
323 473 44 22 och
383 473 52 21 med
453 473 52 22 dem
522 472 131 30 jemförliga
671 480 120 22 personers
806 472 133 29 försäkring

185 510 49 20 mot
249 508 108 28 varaktig
373 508 198 28 arbetsoförmåga
583 507 8 21 i
606 506 58 30 följd
677 507 23 22 af
715 506 73 23 andra
801 507 94 22 orsaker
910 511 29 17 än

186 542 122 29 olycksfall
323 543 9 21 i
342 542 95 28 arbetet,
453 542 88 21 således
556 544 48 20 mot
622 541 118 23 ålderdom
756 542 82 21 endast
853 542 25 21 så
888 541 51 24 vidt

186 577 45 22 den
242 577 100 22 medfört
351 577 109 28 varaktig
470 577 197 28 arbetsoförmåga
676 576 56 22 eller
741 576 138 23 invaliditet.
898 572 41 26 Ål-

186 611 93 22 derdom
294 611 9 22 i
319 611 42 22 och
377 611 34 22 för
424 611 36 29 sig
469 613 70 27 utgör
547 611 119 29 nämligen
676 611 51 22 icke
737 611 72 30 något
818 611 121 22 kriterium

185 647 30 28 på
243 647 196 28 arbetsoförmåga
466 646 43 22 och
530 645 64 24 deraf
615 646 141 22 härrörande
774 645 109 23 nödstäld
901 646 38 22 be-

185 681 116 29 lägenhet,
320 683 27 27 ty
365 681 196 29 arbetsoförmåga
578 681 108 22 inträffar
707 681 59 28 icke,
785 688 55 15 vare
858 681 36 28 sig
903 681 36 21 för

185 715 148 23 individerna
360 716 55 21 eller
442 715 36 22 för
503 716 208 29 yrkesgrupperna,
729 715 40 23 vid
787 723 30 14 en
834 715 105 22 bestämd

186 750 70 23 ålder.
302 751 37 21 En
363 751 85 22 allmän
480 750 261 29 ålderdomsförsäkring
767 751 24 22 af
818 751 122 22 arbetarne

185 785 96 22 förfelar
299 785 68 22 alltså
385 785 40 22 det
443 785 52 28 mål,
515 793 48 14 som
581 785 60 22 afses
659 785 51 22 med
720 792 33 15 nu
762 784 177 30 ifrågavarande

186 820 51 29 slag
264 820 24 22 af
313 820 138 29 försäkring.
487 820 43 22 Om
556 820 36 22 för
618 822 48 20 rätt
692 819 38 23 till
748 820 97 29 pension
864 821 76 21 såsom

185 855 78 22 vilkor
289 854 95 29 stadgas
405 855 139 29 uppnående
571 855 23 22 af
618 855 48 22 viss
684 854 70 29 ålder,
773 855 61 22 skall
852 854 87 30 följden

185 889 74 23 blifva
277 891 35 21 att
330 889 85 23 talrika
435 889 104 22 arbetare
557 889 52 22 icke
627 889 92 22 komma
736 889 7 22 i
763 889 137 30 åtnjutande
917 890 23 21 af

185 925 104 28 pension,
317 924 72 23 ehuru
411 924 28 22 de
465 924 96 23 förlorat
588 924 36 22 sin
649 924 188 30 arbetsförmåga,
855 924 84 23 medan

187 960 48 21 åter
254 959 79 28 andra,
352 963 62 18 ännu
433 959 133 28 arbetsföra,
579 959 72 22 undfå
664 959 84 22 nämda
757 959 96 22 förmån.
872 959 67 22 Huru

185 1001 53 16 man
257 998 29 18 än
305 994 139 22 bestämmer
462 993 178 31 ifrågavarande
665 994 152 30 åldersgräns,
836 994 103 22 kommer

185 1029 152 22 understödet
361 1029 9 21 i
387 1029 80 29 regeln
485 1029 60 22 dock
563 1030 20 28 ej
603 1031 36 21 att
656 1028 95 24 tillfalla
770 1029 45 22 den
833 1029 106 22 enskilde

187 1064 122 22 arbetaren
333 1064 8 22 i
359 1064 39 21 det
417 1064 126 28 ögonblick
560 1063 47 23 han
625 1064 121 29 verkligen
764 1064 111 22 behöfver
893 1063 46 29 det,

185 1101 57 19 utan
260 1098 114 29 antingen
391 1099 36 21 för
445 1101 52 19 sent
515 1098 54 22 eller
587 1098 35 22 för
639 1098 77 30 tidigt.

254 1133 81 22 Ehuru
352 1132 114 22 Finlands
485 1133 176 22 socialstatistik
679 1137 26 18 är
723 1133 79 22 alltför
813 1133 127 29 bristfällig

185 1168 36 21 för
247 1170 35 19 att
306 1175 53 15 man
386 1167 53 22 med
459 1167 98 29 ledning
575 1168 23 22 af
616 1166 133 24 densamma
766 1168 75 22 skulle
859 1168 81 22 kunna

185 1202 109 28 beräkna,
321 1201 116 23 huruvida
463 1201 261 30 älderdomsförsäkring
742 1202 89 22 komme
850 1204 36 20 att
901 1210 39 22 ge-

185 1237 70 21 stalta
282 1237 37 27 sig
336 1237 164 21 kostsammare
523 1241 30 17 än
571 1236 285 29 invaliditetsförsäkring,
874 1236 65 23 torde

185 1269 60 23 dock
263 1269 52 22 med
334 1268 52 23 stöd
405 1269 22 22 af
446 1269 161 23 erfarenheten
625 1270 51 22 från
687 1270 73 22 andra
769 1270 81 22 länder
860 1270 80 22 kunna

185 1304 78 28 påstås
283 1306 35 20 att
335 1304 26 21 så
378 1303 77 23 blefve
473 1303 162 23 förhållandet.
672 1304 75 22 Också
764 1304 43 22 har
824 1312 54 14 man
887 1304 52 22 fler-

185 1338 83 28 städes,
295 1338 40 22 der
355 1338 82 29 planer
457 1339 108 29 uppstått
581 1339 30 29 på
629 1346 29 14 en
676 1338 263 30 ålderdomsförsäkring

186 1373 23 21 af
227 1373 128 28 arbetarne,
375 1373 136 29 öfvergifvit
529 1372 66 23 dessa
613 1373 44 23 och
674 1374 9 21 i
701 1374 79 22 stället
789 1374 72 22 riktat
871 1374 68 22 sträf-

185 1407 106 23 vandena
309 1408 30 29 på
357 1407 205 23 åstadkommande
581 1408 23 22 af
621 1408 283 30 invaliditetsförsäkring.

254 1443 36 22 En
309 1442 280 30 invaliditetsförsäkring
607 1446 49 19 mot
673 1443 110 30 varaktig
801 1444 138 22 arbetsoför-

185 1478 67 28 måga
270 1478 38 21 till
326 1477 57 30 följd
402 1478 24 21 af
443 1478 72 22 andra
533 1478 94 22 orsaker
645 1482 30 18 än
687 1479 124 28 olycksfall
823 1480 8 21 i
842 1478 95 29 arbetet,

184 1512 47 22 kan
258 1513 83 22 tänkas
369 1512 121 23 anordnad
515 1513 113 29 antingen
646 1513 75 23 såsom
739 1520 30 15 en
787 1513 152 29 obligatorisk
