1064 1709
195 154 14 20 4
389 152 276 23 Petitionsbetänkande
679 152 43 23 N:o
737 152 35 22 19.

264 461 26 18 II.
315 456 159 28 (Öfversättning).

345 513 53 19 Till
413 513 167 20 hedervärda
594 512 208 21 Bondeståndet.

265 576 68 20 Kändt
355 578 28 24 är,
405 578 30 17 att
450 576 122 25 jordskatten
587 576 61 25 ojämt
661 576 98 25 betungar
773 575 94 20 Finlands
882 575 68 20 lands-

197 606 122 20 kommuner.
349 604 69 20 Under
435 604 87 20 tidernas
536 605 49 25 lopp
600 604 59 20 hafva
673 604 24 20 de
712 606 68 18 värsta
794 603 156 21 missförhållan-

197 634 51 20 dena
263 633 127 25 småningom
406 633 66 19 blifvit
486 633 100 26 afhjälpta.
616 632 26 21 Sä
656 633 37 19 har
708 633 52 19 skett
780 633 1 19 i
797 632 83 20 Wehmo
895 632 56 20 dom-

197 669 52 19 saga.
279 662 42 20 Här
342 662 64 19 finnes
429 661 50 20 dock
502 668 25 14 en
549 662 50 20 liten
619 662 103 24 kommun,
736 662 82 19 hvilken
832 662 8 19 i
854 661 55 20 detta
923 662 28 19 af-

197 691 72 20 seende
292 692 56 18 ännu
362 691 90 19 befinner
466 691 31 25 sig
511 691 7 19 i
532 697 26 13 en
572 690 81 26 mycket
668 696 96 20 ogynsam
780 690 100 26 ställning,
896 692 54 18 näm-

197 720 54 25 ligen
273 719 156 20 fastlandsdelen
451 720 20 18 af
490 719 102 25 Pyhämaa
607 720 78 24 socken,
700 719 80 20 hvilken
795 720 20 18 af
830 719 122 25 obegripliga

197 749 80 19 orsaker
299 748 95 20 förblifvit
415 748 7 19 i
436 748 96 19 afsaknad
549 748 21 20 af
584 748 38 20 den
638 747 190 26 skatteförmedling,
842 754 44 14 som
901 748 50 20 öför-

197 777 112 25 samlingen
324 777 30 19 för
368 776 30 20 sin
414 776 33 20 del
462 776 82 20 kommit
558 777 6 19 i
579 776 116 26 åtnjutande
710 777 24 19 af.
760 776 38 26 Jag
812 776 61 26 vågar
884 776 68 20 därför

197 804 83 26 anhålla,
295 806 30 18 att
340 805 122 19 hedervärda
474 805 148 20 Bondeståndet
635 804 61 21 måtte
709 805 76 20 skänka
795 805 35 20 sitt
842 805 110 20 understöd

197 833 21 20 åt
233 840 24 13 en
271 833 85 26 petition
371 839 31 13 om

471 892 27 18 att
512 890 178 26 skatteförmedling
696 890 60 20 måtte
763 890 79 26 bringas
854 890 29 20 till
894 889 58 21 stånd

403 918 13 20 å
431 919 86 19 området
530 920 34 24 för
578 919 102 25 Pyhämaa
694 919 78 19 sockens
785 918 130 26 fastlandsdel.

266 976 132 26 Helsingfors,
413 976 19 20 d.
449 976 26 21 10
490 977 48 20 febr.
556 976 60 20 1900.

506 1061 38 23 Uno
560 1061 87 23 Bremer.

267 1498 140 18 Statsutskottets
419 1498 110 18 betänkande
541 1500 35 16 N:o
588 1500 19 17 5.
