1061 1714
187 149 13 19 2
345 147 71 22 Ständ.
434 147 42 21 Pet.
493 159 26 3 —
536 146 144 22 Petitionsbet.
697 146 35 24 N:o
748 146 38 22 28.

254 209 142 25 Hästafveln,
411 209 94 21 hvilken
521 211 66 26 utgör
602 217 28 13 en
644 209 92 27 mycket
751 208 75 29 vigtig
841 216 56 21 gren
912 206 37 24 af'

187 244 89 21 landets
291 243 166 28 modernäring,
474 250 66 21 synes
556 243 127 21 Ständerna
694 243 94 28 förtjent
800 244 22 21 af
832 246 34 18 att
876 243 8 21 i
894 244 44 20 rik-

187 278 42 29 ligt
251 280 58 19 mått
328 278 90 21 komma
432 277 8 21 i
456 277 132 28 åtnjutande
604 277 22 21 af
640 277 125 21 understöd
780 285 26 13 ur
822 277 112 22 allmänna

187 312 80 26 medel,
283 312 148 21 hvarförutan
446 313 71 19 större
533 312 109 28 framsteg
656 313 30 26 på
701 312 63 20 detta
779 312 91 22 område
885 312 50 22 icke

188 347 63 21 torde
267 354 54 14 vara
337 349 33 19 att
384 346 111 22 förvänta.
511 346 165 22 Erfarenheten
690 347 40 21 har
746 346 68 22 äfven
824 347 65 26 visat,
901 349 34 19 att

187 382 91 28 mycket
301 388 133 22 gynsamma
456 381 94 21 resultat
567 380 61 22 inom
644 381 69 21 andra
728 388 82 21 grenar
826 381 22 21 af
862 381 73 21 landt-

187 416 180 28 hushållningen,
390 416 79 20 främst
487 415 245 29 mejerihandteringen
747 416 43 21 och
804 416 131 28 ladugårds-

187 451 107 25 skötseln,
309 450 99 26 vunnits,
425 450 70 21 sedan
505 450 34 21 för
550 451 65 21 dessa
625 450 103 21 ändamål
738 450 107 28 rikligare
856 451 78 27 anslag

186 493 27 14 ur
228 485 111 22 allmänna
353 484 75 22 medel
443 484 113 28 beviljats.

253 519 43 22 Att
313 519 38 21 det
365 519 115 28 uppsving
495 519 158 21 hästkulturen
668 519 7 21 i
686 519 77 21 landet
773 519 73 21 under
856 520 77 28 loppet

186 555 23 21 af
231 555 28 20 de
281 556 89 19 senaste
392 556 27 18 20
435 555 54 20 åren
504 553 57 29 tagit
577 557 23 18 är
615 554 91 27 mycket
722 553 130 29 obetydligt
866 555 9 20 i
889 555 45 20 för-

185 589 105 21 hållande
305 588 35 21 till
356 588 27 21 de
397 590 62 19 stora
468 588 115 28 framsteg,
595 594 48 15 som
652 588 72 21 under
736 595 84 14 samma
830 588 34 21 tid
874 589 61 20 inom

186 623 69 22 andra
271 629 81 22 grenar
368 622 22 21 af
404 622 240 27 landthushällningen
653 622 78 21 kunna
741 622 118 28 iakttagas,
868 623 67 21 fram-

185 659 41 27 går
248 657 131 28 otvetydigt
395 657 64 20 deraf
481 659 33 18 att
529 657 84 20 antalet
628 656 82 25 hästar,
727 663 48 14 som
790 658 24 19 år
830 659 55 19 1880
901 660 36 17 ut-

185 692 80 28 gjorde
280 693 97 24 276,463,
400 691 50 20 intill
475 693 24 18 är
517 692 52 20 1898
586 691 63 21 ökats
665 691 34 20 till
721 693 92 23 306,890
829 691 53 21 eller
903 693 36 20 sä-

185 727 63 21 ledes
264 726 52 21 med
332 726 80 21 endast
427 727 84 24 30,427.

254 761 35 21 En
304 760 141 29 granskning
460 761 21 20 af
497 761 85 20 antalet
596 760 72 21 under
684 761 28 20 de
728 764 89 18 senaste
832 763 54 19 åren
897 769 36 14 ox-

185 795 120 30 porterade
328 796 76 20 hästar
426 803 40 13 och
491 795 81 21 värdet
594 795 22 20 af
632 795 64 21 dessa
718 795 86 21 lemmar
819 796 67 21 äfven
902 798 33 20 ett

187 831 85 28 ganska
287 829 85 28 tydligt
387 829 64 21 bevis
466 831 29 26 på
512 829 58 21 huru
588 829 47 28 lågt
653 829 128 22 hästafveln
800 832 45 19 står
862 830 8 21 i
889 830 46 22 lan-

187 865 44 21 det.
262 864 116 22 Utförseln
401 864 22 21 af
440 864 75 21 hästar
537 864 51 21 från
602 864 98 21 Finland
714 865 41 20 har
770 865 72 21 under
858 865 28 21 de
902 873 33 14 se-

187 902 64 19 naste
274 901 53 18 åren
345 898 59 21 varit
419 899 7 20 i
443 899 84 28 stadigt
542 898 128 28 aftagande.
700 899 84 20 Medan
799 899 84 21 antalet
900 908 37 13 ex-

187 933 120 29 porterade
329 933 76 21 hästar
420 933 72 21 under
508 935 53 19 åren
578 935 53 19 1894
647 940 42 14 och
706 935 60 24 1895,
784 933 28 22 då
828 937 109 25 exporten

187 976 40 14 var
243 971 74 22 störst,
334 968 35 21 för
384 968 122 21 hvartdera
522 970 47 19 året
584 970 50 25 steg
645 967 27 21 till
690 971 102 18 närmare
803 970 69 24 6,000,
881 971 56 19 mot-

188 1002 110 23 svarande
313 1003 7 21 i
335 1002 69 22 värde
420 1002 104 29 omkring
539 1004 112 24 2,000,000
667 1003 69 25 mark,
747 1002 41 22 har
800 1003 62 21 detta
874 1004 60 21 antal

188 1038 140 27 småningom
341 1037 95 29 nedgätt
448 1039 29 23 sä,
487 1040 33 19 att
529 1038 37 20 det
576 1039 22 19 är
608 1039 54 19 1899
671 1037 100 29 uppgick
779 1038 33 21 till
822 1038 60 22 blott
891 1046 46 14 om-

189 1073 66 27 kring
271 1075 68 23 1,000,
350 1072 71 21 värda
431 1072 95 28 ungefär
536 1074 90 24 400,000
637 1073 69 20 mark.
729 1072 31 21 Af
770 1072 93 22 hvilken
873 1073 63 28 ringa

188 1107 119 28 betydelse
330 1107 73 21 denna
426 1109 79 19 export
521 1107 86 20 härtills
623 1106 48 21 varit
697 1106 99 29 framgär
811 1114 83 20 genom
909 1115 28 13 en

186 1141 131 29 jemförelse
335 1140 21 21 af
375 1141 162 21 hästexporten
554 1141 32 21 uti
600 1140 78 21 länder
694 1140 53 22 med
764 1141 86 21 mindre
870 1141 69 25 areal,

189 1184 52 13 men
262 1175 93 28 ungefär
371 1175 118 21 enahanda
503 1175 132 28 folkmängd
650 1182 48 14 som
714 1175 102 25 Finland,
833 1177 71 20 såsom
922 1178 17 18 t.

190 1218 33 13 ex.
240 1210 121 25 Danmark,
377 1210 92 20 hvarest
484 1209 70 28 sagda
569 1212 79 25 export
664 1209 71 21 tillför
750 1209 77 21 landet
843 1217 28 14 en
882 1210 56 28 årlig

189 1245 100 19 inkomst
305 1244 22 20 af
342 1244 104 26 omkring
461 1246 27 18 20
503 1244 104 26 miljoner
624 1251 69 13 mark.

259 1278 126 20 Orsakerna
395 1277 34 20 till
461 1277 143 21 ofvanberörda
615 1276 195 22 missförhällande
820 1280 35 18 stä
863 1278 74 20 säker-

190 1312 62 27 ligen
273 1312 80 20 främst
368 1313 33 19 att
417 1310 65 22 sökas
498 1310 7 21 i
520 1310 115 22 bristande
650 1310 96 22 intresse
761 1311 35 21 för
811 1311 128 21 hästafveln

191 1346 41 22 och
256 1345 136 28 otillräcklig
414 1345 96 28 tillgång
529 1347 29 26 pä
573 1344 93 29 dugliga
681 1345 125 28 afvelsdjur
822 1348 57 19 samt
895 1346 44 21 den

191 1381 64 27 ringa
271 1380 143 28 efterfrågan,
431 1387 48 14 som
495 1380 28 21 de
537 1380 74 21 finska
621 1380 106 21 hästarne
738 1380 58 21 ända
807 1380 34 22 till
850 1383 89 19 senaste

191 1415 34 21 tid
240 1418 51 18 rönt
307 1416 28 27 pä
351 1415 44 21 den
410 1415 120 21 utländska
545 1414 144 22 marknaden.
719 1415 83 27 Nägon
821 1415 118 29 synnerlig

190 1450 138 27 förbättring
348 1450 22 20 af
386 1449 64 21 dessa
465 1449 157 21 förhållanden
638 1450 42 20 och
696 1451 33 20 ett
740 1452 72 18 större
823 1450 115 28 uppsving
