1064 1703
210 165 14 21 2
400 163 271 23 Petitionsbetänkande
685 162 41 23 N:o
741 163 34 22 12.

209 229 73 20 Såsom
296 229 32 20 för
338 229 116 20 ändamålet
463 229 96 26 lämpligt
568 228 159 25 kunskapsmätt
737 234 61 14 anses
809 228 65 26 enligt
884 235 78 13 samma

209 257 124 26 kungörelse
351 257 61 20 äfven
427 257 41 24 det,
484 264 44 13 som
542 260 23 17 är
579 257 106 20 faststäldt
699 257 33 20 för
747 256 107 21 dimission
869 257 33 19 till
917 257 45 19 uni-

209 286 114 21 versitetet.
352 285 168 21 Dimissionsrätt
534 285 32 21 till
581 285 144 20 universitetet
741 284 122 21 innehafves
877 285 24 20 af
912 284 50 21 flere

210 314 25 21 af
247 315 47 20 värt
308 314 60 21 lands
383 314 81 25 privata
478 314 249 26 fortbildningsläroverk,
740 313 73 21 hvilka
822 314 8 19 i
839 313 76 21 sädant
923 313 40 20 fall

211 346 35 16 äro
268 343 64 20 minst
354 342 130 26 treklassiga.
514 342 30 20 Af
564 343 95 20 eleverna
678 342 6 20 i
703 343 62 19 dessa
783 342 97 20 läroverk
894 342 69 26 gifves

210 371 36 21 dot
260 372 80 26 mänga,
355 370 77 25 hvilka,
447 370 52 21 efter
514 374 31 17 att
560 371 62 20 hafva
636 372 120 25 genomgätt
769 370 134 21 läroverket
896 366 9 36 i
914 370 49 20 dess

209 400 78 25 helhet,
303 400 24 20 af
338 406 26 14 en
380 400 50 20 eller
445 406 67 13 annan
530 400 61 20 orsak
605 400 47 19 icke
666 400 51 25 vilja
733 399 81 26 aflägga
828 399 133 20 studentexa-

209 434 53 20 men,
285 431 51 17 utan
357 428 79 20 sträfva
457 428 33 20 till
516 428 267 21 folkskollärarinnebanan.
827 428 64 20 Detta
915 428 47 20 sak-

209 457 129 20 förhällande
360 456 53 21 både
433 460 23 16 är
475 457 111 26 glädjande
601 457 39 19 och
655 457 56 20 visar
725 463 25 13 en
765 456 120 26 utveckling
900 456 8 20 i
923 456 40 20 den

210 485 99 27 riktning,
332 492 45 14 som
398 486 53 20 1897
471 486 33 19 års
524 485 139 21 Statsutskott
680 486 7 19 i
702 486 38 19 sitt
755 485 130 21 betänkande
900 491 33 14 n:o
951 486 11 19 6

209 515 67 25 ansäg
291 514 105 20 önskvärd
410 514 32 20 för
456 514 134 20 undvikande
600 514 22 20 af
631 520 26 14 en
667 514 97 26 möjligen
774 514 125 20 inträffande
908 514 55 20 folk-

210 542 174 22 skollärarebrist.
406 542 49 20 Men
470 542 156 27 ifrågavarande
641 543 124 25 kungörelse
780 542 23 21 af
816 543 23 19 år
856 542 53 21 1898
925 545 38 23 gör

210 571 37 21 det
260 571 92 21 faktiskt
366 571 94 26 omöjligt
474 570 32 22 för
521 571 73 26 hvarje
608 571 46 21 elev
668 572 6 19 i
685 573 32 18 ett
725 571 70 26 privat
805 571 157 26 fortbildnings-

210 600 96 20 läroverk
325 602 31 18 att
374 600 37 20 vid
429 600 92 20 ansökan
536 600 23 20 af
570 600 193 26 folkskoletjenster
777 600 81 20 komma
873 600 7 19 i
895 600 68 26 ätnju-

210 628 63 21 tande
290 628 24 21 af
330 628 41 21 den
388 628 85 27 förmän,
489 636 43 14 som
547 636 77 13 samma
638 629 123 26 kungörelse
774 629 46 26 just
835 628 37 20 vill
887 628 76 21 bereda

209 658 47 20 med
279 657 161 21 dimissionsrätt
461 658 33 20 till
515 658 144 20 universitetet
680 657 159 26 privilegierade
861 658 101 20 läroverk.

210 686 65 26 Detta
289 685 91 27 framgår
394 685 61 21 äfven
471 686 65 26 däraf,
551 689 31 18 att
597 686 119 26 Kejserliga
726 686 101 21 Senatens
837 686 123 20 Ekonomie-

211 715 141 26 departement
364 715 44 26 just
422 714 47 20 med
484 715 47 20 stöd
546 715 24 20 af
584 715 54 21 1898
654 716 32 19 års
701 715 125 26 kungörelse
841 714 85 27 afslagit
937 715 26 20 de

210 743 139 26 ansökningar
371 750 33 13 om
425 744 121 25 åtnjutande
566 743 23 21 af
606 744 157 25 ifrågavarande
785 744 86 24 förmån,
891 744 72 20 hvilka

210 772 110 20 inlemnats
338 772 23 20 af
372 771 244 28 fortbildningsläroverk
631 773 47 20 med
692 773 161 20 dimissionsrätt
869 773 33 20 till
917 773 46 19 uni-

210 801 114 20 versitetet.

277 829 56 21 Enär
348 829 56 21 detta
419 829 179 22 missförhällande
613 829 86 21 sälunda
713 830 47 20 icke
775 830 41 20 kan
829 829 32 21 fäs
871 829 91 27 afhjälpt

210 859 27 25 pä
252 861 62 17 annat
329 860 43 19 sätt
386 861 26 17 än
422 865 74 18 genom
506 858 120 26 förändring
636 858 24 20 af
667 858 96 25 gällande
774 858 123 26 stadgande,
907 859 55 25 väga

210 886 22 20 vi
249 887 83 20 anhälla
346 893 33 14 om
393 886 134 27 Högvördiga
546 887 99 20 Ständets
659 887 113 20 understöd
787 887 32 20 för
834 893 25 14 en
874 887 89 26 petition

210 915 7 20 i
232 915 56 26 syfte
302 917 31 18 att
347 915 97 20 förändra
458 915 66 20 första
538 917 111 19 momentet
664 916 7 19 i
685 915 82 26 Nädiga
782 915 146 27 Kungörelsen
942 915 23 20 af

210 943 40 21 den
266 944 25 20 21
306 944 40 26 juli
363 944 55 20 1898
433 944 84 26 därhän,

416 1003 29 18 att
464 1001 43 24 den,
522 1007 42 14 som
579 1001 109 25 genomgått
703 1001 119 25 fullständig
836 1002 48 19 kurs
899 1002 9 19 i
918 1002 45 24 pri-

347 1030 34 19 vat
400 1030 239 24 fortbildningsläroverk,
655 1030 74 20 hvilket
747 1036 45 19 eger
806 1030 158 20 dimissionsräitt

348 1058 33 20 till
395 1058 141 26 universitetet,
552 1059 57 25 finge,
624 1060 49 18 utan
687 1060 30 18 att
731 1058 94 26 genomgå
836 1058 59 26 något
904 1060 59 18 semi-

347 1086 87 26 narium,
457 1088 41 18 rätt
520 1089 28 18 att
570 1087 63 20 varda
654 1088 79 19 anstäld
750 1094 42 13 som
809 1088 105 20 lärarinna
928 1088 35 20 vid

347 1115 59 25 högre
424 1116 99 24 folkskola
543 1116 9 20 i
565 1115 46 21 stad
625 1116 35 19 och
672 1116 29 25 pä
715 1116 66 20 landet
791 1116 30 25 pä
835 1122 77 14 samma
925 1117 38 19 vil-

347 1144 37 19 kor
404 1150 43 14 som
467 1144 43 24 den,
526 1144 79 20 hvilken
620 1144 110 26 genomgått
744 1144 128 26 fullständigt
887 1145 76 24 lyceum

347 1172 49 20 eller
410 1172 61 20 minst
484 1174 68 18 tvenne
564 1173 78 19 klasser
652 1173 25 24 af
682 1175 75 18 statens
767 1173 196 25 fortbildningsläro-

347 1201 47 19 verk
408 1200 32 25 för
454 1200 132 25 fruntimmer.

278 1283 24 23 H.
318 1283 118 23 Melander.
729 1285 23 22 E.
769 1285 124 23 Bonsdorff.

477 1324 22 24 V.
515 1324 23 24 T.
556 1325 138 29 Rosenqvist.

277 1496 104 19 Allmänna
392 1496 173 19 Besvärsutskottets
577 1498 112 18 betänkande
700 1498 34 19 N:o
747 1499 29 18 10.
