1064 1711
201 164 28 21 10
414 160 250 24 Petitionsbetänkande
678 161 40 22 N:o
733 160 21 23 9.

269 226 39 21 Att
323 225 36 21 det
374 225 33 21 för
422 224 195 27 lärarepersonalen
632 223 35 22 vid
682 223 146 22 folkskolorna
843 223 27 26 på
883 222 72 21 landet

200 267 49 15 vore
257 260 95 27 omöjligt
360 262 32 19 att
399 259 85 22 komma
491 259 33 21 till
534 260 57 20 rätta
598 259 48 21 med
655 259 41 21 den
704 257 121 22 nuvarande
836 257 118 31 aflöningen

198 295 62 21 torde
275 294 22 22 få
312 300 60 16 anses
388 294 33 21 för
436 295 31 19 ett
482 293 135 22 öfverdrifvet
632 292 123 28 påstående.
784 292 11 21 I
811 298 25 15 en
852 292 35 21 del
897 291 58 21 trak-

200 331 33 20 ter
254 328 23 22 af
298 329 80 26 landet,
401 328 102 21 särskildt
523 328 7 21 i
550 322 136 27 Österbotten
708 327 40 21 och
770 326 28 28 på
820 320 74 32 Åland,
918 326 39 21 där

201 364 163 21 kommunernas
386 363 75 27 bidrag
483 364 24 20 är
530 362 49 27 lågt,
603 362 39 22 och
661 361 132 22 beträffande
808 360 96 23 enskilda
920 360 36 22 fall

200 398 62 21 äfven
273 398 146 25 annorstädes,
430 397 39 21 har
480 396 124 27 påståendet
615 396 105 21 måhända
728 397 32 20 sin
768 396 109 27 riktighet.
899 396 56 25 Men,

200 432 70 22 såsom
290 432 22 21 af
330 432 225 27 Skolöfverstyrelsens
573 431 23 22 år
614 431 54 21 1898
686 431 168 27 offentliggjorda
868 429 89 22 femårs-

201 467 115 21 berättelse
331 466 59 22 öfver
400 466 222 26 folkundervisningen
633 465 100 28 framgår,
745 467 37 20 äro
792 464 165 23 löneförhållan-

202 501 54 22 dena
279 501 83 27 mycket
382 501 63 26 olika,
461 501 40 20 och
524 501 61 21 äfven
608 502 43 19 rätt
671 501 56 26 höga
742 500 60 21 löner
816 499 140 26 förekomma;

200 536 90 21 sålunda
304 536 55 21 hade
375 535 23 22 år
414 535 111 22 1895—96
543 536 40 21 144
599 535 71 21 lärare
684 535 51 22 eller
751 535 63 26 20%,
824 534 59 21 öfver
895 534 62 27 1,500

201 571 36 21 mk
259 571 7 21 i
288 571 42 26 lön,
355 571 39 21 den
418 571 47 21 bäst
488 569 97 23 aflönade
608 569 55 22 ända
685 570 33 21 till
734 569 64 27 3,025
817 570 41 26 mk,
874 568 40 22 och
929 569 27 21 97

202 605 119 22 lärarinnor
344 604 50 22 eller
411 604 62 28 159,
488 604 54 22 hade
558 605 58 21 öfver
632 604 63 27 1,200
709 604 38 21 mk
761 604 7 20 i
782 604 43 26 lön,
839 604 39 21 den
895 602 62 28 högst

201 639 97 22 aflönade
320 639 65 26 2,000
406 640 41 21 mk.
479 639 80 22 Härvid
577 639 40 21 bör
632 638 68 22 tillika
715 639 84 21 märkas
815 640 32 20 att
862 639 95 21 lärarnes

201 674 97 27 samtliga
320 674 117 22 inkomster
459 674 114 27 ingalunda
593 675 86 25 utgöras
694 674 56 21 blott
765 672 23 22 af
802 673 61 22 deras
878 673 79 21 lärare-

202 709 66 21 löner.
292 708 212 28 Bisysselsättningar
519 710 71 20 kunna
605 708 56 28 gifva
677 710 31 19 ett
723 709 46 21 icke
786 708 118 27 obetydligt
915 707 43 21 till-

202 743 58 22 skott
275 744 31 20 till
322 744 164 20 lärarelönerna.
509 744 44 21 Hos
569 750 33 15 oss
618 744 86 21 förenar
718 743 122 27 visserligen
856 742 101 22 folkskol-

200 778 83 21 läraren
306 778 28 27 pä
353 778 59 26 längt
427 780 38 19 när
479 779 47 21 icke
541 778 24 22 sä
581 778 44 22 ofta
641 784 46 15 som
702 778 7 21 i
724 778 91 26 Sverige,
831 777 71 27 Norge
917 776 40 22 och

201 812 107 28 Tyskland
330 814 33 20 sin
384 812 118 28 befattning
525 813 47 21 med
595 813 125 21 klockarens
738 813 51 21 eller
809 812 148 27 orgelnistens,

203 854 46 15 men
266 848 41 21 han
323 848 39 20 har
376 848 47 20 icke
438 848 66 21 sällan
520 848 128 26 anställping
667 848 3 20 i
685 847 139 21 kommunens
838 847 52 21 eller
900 849 58 24 post-

200 882 85 21 verkets
308 881 71 27 tjenst,
394 881 52 22 eller
469 883 39 20 ock
530 884 23 19 är
573 882 40 21 han
629 884 65 25 agent
708 881 34 21 för
756 881 201 27 försäkringsbolag,

201 923 19 15 o.
236 917 21 20 d.
279 916 61 21 Inom
357 916 111 21 Utskottet
484 917 61 21 hafva
561 917 34 20 väl
610 916 126 21 tvifvelsmäl
747 917 87 20 uttalats
846 921 34 16 om
891 916 66 27 lämp-

201 951 93 27 ligheten
317 951 23 20 af
362 951 70 27 dylika
455 951 213 27 bisysselsättningar,
684 951 28 26 pä
734 951 40 21 den
796 951 68 27 grund
883 953 33 19 att
931 951 26 21 de

200 985 74 21 kunna
290 985 65 26 draga
371 985 83 21 läraren
469 985 46 22 frän
527 985 52 22 hans
590 985 104 27 egentliga
705 985 134 21 verksamhet
849 991 45 15 som
905 991 52 21 upp-

201 1019 92 22 fostrare
308 1019 23 21 af
345 1020 126 26 ungdomen.
497 1021 50 20 Men
563 1019 100 22 odlandet
678 1019 22 22 af
715 1019 39 22 den
768 1019 48 28 jord
827 1019 77 22 honom
915 1019 43 22 för-

201 1053 173 27 fattningsenligt
388 1053 129 23 tillkommer
531 1054 66 21 mäste
608 1060 62 15 anses
680 1059 51 16 vara
742 1060 24 15 en
775 1054 182 27 bisysselsättning

201 1094 45 15 som
260 1087 125 27 förträffligt
400 1095 65 20 egnar
481 1089 31 26 sig
527 1089 33 20 för
575 1088 184 26 folkskolläraren,
770 1088 60 21 äfven
842 1088 72 21 därför
924 1090 33 19 att

203 1122 40 21 den
259 1122 91 22 skänker
364 1122 78 21 honom
458 1123 39 21 den
513 1123 77 27 nödiga
604 1123 145 25 omvexlingen
760 1123 23 20 af
791 1122 76 27 fysiskt
877 1122 80 26 arbete,

203 1156 38 22 och
257 1156 42 22 kan
311 1158 50 20 utan
373 1156 73 22 tvifvel
456 1157 57 27 gifva
523 1157 82 22 läraren
615 1159 33 19 ett
658 1156 92 22 tillskott
763 1157 3 21 i
778 1157 52 21 hans
840 1157 117 21 inkomster

202 1190 83 22 utöfver
300 1190 26 22 de
341 1190 122 22 beräknade
478 1191 141 22 förmänerna.
636 1202 26 4 —
676 1191 61 21 Hvad
752 1191 46 21 äter
813 1190 103 22 beträffar
932 1191 25 21 de

200 1225 135 27 nödvändiga
358 1226 122 26 utgifterna,
497 1226 70 22 hvilka
589 1225 22 22 af
628 1226 167 26 petitionärerne
810 1226 47 21 med
873 1226 47 21 stöd
936 1226 23 21 af

202 1265 26 14 en
251 1260 136 25 specificerad
409 1260 60 20 tablä
491 1260 110 26 uppgifvas
616 1265 51 15 vara
683 1260 63 24 1,652
761 1260 35 20 mk
811 1260 13 20 9
838 1260 29 26 pi,
883 1260 24 20 sä
921 1260 37 20 vill

201 1292 111 21 Utskottet
327 1292 70 20 erinra
413 1295 37 23 att,
466 1293 119 21 oberoende
601 1292 23 22 af
639 1293 68 21 denna
717 1293 129 26 beräknings
857 1294 101 26 riktighet

201 1326 51 22 eller
267 1326 52 27 icke,
336 1326 41 21 den
392 1327 6 21 i
415 1327 53 21 intet
483 1326 38 22 fall
537 1328 42 21 kan
594 1327 58 28 tjena
663 1334 45 15 som
719 1329 31 20 ett
760 1328 58 21 bevis
829 1328 33 21 för
872 1328 85 27 petitio-

201 1362 101 20 närernes
324 1361 94 27 yrkande
440 1362 27 26 pä
489 1369 26 14 en
535 1362 158 28 genomgäende
708 1362 120 27 förhöjning
844 1362 23 22 af
879 1363 78 27 grund-

200 1396 69 26 lönen,
286 1396 6 21 i
315 1396 35 21 det
373 1398 33 19 att
429 1397 122 21 densamma
569 1399 24 19 är
608 1396 104 28 uppgjord
727 1396 34 22 för
776 1403 25 15 en
818 1398 13 20 5
846 1403 111 21 personers

201 1429 73 28 familj,
290 1437 47 15 men
353 1430 45 22 icke
414 1430 33 21 för
463 1431 39 22 den
519 1431 66 26 ogifta
601 1431 84 22 läraren
702 1432 51 21 eller
767 1432 127 22 lärarinnan.
918 1431 39 23 Ut-

202 1465 81 22 skottet
304 1466 41 21 kan
368 1465 46 22 icke
437 1466 66 21 heller
527 1466 112 22 underläta
661 1468 33 19 att
716 1466 118 27 framhälla,
855 1467 102 22 hurusom

268 1505 104 18 Allmänna
384 1505 173 19 Besvärsutskottets
569 1506 112 19 betänkande
692 1506 34 19 N:o
738 1507 18 18 8.
