1095 1748
230 157 40 21 124
387 155 274 23 Petitiousbetänkande
677 155 44 22 N:o
737 155 35 22 14.

201 225 85 21 dåmera
301 231 51 14 vore
367 223 23 22 af
403 224 62 27 ringa
480 224 112 27 betydelse.
614 224 33 21 Då
662 223 111 22 dessutom
788 229 28 15 nu
833 223 121 26 disponibla

200 258 152 22 arbetskrafter
370 258 32 21 för
421 258 26 21 de
463 260 107 19 närmaste
585 257 46 28 fyra
642 258 50 21 åren
704 257 177 27 tagasianspräk
888 257 23 21 af
916 263 36 16 an-

201 293 44 26 dra,
263 299 57 14 mera
338 292 186 27 maktpåliggande
543 291 112 28 uppgifter,
671 291 32 21 får
718 292 112 21 Utskottet
844 292 109 21 vördsamt

200 326 87 22 föreslå:

474 380 33 19 att
528 377 172 29 ifrågavarande
721 377 92 28 petition
828 377 45 21 icke
889 377 65 21 måtte

408 413 35 20 till
459 413 73 28 någon
547 413 77 27 åtgärd
638 412 52 27 från
705 412 136 21 Ständernas
850 411 49 22 sida
911 411 43 28 för-

408 447 85 22 anleda.

269 625 193 28 lisalmi--Kajana;
480 623 102 30 Uleåborg
589 625 96 26 —Vaala;
702 624 179 28 Lappi--Kajana.

441 682 206 19 Petitionsmemorialen
659 682 61 17 5—10.

273 741 70 21 Jämte
359 740 36 21 det
410 740 112 22 Utskottet
537 741 48 20 med
600 739 99 22 afseende
714 740 12 21 ä
737 740 40 21 den
789 739 75 22 mellan
876 739 80 22 Tisalmi

205 775 40 21 och
268 775 82 26 Kajana
372 774 124 27 ifrägasatta
520 775 68 21 banan
609 774 98 21 hänvisar
727 774 32 21 till
775 774 54 21 hvad
845 775 112 20 Utskottet

204 808 46 23 haft
265 809 79 21 tillfälle
359 809 7 21 i
382 809 36 21 sitt
433 809 134 21 betänkande
581 809 40 21 N:o
638 809 10 20 1
665 808 79 27 anföra,
757 809 31 21 fär
799 809 111 21 Utskottet
920 808 35 21 be-

204 843 103 22 träffande
324 843 103 27 förslaget
445 850 34 14 om
495 850 26 14 en
536 843 50 27 linje
608 843 123 26 Uleäborg—
740 839 69 36 Vaala,
825 843 87 21 hvarom
928 843 29 27 pä

205 877 203 28 stadsfullmäktiges
430 878 7 20 i
455 878 108 26 Uleäborg
577 878 166 21 föranstaltande
759 884 24 15 en
801 878 91 21 särskild
907 878 48 21 bro-

205 912 50 28 skyr
277 912 114 22 utkommit
406 912 37 21 och
461 912 119 22 Ständerna
596 912 178 26 tillhandahällits,
789 911 76 22 främst
880 912 77 25 erinra,

204 949 32 19 att
251 947 69 21 denna
334 946 60 28 fräga
408 946 47 21 frän
470 947 40 21 och
525 947 48 21 med
589 947 23 21 är
628 946 53 22 1877
695 946 35 22 vid
746 946 103 22 särskilda
860 947 95 21 ständer-

204 983 72 20 möten
295 981 55 21 varit
364 981 89 21 föremål
467 981 33 21 för
515 981 167 27 öfverläggning,
698 983 56 19 samt
768 983 37 24 att,
819 980 96 22 fränsedt
930 981 27 22 de

204 1015 86 27 förslag,
311 1015 32 21 för
358 1015 71 21 hvilka
452 1015 124 27 erforderlig
599 1015 194 27 ständerpluralitet
808 1015 46 21 icke
870 1016 86 23 ernätts,

206 1050 118 22 Ständerna
346 1050 24 21 är
392 1050 50 21 1891
468 1050 105 22 framstält
595 1050 89 27 petition
704 1056 35 14 om
755 1052 30 19 att
801 1050 155 27 Regeringen
945 1046 16 37 i

205 1084 69 22 sinom
290 1084 30 21 tid
336 1084 48 22 ville
399 1084 63 21 afläta
480 1085 132 27 proposition
628 1091 34 15 om
679 1085 77 20 nämda
771 1085 60 24 bana,
847 1084 109 22 äfvensom

205 1121 32 19 att
259 1119 119 21 Ständerna
400 1119 24 21 är
446 1119 55 21 1894
516 1119 84 21 anhöllo
615 1121 30 19 att
661 1118 66 22 sädan
742 1119 133 27 proposition
892 1119 64 21 mätte

205 1153 32 21 till
253 1152 140 27 nästföljande
408 1153 101 27 landtdag
524 1153 79 21 aflätas.

274 1187 49 21 Med
338 1187 115 26 anledning
468 1188 61 20 däraf
542 1190 31 19 att
589 1187 117 21 Ständerna
722 1188 36 20 vid
774 1188 53 20 1897
843 1188 35 20 ärs
890 1188 67 20 landt-

206 1222 41 26 dag
268 1221 86 22 beslutit
374 1221 83 22 anhålla
478 1227 34 15 om
528 1224 31 19 att
574 1221 79 22 sådana
667 1221 138 27 fullständiga
820 1221 138 22 ekonomiska

205 1255 40 22 och
263 1256 163 21 instrumentala
448 1256 183 27 undersökningar
647 1256 64 21 mätte
727 1256 107 25 anställas,
849 1258 32 19 att
897 1255 60 22 Stän-

206 1290 66 19 derna
287 1289 35 20 vid
336 1289 92 26 följande
443 1290 102 25 landtdag
559 1291 84 19 komme
648 1285 15 35 i
682 1289 81 20 tillfälle
778 1292 31 17 att
824 1289 53 20 fatta
888 1289 71 20 beslut

206 1329 34 14 om
265 1323 26 20 bl
306 1329 18 14 a.
346 1323 203 26 Uleäborg—Vaala
560 1323 97 26 järnväg,
673 1325 56 18 samt
743 1324 33 19 att
791 1323 73 20 därvid
877 1322 81 27 jämväl

206 1356 65 22 mätte
286 1355 132 23 införskaffas
435 1357 120 26 utredning,
570 1357 105 21 huruvida
691 1357 90 21 utsikter
795 1357 77 22 funnes
888 1357 31 21 till
935 1357 24 21 sä

206 1392 46 20 stor
267 1391 154 22 transitotrafik
436 1391 77 22 mellan
529 1391 105 28 Ryssland
650 1391 39 21 och
701 1391 26 22 de
735 1391 168 22 Skandinaviska
913 1391 44 22 län-

206 1425 67 22 derna
287 1425 34 22 via
335 1425 89 26 Torneä,
439 1428 31 19 att
485 1425 99 22 afseende
600 1425 50 22 därä
665 1425 66 22 borde
747 1425 67 22 fästas
823 1426 36 21 vid
866 1427 92 20 bestäm-

206 1460 77 21 mande
305 1459 23 22 af
348 1459 123 28 sträckning
494 1460 39 21 och
556 1460 155 27 byggnadssätt
725 1460 33 22 för
773 1461 77 21 nämda
862 1461 96 27 järnväg,

273 1505 186 24 Järnvägsutskottets
472 1506 109 17 betänkande
593 1506 37 17 N:o
643 1506 17 17 2.
