1092 1748
266 161 275 24 Petitionsbetänkande
556 162 45 22 N:o
616 162 38 21 14.
793 163 25 19 67

94 230 35 17 och
146 231 121 22 Björneborgs
280 231 81 18 banorna
373 231 34 18 har
419 231 56 18 redan
487 231 53 22 länge
552 231 112 18 diskuterats
676 231 20 17 af
708 231 56 22 sagda
776 231 72 22 näjders

94 259 110 23 befolkning.
226 259 37 17 Vid
275 262 72 15 senaste
359 260 76 22 lagtima
446 259 89 23 landtdag
546 259 90 18 förelades
645 259 65 22 frågan
720 259 54 18 äfven
782 265 66 17 genom

94 288 180 22 petitionsmemorial
293 289 28 16 till
339 288 112 18 Ständernas
470 288 114 23 behandling.
608 287 142 19 Vederbörande
769 288 78 21 utskott,

95 322 39 11 som
152 315 113 19 behandlade
283 317 124 23 petitionerna,
424 317 32 22 gaf
473 316 41 18 dem
533 317 31 17 sitt
580 315 107 19 understöd.
713 316 96 18 Utskottet
820 323 27 11 er-

94 344 66 21 kände,
176 347 28 15 att
220 345 139 22 ifrågavarande
372 340 70 32 trakter
454 345 44 22 ägde
512 345 35 18 alla
559 345 109 23 betingelser
679 345 30 17 för
721 347 28 15 att
762 347 45 21 göra
819 351 29 17 ge-

95 379 42 12 nom
150 373 41 18 dem
203 374 92 17 eventuelt
307 373 70 24 dragna
388 374 137 23 järnvägslinjer
537 374 137 22 räntebärande,
686 374 24 23 på
720 380 70 12 samma
799 375 49 22 gång

95 402 53 18 dessa
166 403 59 18 skulle
237 402 78 23 kraftigt
326 403 77 23 bidraga
415 403 27 18 till
454 403 139 23 kringliggande
604 403 72 22 näjders
689 403 118 18 ekonomiska
818 405 30 15 ut-

95 431 88 23 veckling.

164 460 107 18 Sedermera
287 460 34 17 har
339 461 54 17 äfven
411 461 36 18 den
464 461 73 22 komité,
550 467 40 12 som
602 462 20 17 år
635 461 43 18 1897
691 461 93 18 nedsattes
797 461 5 17 i
814 461 34 18 och

94 489 30 18 för
142 489 117 18 ekonomiska
278 488 137 25 undersökning
427 490 34 17 och
473 490 30 18 för
514 489 105 24 afgifvande
630 490 20 17 af
661 489 96 19 utlåtande
770 489 78 18 rörande

96 518 90 18 särskilda
203 518 220 24 järnvägssträckningar,
441 519 105 22 framhållit,
565 521 27 15 att
611 525 22 11 en
650 519 46 17 bana
708 518 56 19 borde
776 519 70 23 byggas

95 547 40 18 från
148 548 51 17 Esbo
211 548 71 22 (Finns)
295 553 64 17 genom
372 548 99 18 Nummela
483 549 29 17 till
523 548 75 18 Loimaa
610 550 49 16 samt
667 548 41 18 från
719 548 51 18 Riste
780 548 68 18 station

96 576 23 23 pä
131 576 121 23 Björneborgs
259 576 66 22 banan,
337 576 102 18 äfvenledes
452 577 28 17 till
492 577 82 20 Loimaa;
588 577 34 18 och
634 577 34 17 har
680 577 82 17 komiten
773 576 75 18 hänfört

95 604 116 18 förstnämda
228 605 42 22 linje
288 605 28 17 till
333 604 35 18 den
385 604 58 19 andra
460 606 34 17 och
512 606 34 17 den
565 611 63 12 senare
640 605 27 18 till
680 605 35 18 den
727 604 57 23 tredje
796 605 19 17 af
826 604 23 18 de

97 636 26 15 tre
140 640 85 16 grupper,
237 634 5 17 i
255 634 62 17 hvilka
329 634 86 21 komiten,
428 634 42 17 med
482 634 84 18 afseende
578 635 11 17 &
600 634 152 23 byggnadstiden,
765 634 50 18 delat
826 634 23 17 de

95 662 104 23 föreslagna
210 668 37 17 nya
261 663 86 18 banorna.

164 692 37 17 Det
213 692 98 18 förefinnes
324 692 100 18 emellertid
436 692 31 18 vid
479 692 139 24 ifrågavarande
626 692 144 24 bansträckning
779 698 22 12 en
810 698 38 12 om-

96 720 110 24 ständighet,
220 721 28 18 vid
266 722 75 18 hvilken
359 722 80 17 komiten
458 722 39 18 icke
513 722 37 18 fäst
567 722 191 22 uppmärksamheten,
770 721 35 19 och
816 721 32 18 ber

95 750 30 24 jag
137 750 34 18 här
182 750 20 18 fä
213 750 99 18 framhälla
324 750 107 18 densamma
442 751 27 17 till
482 751 40 18 stöd
535 751 29 18 för
576 750 42 18 mitt
630 750 75 24 förslag.

164 779 31 17 Då
214 774 39 23 Åbo
272 779 47 22 stad,
337 780 46 17 efter
400 781 28 16 att
445 780 56 18 hafva
516 780 54 23 bragt
587 780 147 22 vintersjöfarten
751 780 5 17 i
769 778 79 20 ordnadt

97 809 57 21 skick,
172 808 134 23 otvifvelaktigt
324 810 20 16 är
360 810 28 16 att
403 814 43 12 anse
458 814 40 13 som
510 810 60 17 västra
582 804 88 22 Finlands
682 808 120 24 medelpunkt
814 808 35 18 och

97 839 98 22 exportort,
214 837 50 18 torde
282 838 93 23 lätteligen
392 838 53 21 inses,
461 840 28 15 att
501 840 72 21 export-
585 838 34 18 och
631 838 146 23 importvarorna
789 838 59 17 mäste

96 868 24 22 gå
137 866 51 19 öfver
206 866 57 23 sagda
275 866 47 22 stad,
334 866 76 19 hvarför
421 866 122 23 pulsädrorna
554 866 57 19 borde
623 867 21 18 sä
655 867 84 23 lämpligt
752 872 39 13 som
803 866 45 23 möj-

96 896 34 23 ligt
142 895 65 23 dragas
220 895 28 17 till
260 895 59 18 denna
331 896 34 17 vär
376 895 108 18 hufvudort.

165 925 41 16 Den
223 924 140 23 ifrågavarande
380 923 96 18 tillärnade
493 924 138 23 järnvägslinjen
649 923 56 18 borde
720 923 75 22 således,
807 923 43 18 med

96 952 123 19 fasthällande
237 953 19 17 af
272 952 69 18 nämda
359 953 119 23 synpunkter,
497 953 65 23 dragas
579 953 43 18 frän
640 953 66 17 Koskis
718 953 67 23 kapell,
797 953 52 23 längs

97 982 70 22 ädalen,
183 987 66 17 genom
261 982 84 17 Marttila
356 982 35 18 och
402 982 51 17 Eura
465 982 78 18 socknar
554 982 83 21 sälunda,
650 983 28 16 att
689 981 34 18 den
735 982 74 17 komme
821 984 28 15 att

96 1012 24 16 nä
138 1006 42 23 Åbo
197 1011 60 18 banan
275 1010 30 18 vid
323 1010 52 18 Aura
391 1012 72 16 station.
487 1010 43 18 Med
543 1010 57 18 sådan
612 1010 106 23 sträckning
731 1010 59 18 skulle
802 1010 48 22 järn-

97 1041 58 22 vägen
167 1041 65 17 nästan
244 1040 42 17 hela
298 1040 48 18 tiden
359 1040 74 17 komma
445 1041 29 16 att
485 1040 107 23 genomlöpa
604 1039 84 18 bebodda
700 1039 76 17 trakter.

166 1069 37 18 För
209 1068 112 23 jämförelses
331 1069 48 17 skull
388 1070 31 16 mä
428 1070 82 20 nämnas,
519 1071 28 15 att
555 1068 99 24 järnvägen
663 1069 41 17 frän
713 1068 68 18 Koskis
791 1068 59 23 kyrka

97 1098 61 18 direkt
176 1098 27 17 till
221 1098 52 17 Aura
291 1098 65 17 station
374 1098 49 22 finge
441 1104 21 11 en
480 1097 56 23 längd
554 1098 19 17 af
590 1098 85 22 omkring
692 1098 22 17 30
726 1097 32 17 km
776 1097 34 17 och
822 1099 28 15 att

97 1126 50 18 invid
164 1127 61 17 banan
243 1128 72 16 komme
332 1128 27 16 att
377 1127 60 17 finnas
449 1126 85 23 omkring
546 1127 62 21 12,400
619 1127 67 17 hektar
697 1126 54 18 odlad
763 1126 39 22 jord
815 1126 35 17 och

98 1162 21 12 en
136 1155 107 23 befolkning
255 1156 19 17 af
287 1156 50 21 7,500
349 1161 90 17 personer.
464 1156 65 18 Denna
541 1155 74 23 järnväg
628 1155 58 18 skulle
698 1154 73 22 betjäna
784 1155 9 16 1
806 1155 44 22 äng-

98 1185 38 23 säg,
155 1185 20 16 11
194 1184 85 22 mejerier,
298 1185 21 16 14
336 1184 142 18 vattenkvarnar
490 1184 34 18 och
537 1184 20 18 15
569 1183 163 21 landthandlande;
744 1183 34 17 här
790 1183 60 17 finnas

97 1214 42 22 fyra
156 1213 65 21 forsar,
238 1213 73 18 hvilkas
329 1213 113 17 vattenkraft
460 1214 37 17 kan
513 1213 90 22 utnyttjas
616 1213 6 17 i
633 1212 43 18 vida
688 1214 58 16 större
758 1212 91 17 utsträck-

97 1242 50 22 ning,
164 1242 22 17 än
199 1242 29 17 för
240 1241 113 19 närvarande
365 1242 20 17 är
397 1242 56 17 fallet.
466 1252 22 2 —
500 1242 104 22 Järnvägen
616 1240 42 18 frän
670 1240 68 18 Koskis
750 1240 60 22 kyrka
822 1240 28 17 till

98 1270 76 18 Loimaa
192 1271 66 17 station
276 1271 74 19 komme
367 1272 28 16 att
412 1270 24 17 ha
454 1276 22 12 en
487 1269 55 24 längd
554 1269 20 18 af
585 1269 78 23 ungefär
674 1269 22 17 22
709 1269 95 18 kilometer
816 1268 35 18 och

99 1299 59 18 skulle
176 1299 76 23 ungefär
269 1299 11 18 9
298 1299 95 17 kilometer
410 1299 108 23 genomlöpa
535 1298 83 18 bebodda
635 1298 75 18 trakter.
735 1298 40 18 Den
792 1297 60 18 skulle

98 1328 73 22 betjäna
189 1328 9 17 1
217 1328 74 22 ångsåg,
309 1328 11 17 4
338 1328 147 21 vattenkvarnar,
501 1328 10 17 2
528 1327 82 22 mejerier
621 1327 35 17 och
668 1328 10 16 5
690 1326 161 18 landthandlande.

98 1356 65 23 Vägen
181 1356 42 18 frän
240 1356 67 18 Koskis
326 1356 60 22 kyrka
401 1356 29 18 till
442 1356 53 18 Aura
507 1361 64 18 genom
583 1356 76 17 Loimaa
670 1356 60 18 blefve
742 1355 76 18 dubbelt
830 1355 21 17 sä

98 1386 44 21 lång
154 1391 38 11 som
205 1384 34 18 den
252 1384 71 18 direkta
336 1384 135 22 sträckningen.

168 1413 26 18 På
212 1413 53 18 dessa
283 1413 41 17 skäl
341 1413 57 22 vågar
414 1412 31 22 jag
461 1412 78 21 anhålla,
551 1414 28 15 att
591 1411 113 18 hedervärda
715 1411 137 19 Bondeståndet

99 1442 42 18 ville
152 1441 113 18 understöda
277 1447 22 12 en
311 1440 114 23 underdånig
437 1440 75 23 petition
524 1439 71 19 därom:

170 1512 201 23 Järnvägsutskottets
385 1511 118 18 betänkande
515 1511 39 17 N:o
565 1512 18 16 2.
