1064 1709
182 188 27 22 38
393 184 250 23 Petitionsbetänkande
658 184 38 22 N:o
711 182 35 24 26.

388 255 32 21 att
441 254 33 28 ett|
488 254 67 27 finskt
569 252 100 23 klassiskt
682 252 82 28 lyceum
779 252 64 22 mätte
858 251 27 28 af
896 253 43 20 sta-

321 290 36 20 ten
372 288 93 22 inrättas
485 288 4 22 i
505 288 145 28 Tammerfors
663 286 61 27 stad;
739 288 55 20 samt

389 324 32 21 att
436 323 42 22 den
492 323 37 22 vid
543 317 45 27 Åbo
602 322 72 28 finska
689 321 105 22 klassiska
809 320 81 28 lyceum
905 320 33 22 in-

319 358 85 22 rättade
418 358 116 28 reallinjen
548 357 65 22 måtte
628 355 112 23 successivt
754 355 99 29 utvidgas
868 354 33 23 till
912 361 26 16 en

319 399 77 22 genom
410 392 48 22 hela
473 392 117 22 läroverket
603 390 90 23 ledande
708 390 63 29 linje;

183 457 108 21 äfvensom
306 458 34 20 att
353 456 122 22 Ständerna
489 456 50 22 ville
553 454 83 23 besluta

388 520 33 20 att
432 517 205 29 petitionsförslaget
651 524 34 15 om
699 516 132 28 utvidgande
848 516 27 28 af
885 516 55 22 real-

320 552 71 28 linjen
406 552 36 22 vid
457 552 116 28 Jyväskylä
588 552 81 28 lyceum
684 550 45 22 icke
743 551 65 21 måtte
823 550 33 22 till
866 551 73 28 någon

321 586 77 29 åtgärd
412 586 120 28 föranleda.

548 718 29 22 I.

253 772 11 21 I
287 771 209 27 petitionsförslagen
520 770 56 22 6--8
598 771 63 26 yrkas
681 771 27 26 pä
728 770 26 22 de
774 771 82 27 privata
871 769 69 22 finska

186 805 162 22 flickskolornas
363 806 7 20 i
386 805 131 27 Björneborg
532 806 39 21 och
587 805 57 21 Vasa
659 804 152 28 öfvertagande
826 804 22 22 af
862 806 77 24 staten,

183 840 118 28 hvarjämte
320 840 8 21 i
345 839 204 28 petitionsförslaget
564 839 12 22 8
592 838 132 23 beträffande
744 839 36 22 det
795 844 75 17 senare
884 839 55 21 läro-

184 875 73 22 verket
275 874 89 22 föreslås
381 875 48 21 dess
448 874 136 22 ombildande
601 874 33 22 till
644 876 40 29 ett
702 874 33 22 till
751 875 145 21 universitetet
911 874 28 20 le-

186 910 69 22 dande
270 910 106 21 läroverk.

253 944 49 22 Med
328 944 113 26 anledning
462 944 23 20 af
506 943 104 22 särskilda
632 943 35 22 vid
690 944 130 26 landtdagen
842 943 24 22 är
886 942 53 22 1897

186 979 77 21 väekta
285 978 181 27 petitionsförslag
486 978 91 22 rörande
599 978 83 27 privata
705 977 235 27 fruntimmersskolors,

183 1014 30 21 bl.
228 1020 19 15 a.
271 1012 61 22 äfven
356 1012 57 22 Vasa
436 1013 78 27 skolas,
530 1012 151 27 öfvertagande
700 1012 23 22 af
740 1014 69 20 staten
828 1012 112 22 framhöllo

187 1047 119 23 Ständerna
321 1048 7 20 i
343 1046 131 28 underdänig
489 1046 213 28 petitionsskrifvelse
716 1046 101 23 behofvet
831 1047 33 21 för
880 1048 61 21 dessa

183 1082 72 22 skolor
270 1081 23 22 af
306 1083 68 20 större
390 1082 184 27 subventionering
590 1083 26 20 än
634 1081 49 22 deti
698 1081 47 22 Nåd.
761 1081 147 27 Kungörelsen
920 1081 22 22 af

185 1117 40 21 den
245 1117 24 21 11
290 1116 118 22 December
424 1116 61 27 1884,
505 1116 109 27 angäende
632 1116 96 22 vilkoren
738 1116 34 21 för
787 1117 56 21 vissa
858 1117 83 26 privata

184 1150 160 22 läroanstalters
359 1150 171 22 understödande
545 1150 48 22 med
604 1150 132 26 statsmedel,
747 1150 108 28 medgifna
865 1151 76 27 högsta

187 1184 215 27 subventionsbelopp
411 1185 64 26 2,000
482 1185 61 21 mark
551 1185 33 21 för
589 1184 67 27 högre
663 1184 57 22 klass
730 1185 38 21 och
776 1185 62 26 1,000
844 1185 60 21 mark
909 1184 33 22 för

187 1220 59 26 lägre
268 1219 63 21 klass.
362 1218 73 22 Under
456 1220 136 21 erkännande
614 1219 24 21 af
658 1219 26 21 de
707 1218 146 28 uppoffringar
872 1220 70 20 staten

188 1254 68 21 iklädt
271 1254 31 25 sig
317 1254 33 20 för
364 1253 212 27 kvinnobildningens
585 1253 97 27 höjande,
694 1254 66 20 funno
773 1254 121 20 Ständerna
903 1254 40 20 lik-

186 1287 40 26 väl,
242 1289 33 19 att
291 1286 27 22 de
333 1287 83 26 privata
431 1286 247 22 fruntimmersskolorna
693 1287 7 20 i
716 1287 80 26 landet,
808 1287 88 21 oaktadt
906 1288 36 20 det

186 1322 115 22 understöd
324 1322 26 21 de
372 1321 23 21 af
416 1321 122 22 statsmedel
560 1321 89 27 åtnjuta,
669 1321 6 22 i
695 1322 73 26 regeln
786 1321 74 22 arbeta
875 1322 67 21 under

187 1362 151 22 ogynnsamma
360 1356 138 22 ekonomiska
516 1356 154 22 förhällanden.
701 1355 105 23 Skolorna
820 1356 55 22 hade
891 1356 51 21 nöd-

185 1392 48 26 gats
250 1390 117 23 inskränka
382 1391 46 21 sina
443 1390 88 28 utgifter
546 1391 32 21 till
594 1391 37 21 det
642 1391 197 27 oundgängligaste;
852 1391 25 21 de
888 1391 54 22 hade

187 1426 95 27 tvungits
306 1427 34 20 att
362 1426 48 26 nöja
433 1426 31 26 sig
487 1425 47 21 med
558 1426 81 27 tränga,
662 1426 114 27 olämpiiga
792 1426 82 22 lokaler
889 1428 53 20 samt

189 1460 118 23 vidkännas
330 1460 42 21 alla
391 1460 26 21 de
436 1460 136 27 olägenheter
586 1467 25 15 en
628 1460 85 28 ständig
728 1461 85 27 vexling
827 1461 23 21 af
864 1462 79 21 lärare-

187 1494 126 28 personalen
330 1494 88 28 medför,
433 1495 84 21 hvilken
533 1496 85 26 vexling
634 1496 54 21 varit
703 1502 26 14 en
745 1495 94 27 naturlig
854 1495 53 27 följd
922 1496 22 20 af

257 1533 101 19 Allmänna
370 1534 172 18 Besvärsutskottets
554 1534 112 19 betänkande
677 1534 35 19 N:o
723 1535 28 18 15.
