1064 1703
272 157 8 6 =
300 148 287 25 «Petitionsbetänkande
603 150 44 23 N:o
663 151 33 21 11.
819 151 26 20 19

125 221 25 22 af
176 221 130 28 tidningen,
324 221 9 21 i
351 223 33 19 ett
402 221 32 26 af
453 229 76 14 annan
547 229 53 14 man
624 221 113 21 beroende
756 221 52 28 läge
824 221 51 21 med

125 255 92 28 hänsyn
239 255 37 22 till
297 255 173 28 förvaltningen
491 255 23 22 af
534 255 58 22 hans
613 255 119 28 egendom.
768 255 46 21 För
831 254 45 22 tid-

124 289 206 28 ningsutgifvaren
350 289 73 21 måste
444 289 39 21 det
503 289 89 21 kännas
613 289 154 21 nedsättande
785 291 35 19 att
837 297 39 20 ge-

125 330 54 15 nom
198 325 35 19 ett
249 323 135 28 maktspräk
406 323 114 28 aflägsnas
538 323 52 21 frän
608 323 44 21 den
670 325 62 25 yttre
750 322 127 28 ledningen

127 357 23 21 af
167 359 35 19 ett
225 357 97 28 företag,
341 356 90 22 hvilket
448 357 47 21 kan
512 356 71 22 hafva
600 356 84 22 honom
702 358 36 20 att
755 356 69 22 tacka
842 356 35 22 för

124 391 38 21 sin
179 391 138 29 utveckling
334 391 56 21 eller
407 391 69 21 hvars
494 398 68 22 egare
580 390 46 22 han
644 394 32 18 är.
711 390 165 22 Allmänheten

126 426 50 23 åter
203 426 66 27 skall,
287 426 75 21 säsom'
388 426 160 21 erfarenheten
574 426 68 26 visat,
660 426 78 20 känna
756 426 36 27 sig
810 425 67 29 djupt

127 460 102 29 upprörd
247 460 65 22 öfver
330 468 29 14 en
378 460 171 22 administrativ
567 459 88 29 ätgärd,
666 459 96 22 hvilken
774 460 36 21 för
823 459 54 21 den-

126 502 88 14 samma
238 495 73 21 mäste
337 494 96 22 framstä
451 494 111 28 antingen
584 495 75 21 säsom
676 502 29 13 en
724 494 101 21 förtäckt
842 494 35 21 in-

127 529 117 29 dragning
270 529 56 21 eller
353 529 43 21 ock
414 529 74 21 säsom
506 535 28 15 en
552 528 134 29 kränkning
703 530 57 20 utan
778 530 99 20 motsva-

126 563 72 22 rande
217 563 76 29 saklig
304 563 122 21 innebörd.
458 562 114 29 Slutligen
584 562 42 22 har
638 562 239 29 generalguvernören

126 598 38 21 till
181 598 91 21 biträde
289 597 41 22 vid
348 596 181 23 öfvervakandet
546 597 24 21 af
587 596 180 30 pressärendena
780 596 98 22 anstälts

127 640 29 13 en
168 632 99 22 särskild
279 632 145 22 konsultativ
436 631 92 28 komite,
542 634 151 19 sammansatt
705 631 23 22 af
740 630 138 23 ordförande

127 666 44 21 och
183 674 40 13 sex
234 666 134 27 ledamöter,
380 666 81 21 hvilka
473 666 110 21 tillsättas
596 666 24 21 af
631 666 245 28 generalguvernören.

127 700 46 22 Till
192 700 75 22 denne
284 700 88 22 komit6
390 700 70 22 hafva
477 700 110 21 inkallats
605 700 69 28 ryske
686 703 60 24 män,
760 700 118 27 okunnige

127 743 38 14 om
182 735 43 22 här
247 735 103 22 rädande
372 734 182 28 samhällsskick,
572 735 66 28 lagar
656 734 43 22 och
716 734 162 22 förhällanden

127 770 8 21 i
154 769 71 29 öfrigt
242 771 59 20 samt
319 769 89 29 egande
427 769 70 28 ingen
515 769 56 21 eller
588 769 60 21 blott
666 769 125 28 bristfällig
806 769 72 28 insigt

126 805 9 21 i
153 804 91 22 landets
262 805 76 28 spräk.
366 803 104 22 Sälunda
481 804 43 21 har
538 803 155 22 bedömandet
711 803 23 22 af
746 803 76 22 andan
835 802 43 23 och

127 839 137 28 hällningen
281 839 43 21 hos
341 837 113 22 Finlands
480 837 168 30 tidningspress
676 837 163 22 öfverlemnats
854 838 25 21 ät

128 881 29 14 en
174 873 141 28 institution,
342 873 96 22 hvilken
456 873 9 21 i
482 872 59 21 strid
567 872 52 22 med
644 872 158 28 grundlagens
820 872 58 21 före-

127 907 70 22 skrift
222 907 52 22 icke
301 911 25 18 är
352 909 150 20 sammansatt
529 907 23 21 af
577 907 73 21 finske
676 911 54 17 män
748 906 43 22 och
809 907 69 21 hvars

128 941 102 23 domslut
246 942 51 21 kan
316 942 92 21 komma
430 943 35 20 att
482 941 90 29 grunda
591 941 36 28 sig
644 942 30 27 pä
691 941 147 28 bristfälliga,
856 941 24 28 ja

127 977 38 21 till
184 976 43 22 och
244 976 53 22 med
315 976 101 29 oriktiga
438 976 186 27 öfversättungar
642 975 24 22 af
684 975 44 22 den
746 975 134 29 periodiska

128 1018 105 21 pressens
251 1011 145 21 uttalanden.

197 1045 45 21 Väl
271 1048 39 18 äro
341 1044 45 22 den
412 1044 158 21 konsultativa
596 1043 180 29 presskomitöns
802 1043 78 27 utslag

128 1079 154 29 preliminära,
293 1080 25 20 så
336 1079 37 21 till
390 1078 55 22 vida
463 1085 49 15 som
530 1078 27 21 de
575 1078 35 22 för
629 1080 35 19 att
681 1078 71 21 vinna
769 1077 111 29 giltighet

128 1113 104 22 erfordra
257 1112 148 22 fastställelse
432 1112 23 22 af
475 1112 244 29 generalguvernören.
755 1112 54 21 Men
828 1111 52 21 med

128 1148 92 28 hänsyn
237 1148 38 20 till
293 1146 149 30 mängfalden
461 1147 23 21 af
502 1146 27 21 de
547 1146 110 28 göromäl,
676 1146 80 22 hvilka
774 1146 64 21 hvila
850 1146 31 28 pä

129 1182 75 21 denne
228 1181 59 29 höge
314 1181 140 25 funktionär,
473 1180 43 22 och
539 1180 37 21 till
594 1180 44 21 och
655 1180 52 21 med
725 1180 73 21 under
816 1182 65 18 anta-

129 1216 75 28 gande
234 1218 35 19 att
298 1215 47 22 han
371 1215 85 27 ansäge
485 1214 40 21 det
542 1215 75 21 såsom
640 1215 36 21 sin
694 1213 134 29 skyldighet
846 1215 35 19 att

129 1250 57 22 söka
203 1250 86 22 bevara
307 1250 68 21 äfven
394 1249 40 21 det
451 1248 44 22 fria
513 1248 77 22 ordets
607 1250 53 26 rätt,
680 1248 60 22 skall
757 1248 47 21 han
814 1247 66 28 dock,

129 1284 143 22 främmande
289 1291 49 14 som
355 1284 47 21 han
420 1284 48 20 stär
485 1283 36 21 för
538 1282 28 22 de
584 1282 120 22 inhemska
722 1282 105 29 spräken,
845 1282 37 21 för

129 1318 43 22 här
197 1318 102 22 rådande
329 1317 160 28 rättsordning
513 1317 42 21 och
573 1317 85 21 folkets
675 1316 107 28 verkliga
800 1315 81 22 äskäd-

129 1352 124 28 ningssätt,
280 1351 122 28 lätteligen
428 1351 48 20 läta
502 1350 36 28 sig
564 1350 85 21 förmäs
675 1352 35 19 att
736 1350 8 21 i
762 1349 40 21 det
819 1351 63 19 stora

129 1385 101 22 flertalet
255 1385 42 22 fall
321 1385 92 22 ansluta
430 1384 36 28 sig
484 1383 36 22 till
538 1383 44 22 den
600 1383 159 22 konsultativa
778 1383 103 29 pressko-

130 1420 84 23 mitens
231 1419 157 30 uppfattning.

200 1500 147 22 Lagutskottets
360 1499 118 18 betänkande
490 1499 40 17 N:o
542 1499 18 17 9.
