1061 1703
304 158 248 23 Petitionsbetänkande
567 159 37 22 N:o
621 159 33 21 13.
820 160 26 21 21

97 223 87 27 belopp;
203 223 72 22 härtill
290 224 90 26 komme,
396 225 67 26 enligt
478 225 136 21 meddelande
629 225 47 21 från
692 225 156 21 trafikdirektö-

96 263 37 15 ren
156 257 34 21 vid
216 258 197 27 statsjärnvägarne,
436 259 122 26 ytterligare
582 265 26 15 en
630 259 118 26 betydande
764 259 83 26 utgifts-

97 291 79 26 ökning
197 291 33 20 för
251 291 141 28 anläggandet
411 291 23 22 af
448 293 128 26 dubbelspår
591 291 29 28 på
634 293 56 20 vissa
705 293 101 21 bandelar
822 293 25 24 (t.

95 331 32 15 ex.
150 325 291 27 Riihimäki—Tammerfors,
465 326 222 26 Riihimäki—Lahtis,
703 325 144 23 Simola—Vi-

95 358 62 28 borg)
176 362 54 19 samt
247 360 34 21 för
297 360 132 27 ombyggnad
444 361 39 21 och
498 361 123 27 utvidgning
636 360 22 22 af
672 360 120 27 bangårdar
808 360 38 21 och

95 399 24 15 en
135 394 35 20 del
185 395 109 21 stationer.

163 428 39 27 Då,
225 429 7 21 i
251 430 53 20 trots
323 428 24 22 af
361 429 61 22 dessa
436 430 152 26 invändningar
604 431 43 19 mot
669 429 177 27 petitionärernes

93 461 85 29 förslag,
195 464 26 20 de
233 463 100 21 brittiska
347 463 160 22 förhållandena
517 463 67 22 blifvit
595 464 56 21 inom
662 463 118 25 Utskottet,
792 462 52 22 lika-

93 502 45 16 som
154 496 23 22 af
190 498 173 26 petitionärerne,
379 498 89 21 anförda
482 504 45 16 som
543 498 57 21 bevis
616 497 33 21 för
664 496 138 28 möjligheten
812 498 33 19 att

93 532 106 26 praktiskt
217 532 123 27 genomföra
354 531 111 28 reformen,
481 533 24 21 så
519 539 63 15 anser
596 532 32 27 sig
647 532 111 21 Utskottet
779 533 66 25 ytter-

93 572 50 20 gare
165 566 52 22 böra
237 566 108 26 anmärka,
371 569 32 19 att
418 566 23 22 af
462 568 59 20 detta
542 567 94 27 exempel
658 567 49 26 inga
730 566 114 21 slutsatser

92 600 73 22 kunna
180 601 76 26 dragas
271 600 132 23 beträffande
418 602 51 21 våra
479 601 172 28 statsjärnvägar.
675 601 9 21 I
695 600 97 27 England
804 600 39 22 och

92 634 113 23 Skottland
223 638 38 19 äro
280 636 105 27 nämligen
398 636 139 28 järnvägarne
553 636 69 28 bygda
637 636 29 26 så,
682 636 33 21 att
730 642 25 14 en
769 635 74 27 betyd-

91 669 39 27 ligt
145 671 68 20 större
228 670 140 27 farhastighet
384 672 25 19 än
424 670 28 27 på
467 671 50 21 våra
527 670 66 22 banor
603 670 42 21 kan
656 669 115 26 utvecklas,
782 668 62 22 hvar-

91 703 84 28 igenom
197 704 64 27 tågen
285 705 26 26 på
331 705 152 26 jämförelsevis
505 705 49 21 kort
577 705 31 21 tid
630 705 27 21 nå
672 704 170 27 ändpunkterna.

92 734 67 26 Äfven
182 739 41 21 den
245 739 105 28 väglängd
372 740 26 21 de
420 740 157 27 genomgående
597 739 63 27 tågen
675 738 63 22 hafva
753 740 33 20 att
800 738 43 21 till-

91 773 127 28 ryggalägga
233 776 24 19 är
272 775 6 20 i
294 774 71 27 regeln
380 774 104 27 betydligt
499 775 80 21 mindre
595 777 26 18 än
637 774 39 21 hos
691 779 41 16 oss.
754 773 90 21 Petitio-

90 810 90 20 närerne
203 808 74 21 anföra
299 809 123 27 visserligen
445 809 94 26 exempel
557 809 27 27 på
602 809 62 26 långa
679 808 141 21 bansträckor
836 807 7 21 i

91 842 176 27 Storbritannien,
290 850 47 15 men
360 843 62 22 dessa
437 844 95 26 exempel
548 845 36 20 äro
600 843 46 21 icke
661 843 120 25 bevisande,
798 843 42 20 sär-

90 877 65 22 skildt
177 877 47 22 icke
250 878 5 20 i
279 878 60 27 fråga
362 883 33 16 om
410 878 150 27 godstrafiken.
590 877 30 27 Ty
636 877 68 21 denna
719 879 60 25 tager
794 876 47 21 där-

93 911 71 23 städes
194 918 25 15 en
239 913 45 21 helt
306 919 69 15 annan
398 912 94 28 riktning
514 915 26 19 än
562 913 7 21 i
591 912 47 21 vårt
659 911 56 22 land.
753 911 91 22 Storbri-

92 947 99 21 tanniens
210 947 94 22 insulära
321 947 45 28 läge
382 949 38 24 gör
434 949 33 19 att
481 954 91 15 varorna
586 947 28 28 på
619 946 154 28 jämförelsevis
781 946 63 21 korta

91 981 104 22 distanser
217 981 27 22 nå
266 982 94 21 inlandet
382 981 48 22 från
453 982 26 22 de
497 983 71 21 städse
589 981 60 22 isfria
670 981 117 22 hamnarna
802 979 40 22 och

90 1017 98 19 tvärtom.
219 1015 89 22 Finland
331 1016 95 21 däremot
449 1019 24 19 är
495 1018 6 20 i
524 1017 59 21 detta
602 1016 119 21 hänseende
737 1015 47 21 icke
799 1014 44 21 lika

89 1049 88 27 lyckligt
192 1050 87 26 lottadt;
295 1050 50 22 våra
355 1050 88 22 hamnar
454 1052 55 26 ligga
519 1051 75 21 endast
609 1051 7 20 i
631 1051 69 20 vester
715 1049 40 21 och
770 1048 70 26 söder,

90 1084 39 21 och
144 1084 67 22 under
227 1087 76 19 nästan
318 1084 70 22 halfva
406 1084 47 22 året
471 1088 37 18 äro
523 1086 108 20 dessutom
647 1084 75 26 Hangö
739 1083 39 21 och
794 1076 45 28 Åbo

88 1118 84 22 landets
190 1119 54 21 enda
259 1121 70 25 öppna
344 1119 94 21 hamnar.
454 1131 27 3 —
497 1120 60 20 Huru
572 1118 112 22 afvikande
699 1118 26 21 de
740 1116 100 22 brittiska

89 1153 90 21 sederna
194 1153 39 21 och
247 1153 82 21 bruken
345 1156 37 19 äro
393 1152 46 23 från
451 1154 56 26 våra,
519 1154 38 20 har
567 1152 66 22 redan
644 1154 6 20 i
661 1154 65 20 annat
736 1157 105 17 samman-

88 1188 57 26 hang
167 1187 127 22 framhållits
317 1188 46 25 (sid.
381 1188 41 26 16).
453 1188 44 21 Här
515 1188 35 21 mä
564 1187 124 27 ytterligare
702 1186 86 22 anföras
803 1186 38 24 att,

88 1222 76 22 medan
191 1223 6 21 i
224 1222 96 27 England
347 1222 39 22 och
413 1222 113 22 Skottland
551 1228 58 16 resor
632 1223 79 26 ogärna
733 1220 107 26 företagas

87 1256 28 28 på
138 1257 139 27 söndagarna,
300 1257 39 21 hos
361 1263 34 16 oss
418 1259 90 19 tvärtom
526 1257 44 27 just
588 1256 62 22 dessa
664 1256 33 21 för
711 1254 94 22 flertalet
819 1254 23 21 af

88 1291 149 27 befolkningen
260 1292 53 20 enda
329 1291 69 28 lediga
414 1292 65 26 dagar
493 1292 62 27 pläga
570 1291 106 21 användas
692 1290 32 22 för
739 1288 103 28 utflykter

87 1326 40 20 och
141 1332 66 15 resor.
228 1325 30 21 På
281 1326 51 20 flere
348 1328 56 19 orter
420 1326 76 20 anlitas
509 1326 140 26 järnvägarne
664 1325 59 21 äfven
735 1324 33 20 för
778 1323 63 26 kyrk-

86 1359 106 26 färderna,
213 1359 40 20 och
275 1358 148 27 befolkningen
443 1360 8 19 i
469 1360 102 20 närheten
590 1358 22 21 af
626 1360 56 20 vissa
695 1358 145 27 järnvägssta-

87 1393 70 22 tioner
172 1393 38 22 har
225 1393 7 21 i
247 1393 77 22 sådant
339 1393 53 27 syfte
407 1392 51 28 själf
471 1393 89 22 anhållit
574 1399 34 16 om
624 1395 60 19 extra
693 1391 106 28 lokaltägs
811 1391 30 22 af-

87 1428 115 22 sändande.
232 1422 83 27 Önskar
333 1435 48 14 man
396 1427 70 22 införa
481 1434 25 15 en
521 1427 124 27 förändring
660 1427 7 22 i
682 1427 87 27 engelsk
785 1427 56 21 anda

87 1463 24 22 af
125 1463 118 27 söndagens
258 1463 108 26 begående
382 1463 38 21 hos
436 1468 41 20 oss,
493 1462 24 22 så
532 1469 61 20 synas
605 1462 236 22 kommunikationerna

155 1503 101 18 Allmänna
268 1503 175 18 Besvärsutskottets
455 1503 111 18 betänkande
578 1503 34 18 N:o
626 1503 25 18 11.
