1064 1720
330 165 250 24 Petitionsbetänkande
595 167 38 23 N:o
649 166 34 23 26.

416 545 138 22 Allmänna
598 545 269 24 Besvärsutskottets

321 579 169 22 betänkande
513 580 44 22 N:o
575 579 38 28 15,
629 580 8 21 i
652 581 122 28 anledning
793 581 25 22 af
835 581 31 22 åt-

320 614 92 29 skilliga
426 615 8 22 i
450 615 90 27 Preste-,
557 615 107 29 Borgare-
679 616 39 21 och
733 615 134 23 Bondestån-

320 649 41 22 den
377 649 81 22 väckta
474 650 192 28 petitionsförslag
679 650 115 29 angående
805 657 62 22 orga-

320 683 128 23 nisationen
464 685 39 21 och
513 685 142 22 underhållet
665 685 26 22 af
699 685 112 22 särskilda
826 686 41 21 ele-

320 718 192 23 mentarläroverk
523 719 39 22 och
574 719 227 23 fruntimmersskolor
812 721 56 22 samt

319 759 34 16 om
368 759 44 22 nya
426 753 116 23 läroverks
557 753 136 23 inrättande.

183 851 83 21 Genom
280 851 204 28 protokollsutdrag
499 851 25 22 af
538 853 42 21 den
594 854 20 26 8,
632 854 26 19 10
669 854 40 20 och
723 854 25 20 13
760 853 108 22 Februari

113 885 68 23 hafva
195 886 94 27 Preste-,
305 885 109 29 Borgare-
430 887 40 21 och
484 886 170 23 Bondestånden
669 886 34 22 till
717 888 150 28 behandling
854 881 16 39 i

115 920 116 22 Allmänna
252 921 208 22 Besvärsutskottet
474 922 123 28 hänskjutit
611 922 163 22 nedanstående
790 924 78 21 sexton

113 955 223 28 petitionsmemorial,
359 956 124 27 hvarjämte
504 956 108 28 Borgare-
635 958 41 21 och
697 957 171 22 Bondestånden

116 990 103 28 delgifvit
232 990 117 23 Utskottet
364 992 26 20 de
404 990 8 22 i
428 992 64 21 dessa
507 991 63 23 stånd
587 992 37 22 vid
639 992 105 22 remissen
760 992 23 22 af
797 992 71 28 några

113 1025 67 23 bland
195 1024 172 29 ifrågavarande
382 1026 112 22 memorial
508 1026 78 28 gjorda
601 1027 152 22 uttalandena:

634 1120 165 28 (Öfversättning.)

115 1200 19 21 1.
273 1200 51 19 Till
339 1200 164 26 Högvördiga
518 1200 205 20 Presteståndet.

183 1274 109 20 Lärdoms-
316 1274 38 20 och
376 1274 204 26 bildningsbehofvet
597 1275 7 19 i
623 1275 128 19 Tavastehus
774 1275 33 19 län
830 1275 37 19 har

115 1303 46 20 från
184 1306 79 16 statens
282 1303 46 19 sida
347 1303 19 25 ej
382 1303 69 19 blifvit
466 1303 121 25 tillräckligt
602 1303 139 25 tillgodosedt.
772 1304 74 18 Medan
860 1304 7 18 i

115 1332 67 24 öfriga
196 1332 34 19 län
245 1332 119 19 förefunnos
380 1331 48 20 flere
437 1332 30 18 af
480 1336 66 16 staten
562 1332 113 19 bekostade
689 1332 69 24 lyceer
773 1335 53 16 samt
842 1338 24 12 en

115 1360 49 18 eller
182 1360 49 18 flere
246 1359 217 23 fruntimmersskolor,
479 1359 40 19 fick
534 1366 45 12 man
596 1360 6 18 i
618 1359 125 19 Tavastland
754 1360 70 24 åtnöja
834 1359 33 25 sig

115 1387 46 19 med
176 1390 31 16 ett
222 1387 53 19 enda
296 1387 80 25 lyceum
392 1390 53 16 samt
460 1387 26 25 på
501 1387 81 19 enskild
598 1390 40 22 väg
648 1387 110 25 tillgodose
780 1387 86 19 kvinno-

116 1415 131 26 bildningens
261 1415 53 20 kraf.
337 1415 61 19 Först
413 1414 65 20 under
494 1418 69 16 senast
578 1414 97 20 förflutna
690 1415 120 20 decennium
825 1414 45 20 blef

115 1444 126 26 fyrklassiga
259 1444 117 20 realskolan
391 1444 6 19 i
413 1444 136 20 Tammerfors
565 1444 100 25 utvidgad
680 1444 32 19 till
728 1447 30 17 ett
772 1444 94 20 fullstän-

114 1474 45 25 digt
181 1474 130 26 reallyceum,
332 1480 45 13 men
393 1473 61 25 ingen
470 1473 53 19 enda
533 1473 198 20 fruntimmersskola
747 1473 37 20 har
798 1473 69 21 blifvit

184 1513 103 18 Allmänna
299 1513 173 19 Besvärsutskottets
484 1512 110 19 betänkande
605 1512 35 19 N:o
652 1513 27 17 15.
