1061 1706
192 164 14 20 4
391 160 250 24 Petitionsbetänkande
656 160 40 23 N:o
713 160 34 23 16.

193 225 32 21 till
240 224 131 22 bekostande
386 223 23 22 af
422 224 91 21 särskild
527 224 71 27 tillsyn
614 223 59 22 öfver
686 224 25 20 de
722 224 92 27 kvinliga
825 224 118 21 eleverna."

260 258 68 23 Dessa
337 258 165 28 bestämningar,
511 264 44 16 som
564 258 129 28 väsentligen
702 258 187 22 öfverensstämma
896 257 48 22 med

193 294 91 27 tidigare
306 293 149 27 anordningar,
477 294 63 21 hafva
563 292 121 22 förorsakat
706 294 98 26 missnöje
820 293 58 21 inom
896 292 49 22 vida

193 329 84 21 kretsar
295 328 40 22 och
355 328 119 26 flerfaldiga
489 328 79 28 gånger
582 328 62 27 gifvit
659 328 114 27 anledning
787 328 33 22 till
835 328 110 27 petitions-

193 363 79 27 förslag
286 362 36 22 vid
336 363 163 25 landtdagarna.

261 397 76 22 Redan
352 397 35 21 vid
402 396 128 28 landtdagen
548 396 54 23 1888
618 397 165 27 petitionerades
794 398 6 21 i
812 397 83 22 Preste-
906 396 39 22 och

197 432 189 27 Borgarestånden,
402 432 32 21 att
449 432 175 28 terminsafgiften
635 432 7 21 i
652 433 80 21 statens
746 431 123 23 flickskolor
877 431 70 22 blefve

196 467 86 21 nedsatt
296 466 33 22 till
344 472 81 16 samma
439 466 77 28 belopp
527 473 45 15 som
583 467 7 21 i
600 466 104 27 lyceerna.
724 466 113 22 Allmänna
847 466 100 21 Besvärs-

195 500 106 22 utskottet
323 500 103 27 afstyrkte
449 501 115 21 emellertid
584 501 121 26 petitionen,
722 500 44 22 dels
781 500 27 27 på
824 501 38 21 den
879 500 68 27 grund

196 537 32 19 att
238 535 151 21 skolkassorna
401 535 39 21 och
451 534 268 28 skolbyggnadsfonderna,
727 534 33 22 till
770 535 72 21 hvilka
849 535 98 21 termins-

196 569 112 27 afgifterna
323 569 33 27 gå,
375 569 67 22 skulle
457 576 75 20 genom
548 570 72 21 dessas
635 570 136 26 nedsättning
785 570 101 25 minskas,
903 568 44 22 dels

196 604 28 26 på
232 604 40 20 den
280 603 70 27 grund
359 605 38 25 att,
409 604 27 21 då
445 603 246 23 fruntimmersskolorna
701 604 7 21 i
719 604 67 26 högre
794 604 52 26 grad
855 606 26 19 än
889 608 59 22 goss-

196 638 100 22 skolorna
323 637 111 27 tillgodose
462 640 31 20 ett
514 639 70 26 privat
604 637 179 28 bildningsbehof,
802 638 25 21 de
845 637 101 22 enskilda,

198 679 46 15 som
258 672 24 22 af
296 672 61 22 deras
372 672 149 27 undervisning
536 673 63 21 hafva
613 672 74 26 fördel,
703 674 51 26 godt
769 672 70 22 kunde
856 672 92 28 skyldig-

195 708 82 20 kännas
292 708 32 20 att
339 707 128 21 åtminstone
482 707 6 21 i
504 714 80 15 samma
599 707 54 22 mått
668 714 44 14 som
728 707 75 22 hittills
818 707 88 27 bidraga
916 706 33 21 till

196 741 139 22 statsverkets
350 741 115 21 kostnader
479 742 34 20 för
527 742 184 26 undervisningen.
735 742 67 21 Detta
812 740 136 28 afstyrkande

194 776 79 27 förslag
283 776 122 26 godkändes
416 776 23 21 af
447 778 76 20 trenne
530 776 148 22 stånd.
616 772 14 35 —
640 776 38 22 Vid
689 776 127 27 landtdagen
830 776 53 21 1891
897 782 52 20 upp-

197 813 47 25 togs
260 817 81 15 samma
356 811 158 27 önskningsmål
524 812 7 20 i
542 812 141 26 petitionsväg
693 812 6 20 i
710 811 167 22 Presteståndet.
896 805 53 27 Åter

197 845 115 27 afstyrktes
327 846 116 26 petitionen
459 846 23 20 af
495 845 113 23 Allmänna
618 846 207 21 Besvärsutskottets
834 845 77 27 flertal,
922 844 28 28 på

198 880 8 20 i
220 878 120 23 hufvudsak
355 886 80 16 samma
449 881 93 25 grunder
557 886 45 16 som
618 880 24 22 år
659 880 61 22 1888.
749 880 40 22 Till
804 880 146 22 betänkandet

196 920 38 16 var
252 914 118 22 emellertid
388 914 64 28 fogad
467 922 26 15 en
509 915 23 22 af
545 917 32 20 tre
593 916 136 21 medlemmar
744 915 159 22 undertecknad
917 921 33 15 re-

200 949 113 27 servation,
324 956 45 15 som
379 950 114 21 förordade
504 950 176 27 petitionärernes
691 950 165 26 önskningsmål.
874 950 76 21 Denna

201 984 130 21 reservation
346 984 123 27 godkändes
484 985 7 20 i
507 985 25 21 de
547 986 32 20 tre
595 985 76 21 ofrälse
686 984 97 27 stånden,
793 984 85 21 hvadan
893 985 56 21 stän-

200 1018 127 27 derpetition
341 1018 7 22 i
362 1019 87 21 ärendet
464 1018 45 22 blef
523 1019 86 22 aflåten.
632 1019 118 21 Petitionen
761 1018 123 22 föranledde
895 1018 55 22 dock

196 1052 63 27 ingen
275 1052 75 27 åtgärd
365 1053 46 22 från
426 1054 144 27 Regeringens
586 1054 51 21 sida.

265 1087 74 22 Under
354 1087 58 22 tiden
427 1088 77 21 mellan
521 1088 52 21 1891
591 1088 40 21 och
647 1088 55 21 1894
713 1088 33 21 års
757 1087 126 27 landtdagar
895 1093 55 15 sam-

197 1121 125 22 manträdde
345 1121 36 22 det
401 1121 50 22 4:de
469 1122 107 22 allmänna
591 1122 183 21 skolläraremötet
790 1122 62 21 1893.
885 1121 66 22 Detta

196 1158 58 19 möte
276 1156 99 21 förenade
397 1157 32 26 sig
447 1163 34 14 om
507 1158 31 20 ett
560 1157 110 21 uttalande
696 1156 87 27 därhän,
800 1157 36 26 att
854 1157 97 21 termins-

196 1190 113 27 afgifterna
330 1191 7 20 i
356 1190 149 22 flickskolorna
520 1191 66 22 borde
608 1191 109 21 nedsättas
733 1191 33 21 till
781 1197 79 15 samma
874 1190 77 27 belopp

197 1231 46 15 som
258 1225 7 21 i
280 1225 145 26 gosskolorna.

265 1259 40 20 Vid
328 1258 127 27 landtdagen
476 1258 55 21 1894
549 1260 85 20 väcktes
652 1259 46 20 åter
715 1259 7 20 i
741 1258 160 21 Presteståndet
920 1260 32 19 ett

198 1292 180 26 petitionsförslag
392 1293 7 20 i
414 1299 81 14 samma
510 1293 60 26 syfte.
594 1293 75 20 Denna
684 1293 55 26 gång
754 1293 66 26 ansåg
834 1292 117 26 l|Allmänna

198 1325 205 23 Besvärsutskottets
425 1326 76 27 flertal,
524 1333 45 16 som
587 1327 123 26 visserligen
733 1327 46 22 icke
798 1327 99 26 förbisåg,
918 1329 34 19 att

200 1367 76 22 genom
292 1361 40 22 den
347 1361 120 28 föreslagna
482 1362 161 27 nedsättningen
659 1362 23 21 af
696 1361 255 23 fruntimmersskolornas

199 1396 175 28 terminsafgifter
389 1397 127 21 statsverket
530 1397 84 22 komme
629 1398 33 20 att
677 1397 117 22 vidkännas
804 1403 26 15 en
841 1396 54 27 årlig
909 1395 42 23 för-

199 1431 44 21 lust
257 1431 23 21 af
294 1437 32 16 c:a
340 1431 77 26 50,000
431 1432 68 26 mark,
515 1432 31 27 sig
561 1432 83 21 likvisst
658 1431 71 22 kunna
744 1431 107 28 tillstyrka
866 1431 85 27 petitio-

200 1471 40 15 nen
260 1465 39 22 och
314 1466 85 21 förorda
415 1472 25 15 en
456 1466 136 27 nedsättning
606 1466 24 21 af
644 1465 61 22 dessa
720 1465 85 28 afgifter
821 1466 32 21 till
868 1472 81 15 samma

265 1504 102 19 Allmänna
379 1504 172 19 Besvärsutskottets
563 1504 111 19 betänkande
685 1504 34 19 N:o
731 1505 28 18 13.
