1064 1714
182 208 12 20 2
321 206 84 22 Ständ.
421 206 53 22 Pet.
491 219 26 2 —
534 206 169 22 Petitionsbet.
720 206 44 22 N:o
780 206 20 21 1.

250 279 84 22 Denna
360 279 8 21 i
394 278 29 22 de
450 278 67 22 flesta
535 278 23 22 af
575 278 103 29 Europas
696 278 162 22 kulturländer
875 279 59 21 före-

183 314 136 22 kommande
345 313 141 29 institution,
510 313 69 23 hvars
597 313 185 29 hufvuduppgift
800 317 26 18 är
844 316 35 20 att
896 313 37 23 be-

182 350 64 28 tjena
273 348 106 22 enskilda
404 356 115 21 personer,
540 348 30 22 då
588 348 28 22 de
635 348 119 29 angående
772 348 162 22 rättsärenden

182 384 66 21 skola
265 385 111 27 upprätta
394 382 170 30 afhandlingar,
584 382 136 30 åtnjutande
739 382 44 22 den
799 383 134 28 beviskraft,

182 426 49 14 som
250 418 140 21 tillkommer
408 418 106 28 offentlig
532 417 148 29 myndighets
698 418 146 28 handlingar,
862 422 25 17 är
898 418 36 22 för

182 452 45 22 den
245 452 75 22 finska
337 454 77 20 rätten
432 455 84 19 nästan
528 452 48 22 helt
592 452 43 22 och
646 452 73 22 hållet
730 452 149 28 främmande,
891 452 43 22 och

183 486 143 23 afsaknaden
354 486 65 22 deraf
446 488 72 21 måste
544 488 57 20 utan
622 487 82 22 tvifvel
722 487 118 22 betraktas
859 488 75 21 såsom

183 529 28 14 en
231 522 58 22 brist
307 522 8 21 i
333 522 42 21 vår
392 522 155 28 lagstiftning.

251 557 88 29 Vigten
366 556 64 23 deraf
457 559 35 20 att
518 556 117 29 skriftliga
663 556 170 29 afbandlingar,
854 556 81 23 hvilka

182 592 37 21 för
245 592 55 28 lång
324 591 35 22 tid
377 591 85 22 framåt
479 592 65 21 skola
562 592 64 28 tjena
644 591 37 22 till
699 592 160 27 efterrättelse,
877 599 57 21 upp-

182 628 73 20 rättas
283 627 23 21 af
332 626 150 29 kompetenta
500 626 43 22 och
561 626 147 29 sakkunniga
726 633 114 22 personer,
859 627 76 28 ligger

182 661 8 21 i
217 665 76 25 öppen
319 661 53 28 dag.
407 661 37 21 En
472 661 72 22 sådan
562 660 130 29 anordning
710 661 89 22 lemnar
816 661 119 28 garantier

181 695 36 22 för
243 698 36 19 att
305 695 195 29 afhandlingarna
526 696 74 22 blifva
627 695 110 22 affattade
759 696 8 21 i
784 695 74 29 laglig
876 695 58 22 form

183 730 44 21 och
244 730 53 21 med
314 729 136 29 erforderlig
468 730 128 29 tydlighet;
616 729 42 22 och
677 729 29 22 då
724 730 28 21 de
768 731 24 21 af
804 731 131 21 notarierne

182 764 140 29 upprättade
339 764 149 22 urkunderna
506 765 66 22 skola
584 772 43 21 ega
641 765 106 28 offentlig
767 765 167 28 trovärdighet,

183 803 26 17 är
226 799 266 22 notariatinstitutionen
510 799 76 29 egnad
604 799 21 28 ej
644 799 61 21 blott
723 801 35 20 att
780 799 8 22 i
806 799 130 22 vidsträckt

182 833 54 22 mån
265 833 128 29 förebygga
420 833 100 29 onödiga
545 833 149 28 rättstvister,
721 836 57 19 utan
806 834 68 22 äfven
900 835 35 20 att

183 867 132 23 underlätta
342 868 135 29 bevisnings
501 867 173 24 framställande
699 867 29 23 då
746 869 58 22 tvist
821 869 71 21 redan
910 872 26 18 är

183 903 124 29 anhängig.
344 903 143 22 Framhällas
512 903 42 22 bör
572 903 122 28 dessutom,
714 906 34 19 att
765 904 36 21 för
819 904 27 21 de
865 904 70 21 inter-

182 938 128 22 nationella
328 937 106 23 handels-
453 938 43 21 och
514 937 253 23 affärsförbindelserna
779 939 157 22 förekomsten

183 973 23 21 af
224 974 34 19 ett
277 972 97 22 allmänt
392 973 203 21 notariatväsende
613 973 42 21 har
673 975 48 19 stor
732 973 120 28 betydelse
864 973 72 22 bland

184 1008 71 21 annat
273 1006 53 22 med
345 1007 107 22 afseende
470 1007 14 21 &
502 1007 166 29 bestyrkandet
687 1007 23 21 af
728 1007 151 29 handlingars
897 1015 39 15 au-

183 1041 122 22 tenticitet.
341 1042 287 22 Notariatverksamheten
655 1042 135 22 förutsätter
808 1043 74 28 alltså,
902 1044 34 21 att

182 1076 131 22 notarierne
341 1080 39 18 äro
403 1076 53 22 med
474 1077 107 28 offentlig
599 1076 137 29 myndighet
754 1077 114 22 beklädda
886 1085 50 21 per-

183 1118 74 20 soner,
276 1118 37 13 om
326 1110 28 21 de
367 1111 70 21 ocksä
449 1111 51 21 icke
513 1111 118 22 betraktas
644 1112 74 21 säsom
731 1112 204 28 statstjenstemän.

252 1144 138 29 Ständerna,
417 1144 81 23 hvilka
524 1146 30 28 pä
581 1145 104 29 antydda
711 1145 101 29 grunder
838 1146 64 22 velat
928 1146 8 22 i

184 1179 91 29 princip
303 1179 97 22 omfatta
427 1180 40 21 det
492 1180 9 21 i
519 1180 129 28 petitionen
666 1180 135 22 framstälda
819 1180 117 30 förslaget,

184 1214 70 22 hafva
281 1213 60 22 dock
360 1216 77 20 ansett
455 1214 177 30 befolkningens
650 1215 30 29 pä
697 1214 163 30 landsbygden
877 1216 59 29 gles-

183 1248 40 21 het
251 1251 84 25 utgöra
362 1250 34 19 ett
421 1250 127 26 väsentligt
574 1249 83 21 hinder
683 1250 36 20 för
743 1250 193 21 notariatinstitu-

183 1282 91 21 tionens
301 1282 122 21 införande
450 1282 142 22 omedelbart
619 1283 108 21 öfverallt
744 1284 9 20 i
770 1283 86 22 landet.
891 1284 46 21 Det

181 1323 56 15 vore
265 1316 118 28 nämligen
411 1316 129 22 önskvärdt
557 1318 35 20 att
609 1317 72 28 nägot
698 1317 84 29 bidrag
799 1317 52 22 frän
869 1320 68 20 stats-

182 1350 93 22 verkets
300 1350 51 22 sida
369 1350 38 22 till
424 1351 225 23 notariatväsendets
668 1352 142 22 bekostande
828 1352 52 22 icke
898 1353 38 22 be-

182 1384 70 23 höfde
269 1385 175 29 ifrägakomma,
463 1388 57 20 utan
538 1388 35 20 att
590 1386 163 23 institutionen
770 1388 8 21 i
790 1387 148 23 ekonomiskt

183 1420 108 22 afseende
317 1420 79 22 kunde
419 1420 117 29 uppbäras
553 1428 82 22 genom
654 1421 28 22 de
700 1422 108 29 arvoden,
827 1422 53 22 dem
897 1430 40 14 no-

183 1455 99 21 tarierne
309 1455 37 22 för
372 1455 51 22 sina
441 1455 167 30 förrättningar
626 1456 58 29 egde
703 1456 173 30 tillgodoräkna
894 1458 42 29 sig.

181 1489 54 22 Med
257 1489 108 23 afseende
383 1489 57 22 härä
458 1490 42 22 och
518 1491 8 21 i
545 1491 153 22 betraktande
716 1492 85 29 jemväl
819 1492 65 22 deraf
902 1494 35 20 att

181 1524 164 23 institutionen
364 1529 24 17 är
406 1525 8 21 i
432 1525 81 22 landet
531 1525 117 30 opröfvad,
666 1526 71 22 hafva
755 1526 130 23 Ständerna
897 1535 39 14 an-
