1061 1709
311 102 272 26 Petitionsbetänkande
598 105 41 23 N:o
660 105 38 22 29.

400 510 477 28 Lagutskottetsbetänkande

329 545 47 22 N:o
399 545 32 22 16
452 545 10 22 i
486 545 134 29 anledning
637 546 27 22 af
676 547 36 22 ett
726 547 41 22 till
782 546 95 23 Preste-

331 579 97 23 ståndet
461 580 137 23 inlemnadt
631 581 246 28 petitionsmemorial

332 620 40 17 om
393 614 107 23 revision
523 615 24 22 af
568 615 185 28 lagstiftningen
771 615 105 23 rörande

333 649 71 22 oäkta
418 649 74 22 barns
507 649 242 23 rättstörhällanden.

191 745 172 21 Presteståndet
384 745 42 22 har
448 746 70 28 jemte
541 746 213 29 protokollsutdrag
775 746 36 21 för
829 746 46 22 den

125 780 26 21 10
165 779 106 21 sistlidna
292 779 110 22 Februari
422 779 36 22 till
473 780 174 29 Lagutskottets
663 780 142 29 behandling
820 780 55 22 hän-

123 813 81 28 skjutit
219 816 34 19 ett
267 813 127 28 sålydande
409 814 239 29 petitionsmemorial:

174 941 2 2 .
194 919 143 28 Öfversättning.

331 977 37 19 Till
383 977 123 25 Högvördiga
521 977 153 20 Presteståndet.

191 1040 68 19 Redan
275 1040 58 25 länge
347 1040 36 19 har
398 1046 46 13 man
459 1040 69 19 erkänt
543 1040 109 19 orättvisan
666 1041 20 18 af
701 1041 34 18 det
750 1040 75 25 vrånga
840 1041 33 19 be-

123 1069 99 24 mötande,
237 1075 42 13 som
294 1068 44 19 från
355 1068 115 20 samhällets
486 1069 42 19 sida
543 1069 112 19 vederfares
670 1069 39 19 den
723 1069 55 19 klass
789 1069 20 18 af
818 1069 54 19 med-

122 1097 88 26 borgare,
225 1097 81 20 hvilken
322 1098 80 24 utgöres
417 1097 20 19 af
451 1103 100 19 personer,
567 1097 57 19 födda
639 1099 55 18 utom
705 1097 131 26 äktenskapet
845 1109 27 2 —

123 1125 33 20 det
171 1125 94 20 orättvisa
280 1125 6 20 i
302 1125 25 20 de
341 1126 59 19 oäkta
415 1126 83 19 barnens
514 1125 23 20 så
551 1125 49 26 godt
615 1132 42 13 som
672 1125 129 26 fullständigt
811 1127 61 18 rätts-

122 1154 42 20 lösa
184 1154 101 25 ställning.
315 1153 45 20 Ofta
380 1154 61 20 redan
460 1155 34 19 vid
510 1155 35 19 sitt
559 1154 79 20 inträde
652 1155 6 18 i
673 1155 82 19 världen
771 1155 101 19 saknande

122 1183 54 25 hjelp
192 1183 36 19 och
243 1183 66 24 skydd
323 1183 20 19 af
356 1183 101 24 föräldrar,
472 1183 6 19 i
494 1183 66 19 hvilka
575 1183 61 20 andra
650 1183 49 20 barn
713 1183 60 20 hafva
788 1183 36 20 sitt
839 1189 34 13 na-

123 1211 104 26 turligaste
249 1211 50 25 stöd,
321 1211 75 26 nödgas
419 1212 59 19 dessa
492 1212 99 25 olyckliga
606 1211 86 20 varelser
705 1212 8 19 i
727 1212 25 19 de
767 1211 57 20 flesta
839 1212 34 19 fall

122 1242 96 23 uppväxa
239 1240 37 19 och
298 1240 102 19 utvecklas
416 1242 50 17 utan
480 1241 99 19 hemmets
593 1242 65 18 ömma
673 1240 54 24 vård,
742 1242 49 17 utan
805 1240 67 20 delak-

122 1269 63 25 tighet
199 1269 6 19 i
221 1269 118 25 uppfostran
361 1269 37 19 och
419 1269 102 25 familjelif.
551 1269 117 20 Statistiken
682 1269 83 24 utvisar,
779 1270 30 18 att
824 1269 49 20 död-

121 1297 88 25 ligheten
228 1297 60 20 bland
307 1297 25 20 de
347 1297 57 20 oäkta
418 1298 75 19 barnen
508 1297 63 20 under
585 1298 57 19 deras
656 1298 63 19 första
733 1297 100 20 lefnadsår
851 1299 22 18 är

123 1325 128 25 synnerligen
267 1327 48 22 stor,
325 1337 26 3 —
361 1326 80 24 mycket
456 1328 64 17 större
534 1328 25 17 än
575 1326 60 19 bland
649 1326 45 19 äkta
708 1327 49 18 barn
766 1326 21 19 af
797 1332 75 13 samma

122 1353 97 24 ålder,
203 1349 12 35 —
228 1353 97 19 beroende
335 1355 48 17 utan
398 1353 70 20 tvifvel
482 1353 27 26 på
523 1353 106 25 bristfällig
644 1353 54 20 vård.
728 1353 73 19 Likaså
816 1353 57 20 torde

122 1381 35 20 det
171 1387 46 13 vara
233 1381 108 20 statistiskt
356 1381 143 24 konstateradt,
514 1383 29 18 att
558 1383 29 18 ett
602 1382 111 24 betydande
728 1381 111 25 procenttal
853 1381 20 20 af

121 1409 26 20 de
169 1409 57 21 oäkta
246 1409 55 27 barn,
322 1409 67 21 hvilka
410 1409 69 27 uppnå
500 1416 71 20 mogen
585 1409 61 27 ålder,
660 1409 103 21 hemfaller
777 1409 22 21 åt
813 1409 61 21 laster

190 1455 149 23 Lagutskottets
352 1455 118 19 betänkande
481 1456 39 18 N:o
533 1456 27 17 16.
