<?xml version="1.0" encoding="UTF-8"?>
<alto xmlns="http://www.loc.gov/standards/alto/ns-v3#" xmlns:xlink="http://www.w3.org/1999/xlink" xmlns:xsi="http://www.w3.org/2001/XMLSchema-instance" xsi:schemaLocation="http://www.loc.gov/standards/alto/ns-v3# http://www.loc.gov/alto/v3/alto-3-0.xsd">
	<Description>
		<MeasurementUnit>pixel</MeasurementUnit>
		<sourceImageInformation>
			<fileName>/tmp/tess_2d678jj8_input.PNG</fileName>
		</sourceImageInformation>
		<OCRProcessing ID="OCR_0">
			<ocrProcessingStep>
				<processingSoftware>
					<softwareName>tesseract 5.3.4</softwareName>
				</processingSoftware>
			</ocrProcessingStep>
		</OCRProcessing>
	</Description>
	<Layout>
		<Page WIDTH="1109" HEIGHT="1711" PHYSICAL_IMG_NR="0" ID="page_0">
			<PrintSpace HPOS="0" VPOS="0" WIDTH="1109" HEIGHT="1711">
				<ComposedBlock ID="cblock_0" HPOS="347" VPOS="121" WIDTH="570" HEIGHT="26">
					<TextBlock ID="block_0" HPOS="347" VPOS="121" WIDTH="570" HEIGHT="26">
						<TextLine ID="line_0" HPOS="347" VPOS="121" WIDTH="570" HEIGHT="26">
							<String ID="string_0" HPOS="347" VPOS="121" WIDTH="277" HEIGHT="25" WC="0.91" CONTENT="Petitionsbetänkande"/><SP WIDTH="15" VPOS="121" HPOS="624"/>
							<String ID="string_1" HPOS="639" VPOS="124" WIDTH="43" HEIGHT="23" WC="0.96" CONTENT="N:o"/><SP WIDTH="15" VPOS="124" HPOS="682"/>
							<String ID="string_2" HPOS="697" VPOS="124" WIDTH="34" HEIGHT="22" WC="0.96" CONTENT="18."/><SP WIDTH="162" VPOS="124" HPOS="731"/>
							<String ID="string_3" HPOS="893" VPOS="124" WIDTH="24" HEIGHT="21" WC="0.93" CONTENT="11"/>
						</TextLine>
					</TextBlock>
				</ComposedBlock>
				<ComposedBlock ID="cblock_1" HPOS="159" VPOS="189" WIDTH="760" HEIGHT="1267">
					<TextBlock ID="block_1" HPOS="163" VPOS="189" WIDTH="756" HEIGHT="372">
						<TextLine ID="line_1" HPOS="165" VPOS="189" WIDTH="753" HEIGHT="30">
							<String ID="string_4" HPOS="165" VPOS="189" WIDTH="95" HEIGHT="22" WC="0.93" CONTENT="inkastas"/><SP WIDTH="16" VPOS="189" HPOS="260"/>
							<String ID="string_5" HPOS="276" VPOS="189" WIDTH="123" HEIGHT="28" WC="0.91" CONTENT="härigenom"/><SP WIDTH="16" VPOS="189" HPOS="399"/>
							<String ID="string_6" HPOS="415" VPOS="193" WIDTH="30" HEIGHT="20" WC="0.93" CONTENT="ett"/><SP WIDTH="15" VPOS="193" HPOS="445"/>
							<String ID="string_7" HPOS="460" VPOS="191" WIDTH="33" HEIGHT="22" WC="0.92" CONTENT="frö"/><SP WIDTH="16" VPOS="191" HPOS="493"/>
							<String ID="string_8" HPOS="509" VPOS="193" WIDTH="31" HEIGHT="20" WC="0.93" CONTENT="till"/><SP WIDTH="16" VPOS="193" HPOS="540"/>
							<String ID="string_9" HPOS="556" VPOS="192" WIDTH="102" HEIGHT="27" WC="0.93" CONTENT="söndring"/><SP WIDTH="14" VPOS="192" HPOS="658"/>
							<String ID="string_10" HPOS="672" VPOS="193" WIDTH="77" HEIGHT="21" WC="0.93" CONTENT="mellan"/><SP WIDTH="15" VPOS="193" HPOS="749"/>
							<String ID="string_11" HPOS="764" VPOS="192" WIDTH="104" HEIGHT="22" WC="0.93" CONTENT="föräldrar"/><SP WIDTH="11" VPOS="192" HPOS="868"/>
							<String ID="string_12" HPOS="879" VPOS="193" WIDTH="39" HEIGHT="21" WC="0.97" CONTENT="och"/>
						</TextLine>
						<TextLine ID="line_2" HPOS="165" VPOS="224" WIDTH="753" HEIGHT="30">
							<String ID="string_13" HPOS="165" VPOS="224" WIDTH="54" HEIGHT="21" WC="0.96" CONTENT="barn"/><SP WIDTH="15" VPOS="224" HPOS="219"/>
							<String ID="string_14" HPOS="234" VPOS="226" WIDTH="56" HEIGHT="19" WC="0.96" CONTENT="samt"/><SP WIDTH="15" VPOS="226" HPOS="290"/>
							<String ID="string_15" HPOS="305" VPOS="227" WIDTH="30" HEIGHT="19" WC="0.91" CONTENT="ett"/><SP WIDTH="10" VPOS="227" HPOS="335"/>
							<String ID="string_16" HPOS="345" VPOS="225" WIDTH="79" HEIGHT="22" WC="0.96" CONTENT="tillfälle"/><SP WIDTH="9" VPOS="225" HPOS="424"/>
							<String ID="string_17" HPOS="433" VPOS="225" WIDTH="34" HEIGHT="22" WC="0.96" CONTENT="för"/><SP WIDTH="11" VPOS="225" HPOS="467"/>
							<String ID="string_18" HPOS="478" VPOS="226" WIDTH="131" HEIGHT="22" WC="0.93" CONTENT="främmande"/><SP WIDTH="7" VPOS="226" HPOS="609"/>
							<String ID="string_19" HPOS="616" VPOS="227" WIDTH="115" HEIGHT="27" WC="0.91" CONTENT="inflytelser"/><SP WIDTH="7" VPOS="227" HPOS="731"/>
							<String ID="string_20" HPOS="738" VPOS="229" WIDTH="32" HEIGHT="19" WC="0.95" CONTENT="att"/><SP WIDTH="8" VPOS="229" HPOS="770"/>
							<String ID="string_21" HPOS="778" VPOS="229" WIDTH="51" HEIGHT="24" WC="0.94" CONTENT="göra"/><SP WIDTH="7" VPOS="229" HPOS="829"/>
							<String ID="string_22" HPOS="836" VPOS="227" WIDTH="32" HEIGHT="27" WC="0.93" CONTENT="sig"/><SP WIDTH="8" VPOS="227" HPOS="868"/>
							<String ID="string_23" HPOS="876" VPOS="227" WIDTH="42" HEIGHT="27" WC="0.93" CONTENT="gäl-"/>
						</TextLine>
						<TextLine ID="line_3" HPOS="165" VPOS="257" WIDTH="754" HEIGHT="31">
							<String ID="string_24" HPOS="165" VPOS="257" WIDTH="62" HEIGHT="22" WC="0.92" CONTENT="lande"/><SP WIDTH="15" VPOS="257" HPOS="227"/>
							<String ID="string_25" HPOS="242" VPOS="258" WIDTH="40" HEIGHT="21" WC="0.93" CONTENT="hos"/><SP WIDTH="15" VPOS="258" HPOS="282"/>
							<String ID="string_26" HPOS="297" VPOS="258" WIDTH="76" HEIGHT="22" WC="0.92" CONTENT="barnet"/><SP WIDTH="14" VPOS="258" HPOS="373"/>
							<String ID="string_27" HPOS="387" VPOS="259" WIDTH="7" HEIGHT="21" WC="0.96" CONTENT="i"/><SP WIDTH="14" VPOS="259" HPOS="394"/>
							<String ID="string_28" HPOS="408" VPOS="266" WIDTH="69" HEIGHT="15" WC="0.93" CONTENT="annan"/><SP WIDTH="16" VPOS="266" HPOS="477"/>
							<String ID="string_29" HPOS="493" VPOS="261" WIDTH="95" HEIGHT="26" WC="0.93" CONTENT="riktning"/><SP WIDTH="15" VPOS="261" HPOS="588"/>
							<String ID="string_30" HPOS="603" VPOS="263" WIDTH="26" HEIGHT="18" WC="0.93" CONTENT="än"/><SP WIDTH="14" VPOS="263" HPOS="629"/>
							<String ID="string_31" HPOS="643" VPOS="261" WIDTH="148" HEIGHT="21" WC="0.92" CONTENT="föräldrarnas."/><SP WIDTH="23" VPOS="261" HPOS="791"/>
							<String ID="string_32" HPOS="814" VPOS="261" WIDTH="40" HEIGHT="21" WC="0.96" CONTENT="Till"/><SP WIDTH="12" VPOS="261" HPOS="854"/>
							<String ID="string_33" HPOS="866" VPOS="261" WIDTH="53" HEIGHT="27" WC="0.96" CONTENT="följd"/>
						</TextLine>
						<TextLine ID="line_4" HPOS="164" VPOS="291" WIDTH="753" HEIGHT="25">
							<String ID="string_34" HPOS="164" VPOS="291" WIDTH="63" HEIGHT="22" WC="0.96" CONTENT="häraf"/><SP WIDTH="18" VPOS="291" HPOS="227"/>
							<String ID="string_35" HPOS="245" VPOS="292" WIDTH="38" HEIGHT="21" WC="0.96" CONTENT="bör"/><SP WIDTH="21" VPOS="292" HPOS="283"/>
							<String ID="string_36" HPOS="304" VPOS="299" WIDTH="25" HEIGHT="15" WC="0.93" CONTENT="en"/><SP WIDTH="18" VPOS="299" HPOS="329"/>
							<String ID="string_37" HPOS="347" VPOS="293" WIDTH="65" HEIGHT="21" WC="0.92" CONTENT="sådan"/><SP WIDTH="17" VPOS="293" HPOS="412"/>
							<String ID="string_38" HPOS="429" VPOS="294" WIDTH="77" HEIGHT="21" WC="0.92" CONTENT="valrätt"/><SP WIDTH="14" VPOS="294" HPOS="506"/>
							<String ID="string_39" HPOS="520" VPOS="294" WIDTH="46" HEIGHT="21" WC="0.96" CONTENT="icke"/><SP WIDTH="15" VPOS="294" HPOS="566"/>
							<String ID="string_40" HPOS="581" VPOS="294" WIDTH="120" HEIGHT="21" WC="0.95" CONTENT="tillkomma"/><SP WIDTH="12" VPOS="294" HPOS="701"/>
							<String ID="string_41" HPOS="713" VPOS="295" WIDTH="52" HEIGHT="20" WC="0.93" CONTENT="barn"/><SP WIDTH="15" VPOS="295" HPOS="765"/>
							<String ID="string_42" HPOS="780" VPOS="294" WIDTH="72" HEIGHT="22" WC="0.96" CONTENT="förrän"/><SP WIDTH="16" VPOS="294" HPOS="852"/>
							<String ID="string_43" HPOS="868" VPOS="294" WIDTH="49" HEIGHT="22" WC="0.96" CONTENT="dess"/>
						</TextLine>
						<TextLine ID="line_5" HPOS="164" VPOS="326" WIDTH="754" HEIGHT="28">
							<String ID="string_44" HPOS="164" VPOS="326" WIDTH="100" HEIGHT="27" WC="0.95" CONTENT="religiösa"/><SP WIDTH="22" VPOS="326" HPOS="264"/>
							<String ID="string_45" HPOS="286" VPOS="326" WIDTH="132" HEIGHT="28" WC="0.93" CONTENT="uppfostran,"/><SP WIDTH="16" VPOS="326" HPOS="418"/>
							<String ID="string_46" HPOS="434" VPOS="328" WIDTH="69" HEIGHT="21" WC="0.92" CONTENT="sävidt"/><SP WIDTH="15" VPOS="328" HPOS="503"/>
							<String ID="string_47" HPOS="518" VPOS="328" WIDTH="123" HEIGHT="22" WC="0.95" CONTENT="densamma"/><SP WIDTH="14" VPOS="328" HPOS="641"/>
							<String ID="string_48" HPOS="655" VPOS="328" WIDTH="108" HEIGHT="22" WC="0.96" CONTENT="meddelas"/><SP WIDTH="16" VPOS="328" HPOS="763"/>
							<String ID="string_49" HPOS="779" VPOS="328" WIDTH="23" HEIGHT="22" WC="0.93" CONTENT="af"/><SP WIDTH="12" VPOS="328" HPOS="802"/>
							<String ID="string_50" HPOS="814" VPOS="328" WIDTH="104" HEIGHT="22" WC="0.96" CONTENT="föräldrar"/>
						</TextLine>
						<TextLine ID="line_6" HPOS="163" VPOS="360" WIDTH="755" HEIGHT="27">
							<String ID="string_51" HPOS="163" VPOS="360" WIDTH="40" HEIGHT="22" WC="0.96" CONTENT="och"/><SP WIDTH="21" VPOS="360" HPOS="203"/>
							<String ID="string_52" HPOS="224" VPOS="361" WIDTH="74" HEIGHT="26" WC="0.96" CONTENT="lärare,"/><SP WIDTH="16" VPOS="361" HPOS="298"/>
							<String ID="string_53" HPOS="314" VPOS="363" WIDTH="23" HEIGHT="19" WC="0.96" CONTENT="är"/><SP WIDTH="16" VPOS="363" HPOS="337"/>
							<String ID="string_54" HPOS="353" VPOS="362" WIDTH="128" HEIGHT="21" WC="0.96" CONTENT="åtminstone"/><SP WIDTH="15" VPOS="362" HPOS="481"/>
							<String ID="string_55" HPOS="496" VPOS="362" WIDTH="7" HEIGHT="21" WC="0.93" CONTENT="i"/><SP WIDTH="15" VPOS="362" HPOS="503"/>
							<String ID="string_56" HPOS="518" VPOS="362" WIDTH="121" HEIGHT="22" WC="0.90" CONTENT="hufvudsak"/><SP WIDTH="14" VPOS="362" HPOS="639"/>
							<String ID="string_57" HPOS="653" VPOS="362" WIDTH="120" HEIGHT="22" WC="0.96" CONTENT="fullbordad"/><SP WIDTH="15" VPOS="362" HPOS="773"/>
							<String ID="string_58" HPOS="788" VPOS="363" WIDTH="40" HEIGHT="21" WC="0.96" CONTENT="och"/><SP WIDTH="16" VPOS="363" HPOS="828"/>
							<String ID="string_59" HPOS="844" VPOS="363" WIDTH="74" HEIGHT="21" WC="0.96" CONTENT="barnet"/>
						</TextLine>
						<TextLine ID="line_7" HPOS="165" VPOS="395" WIDTH="753" HEIGHT="29">
							<String ID="string_60" HPOS="165" VPOS="396" WIDTH="91" HEIGHT="26" WC="0.96" CONTENT="uppnått"/><SP WIDTH="23" VPOS="396" HPOS="256"/>
							<String ID="string_61" HPOS="279" VPOS="395" WIDTH="40" HEIGHT="22" WC="0.95" CONTENT="den"/><SP WIDTH="25" VPOS="395" HPOS="319"/>
							<String ID="string_62" HPOS="344" VPOS="396" WIDTH="98" HEIGHT="27" WC="0.95" CONTENT="mognad,"/><SP WIDTH="22" VPOS="396" HPOS="442"/>
							<String ID="string_63" HPOS="464" VPOS="398" WIDTH="32" HEIGHT="20" WC="0.96" CONTENT="att"/><SP WIDTH="22" VPOS="398" HPOS="496"/>
							<String ID="string_64" HPOS="518" VPOS="397" WIDTH="36" HEIGHT="21" WC="0.96" CONTENT="det"/><SP WIDTH="23" VPOS="397" HPOS="554"/>
							<String ID="string_65" HPOS="577" VPOS="397" WIDTH="41" HEIGHT="21" WC="0.96" CONTENT="kan"/><SP WIDTH="21" VPOS="397" HPOS="618"/>
							<String ID="string_66" HPOS="639" VPOS="396" WIDTH="62" HEIGHT="22" WC="0.96" CONTENT="hafva"/><SP WIDTH="21" VPOS="396" HPOS="701"/>
							<String ID="string_67" HPOS="722" VPOS="398" WIDTH="31" HEIGHT="20" WC="0.93" CONTENT="ett"/><SP WIDTH="21" VPOS="398" HPOS="753"/>
							<String ID="string_68" HPOS="774" VPOS="396" WIDTH="144" HEIGHT="28" WC="0.89" CONTENT="själfständigt"/>
						</TextLine>
						<TextLine ID="line_8" HPOS="164" VPOS="430" WIDTH="753" HEIGHT="29">
							<String ID="string_69" HPOS="164" VPOS="430" WIDTH="99" HEIGHT="22" WC="0.95" CONTENT="omdöme"/><SP WIDTH="15" VPOS="430" HPOS="263"/>
							<String ID="string_70" HPOS="278" VPOS="430" WIDTH="7" HEIGHT="21" WC="0.95" CONTENT="i"/><SP WIDTH="15" VPOS="430" HPOS="285"/>
							<String ID="string_71" HPOS="300" VPOS="431" WIDTH="23" HEIGHT="21" WC="0.96" CONTENT="så"/><SP WIDTH="16" VPOS="431" HPOS="323"/>
							<String ID="string_72" HPOS="339" VPOS="431" WIDTH="99" HEIGHT="27" WC="0.96" CONTENT="ömtåliga"/><SP WIDTH="14" VPOS="431" HPOS="438"/>
							<String ID="string_73" HPOS="452" VPOS="430" WIDTH="72" HEIGHT="29" WC="0.95" CONTENT="frågor"/><SP WIDTH="20" VPOS="430" HPOS="524"/>
							<String ID="string_74" HPOS="544" VPOS="438" WIDTH="46" HEIGHT="15" WC="0.95" CONTENT="som"/><SP WIDTH="15" VPOS="438" HPOS="590"/>
							<String ID="string_75" HPOS="605" VPOS="432" WIDTH="41" HEIGHT="21" WC="0.95" CONTENT="den"/><SP WIDTH="15" VPOS="432" HPOS="646"/>
							<String ID="string_76" HPOS="661" VPOS="432" WIDTH="90" HEIGHT="21" WC="0.96" CONTENT="rörande"/><SP WIDTH="10" VPOS="432" HPOS="751"/>
							<String ID="string_77" HPOS="761" VPOS="432" WIDTH="41" HEIGHT="22" WC="0.96" CONTENT="den"/><SP WIDTH="11" VPOS="432" HPOS="802"/>
							<String ID="string_78" HPOS="813" VPOS="438" WIDTH="40" HEIGHT="15" WC="0.92" CONTENT="ena"/><SP WIDTH="10" VPOS="438" HPOS="853"/>
							<String ID="string_79" HPOS="863" VPOS="434" WIDTH="54" HEIGHT="20" WC="0.92" CONTENT="tros-"/>
						</TextLine>
						<TextLine ID="line_9" HPOS="163" VPOS="464" WIDTH="753" HEIGHT="24">
							<String ID="string_80" HPOS="163" VPOS="464" WIDTH="71" HEIGHT="22" WC="0.93" CONTENT="lärans"/><SP WIDTH="15" VPOS="464" HPOS="234"/>
							<String ID="string_81" HPOS="249" VPOS="464" WIDTH="107" HEIGHT="23" WC="0.96" CONTENT="företräde"/><SP WIDTH="15" VPOS="464" HPOS="356"/>
							<String ID="string_82" HPOS="371" VPOS="466" WIDTH="87" HEIGHT="22" WC="0.96" CONTENT="framför"/><SP WIDTH="15" VPOS="466" HPOS="458"/>
							<String ID="string_83" HPOS="473" VPOS="467" WIDTH="41" HEIGHT="21" WC="0.96" CONTENT="den"/><SP WIDTH="16" VPOS="467" HPOS="514"/>
							<String ID="string_84" HPOS="530" VPOS="467" WIDTH="71" HEIGHT="21" WC="0.96" CONTENT="andra."/><SP WIDTH="22" VPOS="467" HPOS="601"/>
							<String ID="string_85" HPOS="623" VPOS="466" WIDTH="38" HEIGHT="21" WC="0.96" CONTENT="Alt"/><SP WIDTH="14" VPOS="466" HPOS="661"/>
							<String ID="string_86" HPOS="675" VPOS="468" WIDTH="58" HEIGHT="20" WC="0.96" CONTENT="detta"/><SP WIDTH="14" VPOS="468" HPOS="733"/>
							<String ID="string_87" HPOS="747" VPOS="466" WIDTH="96" HEIGHT="22" WC="0.93" CONTENT="inträffar"/><SP WIDTH="11" VPOS="466" HPOS="843"/>
							<String ID="string_88" HPOS="854" VPOS="467" WIDTH="62" HEIGHT="21" WC="0.93" CONTENT="emel-"/>
						</TextLine>
						<TextLine ID="line_10" HPOS="163" VPOS="499" WIDTH="754" HEIGHT="29">
							<String ID="string_89" HPOS="163" VPOS="499" WIDTH="63" HEIGHT="22" WC="0.91" CONTENT="lertid"/><SP WIDTH="22" VPOS="499" HPOS="226"/>
							<String ID="string_90" HPOS="248" VPOS="499" WIDTH="45" HEIGHT="22" WC="0.96" CONTENT="icke"/><SP WIDTH="23" VPOS="499" HPOS="293"/>
							<String ID="string_91" HPOS="316" VPOS="501" WIDTH="35" HEIGHT="21" WC="0.92" CONTENT="vid"/><SP WIDTH="21" VPOS="501" HPOS="351"/>
							<String ID="string_92" HPOS="372" VPOS="501" WIDTH="41" HEIGHT="21" WC="0.92" CONTENT="tolf"/><SP WIDTH="16" VPOS="501" HPOS="413"/>
							<String ID="string_93" HPOS="429" VPOS="501" WIDTH="34" HEIGHT="21" WC="0.96" CONTENT="års"/><SP WIDTH="16" VPOS="501" HPOS="463"/>
							<String ID="string_94" HPOS="479" VPOS="502" WIDTH="65" HEIGHT="21" WC="0.95" CONTENT="ålder,"/><SP WIDTH="16" VPOS="502" HPOS="544"/>
							<String ID="string_95" HPOS="560" VPOS="505" WIDTH="50" HEIGHT="18" WC="0.97" CONTENT="utan"/><SP WIDTH="16" VPOS="505" HPOS="610"/>
							<String ID="string_96" HPOS="626" VPOS="501" WIDTH="52" HEIGHT="22" WC="0.96" CONTENT="allra"/><SP WIDTH="15" VPOS="501" HPOS="678"/>
							<String ID="string_97" HPOS="693" VPOS="502" WIDTH="92" HEIGHT="26" WC="0.96" CONTENT="tidigast,"/><SP WIDTH="15" VPOS="502" HPOS="785"/>
							<String ID="string_98" HPOS="800" VPOS="501" WIDTH="27" HEIGHT="21" WC="0.96" CONTENT="då"/><SP WIDTH="15" VPOS="501" HPOS="827"/>
							<String ID="string_99" HPOS="842" VPOS="501" WIDTH="75" HEIGHT="21" WC="0.96" CONTENT="barnet"/>
						</TextLine>
						<TextLine ID="line_11" HPOS="163" VPOS="532" WIDTH="308" HEIGHT="29">
							<String ID="string_100" HPOS="163" VPOS="533" WIDTH="40" HEIGHT="28" WC="0.87" CONTENT="fylt"/><SP WIDTH="15" VPOS="533" HPOS="203"/>
							<String ID="string_101" HPOS="218" VPOS="534" WIDTH="80" HEIGHT="22" WC="0.96" CONTENT="femton"/><SP WIDTH="16" VPOS="534" HPOS="298"/>
							<String ID="string_102" HPOS="314" VPOS="535" WIDTH="29" HEIGHT="21" WC="0.96" CONTENT="är."/><SP WIDTH="120" VPOS="535" HPOS="343"/>
							<String ID="string_103" HPOS="463" VPOS="532" WIDTH="8" HEIGHT="7" WC="0.81" CONTENT="N"/>
						</TextLine>
					</TextBlock>
					<TextBlock ID="block_2" HPOS="159" VPOS="569" WIDTH="757" HEIGHT="887">
						<TextLine ID="line_12" HPOS="231" VPOS="569" WIDTH="685" HEIGHT="28">
							<String ID="string_104" HPOS="231" VPOS="569" WIDTH="40" HEIGHT="20" WC="0.93" CONTENT="Att"/><SP WIDTH="15" VPOS="569" HPOS="271"/>
							<String ID="string_105" HPOS="286" VPOS="569" WIDTH="53" HEIGHT="21" WC="0.91" CONTENT="bäde"/><SP WIDTH="16" VPOS="569" HPOS="339"/>
							<String ID="string_106" HPOS="355" VPOS="570" WIDTH="80" HEIGHT="27" WC="0.96" CONTENT="kyrkan"/><SP WIDTH="16" VPOS="570" HPOS="435"/>
							<String ID="string_107" HPOS="451" VPOS="570" WIDTH="39" HEIGHT="21" WC="0.96" CONTENT="och"/><SP WIDTH="16" VPOS="570" HPOS="490"/>
							<String ID="string_108" HPOS="506" VPOS="571" WIDTH="36" HEIGHT="20" WC="0.93" CONTENT="det"/><SP WIDTH="16" VPOS="571" HPOS="542"/>
							<String ID="string_109" HPOS="558" VPOS="570" WIDTH="120" HEIGHT="27" WC="0.88" CONTENT="borgerliga"/><SP WIDTH="11" VPOS="570" HPOS="678"/>
							<String ID="string_110" HPOS="689" VPOS="570" WIDTH="111" HEIGHT="21" WC="0.88" CONTENT="samhället"/><SP WIDTH="9" VPOS="570" HPOS="800"/>
							<String ID="string_111" HPOS="809" VPOS="570" WIDTH="107" HEIGHT="21" WC="0.92" CONTENT="betraktat"/>
						</TextLine>
						<TextLine ID="line_13" HPOS="163" VPOS="603" WIDTH="752" HEIGHT="28">
							<String ID="string_112" HPOS="163" VPOS="603" WIDTH="69" HEIGHT="20" WC="0.91" CONTENT="denna"/><SP WIDTH="23" VPOS="603" HPOS="232"/>
							<String ID="string_113" HPOS="255" VPOS="603" WIDTH="116" HEIGHT="22" WC="0.96" CONTENT="sistnämda"/><SP WIDTH="22" VPOS="603" HPOS="371"/>
							<String ID="string_114" HPOS="393" VPOS="604" WIDTH="58" HEIGHT="21" WC="0.95" CONTENT="ålder"/><SP WIDTH="28" VPOS="604" HPOS="451"/>
							<String ID="string_115" HPOS="479" VPOS="605" WIDTH="72" HEIGHT="21" WC="0.96" CONTENT="såsom"/><SP WIDTH="30" VPOS="605" HPOS="551"/>
							<String ID="string_116" HPOS="581" VPOS="605" WIDTH="39" HEIGHT="21" WC="0.93" CONTENT="den"/><SP WIDTH="25" VPOS="605" HPOS="620"/>
							<String ID="string_117" HPOS="645" VPOS="605" WIDTH="104" HEIGHT="26" WC="0.94" CONTENT="tidigaste,"/><SP WIDTH="23" VPOS="605" HPOS="749"/>
							<String ID="string_118" HPOS="772" VPOS="605" WIDTH="35" HEIGHT="20" WC="0.93" CONTENT="vid"/><SP WIDTH="24" VPOS="605" HPOS="807"/>
							<String ID="string_119" HPOS="831" VPOS="604" WIDTH="84" HEIGHT="22" WC="0.96" CONTENT="hvilken"/>
						</TextLine>
						<TextLine ID="line_14" HPOS="162" VPOS="637" WIDTH="754" HEIGHT="29">
							<String ID="string_120" HPOS="162" VPOS="637" WIDTH="70" HEIGHT="27" WC="0.96" CONTENT="någon"/><SP WIDTH="16" VPOS="637" HPOS="232"/>
							<String ID="string_121" HPOS="248" VPOS="638" WIDTH="92" HEIGHT="26" WC="0.95" CONTENT="mognad"/><SP WIDTH="15" VPOS="638" HPOS="340"/>
							<String ID="string_122" HPOS="355" VPOS="639" WIDTH="7" HEIGHT="20" WC="0.95" CONTENT="i"/><SP WIDTH="15" VPOS="639" HPOS="362"/>
							<String ID="string_123" HPOS="377" VPOS="639" WIDTH="95" HEIGHT="26" WC="0.96" CONTENT="religiöst"/><SP WIDTH="14" VPOS="639" HPOS="472"/>
							<String ID="string_124" HPOS="486" VPOS="639" WIDTH="121" HEIGHT="22" WC="0.96" CONTENT="hänseende"/><SP WIDTH="18" VPOS="639" HPOS="607"/>
							<String ID="string_125" HPOS="625" VPOS="639" WIDTH="41" HEIGHT="21" WC="0.96" CONTENT="kan"/><SP WIDTH="10" VPOS="639" HPOS="666"/>
							<String ID="string_126" HPOS="676" VPOS="639" WIDTH="136" HEIGHT="26" WC="0.96" CONTENT="förekomma,"/><SP WIDTH="11" VPOS="639" HPOS="812"/>
							<String ID="string_127" HPOS="823" VPOS="638" WIDTH="93" HEIGHT="28" WC="0.96" CONTENT="framgår"/>
						</TextLine>
						<TextLine ID="line_15" HPOS="162" VPOS="671" WIDTH="754" HEIGHT="29">
							<String ID="string_128" HPOS="162" VPOS="671" WIDTH="61" HEIGHT="22" WC="0.96" CONTENT="däraf"/><SP WIDTH="17" VPOS="671" HPOS="223"/>
							<String ID="string_129" HPOS="240" VPOS="674" WIDTH="31" HEIGHT="19" WC="0.96" CONTENT="att"/><SP WIDTH="14" VPOS="674" HPOS="271"/>
							<String ID="string_130" HPOS="285" VPOS="672" WIDTH="150" HEIGHT="22" WC="0.96" CONTENT="konfirmation"/><SP WIDTH="15" VPOS="672" HPOS="435"/>
							<String ID="string_131" HPOS="450" VPOS="673" WIDTH="7" HEIGHT="21" WC="0.96" CONTENT="i"/><SP WIDTH="16" VPOS="673" HPOS="457"/>
							<String ID="string_132" HPOS="473" VPOS="673" WIDTH="114" HEIGHT="22" WC="0.96" CONTENT="allmänhet"/><SP WIDTH="14" VPOS="673" HPOS="587"/>
							<String ID="string_133" HPOS="601" VPOS="673" WIDTH="46" HEIGHT="22" WC="0.96" CONTENT="icke"/><SP WIDTH="15" VPOS="673" HPOS="647"/>
							<String ID="string_134" HPOS="662" VPOS="679" WIDTH="49" HEIGHT="21" WC="0.96" CONTENT="eger"/><SP WIDTH="16" VPOS="679" HPOS="711"/>
							<String ID="string_135" HPOS="727" VPOS="680" WIDTH="48" HEIGHT="15" WC="0.96" CONTENT="rum"/><SP WIDTH="14" VPOS="680" HPOS="775"/>
							<String ID="string_136" HPOS="789" VPOS="673" WIDTH="45" HEIGHT="21" WC="0.93" CONTENT="före"/><SP WIDTH="16" VPOS="673" HPOS="834"/>
							<String ID="string_137" HPOS="850" VPOS="673" WIDTH="66" HEIGHT="27" WC="0.96" CONTENT="sagda"/>
						</TextLine>
						<TextLine ID="line_16" HPOS="162" VPOS="706" WIDTH="752" HEIGHT="29">
							<String ID="string_138" HPOS="162" VPOS="706" WIDTH="59" HEIGHT="21" WC="0.95" CONTENT="ålder"/><SP WIDTH="23" VPOS="706" HPOS="221"/>
							<String ID="string_139" HPOS="244" VPOS="709" WIDTH="55" HEIGHT="19" WC="0.95" CONTENT="samt"/><SP WIDTH="18" VPOS="709" HPOS="299"/>
							<String ID="string_140" HPOS="317" VPOS="709" WIDTH="32" HEIGHT="20" WC="0.96" CONTENT="att"/><SP WIDTH="18" VPOS="709" HPOS="349"/>
							<String ID="string_141" HPOS="367" VPOS="707" WIDTH="32" HEIGHT="26" WC="0.96" CONTENT="ed,"/><SP WIDTH="16" VPOS="707" HPOS="399"/>
							<String ID="string_142" HPOS="415" VPOS="713" WIDTH="46" HEIGHT="16" WC="0.96" CONTENT="som"/><SP WIDTH="15" VPOS="713" HPOS="461"/>
							<String ID="string_143" HPOS="476" VPOS="707" WIDTH="101" HEIGHT="22" WC="0.96" CONTENT="likaledes"/><SP WIDTH="16" VPOS="707" HPOS="577"/>
							<String ID="string_144" HPOS="593" VPOS="710" WIDTH="24" HEIGHT="19" WC="0.96" CONTENT="är"/><SP WIDTH="15" VPOS="710" HPOS="617"/>
							<String ID="string_145" HPOS="632" VPOS="715" WIDTH="26" HEIGHT="14" WC="0.96" CONTENT="en"/><SP WIDTH="15" VPOS="715" HPOS="658"/>
							<String ID="string_146" HPOS="673" VPOS="708" WIDTH="85" HEIGHT="27" WC="0.96" CONTENT="religiös"/><SP WIDTH="16" VPOS="708" HPOS="758"/>
							<String ID="string_147" HPOS="774" VPOS="708" WIDTH="106" HEIGHT="27" WC="0.96" CONTENT="handling,"/><SP WIDTH="16" VPOS="708" HPOS="880"/>
							<String ID="string_148" HPOS="896" VPOS="707" WIDTH="18" HEIGHT="27" WC="0.96" CONTENT="ej"/>
						</TextLine>
						<TextLine ID="line_17" HPOS="162" VPOS="741" WIDTH="753" HEIGHT="28">
							<String ID="string_149" HPOS="162" VPOS="741" WIDTH="33" HEIGHT="21" WC="0.93" CONTENT="får"/><SP WIDTH="23" VPOS="741" HPOS="195"/>
							<String ID="string_150" HPOS="218" VPOS="741" WIDTH="93" HEIGHT="27" WC="0.91" CONTENT="afläggas"/><SP WIDTH="16" VPOS="741" HPOS="311"/>
							<String ID="string_151" HPOS="327" VPOS="742" WIDTH="22" HEIGHT="21" WC="0.96" CONTENT="af"/><SP WIDTH="13" VPOS="742" HPOS="349"/>
							<String ID="string_152" HPOS="362" VPOS="742" WIDTH="47" HEIGHT="25" WC="0.96" CONTENT="den,"/><SP WIDTH="16" VPOS="742" HPOS="409"/>
							<String ID="string_153" HPOS="425" VPOS="749" WIDTH="46" HEIGHT="14" WC="0.96" CONTENT="som"/><SP WIDTH="15" VPOS="749" HPOS="471"/>
							<String ID="string_154" HPOS="486" VPOS="742" WIDTH="46" HEIGHT="21" WC="0.93" CONTENT="icke"/><SP WIDTH="15" VPOS="742" HPOS="532"/>
							<String ID="string_155" HPOS="547" VPOS="743" WIDTH="38" HEIGHT="26" WC="0.89" CONTENT="fylt"/><SP WIDTH="14" VPOS="743" HPOS="585"/>
							<String ID="string_156" HPOS="599" VPOS="742" WIDTH="81" HEIGHT="21" WC="0.96" CONTENT="femton"/><SP WIDTH="15" VPOS="742" HPOS="680"/>
							<String ID="string_157" HPOS="695" VPOS="743" WIDTH="30" HEIGHT="20" WC="0.95" CONTENT="år."/><SP WIDTH="29" VPOS="743" HPOS="725"/>
							<String ID="string_158" HPOS="754" VPOS="743" WIDTH="43" HEIGHT="20" WC="0.95" CONTENT="Det"/><SP WIDTH="14" VPOS="743" HPOS="797"/>
							<String ID="string_159" HPOS="811" VPOS="743" WIDTH="56" HEIGHT="20" WC="0.93" CONTENT="enda"/><SP WIDTH="11" VPOS="743" HPOS="867"/>
							<String ID="string_160" HPOS="878" VPOS="749" WIDTH="37" HEIGHT="14" WC="0.91" CONTENT="un-"/>
						</TextLine>
						<TextLine ID="line_18" HPOS="162" VPOS="775" WIDTH="753" HEIGHT="28">
							<String ID="string_161" HPOS="162" VPOS="775" WIDTH="80" HEIGHT="28" WC="0.91" CONTENT="dantag"/><SP WIDTH="14" VPOS="775" HPOS="242"/>
							<String ID="string_162" HPOS="256" VPOS="775" WIDTH="46" HEIGHT="21" WC="0.95" CONTENT="från"/><SP WIDTH="16" VPOS="775" HPOS="302"/>
							<String ID="string_163" HPOS="318" VPOS="776" WIDTH="59" HEIGHT="21" WC="0.93" CONTENT="detta"/><SP WIDTH="14" VPOS="776" HPOS="377"/>
							<String ID="string_164" HPOS="391" VPOS="777" WIDTH="178" HEIGHT="26" WC="0.91" CONTENT="betraktelsesätt,"/><SP WIDTH="12" VPOS="777" HPOS="569"/>
							<String ID="string_165" HPOS="581" VPOS="783" WIDTH="45" HEIGHT="15" WC="0.96" CONTENT="som"/><SP WIDTH="11" VPOS="783" HPOS="626"/>
							<String ID="string_166" HPOS="637" VPOS="777" WIDTH="37" HEIGHT="20" WC="0.96" CONTENT="vår"/><SP WIDTH="12" VPOS="777" HPOS="674"/>
							<String ID="string_167" HPOS="686" VPOS="776" WIDTH="133" HEIGHT="27" WC="0.96" CONTENT="lagstiftning"/><SP WIDTH="10" VPOS="776" HPOS="819"/>
							<String ID="string_168" HPOS="829" VPOS="777" WIDTH="86" HEIGHT="23" WC="0.96" CONTENT="känner,"/>
						</TextLine>
						<TextLine ID="line_19" HPOS="162" VPOS="809" WIDTH="752" HEIGHT="29">
							<String ID="string_169" HPOS="162" VPOS="811" WIDTH="23" HEIGHT="20" WC="0.96" CONTENT="är"/><SP WIDTH="13" VPOS="811" HPOS="185"/>
							<String ID="string_170" HPOS="198" VPOS="809" WIDTH="47" HEIGHT="27" WC="0.96" CONTENT="just"/><SP WIDTH="18" VPOS="809" HPOS="245"/>
							<String ID="string_171" HPOS="263" VPOS="810" WIDTH="36" HEIGHT="21" WC="0.96" CONTENT="det"/><SP WIDTH="16" VPOS="810" HPOS="299"/>
							<String ID="string_172" HPOS="315" VPOS="817" WIDTH="29" HEIGHT="14" WC="0.96" CONTENT="nu"/><SP WIDTH="15" VPOS="817" HPOS="344"/>
							<String ID="string_173" HPOS="359" VPOS="810" WIDTH="161" HEIGHT="27" WC="0.93" CONTENT="ifrågavarande"/><SP WIDTH="11" VPOS="810" HPOS="520"/>
							<String ID="string_174" HPOS="531" VPOS="811" WIDTH="142" HEIGHT="26" WC="0.93" CONTENT="stadgandet"/><SP WIDTH="-10" VPOS="811" HPOS="673"/>
							<String ID="string_175" HPOS="663" VPOS="805" WIDTH="10" HEIGHT="37" WC="0.96" CONTENT="i"/><SP WIDTH="14" VPOS="805" HPOS="673"/>
							<String ID="string_176" HPOS="687" VPOS="811" WIDTH="24" HEIGHT="20" WC="0.96" CONTENT="13"/><SP WIDTH="12" VPOS="811" HPOS="711"/>
							<String ID="string_177" HPOS="723" VPOS="812" WIDTH="12" HEIGHT="26" WC="0.79" CONTENT="8"/><SP WIDTH="12" VPOS="812" HPOS="735"/>
							<String ID="string_178" HPOS="747" VPOS="811" WIDTH="24" HEIGHT="21" WC="0.93" CONTENT="af"/><SP WIDTH="7" VPOS="811" HPOS="771"/>
							<String ID="string_179" HPOS="778" VPOS="811" WIDTH="136" HEIGHT="21" WC="0.92" CONTENT="dissenterla-"/>
						</TextLine>
						<TextLine ID="line_20" HPOS="162" VPOS="845" WIDTH="753" HEIGHT="27">
							<String ID="string_180" HPOS="162" VPOS="851" WIDTH="48" HEIGHT="19" WC="0.95" CONTENT="gen."/><SP WIDTH="32" VPOS="851" HPOS="210"/>
							<String ID="string_181" HPOS="242" VPOS="845" WIDTH="49" HEIGHT="20" WC="0.95" CONTENT="Men"/><SP WIDTH="16" VPOS="845" HPOS="291"/>
							<String ID="string_182" HPOS="307" VPOS="845" WIDTH="40" HEIGHT="21" WC="0.96" CONTENT="den"/><SP WIDTH="15" VPOS="845" HPOS="347"/>
							<String ID="string_183" HPOS="362" VPOS="845" WIDTH="38" HEIGHT="20" WC="0.96" CONTENT="här"/><SP WIDTH="15" VPOS="845" HPOS="400"/>
							<String ID="string_184" HPOS="415" VPOS="845" WIDTH="174" HEIGHT="21" WC="0.93" CONTENT="förekommande"/><SP WIDTH="12" VPOS="845" HPOS="589"/>
							<String ID="string_185" HPOS="601" VPOS="845" WIDTH="233" HEIGHT="27" WC="0.91" CONTENT="åldersbestämningen"/><SP WIDTH="11" VPOS="845" HPOS="834"/>
							<String ID="string_186" HPOS="845" VPOS="845" WIDTH="23" HEIGHT="21" WC="0.93" CONTENT="af"/><SP WIDTH="8" VPOS="845" HPOS="868"/>
							<String ID="string_187" HPOS="876" VPOS="845" WIDTH="39" HEIGHT="21" WC="0.89" CONTENT="tolf"/>
						</TextLine>
						<TextLine ID="line_21" HPOS="161" VPOS="878" WIDTH="753" HEIGHT="28">
							<String ID="string_188" HPOS="161" VPOS="879" WIDTH="25" HEIGHT="21" WC="0.86" CONTENT="är"/><SP WIDTH="24" VPOS="879" HPOS="186"/>
							<String ID="string_189" HPOS="210" VPOS="878" WIDTH="126" HEIGHT="22" WC="0.96" CONTENT="omfattades"/><SP WIDTH="23" VPOS="878" HPOS="336"/>
							<String ID="string_190" HPOS="359" VPOS="879" WIDTH="35" HEIGHT="21" WC="0.96" CONTENT="vid"/><SP WIDTH="24" VPOS="879" HPOS="394"/>
							<String ID="string_191" HPOS="418" VPOS="879" WIDTH="53" HEIGHT="21" WC="0.96" CONTENT="1888"/><SP WIDTH="24" VPOS="879" HPOS="471"/>
							<String ID="string_192" HPOS="495" VPOS="879" WIDTH="34" HEIGHT="22" WC="0.93" CONTENT="års"/><SP WIDTH="18" VPOS="879" HPOS="529"/>
							<String ID="string_193" HPOS="547" VPOS="880" WIDTH="102" HEIGHT="26" WC="0.92" CONTENT="landtdag"/><SP WIDTH="20" VPOS="880" HPOS="649"/>
							<String ID="string_194" HPOS="669" VPOS="879" WIDTH="76" HEIGHT="21" WC="0.96" CONTENT="endast"/><SP WIDTH="14" VPOS="879" HPOS="745"/>
							<String ID="string_195" HPOS="759" VPOS="878" WIDTH="23" HEIGHT="22" WC="0.95" CONTENT="af"/><SP WIDTH="13" VPOS="878" HPOS="782"/>
							<String ID="string_196" HPOS="795" VPOS="879" WIDTH="36" HEIGHT="21" WC="0.96" CONTENT="två"/><SP WIDTH="15" VPOS="879" HPOS="831"/>
							<String ID="string_197" HPOS="846" VPOS="878" WIDTH="68" HEIGHT="26" WC="0.96" CONTENT="stånd,"/>
						</TextLine>
						<TextLine ID="line_22" HPOS="162" VPOS="912" WIDTH="752" HEIGHT="28">
							<String ID="string_198" HPOS="162" VPOS="913" WIDTH="76" HEIGHT="21" WC="0.96" CONTENT="medan"/><SP WIDTH="21" VPOS="913" HPOS="238"/>
							<String ID="string_199" HPOS="259" VPOS="913" WIDTH="26" HEIGHT="21" WC="0.96" CONTENT="de"/><SP WIDTH="18" VPOS="913" HPOS="285"/>
							<String ID="string_200" HPOS="303" VPOS="913" WIDTH="67" HEIGHT="27" WC="0.96" CONTENT="öfriga"/><SP WIDTH="18" VPOS="913" HPOS="370"/>
							<String ID="string_201" HPOS="388" VPOS="914" WIDTH="36" HEIGHT="20" WC="0.96" CONTENT="två"/><SP WIDTH="15" VPOS="914" HPOS="424"/>
							<String ID="string_202" HPOS="439" VPOS="913" WIDTH="89" HEIGHT="21" WC="0.93" CONTENT="stånden"/><SP WIDTH="15" VPOS="913" HPOS="528"/>
							<String ID="string_203" HPOS="543" VPOS="913" WIDTH="83" HEIGHT="21" WC="0.92" CONTENT="beslöto"/><SP WIDTH="17" VPOS="913" HPOS="626"/>
							<String ID="string_204" HPOS="643" VPOS="913" WIDTH="33" HEIGHT="27" WC="0.96" CONTENT="sig"/><SP WIDTH="14" VPOS="913" HPOS="676"/>
							<String ID="string_205" HPOS="690" VPOS="912" WIDTH="33" HEIGHT="22" WC="0.96" CONTENT="för"/><SP WIDTH="15" VPOS="912" HPOS="723"/>
							<String ID="string_206" HPOS="738" VPOS="919" WIDTH="25" HEIGHT="15" WC="0.96" CONTENT="en"/><SP WIDTH="16" VPOS="919" HPOS="763"/>
							<String ID="string_207" HPOS="779" VPOS="912" WIDTH="135" HEIGHT="28" WC="0.96" CONTENT="åldersgräns"/>
						</TextLine>
						<TextLine ID="line_23" HPOS="160" VPOS="946" WIDTH="755" HEIGHT="28">
							<String ID="string_208" HPOS="160" VPOS="946" WIDTH="24" HEIGHT="22" WC="0.96" CONTENT="af"/><SP WIDTH="12" VPOS="946" HPOS="184"/>
							<String ID="string_209" HPOS="196" VPOS="946" WIDTH="81" HEIGHT="22" WC="0.96" CONTENT="femton"/><SP WIDTH="15" VPOS="946" HPOS="277"/>
							<String ID="string_210" HPOS="292" VPOS="947" WIDTH="23" HEIGHT="21" WC="0.96" CONTENT="år"/><SP WIDTH="15" VPOS="947" HPOS="315"/>
							<String ID="string_211" HPOS="330" VPOS="947" WIDTH="39" HEIGHT="21" WC="0.97" CONTENT="och"/><SP WIDTH="15" VPOS="947" HPOS="369"/>
							<String ID="string_212" HPOS="384" VPOS="946" WIDTH="54" HEIGHT="22" WC="0.96" CONTENT="först"/><SP WIDTH="14" VPOS="946" HPOS="438"/>
							<String ID="string_213" HPOS="452" VPOS="947" WIDTH="36" HEIGHT="21" WC="0.93" CONTENT="vid"/><SP WIDTH="11" VPOS="947" HPOS="488"/>
							<String ID="string_214" HPOS="499" VPOS="947" WIDTH="205" HEIGHT="27" WC="0.91" CONTENT="sammanjämkning"/><SP WIDTH="9" VPOS="947" HPOS="704"/>
							<String ID="string_215" HPOS="713" VPOS="947" WIDTH="23" HEIGHT="21" WC="0.92" CONTENT="af"/><SP WIDTH="9" VPOS="947" HPOS="736"/>
							<String ID="string_216" HPOS="745" VPOS="947" WIDTH="101" HEIGHT="21" WC="0.92" CONTENT="ståndens"/><SP WIDTH="11" VPOS="947" HPOS="846"/>
							<String ID="string_217" HPOS="857" VPOS="946" WIDTH="58" HEIGHT="28" WC="0.92" CONTENT="skilj-"/>
						</TextLine>
						<TextLine ID="line_24" HPOS="161" VPOS="980" WIDTH="751" HEIGHT="29">
							<String ID="string_218" HPOS="161" VPOS="981" WIDTH="72" HEIGHT="27" WC="0.91" CONTENT="aktiga"/><SP WIDTH="16" VPOS="981" HPOS="233"/>
							<String ID="string_219" HPOS="249" VPOS="981" WIDTH="70" HEIGHT="22" WC="0.96" CONTENT="beslut"/><SP WIDTH="15" VPOS="981" HPOS="319"/>
							<String ID="string_220" HPOS="334" VPOS="981" WIDTH="39" HEIGHT="22" WC="0.96" CONTENT="och"/><SP WIDTH="14" VPOS="981" HPOS="373"/>
							<String ID="string_221" HPOS="387" VPOS="980" WIDTH="35" HEIGHT="23" WC="0.96" CONTENT="för"/><SP WIDTH="13" VPOS="980" HPOS="422"/>
							<String ID="string_222" HPOS="435" VPOS="983" WIDTH="32" HEIGHT="19" WC="0.96" CONTENT="att"/><SP WIDTH="14" VPOS="983" HPOS="467"/>
							<String ID="string_223" HPOS="481" VPOS="982" WIDTH="47" HEIGHT="21" WC="0.96" CONTENT="icke"/><SP WIDTH="15" VPOS="982" HPOS="528"/>
							<String ID="string_224" HPOS="543" VPOS="982" WIDTH="48" HEIGHT="21" WC="0.96" CONTENT="hela"/><SP WIDTH="11" VPOS="982" HPOS="591"/>
							<String ID="string_225" HPOS="602" VPOS="981" WIDTH="137" HEIGHT="28" WC="0.95" CONTENT="lagförslaget"/><SP WIDTH="8" VPOS="981" HPOS="739"/>
							<String ID="string_226" HPOS="747" VPOS="981" WIDTH="68" HEIGHT="22" WC="0.96" CONTENT="skulle"/><SP WIDTH="10" VPOS="981" HPOS="815"/>
							<String ID="string_227" HPOS="825" VPOS="980" WIDTH="87" HEIGHT="27" WC="0.96" CONTENT="förfalla,"/>
						</TextLine>
						<TextLine ID="line_25" HPOS="160" VPOS="1015" WIDTH="755" HEIGHT="29">
							<String ID="string_228" HPOS="160" VPOS="1015" WIDTH="101" HEIGHT="22" WC="0.96" CONTENT="förenade"/><SP WIDTH="14" VPOS="1015" HPOS="261"/>
							<String ID="string_229" HPOS="275" VPOS="1016" WIDTH="32" HEIGHT="28" WC="0.96" CONTENT="sig"/><SP WIDTH="13" VPOS="1016" HPOS="307"/>
							<String ID="string_230" HPOS="320" VPOS="1022" WIDTH="34" HEIGHT="15" WC="0.96" CONTENT="om"/><SP WIDTH="12" VPOS="1022" HPOS="354"/>
							<String ID="string_231" HPOS="366" VPOS="1016" WIDTH="163" HEIGHT="27" WC="0.93" CONTENT="bestämningen"/><SP WIDTH="12" VPOS="1016" HPOS="529"/>
							<String ID="string_232" HPOS="541" VPOS="1016" WIDTH="40" HEIGHT="22" WC="0.91" CONTENT="tolf"/><SP WIDTH="12" VPOS="1016" HPOS="581"/>
							<String ID="string_233" HPOS="593" VPOS="1017" WIDTH="29" HEIGHT="21" WC="0.95" CONTENT="år."/><SP WIDTH="23" VPOS="1017" HPOS="622"/>
							<String ID="string_234" HPOS="645" VPOS="1016" WIDTH="94" HEIGHT="22" WC="0.95" CONTENT="Nämnas"/><SP WIDTH="15" VPOS="1016" HPOS="739"/>
							<String ID="string_235" HPOS="754" VPOS="1016" WIDTH="42" HEIGHT="21" WC="0.96" CONTENT="kan"/><SP WIDTH="15" VPOS="1016" HPOS="796"/>
							<String ID="string_236" HPOS="811" VPOS="1016" WIDTH="61" HEIGHT="22" WC="0.96" CONTENT="äfven"/><SP WIDTH="12" VPOS="1016" HPOS="872"/>
							<String ID="string_237" HPOS="884" VPOS="1018" WIDTH="31" HEIGHT="20" WC="0.96" CONTENT="att"/>
						</TextLine>
						<TextLine ID="line_26" HPOS="160" VPOS="1050" WIDTH="754" HEIGHT="28">
							<String ID="string_238" HPOS="160" VPOS="1051" WIDTH="151" HEIGHT="27" WC="0.92" CONTENT="Lagutskottet"/><SP WIDTH="16" VPOS="1051" HPOS="311"/>
							<String ID="string_239" HPOS="327" VPOS="1051" WIDTH="36" HEIGHT="21" WC="0.96" CONTENT="vid"/><SP WIDTH="14" VPOS="1051" HPOS="363"/>
							<String ID="string_240" HPOS="377" VPOS="1051" WIDTH="143" HEIGHT="21" WC="0.93" CONTENT="innevarande"/><SP WIDTH="10" VPOS="1051" HPOS="520"/>
							<String ID="string_241" HPOS="530" VPOS="1051" WIDTH="101" HEIGHT="27" WC="0.92" CONTENT="landtdag"/><SP WIDTH="9" VPOS="1051" HPOS="631"/>
							<String ID="string_242" HPOS="640" VPOS="1051" WIDTH="35" HEIGHT="21" WC="0.97" CONTENT="vid"/><SP WIDTH="8" VPOS="1051" HPOS="675"/>
							<String ID="string_243" HPOS="683" VPOS="1051" WIDTH="156" HEIGHT="27" WC="0.96" CONTENT="behandlingen"/><SP WIDTH="10" VPOS="1051" HPOS="839"/>
							<String ID="string_244" HPOS="849" VPOS="1050" WIDTH="24" HEIGHT="21" WC="0.93" CONTENT="af"/><SP WIDTH="5" VPOS="1050" HPOS="873"/>
							<String ID="string_245" HPOS="878" VPOS="1051" WIDTH="36" HEIGHT="21" WC="0.93" CONTENT="nä-"/>
						</TextLine>
						<TextLine ID="line_27" HPOS="160" VPOS="1085" WIDTH="754" HEIGHT="28">
							<String ID="string_246" HPOS="160" VPOS="1085" WIDTH="50" HEIGHT="28" WC="0.90" CONTENT="diga"/><SP WIDTH="10" VPOS="1085" HPOS="210"/>
							<String ID="string_247" HPOS="220" VPOS="1086" WIDTH="160" HEIGHT="27" WC="0.96" CONTENT="propositionen"/><SP WIDTH="12" VPOS="1086" HPOS="380"/>
							<String ID="string_248" HPOS="392" VPOS="1092" WIDTH="34" HEIGHT="15" WC="0.93" CONTENT="om"/><SP WIDTH="12" VPOS="1092" HPOS="426"/>
							<String ID="string_249" HPOS="438" VPOS="1085" WIDTH="90" HEIGHT="23" WC="0.93" CONTENT="förande"/><SP WIDTH="7" VPOS="1085" HPOS="528"/>
							<String ID="string_250" HPOS="535" VPOS="1085" WIDTH="23" HEIGHT="22" WC="0.93" CONTENT="af"/><SP WIDTH="7" VPOS="1085" HPOS="558"/>
							<String ID="string_251" HPOS="565" VPOS="1085" WIDTH="104" HEIGHT="28" WC="0.92" CONTENT="offentligt"/><SP WIDTH="6" VPOS="1085" HPOS="669"/>
							<String ID="string_252" HPOS="675" VPOS="1086" WIDTH="90" HEIGHT="27" WC="0.96" CONTENT="register"/><SP WIDTH="8" VPOS="1086" HPOS="765"/>
							<String ID="string_253" HPOS="773" VPOS="1085" WIDTH="60" HEIGHT="22" WC="0.93" CONTENT="öfver"/><SP WIDTH="8" VPOS="1085" HPOS="833"/>
							<String ID="string_254" HPOS="841" VPOS="1091" WIDTH="73" HEIGHT="21" WC="0.93" CONTENT="perso-"/>
						</TextLine>
						<TextLine ID="line_28" HPOS="160" VPOS="1120" WIDTH="754" HEIGHT="27">
							<String ID="string_255" HPOS="160" VPOS="1126" WIDTH="44" HEIGHT="20" WC="0.92" CONTENT="ner,"/><SP WIDTH="17" VPOS="1126" HPOS="204"/>
							<String ID="string_256" HPOS="221" VPOS="1127" WIDTH="45" HEIGHT="14" WC="0.93" CONTENT="som"/><SP WIDTH="16" VPOS="1127" HPOS="266"/>
							<String ID="string_257" HPOS="282" VPOS="1121" WIDTH="45" HEIGHT="20" WC="0.92" CONTENT="icke"/><SP WIDTH="15" VPOS="1121" HPOS="327"/>
							<String ID="string_258" HPOS="342" VPOS="1120" WIDTH="85" HEIGHT="21" WC="0.92" CONTENT="tillhöra"/><SP WIDTH="14" VPOS="1120" HPOS="427"/>
							<String ID="string_259" HPOS="441" VPOS="1121" WIDTH="66" HEIGHT="26" WC="0.92" CONTENT="nägot"/><SP WIDTH="14" VPOS="1121" HPOS="507"/>
							<String ID="string_260" HPOS="521" VPOS="1121" WIDTH="7" HEIGHT="20" WC="0.97" CONTENT="i"/><SP WIDTH="14" VPOS="1121" HPOS="528"/>
							<String ID="string_261" HPOS="542" VPOS="1121" WIDTH="73" HEIGHT="21" WC="0.93" CONTENT="landet"/><SP WIDTH="14" VPOS="1121" HPOS="615"/>
							<String ID="string_262" HPOS="629" VPOS="1120" WIDTH="114" HEIGHT="26" WC="0.92" CONTENT="behörigen"/><SP WIDTH="11" VPOS="1120" HPOS="743"/>
							<String ID="string_263" HPOS="754" VPOS="1120" WIDTH="103" HEIGHT="21" WC="0.93" CONTENT="inrättadt"/><SP WIDTH="10" VPOS="1120" HPOS="857"/>
							<String ID="string_264" HPOS="867" VPOS="1120" WIDTH="47" HEIGHT="26" WC="0.93" CONTENT="kyr-"/>
						</TextLine>
						<TextLine ID="line_29" HPOS="160" VPOS="1154" WIDTH="754" HEIGHT="27">
							<String ID="string_265" HPOS="160" VPOS="1154" WIDTH="134" HEIGHT="26" WC="0.89" CONTENT="kosamfund,"/><SP WIDTH="17" VPOS="1154" HPOS="294"/>
							<String ID="string_266" HPOS="311" VPOS="1155" WIDTH="27" HEIGHT="21" WC="0.95" CONTENT="dä"/><SP WIDTH="15" VPOS="1155" HPOS="338"/>
							<String ID="string_267" HPOS="353" VPOS="1155" WIDTH="36" HEIGHT="21" WC="0.93" CONTENT="det"/><SP WIDTH="15" VPOS="1155" HPOS="389"/>
							<String ID="string_268" HPOS="404" VPOS="1154" WIDTH="61" HEIGHT="27" WC="0.92" CONTENT="gälde"/><SP WIDTH="15" VPOS="1154" HPOS="465"/>
							<String ID="string_269" HPOS="480" VPOS="1156" WIDTH="32" HEIGHT="20" WC="0.93" CONTENT="att"/><SP WIDTH="14" VPOS="1156" HPOS="512"/>
							<String ID="string_270" HPOS="526" VPOS="1154" WIDTH="108" HEIGHT="22" WC="0.95" CONTENT="fastställa"/><SP WIDTH="12" VPOS="1154" HPOS="634"/>
							<String ID="string_271" HPOS="646" VPOS="1154" WIDTH="40" HEIGHT="21" WC="0.93" CONTENT="den"/><SP WIDTH="16" VPOS="1154" HPOS="686"/>
							<String ID="string_272" HPOS="702" VPOS="1154" WIDTH="64" HEIGHT="26" WC="0.96" CONTENT="ålder,"/><SP WIDTH="15" VPOS="1154" HPOS="766"/>
							<String ID="string_273" HPOS="781" VPOS="1154" WIDTH="36" HEIGHT="21" WC="0.93" CONTENT="vid"/><SP WIDTH="12" VPOS="1154" HPOS="817"/>
							<String ID="string_274" HPOS="829" VPOS="1154" WIDTH="85" HEIGHT="21" WC="0.96" CONTENT="hvilken"/>
						</TextLine>
						<TextLine ID="line_30" HPOS="160" VPOS="1188" WIDTH="755" HEIGHT="28">
							<String ID="string_275" HPOS="160" VPOS="1188" WIDTH="67" HEIGHT="22" WC="0.93" CONTENT="sädan"/><SP WIDTH="24" VPOS="1188" HPOS="227"/>
							<String ID="string_276" HPOS="251" VPOS="1195" WIDTH="78" HEIGHT="21" WC="0.96" CONTENT="person"/><SP WIDTH="23" VPOS="1195" HPOS="329"/>
							<String ID="string_277" HPOS="352" VPOS="1188" WIDTH="68" HEIGHT="22" WC="0.96" CONTENT="skulle"/><SP WIDTH="23" VPOS="1188" HPOS="420"/>
							<String ID="string_278" HPOS="443" VPOS="1188" WIDTH="72" HEIGHT="22" WC="0.96" CONTENT="kunna"/><SP WIDTH="21" VPOS="1188" HPOS="515"/>
							<String ID="string_279" HPOS="536" VPOS="1191" WIDTH="51" HEIGHT="19" WC="0.96" CONTENT="utan"/><SP WIDTH="22" VPOS="1191" HPOS="587"/>
							<String ID="string_280" HPOS="609" VPOS="1189" WIDTH="46" HEIGHT="20" WC="0.93" CONTENT="sina"/><SP WIDTH="18" VPOS="1189" HPOS="655"/>
							<String ID="string_281" HPOS="673" VPOS="1188" WIDTH="116" HEIGHT="22" WC="0.91" CONTENT="föräldrars"/><SP WIDTH="18" VPOS="1188" HPOS="789"/>
							<String ID="string_282" HPOS="807" VPOS="1188" WIDTH="108" HEIGHT="27" WC="0.90" CONTENT="samtycke"/>
						</TextLine>
						<TextLine ID="line_31" HPOS="160" VPOS="1222" WIDTH="756" HEIGHT="28">
							<String ID="string_283" HPOS="160" VPOS="1222" WIDTH="42" HEIGHT="22" WC="0.96" CONTENT="låta"/><SP WIDTH="13" VPOS="1222" HPOS="202"/>
							<String ID="string_284" HPOS="215" VPOS="1224" WIDTH="33" HEIGHT="26" WC="0.93" CONTENT="sig"/><SP WIDTH="7" VPOS="1224" HPOS="248"/>
							<String ID="string_285" HPOS="255" VPOS="1225" WIDTH="105" HEIGHT="25" WC="0.96" CONTENT="upptagas"/><SP WIDTH="11" VPOS="1225" HPOS="360"/>
							<String ID="string_286" HPOS="371" VPOS="1224" WIDTH="7" HEIGHT="20" WC="0.96" CONTENT="i"/><SP WIDTH="10" VPOS="1224" HPOS="378"/>
							<String ID="string_287" HPOS="388" VPOS="1224" WIDTH="41" HEIGHT="20" WC="0.93" CONTENT="den"/><SP WIDTH="10" VPOS="1224" HPOS="429"/>
							<String ID="string_288" HPOS="439" VPOS="1222" WIDTH="241" HEIGHT="28" WC="0.92" CONTENT="evangelisk-lutherska"/><SP WIDTH="9" VPOS="1222" HPOS="680"/>
							<String ID="string_289" HPOS="689" VPOS="1222" WIDTH="81" HEIGHT="28" WC="0.96" CONTENT="kyrkan"/><SP WIDTH="8" VPOS="1222" HPOS="770"/>
							<String ID="string_290" HPOS="778" VPOS="1222" WIDTH="51" HEIGHT="22" WC="0.96" CONTENT="eller"/><SP WIDTH="7" VPOS="1222" HPOS="829"/>
							<String ID="string_291" HPOS="836" VPOS="1222" WIDTH="80" HEIGHT="22" WC="0.76" CONTENT="annat"/><SP WIDTH="-11" VPOS="1222" HPOS="916"/>
							<String ID="string_292" HPOS="905" VPOS="1218" WIDTH="13" HEIGHT="37" WC="0.76" CONTENT="i"/>
						</TextLine>
						<TextLine ID="line_32" HPOS="162" VPOS="1256" WIDTH="753" HEIGHT="28">
							<String ID="string_293" HPOS="162" VPOS="1258" WIDTH="74" HEIGHT="21" WC="0.93" CONTENT="landet"/><SP WIDTH="8" VPOS="1258" HPOS="236"/>
							<String ID="string_294" HPOS="244" VPOS="1258" WIDTH="114" HEIGHT="26" WC="0.93" CONTENT="behörigen"/><SP WIDTH="7" VPOS="1258" HPOS="358"/>
							<String ID="string_295" HPOS="365" VPOS="1257" WIDTH="103" HEIGHT="22" WC="0.93" CONTENT="inrättadt"/><SP WIDTH="7" VPOS="1257" HPOS="468"/>
							<String ID="string_296" HPOS="475" VPOS="1257" WIDTH="173" HEIGHT="27" WC="0.92" CONTENT="kyrkosamfund,"/><SP WIDTH="5" VPOS="1257" HPOS="648"/>
							<String ID="string_297" HPOS="653" VPOS="1270" WIDTH="26" HEIGHT="2" WC="0.92" CONTENT="—"/><SP WIDTH="6" VPOS="1270" HPOS="679"/>
							<String ID="string_298" HPOS="685" VPOS="1256" WIDTH="146" HEIGHT="22" WC="0.90" CONTENT="säledesäfven"/><SP WIDTH="5" VPOS="1256" HPOS="831"/>
							<String ID="string_299" HPOS="836" VPOS="1257" WIDTH="79" HEIGHT="27" WC="0.93" CONTENT="odöpta"/>
						</TextLine>
						<TextLine ID="line_33" HPOS="159" VPOS="1291" WIDTH="756" HEIGHT="28">
							<String ID="string_300" HPOS="159" VPOS="1292" WIDTH="22" HEIGHT="22" WC="0.96" CONTENT="få"/><SP WIDTH="22" VPOS="1292" HPOS="181"/>
							<String ID="string_301" HPOS="203" VPOS="1292" WIDTH="84" HEIGHT="22" WC="0.96" CONTENT="ansluta"/><SP WIDTH="22" VPOS="1292" HPOS="287"/>
							<String ID="string_302" HPOS="309" VPOS="1293" WIDTH="33" HEIGHT="26" WC="0.96" CONTENT="sig"/><SP WIDTH="21" VPOS="1293" HPOS="342"/>
							<String ID="string_303" HPOS="363" VPOS="1293" WIDTH="32" HEIGHT="21" WC="0.96" CONTENT="till"/><SP WIDTH="14" VPOS="1293" HPOS="395"/>
							<String ID="string_304" HPOS="409" VPOS="1293" WIDTH="36" HEIGHT="21" WC="0.93" CONTENT="det"/><SP WIDTH="14" VPOS="1293" HPOS="445"/>
							<String ID="string_305" HPOS="459" VPOS="1291" WIDTH="202" HEIGHT="28" WC="0.92" CONTENT="religionssamfund"/><SP WIDTH="16" VPOS="1291" HPOS="661"/>
							<String ID="string_306" HPOS="677" VPOS="1292" WIDTH="61" HEIGHT="21" WC="0.93" CONTENT="deras"/><SP WIDTH="15" VPOS="1292" HPOS="738"/>
							<String ID="string_307" HPOS="753" VPOS="1291" WIDTH="105" HEIGHT="22" WC="0.92" CONTENT="föräldrar"/><SP WIDTH="16" VPOS="1291" HPOS="858"/>
							<String ID="string_308" HPOS="874" VPOS="1291" WIDTH="41" HEIGHT="21" WC="0.92" CONTENT="till-"/>
						</TextLine>
						<TextLine ID="line_34" HPOS="160" VPOS="1326" WIDTH="755" HEIGHT="27">
							<String ID="string_309" HPOS="160" VPOS="1327" WIDTH="53" HEIGHT="21" WC="0.96" CONTENT="höra"/><SP WIDTH="16" VPOS="1327" HPOS="213"/>
							<String ID="string_310" HPOS="229" VPOS="1328" WIDTH="39" HEIGHT="20" WC="0.93" CONTENT="och"/><SP WIDTH="10" VPOS="1328" HPOS="268"/>
							<String ID="string_311" HPOS="278" VPOS="1327" WIDTH="80" HEIGHT="21" WC="0.96" CONTENT="hvilket"/><SP WIDTH="11" VPOS="1327" HPOS="358"/>
							<String ID="string_312" HPOS="369" VPOS="1328" WIDTH="26" HEIGHT="20" WC="0.93" CONTENT="de"/><SP WIDTH="10" VPOS="1328" HPOS="395"/>
							<String ID="string_313" HPOS="405" VPOS="1327" WIDTH="75" HEIGHT="26" WC="0.92" CONTENT="själfva"/><SP WIDTH="11" VPOS="1327" HPOS="480"/>
							<String ID="string_314" HPOS="491" VPOS="1326" WIDTH="92" HEIGHT="27" WC="0.96" CONTENT="lagligen"/><SP WIDTH="11" VPOS="1326" HPOS="583"/>
							<String ID="string_315" HPOS="594" VPOS="1327" WIDTH="66" HEIGHT="21" WC="0.93" CONTENT="borde"/><SP WIDTH="10" VPOS="1327" HPOS="660"/>
							<String ID="string_316" HPOS="670" VPOS="1326" WIDTH="89" HEIGHT="24" WC="0.92" CONTENT="tillhöra,"/><SP WIDTH="10" VPOS="1326" HPOS="759"/>
							<String ID="string_317" HPOS="769" VPOS="1338" WIDTH="28" HEIGHT="3" WC="0.92" CONTENT="—"/><SP WIDTH="9" VPOS="1338" HPOS="797"/>
							<String ID="string_318" HPOS="806" VPOS="1326" WIDTH="109" HEIGHT="22" WC="0.96" CONTENT="bestämde"/>
						</TextLine>
						<TextLine ID="line_35" HPOS="161" VPOS="1359" WIDTH="753" HEIGHT="27">
							<String ID="string_319" HPOS="161" VPOS="1360" WIDTH="33" HEIGHT="26" WC="0.96" CONTENT="sig"/><SP WIDTH="15" VPOS="1360" HPOS="194"/>
							<String ID="string_320" HPOS="209" VPOS="1360" WIDTH="32" HEIGHT="21" WC="0.96" CONTENT="för"/><SP WIDTH="15" VPOS="1360" HPOS="241"/>
							<String ID="string_321" HPOS="256" VPOS="1360" WIDTH="81" HEIGHT="21" WC="0.96" CONTENT="femton"/><SP WIDTH="15" VPOS="1360" HPOS="337"/>
							<String ID="string_322" HPOS="352" VPOS="1360" WIDTH="24" HEIGHT="21" WC="0.96" CONTENT="år"/><SP WIDTH="16" VPOS="1360" HPOS="376"/>
							<String ID="string_323" HPOS="392" VPOS="1360" WIDTH="39" HEIGHT="21" WC="0.96" CONTENT="och"/><SP WIDTH="14" VPOS="1360" HPOS="431"/>
							<String ID="string_324" HPOS="445" VPOS="1360" WIDTH="46" HEIGHT="21" WC="0.96" CONTENT="icke"/><SP WIDTH="15" VPOS="1360" HPOS="491"/>
							<String ID="string_325" HPOS="506" VPOS="1359" WIDTH="32" HEIGHT="21" WC="0.93" CONTENT="för"/><SP WIDTH="15" VPOS="1359" HPOS="538"/>
							<String ID="string_326" HPOS="553" VPOS="1360" WIDTH="45" HEIGHT="21" WC="0.92" CONTENT="tolf."/><SP WIDTH="31" VPOS="1360" HPOS="598"/>
							<String ID="string_327" HPOS="629" VPOS="1359" WIDTH="104" HEIGHT="27" WC="0.75" CONTENT="Slutligen"/><SP WIDTH="15" VPOS="1359" HPOS="733"/>
							<String ID="string_328" HPOS="748" VPOS="1360" WIDTH="38" HEIGHT="20" WC="0.96" CONTENT="bör"/><SP WIDTH="16" VPOS="1360" HPOS="786"/>
							<String ID="string_329" HPOS="802" VPOS="1360" WIDTH="36" HEIGHT="20" WC="0.93" CONTENT="det"/><SP WIDTH="14" VPOS="1360" HPOS="838"/>
							<String ID="string_330" HPOS="852" VPOS="1359" WIDTH="62" HEIGHT="21" WC="0.92" CONTENT="beak-"/>
						</TextLine>
						<TextLine ID="line_36" HPOS="161" VPOS="1393" WIDTH="754" HEIGHT="28">
							<String ID="string_331" HPOS="161" VPOS="1397" WIDTH="32" HEIGHT="19" WC="0.96" CONTENT="tas"/><SP WIDTH="24" VPOS="1397" HPOS="193"/>
							<String ID="string_332" HPOS="217" VPOS="1396" WIDTH="31" HEIGHT="20" WC="0.96" CONTENT="att"/><SP WIDTH="21" VPOS="1396" HPOS="248"/>
							<String ID="string_333" HPOS="269" VPOS="1394" WIDTH="36" HEIGHT="27" WC="0.93" CONTENT="lag"/><SP WIDTH="21" VPOS="1394" HPOS="305"/>
							<String ID="string_334" HPOS="326" VPOS="1394" WIDTH="45" HEIGHT="22" WC="0.93" CONTENT="icke"/><SP WIDTH="20" VPOS="1394" HPOS="371"/>
							<String ID="string_335" HPOS="391" VPOS="1394" WIDTH="8" HEIGHT="21" WC="0.96" CONTENT="i"/><SP WIDTH="18" VPOS="1394" HPOS="399"/>
							<String ID="string_336" HPOS="417" VPOS="1394" WIDTH="65" HEIGHT="27" WC="0.96" CONTENT="något"/><SP WIDTH="15" VPOS="1394" HPOS="482"/>
							<String ID="string_337" HPOS="497" VPOS="1396" WIDTH="66" HEIGHT="19" WC="0.96" CONTENT="annat"/><SP WIDTH="14" VPOS="1396" HPOS="563"/>
							<String ID="string_338" HPOS="577" VPOS="1393" WIDTH="36" HEIGHT="21" WC="0.93" CONTENT="fall"/><SP WIDTH="15" VPOS="1393" HPOS="613"/>
							<String ID="string_339" HPOS="628" VPOS="1393" WIDTH="136" HEIGHT="22" WC="0.92" CONTENT="tillerkänner"/><SP WIDTH="15" VPOS="1393" HPOS="764"/>
							<String ID="string_340" HPOS="779" VPOS="1394" WIDTH="53" HEIGHT="20" WC="0.96" CONTENT="barn"/><SP WIDTH="16" VPOS="1394" HPOS="832"/>
							<String ID="string_341" HPOS="848" VPOS="1393" WIDTH="67" HEIGHT="21" WC="0.95" CONTENT="under"/>
						</TextLine>
						<TextLine ID="line_37" HPOS="159" VPOS="1427" WIDTH="757" HEIGHT="29">
							<String ID="string_342" HPOS="159" VPOS="1428" WIDTH="81" HEIGHT="23" WC="0.96" CONTENT="femton"/><SP WIDTH="16" VPOS="1428" HPOS="240"/>
							<String ID="string_343" HPOS="256" VPOS="1429" WIDTH="24" HEIGHT="22" WC="0.93" CONTENT="år"/><SP WIDTH="15" VPOS="1429" HPOS="280"/>
							<String ID="string_344" HPOS="295" VPOS="1428" WIDTH="243" HEIGHT="28" WC="0.91" CONTENT="själfbestämningsrätt,"/><SP WIDTH="16" VPOS="1428" HPOS="538"/>
							<String ID="string_345" HPOS="554" VPOS="1428" WIDTH="76" HEIGHT="21" WC="0.96" CONTENT="liksom"/><SP WIDTH="14" VPOS="1428" HPOS="630"/>
							<String ID="string_346" HPOS="644" VPOS="1428" WIDTH="40" HEIGHT="21" WC="0.96" CONTENT="den"/><SP WIDTH="13" VPOS="1428" HPOS="684"/>
							<String ID="string_347" HPOS="697" VPOS="1427" WIDTH="45" HEIGHT="22" WC="0.96" CONTENT="icke"/><SP WIDTH="12" VPOS="1427" HPOS="742"/>
							<String ID="string_348" HPOS="754" VPOS="1427" WIDTH="66" HEIGHT="22" WC="0.96" CONTENT="häller"/><SP WIDTH="10" VPOS="1427" HPOS="820"/>
							<String ID="string_349" HPOS="830" VPOS="1427" WIDTH="86" HEIGHT="28" WC="0.96" CONTENT="ålägger"/>
						</TextLine>
					</TextBlock>
				</ComposedBlock>
				<ComposedBlock ID="cblock_2" HPOS="230" VPOS="1474" WIDTH="345" HEIGHT="24">
					<TextBlock ID="block_3" HPOS="230" VPOS="1474" WIDTH="345" HEIGHT="24">
						<TextLine ID="line_38" HPOS="230" VPOS="1474" WIDTH="345" HEIGHT="24">
							<String ID="string_350" HPOS="230" VPOS="1475" WIDTH="133" HEIGHT="23" WC="0.92" CONTENT="Lagutskottets"/><SP WIDTH="12" VPOS="1475" HPOS="363"/>
							<String ID="string_351" HPOS="375" VPOS="1475" WIDTH="112" HEIGHT="18" WC="0.96" CONTENT="betänkande"/><SP WIDTH="12" VPOS="1475" HPOS="487"/>
							<String ID="string_352" HPOS="499" VPOS="1474" WIDTH="38" HEIGHT="18" WC="0.96" CONTENT="N:o"/><SP WIDTH="14" VPOS="1474" HPOS="537"/>
							<String ID="string_353" HPOS="551" VPOS="1475" WIDTH="24" HEIGHT="17" WC="0.88" CONTENT="II."/>
						</TextLine>
					</TextBlock>
				</ComposedBlock>
			</PrintSpace>
		</Page>
	</Layout>
</alto>
