1098 1756
242 167 26 19 90
405 165 275 23 Petitionsbetänkande
694 166 43 22 N:o
752 166 34 21 14.

418 232 21 19 åt
449 234 52 18 detta
516 234 55 23 bolag
584 232 59 20 måtte
657 234 77 21 beviljas
742 236 26 15 ett
775 234 158 18 statsunderstöd
940 234 26 22 af

417 264 103 20 1,500,000
532 264 61 16 mark.

280 320 117 23 Helsingfors
409 319 35 19 den
457 320 21 19 10
490 320 89 18 Februari
592 320 50 18 1900.

764 379 18 22 X.
799 378 97 23 Ruhanen.

572 523 35 23 43.

735 583 159 27 (Öfversättning).

383 645 47 18 Till
442 645 151 18 hedervärda
605 645 190 18 Bondeständet.

280 703 40 18 Allt
339 703 55 18 sedan
410 704 43 17 1872
468 705 30 17 ärs
511 704 87 23 landtdag
610 705 34 17 har
656 705 23 22 pä
691 703 137 24 dagordningen
840 704 46 17 stätt
897 703 66 23 frägan

212 738 30 12 om
260 738 20 11 en
298 733 77 22 järnväg
393 733 76 18 emellan
485 733 103 24 Jyväskylä
602 733 34 18 och
647 733 125 23 Mäntyharju,
784 733 75 18 hvilken
870 732 93 23 järnvägs-

210 761 42 22 linje
269 761 113 19 omedelbart
399 762 45 18 efter
456 761 31 19 det
499 762 55 18 saken
567 763 55 22 tagits
635 762 27 18 till
674 762 35 17 tals
721 761 77 18 befanns
810 762 24 23 pä
846 763 26 17 ett
884 761 80 18 särdeles

210 790 84 23 lämpligt
312 791 37 17 sätt
366 791 63 18 förena
448 786 133 27 Österbottens,
593 792 63 17 västra
666 791 36 17 och
714 791 91 17 mellersta
817 789 88 19 Finlands
915 792 49 16 orter

210 818 42 19 med
258 819 69 18 sädana
333 819 196 19 handelshamnstäder
535 826 39 12 som
579 820 73 23 Hangö,
658 819 122 24 Helsingfors,
785 819 62 18 Kotka
853 819 35 18 och
892 819 72 23 Viborg

210 849 28 16 uti
256 849 41 16 vårt
315 850 40 21 eget
373 847 41 19 land
433 850 49 16 samt
500 849 28 18 S:t
543 849 115 22 Petersburg.
680 848 39 18 Och
732 847 25 18 dä
769 848 18 17 af
799 847 59 18 denna
870 847 93 24 järnvägs-

209 877 42 22 linje
269 877 56 23 enligt
343 876 112 19 Ständernas
473 877 62 18 beslut
552 878 56 17 redan
619 877 89 18 bandelen
725 877 112 23 Haapamäki
858 872 105 32 Jyväskylä

210 907 21 16 är
247 905 69 24 byggd,
333 906 62 18 tillhör
412 905 31 19 det
456 906 102 19 Ständerna
570 913 25 12 nu
608 908 27 16 att
648 906 44 18 söka
704 906 72 23 slutligt
787 906 63 18 utföra
862 905 54 19 äfven
928 905 35 18 den

209 934 140 24 ifrägavarande
361 935 117 18 ofulländade
489 935 53 18 delen
554 936 18 17 af
584 935 68 18 nämda
662 935 134 23 järnvägslinje,
808 941 39 12 som
857 936 21 17 är
886 935 77 18 emellan

209 963 103 24 Jyväskylä
324 963 35 18 och
370 963 120 23 Mäntyharju
502 965 11 16 å
525 964 89 18 Savolaks
627 964 65 18 banan.

281 992 31 18 Uti
330 991 35 18 den
383 991 29 18 del
429 993 19 16 af
459 993 42 17 vårt
512 992 49 20 land,
573 998 67 18 genom
651 993 74 17 hvilken
736 992 69 18 nämda
816 992 76 23 järnväg
904 992 59 18 skulle

209 1021 75 23 byggas,
302 1021 35 18 har
354 1021 36 18 den
406 1021 61 18 lokala
484 1021 78 18 trafiken
578 1022 35 18 och
630 1021 120 18 samfärdseln
762 1021 52 18 alltid
825 1022 41 22 gått
878 1022 20 17 åt
909 1021 54 18 söder

211 1049 35 19 och
262 1049 69 24 sydost,
348 1050 6 17 i
365 1050 122 18 betraktande
497 1050 67 18 hvaraf
575 1051 59 17 denna
646 1050 193 23 järnvägssträckning
851 1056 53 17 synes
916 1052 46 17 mot-

210 1084 53 13 svara
281 1079 82 18 traktens
381 1079 60 21 behof,
458 1079 36 18 och
510 1079 83 18 kommer
605 1079 35 18 den
652 1081 28 16 att
692 1085 44 11 vara
747 1079 20 18 af
778 1081 39 16 stor
828 1078 94 23 betydelse
933 1079 30 18 för

210 1107 36 18 den
258 1107 135 24 genomgående
405 1108 84 18 trafiken.
513 1108 65 18 Såsom
590 1109 20 16 af
621 1107 35 18 den
668 1108 19 17 af
699 1108 53 18 Hans
765 1107 100 24 Kejserliga
877 1107 86 22 Majestät

210 1137 77 17 tillsatta
306 1137 177 22 järnvägskomiténs
504 1137 115 18 betänkande
639 1137 87 23 framgår,
744 1137 73 17 komme
834 1136 35 18 den
886 1142 77 12 numera

209 1166 139 17 instrumentalt
359 1165 36 18 och
404 1165 81 18 tekniskt
493 1165 114 18 undersökta
615 1165 140 24 järnvägslinjen
774 1165 188 23 Jyväskylä—Leivon-

209 1194 140 19 mäki—Joutsa—
374 1194 355 23 Hirvensalmi—Mäntyharju—Kieppi
737 1196 29 15 att
777 1190 66 32 beröra:
847 1195 48 16 östra
903 1195 59 16 stran-

210 1223 35 17 den
257 1223 19 17 af
288 1223 135 22 Suontienjärvi
435 1225 50 16 stora
497 1223 32 22 sjö,
542 1223 30 18 vid
584 1223 74 18 hvilken
670 1223 99 22 tillgången
780 1223 25 22 på
816 1223 46 22 skog
874 1223 20 17 är
903 1222 59 24 riklig,

210 1251 94 18 äfvensom
316 1251 23 18 de
352 1251 82 24 mäktiga
445 1251 83 18 forsarna
537 1251 83 24 Ripatin-
628 1251 35 18 och
672 1251 114 21 Kissakoski,
795 1251 28 17 uti
832 1251 63 17 hvilka
904 1252 59 17 större

209 1280 202 23 fabriksanläggningar
428 1280 63 19 kunde
508 1281 73 22 uppstå,
599 1287 34 14 om,
647 1286 22 11 en
685 1280 76 23 järnväg
778 1279 82 23 byggdes
874 1280 6 17 i
895 1279 67 18 nämda

209 1308 112 22 sträckning.

278 1336 32 21 På:
322 1335 61 23 grund
401 1335 19 17 af
437 1335 38 22 allt,
491 1335 51 18 hvad
557 1335 30 23 jag
601 1335 35 18 här
651 1335 6 17 i
672 1335 74 18 korthet
758 1336 98 20 framstält,
868 1335 94 18 äfvensom

208 1365 48 22 ånyo
273 1363 113 19 hänvisande
403 1365 27 17 till
446 1363 35 19 den
493 1364 118 18 ekonomiska
623 1364 34 18 och
668 1364 141 18 instrumentala
820 1363 142 24 undersökning,

210 1399 39 12 som
261 1399 66 17 genom
339 1393 99 23 styrelsens
450 1393 72 23 försorg
534 1394 11 17 ä
558 1393 140 23 ifrågavarande
709 1389 137 32 bansträckning
856 1389 106 32 ;värkstälts

209 1423 34 18 och
260 1423 55 18 hvars
327 1423 79 17 resultat
417 1422 48 18 varit
476 1422 89 19 oväntadt
576 1422 128 23 fördelaktiga,
716 1422 82 19 anhåller
808 1422 31 24 jag
850 1422 112 23 ödmjukast,

209 1454 28 15 att
248 1451 114 18 hedervärda
374 1451 136 18 Bondeståndet
522 1451 42 18 ville
576 1451 120 18 tillsammans
708 1451 42 18 med
762 1451 58 24 öfriga
832 1451 56 19 stånd
895 1451 67 18 under-

208 1480 64 23 dånigt
284 1481 107 23 petitionera
403 1479 71 19 därom:

276 1522 187 22 Järnvägsutskottets
472 1521 111 18 betänkande
594 1521 38 18 N:o
644 1522 18 17 2.
