1092 1750
328 155 276 23 Petitionsbetänkande
621 154 41 23 N:o
678 155 36 22 14.
847 157 26 19 77

149 224 43 17 Den
209 224 23 18 20
249 224 95 18 kilometer
364 223 55 18 breda
437 229 39 16 zon,
497 229 40 12 som
554 223 34 18 den
607 222 83 24 öppnade
707 223 60 17 banan
786 223 74 18 komme
877 225 28 16 att

149 252 114 23 genomlöpa,
276 252 59 18 skulle
347 254 67 21 utgöra
427 258 22 12 en
461 252 48 18 areal
522 252 19 18 af
552 252 52 22 3,148
615 251 180 23 kvadratkilometer,
806 252 56 18 hvars
874 252 31 18 be-

149 280 85 24 folkning
252 282 20 16 är
289 280 63 22 48,913
370 286 85 18 personer
473 281 42 17 eller
529 282 35 20 15,4
576 286 85 18 personer
672 285 32 18 per
716 280 29 17 kv.
758 280 95 18 kilometer
865 280 40 22 och,

148 314 33 13 om
199 309 61 18 därtill
277 310 62 22 lägges
357 309 130 23 befolkningen
505 309 6 17 i
528 309 124 18 Tammerfors
669 308 35 18 och
721 308 70 22 Lahtis,
809 309 56 23 stiger
878 309 27 17 till

149 338 64 22 84,000
230 344 90 18 personer.
344 338 43 18 Alla
405 338 27 18 till
450 337 83 19 området
548 337 82 19 hörande
641 337 109 19 kommuner
763 337 63 19 kunna
837 338 68 18 räknas

150 367 56 18 bland
223 367 71 18 landets
311 366 60 19 äldsta
383 366 149 24 odlingstrakter,
544 367 50 17 inom
606 366 63 18 hvilka
681 365 104 19 välståndet
796 368 21 16 är
829 366 76 18 allmänt

149 396 35 18 och
195 396 38 18 kan
245 396 70 23 ganska
326 396 45 23 högt
383 396 115 22 uppskattas,
510 396 35 18 och
556 395 72 18 hvilkas
640 395 118 18 ekonomiska
770 395 83 18 tillstånd
863 395 42 19 med

150 426 55 17 raska
223 426 39 22 steg
280 425 34 18 allt
332 431 50 11 mera
394 424 99 18 förkofras.
518 424 10 17 I
539 425 93 16 närmaste
643 424 88 18 närheten
743 424 19 17 af
774 424 35 17 den
822 424 83 23 öppnade

150 453 61 18 banan
228 453 60 18 finnas
307 453 31 18 två
355 455 50 15 stora
423 453 91 22 ångsågar
526 453 34 18 och
572 453 32 18 två
616 452 71 18 mindre
698 453 59 22 sågar,
770 459 22 12 en
804 453 101 23 ångkvarn,

148 482 48 18 flera
215 482 101 23 tegelbruk,
335 488 22 12 en
375 483 43 20 stor,
437 482 85 17 utmärkt
539 481 129 22 klädesfabrik,
680 482 56 17 hvars
749 481 110 24 produktion
872 482 33 17 allt

150 517 51 12 mera
218 511 91 23 utvidgas,
327 512 27 16 ett
372 510 107 20 skäktvärk,
498 516 38 12 som
548 510 75 18 bereder
635 511 25 16 lin
672 511 29 18 för
712 511 124 17 Tammerfors
848 511 57 17 linne-

150 540 67 21 fabrik,
229 545 42 12 men
282 539 83 18 befinner
377 539 28 22 sig
416 540 24 22 på
451 539 23 18 80
483 539 104 18 kilometers
596 538 74 19 afstånd
679 539 43 18 från
730 538 112 23 densamma,
851 539 54 18 hvar-

150 569 82 18 förutom
247 569 72 17 ensamt
330 573 65 18 genom
407 567 75 23 Lampis
494 567 89 19 kommun
595 570 134 21 transporteras
743 568 27 18 till
781 568 124 19 Tammerfors

150 598 6 18 i
168 598 84 18 hemmen
269 597 64 18 beredt
350 597 25 17 lin
393 596 30 18 för
434 597 68 23 många
513 597 127 18 hundratusen
652 597 58 18 mark.
734 597 101 18 Dessutom
847 598 58 17 finnes

151 628 24 22 på
187 627 21 17 15
221 626 11 18 a
243 626 23 18 20
281 626 105 18 kilometers
402 625 75 18 afstånd
495 626 41 18 från
548 626 60 18 banan
620 626 46 18 flera
679 626 170 24 säganläggningar,
861 627 44 17 Val-

150 655 88 19 keakoski
256 654 133 24 pappersbruk,
407 655 56 17 Evois
475 655 121 18 forstinstitut
608 661 23 11 m.
643 661 24 12 m.
691 655 38 17 Det
741 657 20 16 är
773 655 89 22 därjämte
874 661 32 12 an-

152 684 65 23 tagligt
235 686 28 16 att
279 684 132 22 anläggningar
427 683 30 18 för
469 683 118 19 storindustri
599 684 59 18 skulle
671 684 26 17 till
709 684 46 22 följd
767 684 19 18 af
797 684 108 23 järnvägens

151 712 98 24 byggande
260 713 69 23 uppstä
350 712 30 18 vid
398 712 102 18 Vihavuosi
512 712 38 18 fors
567 713 7 17 i
586 712 69 18 Hauho
666 713 35 17 och
713 713 119 18 Porraskoski
845 714 38 16 fors
901 714 5 16 i

151 741 80 23 Lampis.

220 771 37 17 För
273 772 29 16 att
317 769 95 19 förbereda
425 770 75 18 ärendet
512 770 56 18 hafva
579 770 107 18 förenämda
698 770 109 18 kommuner
818 771 43 17 lätit
872 776 33 12 un-

151 798 79 19 dersöka
247 798 35 18 den
299 798 90 24 pätänkta
400 798 71 18 banans
484 799 106 23 sträckning
601 798 34 18 och
648 800 83 22 uppgöra
742 800 121 22 fullständiga
875 799 31 18 rit-

150 828 67 23 ningar
234 828 27 18 till
279 827 107 19 densamma
403 828 49 17 samt
464 828 29 17 för
505 827 52 19 detta
568 827 86 19 ändamål
665 828 96 23 uppoffrat
774 829 61 21 17,000
847 828 58 18 mark.

150 857 65 23 Enligt
232 856 59 19 denna
309 856 138 23 undersökning
465 856 74 18 komme
556 856 60 18 banan
633 856 56 23 jämte
706 857 83 18 material
807 859 28 16 att
852 856 54 19 kosta

150 886 93 22 9,370,000
260 886 54 22 Fmk,
332 885 35 18 och
385 885 65 23 själfva
466 885 105 23 byggandet
587 891 32 17 per
631 886 95 18 kilometer
738 886 49 18 Fmk
798 886 68 22 81,118:
879 887 26 18 15.

151 915 63 23 Enligt
230 914 251 24 rentabilitetsberäkningen,
494 920 39 13 som
544 916 21 16 är
576 914 91 24 uppgjord
679 915 42 18 med
733 917 39 15 stor
783 915 122 23 försiktighet,

151 946 56 21 utgör
225 943 35 19 den
277 944 58 23 ärliga
347 944 104 18 inkomsten
464 944 74 21 907,704
550 944 54 21 Fmk,
616 944 91 23 nämligen
720 944 29 18 för
760 944 147 23 persontrafiken

153 973 74 22 315,084
239 972 34 18 och
285 973 29 17 för
326 972 126 24 godstrafiken
464 972 74 22 592,620
550 972 54 22 Fmk,
616 972 35 18 och
663 972 35 18 blir
710 972 83 22 sälunda,
806 972 24 18 dä
843 973 63 17 trafik-

151 1001 156 19 omkostnaderna
319 1002 47 23 stiga
378 1002 27 16 till
417 1001 74 21 554,400
503 1001 53 21 Fmk,
569 1000 35 18 den
616 1001 58 23 ärliga
685 1002 71 17 vinsten
768 1002 74 21 353,304
852 1002 53 21 Fmk,

151 1036 39 12 som
203 1033 102 16 motsvarar
317 1031 34 21 3,77
357 1030 23 24 ”/,
392 1030 19 18 af
423 1029 31 19 det
467 1030 27 18 till
506 1030 90 23 företaget
608 1030 84 18 använda
704 1030 93 23 kapitalet.

222 1060 81 18 Emedan
314 1059 121 23 fullständiga
443 1060 96 22 ritningar,
548 1059 163 23 kostnadsförslag,
721 1060 185 18 rentabilitetsberäk-

152 1090 44 22 ning
207 1089 56 23 jämte
274 1089 60 23 öfriga
346 1089 59 17 banan
418 1088 94 23 angående
521 1088 108 24 handlingar
638 1088 60 18 finnas
708 1090 28 16 att
745 1089 51 23 tillgå
805 1089 30 18 för
844 1089 61 18 veder-

151 1117 82 19 börande
251 1118 77 21 utskott,
346 1118 47 22 våga
410 1118 23 21 vi,
440 1116 118 18 -hänvisande
570 1117 27 17 till
610 1116 98 23 desamma,
721 1116 94 19 vördsamt
827 1118 78 21 anhålla,

151 1149 30 16 att
199 1146 112 24 högvördiga
329 1146 136 18 Presteståndet
483 1146 42 18 ville
541 1146 56 22 jämte
614 1146 60 23 öfriga
690 1146 54 18 stånd
760 1147 65 17 förena
837 1148 28 22 sig
876 1153 30 12 om

151 1175 80 23 följande
244 1176 82 23 petition:

427 1240 14 17 I
452 1239 42 23 fall
508 1240 29 17 det
548 1240 35 22 för
596 1240 34 16 den
643 1239 87 18 växande
742 1240 101 22 trafikens
855 1239 52 18 skull

359 1273 56 12 anses
433 1268 67 22 nödigt
518 1270 29 16 att
564 1269 56 21 förse
638 1267 154 18 bansträckorna
813 1268 93 18 Tammer-

356 1297 175 21 fors—Riihimäki
548 1297 34 17 och
600 1297 188 17 Lahti—Riihimäki
804 1297 41 17 med
857 1297 50 17 sido-

359 1322 53 25 spår,
426 1322 80 20 anhålla
518 1326 20 16 vi
548 1322 134 25 underdånigt,
696 1326 29 16 att
736 1325 57 17 Hans
803 1325 104 22 Kejserliga

359 1353 93 22 Majestät
471 1354 73 18 täcktes
562 1352 40 19 låta
618 1353 91 18 utarbeta
721 1354 33 17 och
766 1353 32 18 till
810 1355 96 16 nästsam-

358 1382 141 17 manträdande
518 1383 81 16 Ständer
618 1382 81 22 afgifva
716 1387 22 11 en
750 1380 60 23 nådig
819 1382 88 21 proposi-

359 1411 40 16 tion
419 1415 28 11 om
467 1410 102 22 byggande,
582 1411 6 15 i
600 1410 66 17 stället
682 1410 36 22 för
736 1410 57 17 dessa
811 1407 96 24 sidospär,

360 1439 26 21 af
397 1444 22 11 en
433 1436 113 24 bredspärig
559 1438 51 18 bana
621 1436 51 24 från
685 1438 119 22 Kangasala
812 1438 73 17 station
895 1436 12 20 ä

363 1464 126 25 Uleäborgs—
502 1460 124 33 Tammerfors
644 1466 64 18 banan
720 1466 31 18 till
763 1466 61 18 Lahti
835 1467 72 17 station

224 1508 202 23 Järnvägsutskottets
440 1507 118 18 betänkande
571 1507 38 18 N:o
620 1508 18 17 2.
