<?xml version="1.0" encoding="UTF-8"?>
<alto xmlns="http://www.loc.gov/standards/alto/ns-v3#" xmlns:xlink="http://www.w3.org/1999/xlink" xmlns:xsi="http://www.w3.org/2001/XMLSchema-instance" xsi:schemaLocation="http://www.loc.gov/standards/alto/ns-v3# http://www.loc.gov/alto/v3/alto-3-0.xsd">
	<Description>
		<MeasurementUnit>pixel</MeasurementUnit>
		<sourceImageInformation>
			<fileName>/tmp/tess_7zb9873t_input.PNG</fileName>
		</sourceImageInformation>
		<OCRProcessing ID="OCR_0">
			<ocrProcessingStep>
				<processingSoftware>
					<softwareName>tesseract 5.3.4</softwareName>
				</processingSoftware>
			</ocrProcessingStep>
		</OCRProcessing>
	</Description>
	<Layout>
		<Page WIDTH="1061" HEIGHT="1709" PHYSICAL_IMG_NR="0" ID="page_0">
			<PrintSpace HPOS="0" VPOS="0" WIDTH="1061" HEIGHT="1709">
				<ComposedBlock ID="cblock_0" HPOS="276" VPOS="160" WIDTH="534" HEIGHT="23">
					<TextBlock ID="block_0" HPOS="276" VPOS="160" WIDTH="534" HEIGHT="23">
						<TextLine ID="line_0" HPOS="276" VPOS="160" WIDTH="534" HEIGHT="23">
							<String ID="string_0" HPOS="276" VPOS="160" WIDTH="269" HEIGHT="22" WC="0.91" CONTENT="Petitionsbetänkande"/><SP WIDTH="16" VPOS="160" HPOS="545"/>
							<String ID="string_1" HPOS="561" VPOS="160" WIDTH="40" HEIGHT="22" WC="0.96" CONTENT="N:o"/><SP WIDTH="16" VPOS="160" HPOS="601"/>
							<String ID="string_2" HPOS="617" VPOS="161" WIDTH="34" HEIGHT="22" WC="0.95" CONTENT="17."/><SP WIDTH="147" VPOS="161" HPOS="651"/>
							<String ID="string_3" HPOS="798" VPOS="162" WIDTH="12" HEIGHT="20" WC="0.96" CONTENT="3"/>
						</TextLine>
					</TextBlock>
				</ComposedBlock>
				<ComposedBlock ID="cblock_1" HPOS="87" VPOS="228" WIDTH="760" HEIGHT="1269">
					<TextBlock ID="block_1" HPOS="87" VPOS="228" WIDTH="755" HEIGHT="452">
						<TextLine ID="line_1" HPOS="156" VPOS="228" WIDTH="684" HEIGHT="23">
							<String ID="string_4" HPOS="156" VPOS="228" WIDTH="40" HEIGHT="18" WC="0.95" CONTENT="Hår"/><SP WIDTH="12" VPOS="228" HPOS="196"/>
							<String ID="string_5" HPOS="208" VPOS="229" WIDTH="6" HEIGHT="17" WC="0.96" CONTENT="i"/><SP WIDTH="12" VPOS="229" HPOS="214"/>
							<String ID="string_6" HPOS="226" VPOS="228" WIDTH="65" HEIGHT="19" WC="0.96" CONTENT="landet"/><SP WIDTH="15" VPOS="228" HPOS="291"/>
							<String ID="string_7" HPOS="306" VPOS="229" WIDTH="34" HEIGHT="22" WC="0.93" CONTENT="går"/><SP WIDTH="12" VPOS="229" HPOS="340"/>
							<String ID="string_8" HPOS="352" VPOS="228" WIDTH="184" HEIGHT="23" WC="0.90" CONTENT="statsförvaltningen"/><SP WIDTH="13" VPOS="228" HPOS="536"/>
							<String ID="string_9" HPOS="549" VPOS="234" WIDTH="6" HEIGHT="12" WC="0.96" CONTENT="i"/><SP WIDTH="14" VPOS="234" HPOS="555"/>
							<String ID="string_10" HPOS="569" VPOS="234" WIDTH="23" HEIGHT="13" WC="0.96" CONTENT="en"/><SP WIDTH="13" VPOS="234" HPOS="592"/>
							<String ID="string_11" HPOS="605" VPOS="231" WIDTH="74" HEIGHT="16" WC="0.96" CONTENT="motsatt"/><SP WIDTH="11" VPOS="231" HPOS="679"/>
							<String ID="string_12" HPOS="690" VPOS="229" WIDTH="90" HEIGHT="22" WC="0.91" CONTENT="riktning."/><SP WIDTH="18" VPOS="229" HPOS="780"/>
							<String ID="string_13" HPOS="798" VPOS="230" WIDTH="42" HEIGHT="17" WC="0.96" CONTENT="Den"/>
						</TextLine>
						<TextLine ID="line_2" HPOS="89" VPOS="256" WIDTH="751" HEIGHT="24">
							<String ID="string_14" HPOS="89" VPOS="257" WIDTH="123" HEIGHT="18" WC="0.90" CONTENT="bortskänker"/><SP WIDTH="12" VPOS="257" HPOS="212"/>
							<String ID="string_15" HPOS="224" VPOS="258" WIDTH="7" HEIGHT="16" WC="0.96" CONTENT="i"/><SP WIDTH="13" VPOS="258" HPOS="231"/>
							<String ID="string_16" HPOS="244" VPOS="257" WIDTH="23" HEIGHT="17" WC="0.96" CONTENT="de"/><SP WIDTH="13" VPOS="257" HPOS="267"/>
							<String ID="string_17" HPOS="280" VPOS="256" WIDTH="85" HEIGHT="23" WC="0.96" CONTENT="nordliga"/><SP WIDTH="12" VPOS="256" HPOS="365"/>
							<String ID="string_18" HPOS="377" VPOS="256" WIDTH="77" HEIGHT="18" WC="0.96" CONTENT="delarna"/><SP WIDTH="12" VPOS="256" HPOS="454"/>
							<String ID="string_19" HPOS="466" VPOS="257" WIDTH="21" HEIGHT="17" WC="0.96" CONTENT="af"/><SP WIDTH="9" VPOS="257" HPOS="487"/>
							<String ID="string_20" HPOS="496" VPOS="257" WIDTH="65" HEIGHT="18" WC="0.96" CONTENT="landet"/><SP WIDTH="12" VPOS="257" HPOS="561"/>
							<String ID="string_21" HPOS="573" VPOS="257" WIDTH="114" HEIGHT="18" WC="0.93" CONTENT="vidsträckta"/><SP WIDTH="18" VPOS="257" HPOS="687"/>
							<String ID="string_22" HPOS="705" VPOS="258" WIDTH="135" HEIGHT="22" WC="0.92" CONTENT="skogsmarker,"/>
						</TextLine>
						<TextLine ID="line_3" HPOS="88" VPOS="285" WIDTH="752" HEIGHT="23">
							<String ID="string_23" HPOS="88" VPOS="285" WIDTH="96" HEIGHT="23" WC="0.95" CONTENT="samtidigt"/><SP WIDTH="12" VPOS="285" HPOS="184"/>
							<String ID="string_24" HPOS="196" VPOS="291" WIDTH="40" HEIGHT="12" WC="0.96" CONTENT="som"/><SP WIDTH="12" VPOS="291" HPOS="236"/>
							<String ID="string_25" HPOS="248" VPOS="286" WIDTH="37" HEIGHT="17" WC="0.96" CONTENT="alla"/><SP WIDTH="11" VPOS="286" HPOS="285"/>
							<String ID="string_26" HPOS="296" VPOS="286" WIDTH="58" HEIGHT="21" WC="0.96" CONTENT="inköp"/><SP WIDTH="13" VPOS="286" HPOS="354"/>
							<String ID="string_27" HPOS="367" VPOS="285" WIDTH="20" HEIGHT="18" WC="0.96" CONTENT="af"/><SP WIDTH="11" VPOS="285" HPOS="387"/>
							<String ID="string_28" HPOS="398" VPOS="285" WIDTH="59" HEIGHT="18" WC="0.95" CONTENT="sådan"/><SP WIDTH="9" VPOS="285" HPOS="457"/>
							<String ID="string_29" HPOS="466" VPOS="286" WIDTH="53" HEIGHT="17" WC="0.96" CONTENT="mark"/><SP WIDTH="8" VPOS="286" HPOS="519"/>
							<String ID="string_30" HPOS="527" VPOS="285" WIDTH="29" HEIGHT="18" WC="0.96" CONTENT="för"/><SP WIDTH="9" VPOS="285" HPOS="556"/>
							<String ID="string_31" HPOS="565" VPOS="288" WIDTH="69" HEIGHT="15" WC="0.95" CONTENT="statens"/><SP WIDTH="9" VPOS="288" HPOS="634"/>
							<String ID="string_32" HPOS="643" VPOS="286" WIDTH="79" HEIGHT="22" WC="0.96" CONTENT="räkning"/><SP WIDTH="8" VPOS="286" HPOS="722"/>
							<String ID="string_33" HPOS="730" VPOS="286" WIDTH="7" HEIGHT="17" WC="0.96" CONTENT="i"/><SP WIDTH="9" VPOS="286" HPOS="737"/>
							<String ID="string_34" HPOS="746" VPOS="286" WIDTH="94" HEIGHT="17" WC="0.96" CONTENT="mellersta"/>
						</TextLine>
						<TextLine ID="line_4" HPOS="88" VPOS="313" WIDTH="752" HEIGHT="24">
							<String ID="string_35" HPOS="88" VPOS="314" WIDTH="35" HEIGHT="17" WC="0.96" CONTENT="och"/><SP WIDTH="12" VPOS="314" HPOS="123"/>
							<String ID="string_36" HPOS="135" VPOS="314" WIDTH="57" HEIGHT="17" WC="0.96" CONTENT="södra"/><SP WIDTH="12" VPOS="314" HPOS="192"/>
							<String ID="string_37" HPOS="204" VPOS="314" WIDTH="55" HEIGHT="18" WC="0.96" CONTENT="delen"/><SP WIDTH="13" VPOS="314" HPOS="259"/>
							<String ID="string_38" HPOS="272" VPOS="313" WIDTH="20" HEIGHT="18" WC="0.96" CONTENT="af"/><SP WIDTH="12" VPOS="313" HPOS="292"/>
							<String ID="string_39" HPOS="304" VPOS="313" WIDTH="64" HEIGHT="18" WC="0.94" CONTENT="landet"/><SP WIDTH="11" VPOS="313" HPOS="368"/>
							<String ID="string_40" HPOS="379" VPOS="318" WIDTH="77" HEIGHT="13" WC="0.96" CONTENT="numera"/><SP WIDTH="13" VPOS="318" HPOS="456"/>
							<String ID="string_41" HPOS="469" VPOS="314" WIDTH="77" HEIGHT="18" WC="0.95" CONTENT="alldeles"/><SP WIDTH="12" VPOS="314" HPOS="546"/>
							<String ID="string_42" HPOS="558" VPOS="313" WIDTH="86" HEIGHT="24" WC="0.95" CONTENT="upphört."/><SP WIDTH="24" VPOS="313" HPOS="644"/>
							<String ID="string_43" HPOS="668" VPOS="314" WIDTH="116" HEIGHT="23" WC="0.95" CONTENT="Visserligen"/><SP WIDTH="12" VPOS="314" HPOS="784"/>
							<String ID="string_44" HPOS="796" VPOS="319" WIDTH="44" HEIGHT="17" WC="0.95" CONTENT="eger"/>
						</TextLine>
						<TextLine ID="line_5" HPOS="88" VPOS="342" WIDTH="753" HEIGHT="23">
							<String ID="string_45" HPOS="88" VPOS="343" WIDTH="61" HEIGHT="16" WC="0.95" CONTENT="staten"/><SP WIDTH="20" VPOS="343" HPOS="149"/>
							<String ID="string_46" HPOS="169" VPOS="343" WIDTH="49" HEIGHT="16" WC="0.96" CONTENT="ännu"/><SP WIDTH="18" VPOS="343" HPOS="218"/>
							<String ID="string_47" HPOS="236" VPOS="342" WIDTH="59" HEIGHT="18" WC="0.93" CONTENT="omkr."/><SP WIDTH="19" VPOS="342" HPOS="295"/>
							<String ID="string_48" HPOS="314" VPOS="343" WIDTH="11" HEIGHT="17" WC="0.96" CONTENT="5"/><SP WIDTH="19" VPOS="343" HPOS="325"/>
							<String ID="string_49" HPOS="344" VPOS="342" WIDTH="86" HEIGHT="22" WC="0.95" CONTENT="miljoner"/><SP WIDTH="17" VPOS="342" HPOS="430"/>
							<String ID="string_50" HPOS="447" VPOS="342" WIDTH="67" HEIGHT="18" WC="0.96" CONTENT="hektar"/><SP WIDTH="17" VPOS="342" HPOS="514"/>
							<String ID="string_51" HPOS="531" VPOS="344" WIDTH="39" HEIGHT="16" WC="0.96" CONTENT="torr"/><SP WIDTH="19" VPOS="344" HPOS="570"/>
							<String ID="string_52" HPOS="589" VPOS="342" WIDTH="114" HEIGHT="23" WC="0.96" CONTENT="skogsmark,"/><SP WIDTH="18" VPOS="342" HPOS="703"/>
							<String ID="string_53" HPOS="721" VPOS="342" WIDTH="46" HEIGHT="18" WC="0.96" CONTENT="eller"/><SP WIDTH="17" VPOS="342" HPOS="767"/>
							<String ID="string_54" HPOS="784" VPOS="343" WIDTH="6" HEIGHT="16" WC="0.95" CONTENT="i"/><SP WIDTH="19" VPOS="343" HPOS="790"/>
							<String ID="string_55" HPOS="809" VPOS="342" WIDTH="32" HEIGHT="17" WC="0.96" CONTENT="det"/>
						</TextLine>
						<TextLine ID="line_6" HPOS="87" VPOS="370" WIDTH="752" HEIGHT="23">
							<String ID="string_56" HPOS="87" VPOS="372" WIDTH="94" HEIGHT="17" WC="0.96" CONTENT="närmaste"/><SP WIDTH="19" VPOS="372" HPOS="181"/>
							<String ID="string_57" HPOS="200" VPOS="371" WIDTH="23" HEIGHT="18" WC="0.93" CONTENT="35"/><SP WIDTH="7" VPOS="371" HPOS="223"/>
							<String ID="string_58" HPOS="230" VPOS="371" WIDTH="21" HEIGHT="22" WC="0.92" CONTENT="%"/><SP WIDTH="13" VPOS="371" HPOS="251"/>
							<String ID="string_59" HPOS="264" VPOS="371" WIDTH="20" HEIGHT="17" WC="0.96" CONTENT="af"/><SP WIDTH="17" VPOS="371" HPOS="284"/>
							<String ID="string_60" HPOS="301" VPOS="371" WIDTH="74" HEIGHT="17" WC="0.96" CONTENT="landets"/><SP WIDTH="17" VPOS="371" HPOS="375"/>
							<String ID="string_61" HPOS="392" VPOS="371" WIDTH="44" HEIGHT="17" WC="0.96" CONTENT="hela"/><SP WIDTH="18" VPOS="371" HPOS="436"/>
							<String ID="string_62" HPOS="454" VPOS="371" WIDTH="50" HEIGHT="18" WC="0.95" CONTENT="areal"/><SP WIDTH="13" VPOS="371" HPOS="504"/>
							<String ID="string_63" HPOS="517" VPOS="371" WIDTH="20" HEIGHT="18" WC="0.96" CONTENT="af"/><SP WIDTH="11" VPOS="371" HPOS="537"/>
							<String ID="string_64" HPOS="548" VPOS="371" WIDTH="58" HEIGHT="18" WC="0.96" CONTENT="sådan"/><SP WIDTH="13" VPOS="371" HPOS="606"/>
							<String ID="string_65" HPOS="619" VPOS="371" WIDTH="58" HEIGHT="21" WC="0.96" CONTENT="mark,"/><SP WIDTH="13" VPOS="371" HPOS="677"/>
							<String ID="string_66" HPOS="690" VPOS="376" WIDTH="41" HEIGHT="13" WC="0.96" CONTENT="men"/><SP WIDTH="13" VPOS="376" HPOS="731"/>
							<String ID="string_67" HPOS="744" VPOS="370" WIDTH="54" HEIGHT="19" WC="0.93" CONTENT="häraf"/><SP WIDTH="10" VPOS="370" HPOS="798"/>
							<String ID="string_68" HPOS="808" VPOS="371" WIDTH="31" HEIGHT="17" WC="0.91" CONTENT="be-"/>
						</TextLine>
						<TextLine ID="line_7" HPOS="88" VPOS="399" WIDTH="752" HEIGHT="23">
							<String ID="string_69" HPOS="88" VPOS="399" WIDTH="61" HEIGHT="18" WC="0.96" CONTENT="finner"/><SP WIDTH="13" VPOS="399" HPOS="149"/>
							<String ID="string_70" HPOS="162" VPOS="400" WIDTH="29" HEIGHT="22" WC="0.96" CONTENT="sig"/><SP WIDTH="13" VPOS="400" HPOS="191"/>
							<String ID="string_71" HPOS="204" VPOS="401" WIDTH="72" HEIGHT="16" WC="0.84" CONTENT="ensamt"/><SP WIDTH="12" VPOS="401" HPOS="276"/>
							<String ID="string_72" HPOS="288" VPOS="399" WIDTH="7" HEIGHT="18" WC="0.96" CONTENT="i"/><SP WIDTH="13" VPOS="399" HPOS="295"/>
							<String ID="string_73" HPOS="308" VPOS="399" WIDTH="104" HEIGHT="23" WC="0.96" CONTENT="Uleåborgs"/><SP WIDTH="13" VPOS="399" HPOS="412"/>
							<String ID="string_74" HPOS="425" VPOS="400" WIDTH="31" HEIGHT="17" WC="0.93" CONTENT="län"/><SP WIDTH="12" VPOS="400" HPOS="456"/>
							<String ID="string_75" HPOS="468" VPOS="400" WIDTH="40" HEIGHT="22" WC="0.62" CONTENT="4&#39;!/&gt;"/><SP WIDTH="13" VPOS="400" HPOS="508"/>
							<String ID="string_76" HPOS="521" VPOS="400" WIDTH="65" HEIGHT="22" WC="0.96" CONTENT="miljon"/><SP WIDTH="13" VPOS="400" HPOS="586"/>
							<String ID="string_77" HPOS="599" VPOS="399" WIDTH="67" HEIGHT="18" WC="0.96" CONTENT="hektar"/><SP WIDTH="12" VPOS="399" HPOS="666"/>
							<String ID="string_78" HPOS="678" VPOS="399" WIDTH="35" HEIGHT="18" WC="0.96" CONTENT="och"/><SP WIDTH="12" VPOS="399" HPOS="713"/>
							<String ID="string_79" HPOS="725" VPOS="400" WIDTH="7" HEIGHT="17" WC="0.96" CONTENT="i"/><SP WIDTH="13" VPOS="400" HPOS="732"/>
							<String ID="string_80" HPOS="745" VPOS="399" WIDTH="23" HEIGHT="18" WC="0.95" CONTENT="de"/><SP WIDTH="12" VPOS="399" HPOS="768"/>
							<String ID="string_81" HPOS="780" VPOS="399" WIDTH="60" HEIGHT="22" WC="0.96" CONTENT="öfriga"/>
						</TextLine>
						<TextLine ID="line_8" HPOS="88" VPOS="427" WIDTH="752" HEIGHT="24">
							<String ID="string_82" HPOS="88" VPOS="428" WIDTH="56" HEIGHT="18" WC="0.93" CONTENT="länen"/><SP WIDTH="19" VPOS="428" HPOS="144"/>
							<String ID="string_83" HPOS="163" VPOS="427" WIDTH="136" HEIGHT="24" WC="0.92" CONTENT="sammanlagdt"/><SP WIDTH="19" VPOS="427" HPOS="299"/>
							<String ID="string_84" HPOS="318" VPOS="428" WIDTH="66" HEIGHT="18" WC="0.96" CONTENT="endast"/><SP WIDTH="18" VPOS="428" HPOS="384"/>
							<String ID="string_85" HPOS="402" VPOS="428" WIDTH="58" HEIGHT="17" WC="0.93" CONTENT="omkr."/><SP WIDTH="13" VPOS="428" HPOS="460"/>
							<String ID="string_86" HPOS="473" VPOS="428" WIDTH="20" HEIGHT="22" WC="0.34" CONTENT="!/2&gt;"/><SP WIDTH="18" VPOS="428" HPOS="493"/>
							<String ID="string_87" HPOS="511" VPOS="428" WIDTH="72" HEIGHT="23" WC="0.96" CONTENT="miljon,"/><SP WIDTH="19" VPOS="428" HPOS="583"/>
							<String ID="string_88" HPOS="602" VPOS="428" WIDTH="46" HEIGHT="18" WC="0.96" CONTENT="eller"/><SP WIDTH="18" VPOS="428" HPOS="648"/>
							<String ID="string_89" HPOS="666" VPOS="428" WIDTH="66" HEIGHT="23" WC="0.67" CONTENT="61/2&quot;"/><SP WIDTH="18" VPOS="428" HPOS="732"/>
							<String ID="string_90" HPOS="750" VPOS="427" WIDTH="20" HEIGHT="18" WC="0.95" CONTENT="af"/><SP WIDTH="16" VPOS="427" HPOS="770"/>
							<String ID="string_91" HPOS="786" VPOS="427" WIDTH="54" HEIGHT="18" WC="0.96" CONTENT="dessa"/>
						</TextLine>
						<TextLine ID="line_9" HPOS="87" VPOS="456" WIDTH="753" HEIGHT="24">
							<String ID="string_92" HPOS="87" VPOS="457" WIDTH="43" HEIGHT="18" WC="0.91" CONTENT="läns"/><SP WIDTH="13" VPOS="457" HPOS="130"/>
							<String ID="string_93" HPOS="143" VPOS="456" WIDTH="147" HEIGHT="23" WC="0.91" CONTENT="jsammanlagda"/><SP WIDTH="21" VPOS="456" HPOS="290"/>
							<String ID="string_94" HPOS="311" VPOS="456" WIDTH="51" HEIGHT="18" WC="0.96" CONTENT="areal"/><SP WIDTH="18" VPOS="456" HPOS="362"/>
							<String ID="string_95" HPOS="380" VPOS="456" WIDTH="20" HEIGHT="18" WC="0.95" CONTENT="af"/><SP WIDTH="21" VPOS="456" HPOS="400"/>
							<String ID="string_96" HPOS="421" VPOS="459" WIDTH="39" HEIGHT="15" WC="0.96" CONTENT="torr"/><SP WIDTH="22" VPOS="459" HPOS="460"/>
							<String ID="string_97" HPOS="482" VPOS="457" WIDTH="114" HEIGHT="23" WC="0.95" CONTENT="skogsmark."/><SP WIDTH="23" VPOS="457" HPOS="596"/>
							<String ID="string_98" HPOS="619" VPOS="457" WIDTH="67" HEIGHT="17" WC="0.93" CONTENT="Denna"/><SP WIDTH="17" VPOS="457" HPOS="686"/>
							<String ID="string_99" HPOS="703" VPOS="456" WIDTH="137" HEIGHT="23" WC="0.93" CONTENT="jemförelsevis"/>
						</TextLine>
						<TextLine ID="line_10" HPOS="87" VPOS="485" WIDTH="753" HEIGHT="23">
							<String ID="string_100" HPOS="87" VPOS="486" WIDTH="54" HEIGHT="21" WC="0.96" CONTENT="ringa"/><SP WIDTH="12" VPOS="486" HPOS="141"/>
							<String ID="string_101" HPOS="153" VPOS="485" WIDTH="54" HEIGHT="18" WC="0.96" CONTENT="areal"/><SP WIDTH="12" VPOS="485" HPOS="207"/>
							<String ID="string_102" HPOS="219" VPOS="485" WIDTH="37" HEIGHT="18" WC="0.96" CONTENT="kan"/><SP WIDTH="13" VPOS="485" HPOS="256"/>
							<String ID="string_103" HPOS="269" VPOS="485" WIDTH="43" HEIGHT="18" WC="0.96" CONTENT="icke"/><SP WIDTH="14" VPOS="485" HPOS="312"/>
							<String ID="string_104" HPOS="326" VPOS="485" WIDTH="55" HEIGHT="18" WC="0.96" CONTENT="hafva"/><SP WIDTH="12" VPOS="485" HPOS="381"/>
							<String ID="string_105" HPOS="393" VPOS="485" WIDTH="47" HEIGHT="18" WC="0.96" CONTENT="eller"/><SP WIDTH="12" VPOS="485" HPOS="440"/>
							<String ID="string_106" HPOS="452" VPOS="485" WIDTH="19" HEIGHT="17" WC="0.96" CONTENT="få"/><SP WIDTH="12" VPOS="485" HPOS="471"/>
							<String ID="string_107" HPOS="483" VPOS="486" WIDTH="60" HEIGHT="22" WC="0.96" CONTENT="någon"/><SP WIDTH="13" VPOS="486" HPOS="543"/>
							<String ID="string_108" HPOS="556" VPOS="485" WIDTH="102" HEIGHT="18" WC="0.96" CONTENT="nämnvärd"/><SP WIDTH="15" VPOS="485" HPOS="658"/>
							<String ID="string_109" HPOS="673" VPOS="485" WIDTH="95" HEIGHT="22" WC="0.96" CONTENT="betydelse"/><SP WIDTH="12" VPOS="485" HPOS="768"/>
							<String ID="string_110" HPOS="780" VPOS="485" WIDTH="60" HEIGHT="18" WC="0.96" CONTENT="såsom"/>
						</TextLine>
						<TextLine ID="line_11" HPOS="88" VPOS="513" WIDTH="752" HEIGHT="22">
							<String ID="string_111" HPOS="88" VPOS="519" WIDTH="65" HEIGHT="12" WC="0.90" CONTENT="reserv"/><SP WIDTH="13" VPOS="519" HPOS="153"/>
							<String ID="string_112" HPOS="166" VPOS="513" WIDTH="29" HEIGHT="18" WC="0.96" CONTENT="för"/><SP WIDTH="13" VPOS="513" HPOS="195"/>
							<String ID="string_113" HPOS="208" VPOS="513" WIDTH="23" HEIGHT="18" WC="0.97" CONTENT="de"/><SP WIDTH="14" VPOS="513" HPOS="231"/>
							<String ID="string_114" HPOS="245" VPOS="513" WIDTH="56" HEIGHT="18" WC="0.96" CONTENT="södra"/><SP WIDTH="13" VPOS="513" HPOS="301"/>
							<String ID="string_115" HPOS="314" VPOS="514" WIDTH="33" HEIGHT="17" WC="0.96" CONTENT="och"/><SP WIDTH="14" VPOS="514" HPOS="347"/>
							<String ID="string_116" HPOS="361" VPOS="513" WIDTH="96" HEIGHT="18" WC="0.93" CONTENT="mellersta"/><SP WIDTH="9" VPOS="513" HPOS="457"/>
							<String ID="string_117" HPOS="466" VPOS="513" WIDTH="143" HEIGHT="19" WC="0.90" CONTENT="landsdelarnes"/><SP WIDTH="8" VPOS="513" HPOS="609"/>
							<String ID="string_118" HPOS="617" VPOS="513" WIDTH="58" HEIGHT="18" WC="0.90" CONTENT="behof"/><SP WIDTH="6" VPOS="513" HPOS="675"/>
							<String ID="string_119" HPOS="681" VPOS="514" WIDTH="20" HEIGHT="17" WC="0.93" CONTENT="af"/><SP WIDTH="6" VPOS="514" HPOS="701"/>
							<String ID="string_120" HPOS="707" VPOS="513" WIDTH="133" HEIGHT="22" WC="0.89" CONTENT="timmervirke,"/>
						</TextLine>
						<TextLine ID="line_12" HPOS="87" VPOS="541" WIDTH="753" HEIGHT="24">
							<String ID="string_121" HPOS="87" VPOS="542" WIDTH="85" HEIGHT="18" WC="0.91" CONTENT="hvarken"/><SP WIDTH="19" VPOS="542" HPOS="172"/>
							<String ID="string_122" HPOS="191" VPOS="541" WIDTH="31" HEIGHT="18" WC="0.96" CONTENT="för"/><SP WIDTH="18" VPOS="541" HPOS="222"/>
							<String ID="string_123" HPOS="240" VPOS="544" WIDTH="65" HEIGHT="21" WC="0.96" CONTENT="export"/><SP WIDTH="19" VPOS="544" HPOS="305"/>
							<String ID="string_124" HPOS="324" VPOS="542" WIDTH="47" HEIGHT="18" WC="0.96" CONTENT="eller"/><SP WIDTH="19" VPOS="542" HPOS="371"/>
							<String ID="string_125" HPOS="390" VPOS="545" WIDTH="43" HEIGHT="20" WC="0.93" CONTENT="eget"/><SP WIDTH="18" VPOS="545" HPOS="433"/>
							<String ID="string_126" HPOS="451" VPOS="542" WIDTH="60" HEIGHT="19" WC="0.90" CONTENT="behof."/><SP WIDTH="24" VPOS="542" HPOS="511"/>
							<String ID="string_127" HPOS="535" VPOS="543" WIDTH="56" HEIGHT="17" WC="0.84" CONTENT="Skola"/><SP WIDTH="18" VPOS="543" HPOS="591"/>
							<String ID="string_128" HPOS="609" VPOS="544" WIDTH="68" HEIGHT="16" WC="0.96" CONTENT="statens"/><SP WIDTH="18" VPOS="544" HPOS="677"/>
							<String ID="string_129" HPOS="695" VPOS="542" WIDTH="68" HEIGHT="23" WC="0.96" CONTENT="skogar"/><SP WIDTH="11" VPOS="542" HPOS="763"/>
							<String ID="string_130" HPOS="774" VPOS="543" WIDTH="66" HEIGHT="17" WC="0.95" CONTENT="tänkas"/>
						</TextLine>
						<TextLine ID="line_13" HPOS="87" VPOS="570" WIDTH="754" HEIGHT="24">
							<String ID="string_131" HPOS="87" VPOS="571" WIDTH="65" HEIGHT="18" WC="0.96" CONTENT="kunna"/><SP WIDTH="16" VPOS="571" HPOS="152"/>
							<String ID="string_132" HPOS="168" VPOS="570" WIDTH="18" HEIGHT="18" WC="0.96" CONTENT="få"/><SP WIDTH="19" VPOS="570" HPOS="186"/>
							<String ID="string_133" HPOS="205" VPOS="576" WIDTH="23" HEIGHT="12" WC="0.96" CONTENT="en"/><SP WIDTH="20" VPOS="576" HPOS="228"/>
							<String ID="string_134" HPOS="248" VPOS="571" WIDTH="64" HEIGHT="20" WC="0.96" CONTENT="sådan,"/><SP WIDTH="14" VPOS="571" HPOS="312"/>
							<String ID="string_135" HPOS="326" VPOS="571" WIDTH="34" HEIGHT="17" WC="0.96" CONTENT="och"/><SP WIDTH="13" VPOS="571" HPOS="360"/>
							<String ID="string_136" HPOS="373" VPOS="575" WIDTH="29" HEIGHT="13" WC="0.96" CONTENT="om"/><SP WIDTH="13" VPOS="575" HPOS="402"/>
							<String ID="string_137" HPOS="415" VPOS="571" WIDTH="75" HEIGHT="18" WC="0.93" CONTENT="landets"/><SP WIDTH="12" VPOS="571" HPOS="490"/>
							<String ID="string_138" HPOS="502" VPOS="573" WIDTH="95" HEIGHT="21" WC="0.91" CONTENT="träexport"/><SP WIDTH="12" VPOS="573" HPOS="597"/>
							<String ID="string_139" HPOS="609" VPOS="571" WIDTH="48" HEIGHT="18" WC="0.96" CONTENT="skall"/><SP WIDTH="12" VPOS="571" HPOS="657"/>
							<String ID="string_140" HPOS="669" VPOS="571" WIDTH="63" HEIGHT="18" WC="0.96" CONTENT="kunna"/><SP WIDTH="11" VPOS="571" HPOS="732"/>
							<String ID="string_141" HPOS="743" VPOS="571" WIDTH="58" HEIGHT="18" WC="0.93" CONTENT="blifva"/><SP WIDTH="12" VPOS="571" HPOS="801"/>
							<String ID="string_142" HPOS="813" VPOS="571" WIDTH="28" HEIGHT="18" WC="0.91" CONTENT="bi-"/>
						</TextLine>
						<TextLine ID="line_14" HPOS="89" VPOS="599" WIDTH="753" HEIGHT="23">
							<String ID="string_143" HPOS="89" VPOS="599" WIDTH="88" HEIGHT="18" WC="0.91" CONTENT="behållen"/><SP WIDTH="14" VPOS="599" HPOS="177"/>
							<String ID="string_144" HPOS="191" VPOS="599" WIDTH="31" HEIGHT="18" WC="0.93" CONTENT="vid"/><SP WIDTH="12" VPOS="599" HPOS="222"/>
							<String ID="string_145" HPOS="234" VPOS="599" WIDTH="121" HEIGHT="18" WC="0.92" CONTENT="närmelsevis"/><SP WIDTH="14" VPOS="599" HPOS="355"/>
							<String ID="string_146" HPOS="369" VPOS="599" WIDTH="28" HEIGHT="18" WC="0.96" CONTENT="sin"/><SP WIDTH="13" VPOS="599" HPOS="397"/>
							<String ID="string_147" HPOS="410" VPOS="600" WIDTH="107" HEIGHT="17" WC="0.96" CONTENT="nuvarande"/><SP WIDTH="12" VPOS="600" HPOS="517"/>
							<String ID="string_148" HPOS="529" VPOS="599" WIDTH="50" HEIGHT="23" WC="0.96" CONTENT="höjd,"/><SP WIDTH="12" VPOS="599" HPOS="579"/>
							<String ID="string_149" HPOS="591" VPOS="601" WIDTH="58" HEIGHT="16" WC="0.96" CONTENT="måste"/><SP WIDTH="14" VPOS="601" HPOS="649"/>
							<String ID="string_150" HPOS="663" VPOS="600" WIDTH="53" HEIGHT="17" WC="0.93" CONTENT="dessa"/><SP WIDTH="12" VPOS="600" HPOS="716"/>
							<String ID="string_151" HPOS="728" VPOS="600" WIDTH="114" HEIGHT="22" WC="0.91" CONTENT="statsskogar"/>
						</TextLine>
						<TextLine ID="line_15" HPOS="88" VPOS="628" WIDTH="754" HEIGHT="24">
							<String ID="string_152" HPOS="88" VPOS="628" WIDTH="63" HEIGHT="23" WC="0.95" CONTENT="uppgå"/><SP WIDTH="18" VPOS="628" HPOS="151"/>
							<String ID="string_153" HPOS="169" VPOS="628" WIDTH="30" HEIGHT="17" WC="0.95" CONTENT="till"/><SP WIDTH="19" VPOS="628" HPOS="199"/>
							<String ID="string_154" HPOS="218" VPOS="630" WIDTH="86" HEIGHT="16" WC="0.93" CONTENT="närmare"/><SP WIDTH="18" VPOS="630" HPOS="304"/>
							<String ID="string_155" HPOS="322" VPOS="629" WIDTH="53" HEIGHT="22" WC="0.85" CONTENT="20%/"/><SP WIDTH="18" VPOS="629" HPOS="375"/>
							<String ID="string_156" HPOS="393" VPOS="628" WIDTH="19" HEIGHT="17" WC="0.96" CONTENT="af"/><SP WIDTH="17" VPOS="628" HPOS="412"/>
							<String ID="string_157" HPOS="429" VPOS="629" WIDTH="25" HEIGHT="17" WC="0.95" CONTENT="all"/><SP WIDTH="20" VPOS="629" HPOS="454"/>
							<String ID="string_158" HPOS="474" VPOS="629" WIDTH="113" HEIGHT="23" WC="0.95" CONTENT="skogsmark,"/><SP WIDTH="19" VPOS="629" HPOS="587"/>
							<String ID="string_159" HPOS="606" VPOS="629" WIDTH="46" HEIGHT="18" WC="0.96" CONTENT="eller"/><SP WIDTH="18" VPOS="629" HPOS="652"/>
							<String ID="string_160" HPOS="670" VPOS="629" WIDTH="29" HEIGHT="18" WC="0.93" CONTENT="till"/><SP WIDTH="17" VPOS="629" HPOS="699"/>
							<String ID="string_161" HPOS="716" VPOS="629" WIDTH="70" HEIGHT="18" WC="0.92" CONTENT="inemot"/><SP WIDTH="11" VPOS="629" HPOS="786"/>
							<String ID="string_162" HPOS="797" VPOS="629" WIDTH="45" HEIGHT="22" WC="0.50" CONTENT="(1!/2"/>
						</TextLine>
						<TextLine ID="line_16" HPOS="89" VPOS="657" WIDTH="566" HEIGHT="23">
							<String ID="string_163" HPOS="89" VPOS="658" WIDTH="65" HEIGHT="22" WC="0.95" CONTENT="miljon"/><SP WIDTH="12" VPOS="658" HPOS="154"/>
							<String ID="string_164" HPOS="166" VPOS="657" WIDTH="73" HEIGHT="22" WC="0.95" CONTENT="hektar,"/><SP WIDTH="13" VPOS="657" HPOS="239"/>
							<String ID="string_165" HPOS="252" VPOS="660" WIDTH="52" HEIGHT="15" WC="0.93" CONTENT="utom"/><SP WIDTH="13" VPOS="660" HPOS="304"/>
							<String ID="string_166" HPOS="317" VPOS="657" WIDTH="156" HEIGHT="23" WC="0.91" CONTENT="skogsmarkerna"/><SP WIDTH="11" VPOS="657" HPOS="473"/>
							<String ID="string_167" HPOS="484" VPOS="658" WIDTH="7" HEIGHT="17" WC="0.96" CONTENT="i"/><SP WIDTH="13" VPOS="658" HPOS="491"/>
							<String ID="string_168" HPOS="504" VPOS="657" WIDTH="101" HEIGHT="23" WC="0.96" CONTENT="Uleåborgs"/><SP WIDTH="12" VPOS="657" HPOS="605"/>
							<String ID="string_169" HPOS="617" VPOS="658" WIDTH="38" HEIGHT="17" WC="0.96" CONTENT="län."/>
						</TextLine>
					</TextBlock>
					<TextBlock ID="block_2" HPOS="87" VPOS="691" WIDTH="757" HEIGHT="428">
						<TextLine ID="line_17" HPOS="157" VPOS="691" WIDTH="687" HEIGHT="24">
							<String ID="string_170" HPOS="157" VPOS="691" WIDTH="37" HEIGHT="18" WC="0.93" CONTENT="Det"/><SP WIDTH="12" VPOS="691" HPOS="194"/>
							<String ID="string_171" HPOS="206" VPOS="692" WIDTH="98" HEIGHT="18" WC="0.91" CONTENT="förefanns"/><SP WIDTH="12" VPOS="692" HPOS="304"/>
							<String ID="string_172" HPOS="316" VPOS="691" WIDTH="54" HEIGHT="19" WC="0.96" CONTENT="äfven"/><SP WIDTH="12" VPOS="691" HPOS="370"/>
							<String ID="string_173" HPOS="382" VPOS="692" WIDTH="103" HEIGHT="22" WC="0.96" CONTENT="anledning"/><SP WIDTH="13" VPOS="692" HPOS="485"/>
							<String ID="string_174" HPOS="498" VPOS="693" WIDTH="31" HEIGHT="17" WC="0.96" CONTENT="till"/><SP WIDTH="12" VPOS="693" HPOS="529"/>
							<String ID="string_175" HPOS="541" VPOS="693" WIDTH="109" HEIGHT="22" WC="0.96" CONTENT="antagande,"/><SP WIDTH="13" VPOS="693" HPOS="650"/>
							<String ID="string_176" HPOS="663" VPOS="695" WIDTH="27" HEIGHT="15" WC="0.96" CONTENT="att"/><SP WIDTH="12" VPOS="695" HPOS="690"/>
							<String ID="string_177" HPOS="702" VPOS="693" WIDTH="22" HEIGHT="18" WC="0.96" CONTENT="de"/><SP WIDTH="13" VPOS="693" HPOS="724"/>
							<String ID="string_178" HPOS="737" VPOS="693" WIDTH="73" HEIGHT="22" WC="0.96" CONTENT="uppköp"/><SP WIDTH="13" VPOS="693" HPOS="810"/>
							<String ID="string_179" HPOS="823" VPOS="692" WIDTH="21" HEIGHT="17" WC="0.95" CONTENT="af"/>
						</TextLine>
						<TextLine ID="line_18" HPOS="89" VPOS="720" WIDTH="753" HEIGHT="23">
							<String ID="string_180" HPOS="89" VPOS="720" WIDTH="135" HEIGHT="23" WC="0.93" CONTENT="skogsmarker,"/><SP WIDTH="19" VPOS="720" HPOS="224"/>
							<String ID="string_181" HPOS="243" VPOS="726" WIDTH="39" HEIGHT="12" WC="0.93" CONTENT="som"/><SP WIDTH="19" VPOS="726" HPOS="282"/>
							<String ID="string_182" HPOS="301" VPOS="720" WIDTH="74" HEIGHT="23" WC="0.90" CONTENT="tillfölje"/><SP WIDTH="18" VPOS="720" HPOS="375"/>
							<String ID="string_183" HPOS="393" VPOS="720" WIDTH="21" HEIGHT="18" WC="0.93" CONTENT="af"/><SP WIDTH="16" VPOS="720" HPOS="414"/>
							<String ID="string_184" HPOS="430" VPOS="721" WIDTH="72" HEIGHT="22" WC="0.92" CONTENT="Nådiga"/><SP WIDTH="17" VPOS="721" HPOS="502"/>
							<String ID="string_185" HPOS="519" VPOS="721" WIDTH="102" HEIGHT="22" WC="0.91" CONTENT="reskriptet"/><SP WIDTH="18" VPOS="721" HPOS="621"/>
							<String ID="string_186" HPOS="639" VPOS="720" WIDTH="20" HEIGHT="18" WC="0.96" CONTENT="af"/><SP WIDTH="16" VPOS="720" HPOS="659"/>
							<String ID="string_187" HPOS="675" VPOS="721" WIDTH="36" HEIGHT="18" WC="0.96" CONTENT="den"/><SP WIDTH="13" VPOS="721" HPOS="711"/>
							<String ID="string_188" HPOS="724" VPOS="722" WIDTH="9" HEIGHT="17" WC="0.96" CONTENT="1"/><SP WIDTH="13" VPOS="722" HPOS="733"/>
							<String ID="string_189" HPOS="746" VPOS="721" WIDTH="38" HEIGHT="22" WC="0.96" CONTENT="Maj"/><SP WIDTH="14" VPOS="721" HPOS="784"/>
							<String ID="string_190" HPOS="798" VPOS="721" WIDTH="44" HEIGHT="18" WC="0.96" CONTENT="1876"/>
						</TextLine>
						<TextLine ID="line_19" HPOS="87" VPOS="748" WIDTH="755" HEIGHT="24">
							<String ID="string_191" HPOS="87" VPOS="748" WIDTH="119" HEIGHT="23" WC="0.96" CONTENT="påbörjades,"/><SP WIDTH="20" VPOS="748" HPOS="206"/>
							<String ID="string_192" HPOS="226" VPOS="749" WIDTH="61" HEIGHT="17" WC="0.93" CONTENT="skulle"/><SP WIDTH="19" VPOS="749" HPOS="287"/>
							<String ID="string_193" HPOS="306" VPOS="749" WIDTH="61" HEIGHT="23" WC="0.96" CONTENT="fortgå"/><SP WIDTH="19" VPOS="749" HPOS="367"/>
							<String ID="string_194" HPOS="386" VPOS="749" WIDTH="112" HEIGHT="18" WC="0.95" CONTENT="åtminstone"/><SP WIDTH="17" VPOS="749" HPOS="498"/>
							<String ID="string_195" HPOS="515" VPOS="750" WIDTH="59" HEIGHT="17" WC="0.96" CONTENT="under"/><SP WIDTH="13" VPOS="750" HPOS="574"/>
							<String ID="string_196" HPOS="587" VPOS="749" WIDTH="36" HEIGHT="18" WC="0.93" CONTENT="den"/><SP WIDTH="12" VPOS="749" HPOS="623"/>
							<String ID="string_197" HPOS="635" VPOS="749" WIDTH="104" HEIGHT="23" WC="0.96" CONTENT="tidsperiod"/><SP WIDTH="12" VPOS="749" HPOS="739"/>
							<String ID="string_198" HPOS="751" VPOS="749" WIDTH="19" HEIGHT="18" WC="0.96" CONTENT="af"/><SP WIDTH="11" VPOS="749" HPOS="770"/>
							<String ID="string_199" HPOS="781" VPOS="750" WIDTH="22" HEIGHT="17" WC="0.95" CONTENT="15"/><SP WIDTH="12" VPOS="750" HPOS="803"/>
							<String ID="string_200" HPOS="815" VPOS="750" WIDTH="27" HEIGHT="17" WC="0.95" CONTENT="år,"/>
						</TextLine>
						<TextLine ID="line_20" HPOS="88" VPOS="777" WIDTH="749" HEIGHT="24">
							<String ID="string_201" HPOS="88" VPOS="783" WIDTH="39" HEIGHT="13" WC="0.96" CONTENT="som"/><SP WIDTH="18" VPOS="783" HPOS="127"/>
							<String ID="string_202" HPOS="145" VPOS="778" WIDTH="7" HEIGHT="17" WC="0.96" CONTENT="i"/><SP WIDTH="20" VPOS="778" HPOS="152"/>
							<String ID="string_203" HPOS="172" VPOS="777" WIDTH="32" HEIGHT="18" WC="0.96" CONTENT="det"/><SP WIDTH="18" VPOS="777" HPOS="204"/>
							<String ID="string_204" HPOS="222" VPOS="778" WIDTH="69" HEIGHT="22" WC="0.93" CONTENT="nådiga"/><SP WIDTH="17" VPOS="778" HPOS="291"/>
							<String ID="string_205" HPOS="308" VPOS="779" WIDTH="101" HEIGHT="22" WC="0.91" CONTENT="reskriptet"/><SP WIDTH="18" VPOS="779" HPOS="409"/>
							<String ID="string_206" HPOS="427" VPOS="777" WIDTH="98" HEIGHT="22" WC="0.91" CONTENT="fixerades,"/><SP WIDTH="17" VPOS="777" HPOS="525"/>
							<String ID="string_207" HPOS="542" VPOS="783" WIDTH="43" HEIGHT="14" WC="0.96" CONTENT="men"/><SP WIDTH="18" VPOS="783" HPOS="585"/>
							<String ID="string_208" HPOS="603" VPOS="778" WIDTH="58" HEIGHT="18" WC="0.96" CONTENT="redan"/><SP WIDTH="18" VPOS="778" HPOS="661"/>
							<String ID="string_209" HPOS="679" VPOS="779" WIDTH="44" HEIGHT="18" WC="0.96" CONTENT="1883"/><SP WIDTH="19" VPOS="779" HPOS="723"/>
							<String ID="string_210" HPOS="742" VPOS="778" WIDTH="95" HEIGHT="23" WC="0.96" CONTENT="upphörde"/>
						</TextLine>
						<TextLine ID="line_21" HPOS="88" VPOS="806" WIDTH="754" HEIGHT="23">
							<String ID="string_211" HPOS="88" VPOS="807" WIDTH="25" HEIGHT="17" WC="0.93" CONTENT="all"/><SP WIDTH="18" VPOS="807" HPOS="113"/>
							<String ID="string_212" HPOS="131" VPOS="806" WIDTH="114" HEIGHT="23" WC="0.91" CONTENT="öfverföring"/><SP WIDTH="18" VPOS="806" HPOS="245"/>
							<String ID="string_213" HPOS="263" VPOS="806" WIDTH="20" HEIGHT="18" WC="0.96" CONTENT="af"/><SP WIDTH="17" VPOS="806" HPOS="283"/>
							<String ID="string_214" HPOS="300" VPOS="807" WIDTH="62" HEIGHT="17" WC="0.95" CONTENT="medel"/><SP WIDTH="19" VPOS="807" HPOS="362"/>
							<String ID="string_215" HPOS="381" VPOS="807" WIDTH="30" HEIGHT="18" WC="0.96" CONTENT="till"/><SP WIDTH="19" VPOS="807" HPOS="411"/>
							<String ID="string_216" HPOS="430" VPOS="807" WIDTH="36" HEIGHT="17" WC="0.96" CONTENT="den"/><SP WIDTH="19" VPOS="807" HPOS="466"/>
							<String ID="string_217" HPOS="485" VPOS="807" WIDTH="44" HEIGHT="18" WC="0.96" CONTENT="1876"/><SP WIDTH="18" VPOS="807" HPOS="529"/>
							<String ID="string_218" HPOS="547" VPOS="807" WIDTH="75" HEIGHT="18" WC="0.96" CONTENT="bildade"/><SP WIDTH="19" VPOS="807" HPOS="622"/>
							<String ID="string_219" HPOS="641" VPOS="807" WIDTH="69" HEIGHT="18" WC="0.96" CONTENT="fonden"/><SP WIDTH="18" VPOS="807" HPOS="710"/>
							<String ID="string_220" HPOS="728" VPOS="807" WIDTH="29" HEIGHT="18" WC="0.96" CONTENT="för"/><SP WIDTH="11" VPOS="807" HPOS="757"/>
							<String ID="string_221" HPOS="768" VPOS="807" WIDTH="74" HEIGHT="18" WC="0.96" CONTENT="inlösen"/>
						</TextLine>
						<TextLine ID="line_22" HPOS="91" VPOS="835" WIDTH="753" HEIGHT="24">
							<String ID="string_222" HPOS="91" VPOS="835" WIDTH="19" HEIGHT="18" WC="0.93" CONTENT="af"/><SP WIDTH="15" VPOS="835" HPOS="110"/>
							<String ID="string_223" HPOS="125" VPOS="835" WIDTH="135" HEIGHT="23" WC="0.92" CONTENT="skogsmarker,"/><SP WIDTH="13" VPOS="835" HPOS="260"/>
							<String ID="string_224" HPOS="273" VPOS="836" WIDTH="34" HEIGHT="17" WC="0.96" CONTENT="och"/><SP WIDTH="20" VPOS="836" HPOS="307"/>
							<String ID="string_225" HPOS="327" VPOS="835" WIDTH="76" HEIGHT="19" WC="0.95" CONTENT="dermed"/><SP WIDTH="13" VPOS="835" HPOS="403"/>
							<String ID="string_226" HPOS="416" VPOS="835" WIDTH="54" HEIGHT="18" WC="0.96" CONTENT="äfven"/><SP WIDTH="14" VPOS="835" HPOS="470"/>
							<String ID="string_227" HPOS="484" VPOS="835" WIDTH="37" HEIGHT="18" WC="0.96" CONTENT="alla"/><SP WIDTH="11" VPOS="835" HPOS="521"/>
							<String ID="string_228" HPOS="532" VPOS="836" WIDTH="64" HEIGHT="23" WC="0.96" CONTENT="inköp."/><SP WIDTH="25" VPOS="836" HPOS="596"/>
							<String ID="string_229" HPOS="621" VPOS="836" WIDTH="24" HEIGHT="17" WC="0.93" CONTENT="Så"/><SP WIDTH="12" VPOS="836" HPOS="645"/>
							<String ID="string_230" HPOS="657" VPOS="835" WIDTH="73" HEIGHT="24" WC="0.91" CONTENT="förgick"/><SP WIDTH="12" VPOS="835" HPOS="730"/>
							<String ID="string_231" HPOS="742" VPOS="841" WIDTH="23" HEIGHT="12" WC="0.96" CONTENT="en"/><SP WIDTH="11" VPOS="841" HPOS="765"/>
							<String ID="string_232" HPOS="776" VPOS="836" WIDTH="28" HEIGHT="17" WC="0.93" CONTENT="för"/><SP WIDTH="12" VPOS="836" HPOS="804"/>
							<String ID="string_233" HPOS="816" VPOS="836" WIDTH="28" HEIGHT="18" WC="0.92" CONTENT="så-"/>
						</TextLine>
						<TextLine ID="line_23" HPOS="91" VPOS="865" WIDTH="751" HEIGHT="23">
							<String ID="string_234" HPOS="91" VPOS="865" WIDTH="48" HEIGHT="18" WC="0.96" CONTENT="dana"/><SP WIDTH="19" VPOS="865" HPOS="139"/>
							<String ID="string_235" HPOS="158" VPOS="865" WIDTH="56" HEIGHT="22" WC="0.95" CONTENT="inköp"/><SP WIDTH="14" VPOS="865" HPOS="214"/>
							<String ID="string_236" HPOS="228" VPOS="865" WIDTH="113" HEIGHT="22" WC="0.96" CONTENT="fördelaktig"/><SP WIDTH="12" VPOS="865" HPOS="341"/>
							<String ID="string_237" HPOS="353" VPOS="865" WIDTH="27" HEIGHT="18" WC="0.96" CONTENT="tid"/><SP WIDTH="13" VPOS="865" HPOS="380"/>
							<String ID="string_238" HPOS="393" VPOS="865" WIDTH="21" HEIGHT="18" WC="0.96" CONTENT="af"/><SP WIDTH="10" VPOS="865" HPOS="414"/>
							<String ID="string_239" HPOS="424" VPOS="865" WIDTH="23" HEIGHT="18" WC="0.96" CONTENT="10"/><SP WIDTH="13" VPOS="865" HPOS="447"/>
							<String ID="string_240" HPOS="460" VPOS="865" WIDTH="26" HEIGHT="19" WC="0.96" CONTENT="år,"/><SP WIDTH="13" VPOS="865" HPOS="486"/>
							<String ID="string_241" HPOS="499" VPOS="865" WIDTH="46" HEIGHT="18" WC="0.96" CONTENT="eller"/><SP WIDTH="13" VPOS="865" HPOS="545"/>
							<String ID="string_242" HPOS="558" VPOS="865" WIDTH="29" HEIGHT="18" WC="0.96" CONTENT="till"/><SP WIDTH="13" VPOS="865" HPOS="587"/>
							<String ID="string_243" HPOS="600" VPOS="865" WIDTH="50" HEIGHT="22" WC="0.96" CONTENT="1894,"/><SP WIDTH="13" VPOS="865" HPOS="650"/>
							<String ID="string_244" HPOS="663" VPOS="865" WIDTH="23" HEIGHT="18" WC="0.96" CONTENT="då"/><SP WIDTH="12" VPOS="865" HPOS="686"/>
							<String ID="string_245" HPOS="698" VPOS="865" WIDTH="144" HEIGHT="23" WC="0.96" CONTENT="Forststyrelsen"/>
						</TextLine>
						<TextLine ID="line_24" HPOS="90" VPOS="893" WIDTH="753" HEIGHT="24">
							<String ID="string_246" HPOS="90" VPOS="894" WIDTH="63" HEIGHT="23" WC="0.96" CONTENT="ingick"/><SP WIDTH="23" VPOS="894" HPOS="153"/>
							<String ID="string_247" HPOS="176" VPOS="893" WIDTH="30" HEIGHT="18" WC="0.96" CONTENT="till"/><SP WIDTH="24" VPOS="893" HPOS="206"/>
							<String ID="string_248" HPOS="230" VPOS="895" WIDTH="21" HEIGHT="16" WC="0.93" CONTENT="K."/><SP WIDTH="19" VPOS="895" HPOS="251"/>
							<String ID="string_249" HPOS="270" VPOS="894" WIDTH="81" HEIGHT="18" WC="0.96" CONTENT="Senaten"/><SP WIDTH="24" VPOS="894" HPOS="351"/>
							<String ID="string_250" HPOS="375" VPOS="893" WIDTH="42" HEIGHT="19" WC="0.96" CONTENT="med"/><SP WIDTH="24" VPOS="893" HPOS="417"/>
							<String ID="string_251" HPOS="441" VPOS="899" WIDTH="24" HEIGHT="12" WC="0.96" CONTENT="en"/><SP WIDTH="19" VPOS="899" HPOS="465"/>
							<String ID="string_252" HPOS="484" VPOS="894" WIDTH="36" HEIGHT="17" WC="0.96" CONTENT="den"/><SP WIDTH="25" VPOS="894" HPOS="520"/>
							<String ID="string_253" HPOS="545" VPOS="894" WIDTH="22" HEIGHT="17" WC="0.95" CONTENT="29"/><SP WIDTH="24" VPOS="894" HPOS="567"/>
							<String ID="string_254" HPOS="591" VPOS="893" WIDTH="48" HEIGHT="23" WC="0.93" CONTENT="Sept."/><SP WIDTH="20" VPOS="893" HPOS="639"/>
							<String ID="string_255" HPOS="659" VPOS="894" WIDTH="115" HEIGHT="22" WC="0.91" CONTENT="dagtecknad"/><SP WIDTH="19" VPOS="894" HPOS="774"/>
							<String ID="string_256" HPOS="793" VPOS="894" WIDTH="50" HEIGHT="18" WC="0.92" CONTENT="hem-"/>
						</TextLine>
						<TextLine ID="line_25" HPOS="92" VPOS="922" WIDTH="751" HEIGHT="24">
							<String ID="string_257" HPOS="92" VPOS="923" WIDTH="67" HEIGHT="18" WC="0.91" CONTENT="ställan"/><SP WIDTH="19" VPOS="923" HPOS="159"/>
							<String ID="string_258" HPOS="178" VPOS="927" WIDTH="29" HEIGHT="13" WC="0.93" CONTENT="om"/><SP WIDTH="19" VPOS="927" HPOS="207"/>
							<String ID="string_259" HPOS="226" VPOS="923" WIDTH="86" HEIGHT="17" WC="0.92" CONTENT="fortsatta"/><SP WIDTH="15" VPOS="923" HPOS="312"/>
							<String ID="string_260" HPOS="327" VPOS="922" WIDTH="58" HEIGHT="23" WC="0.92" CONTENT="inköp"/><SP WIDTH="12" VPOS="922" HPOS="385"/>
							<String ID="string_261" HPOS="397" VPOS="923" WIDTH="31" HEIGHT="18" WC="0.93" CONTENT="för"/><SP WIDTH="12" VPOS="923" HPOS="428"/>
							<String ID="string_262" HPOS="440" VPOS="923" WIDTH="121" HEIGHT="18" WC="0.91" CONTENT="staisverkets"/><SP WIDTH="12" VPOS="923" HPOS="561"/>
							<String ID="string_263" HPOS="573" VPOS="923" WIDTH="80" HEIGHT="22" WC="0.91" CONTENT="räkning"/><SP WIDTH="12" VPOS="923" HPOS="653"/>
							<String ID="string_264" HPOS="665" VPOS="923" WIDTH="20" HEIGHT="18" WC="0.93" CONTENT="af"/><SP WIDTH="10" VPOS="923" HPOS="685"/>
							<String ID="string_265" HPOS="695" VPOS="923" WIDTH="130" HEIGHT="23" WC="0.92" CONTENT="skogsmarker"/><SP WIDTH="12" VPOS="923" HPOS="825"/>
							<String ID="string_266" HPOS="837" VPOS="923" WIDTH="6" HEIGHT="18" WC="0.96" CONTENT="i"/>
						</TextLine>
						<TextLine ID="line_26" HPOS="91" VPOS="951" WIDTH="752" HEIGHT="19">
							<String ID="string_267" HPOS="91" VPOS="952" WIDTH="95" HEIGHT="18" WC="0.95" CONTENT="mellersta"/><SP WIDTH="19" VPOS="952" HPOS="186"/>
							<String ID="string_268" HPOS="205" VPOS="952" WIDTH="35" HEIGHT="17" WC="0.96" CONTENT="och"/><SP WIDTH="18" VPOS="952" HPOS="240"/>
							<String ID="string_269" HPOS="258" VPOS="951" WIDTH="57" HEIGHT="18" WC="0.96" CONTENT="södra"/><SP WIDTH="19" VPOS="951" HPOS="315"/>
							<String ID="string_270" HPOS="334" VPOS="951" WIDTH="54" HEIGHT="18" WC="0.96" CONTENT="delen"/><SP WIDTH="20" VPOS="951" HPOS="388"/>
							<String ID="string_271" HPOS="408" VPOS="951" WIDTH="20" HEIGHT="18" WC="0.96" CONTENT="af"/><SP WIDTH="11" VPOS="951" HPOS="428"/>
							<String ID="string_272" HPOS="439" VPOS="951" WIDTH="69" HEIGHT="18" WC="0.96" CONTENT="landet."/><SP WIDTH="24" VPOS="951" HPOS="508"/>
							<String ID="string_273" HPOS="532" VPOS="952" WIDTH="67" HEIGHT="17" WC="0.93" CONTENT="Denna"/><SP WIDTH="11" VPOS="952" HPOS="599"/>
							<String ID="string_274" HPOS="610" VPOS="951" WIDTH="111" HEIGHT="18" WC="0.96" CONTENT="hemställan"/><SP WIDTH="13" VPOS="951" HPOS="721"/>
							<String ID="string_275" HPOS="734" VPOS="951" WIDTH="40" HEIGHT="19" WC="0.93" CONTENT="blef"/><SP WIDTH="10" VPOS="951" HPOS="774"/>
							<String ID="string_276" HPOS="784" VPOS="951" WIDTH="59" HEIGHT="18" WC="0.92" CONTENT="öfver-"/>
						</TextLine>
						<TextLine ID="line_27" HPOS="91" VPOS="980" WIDTH="752" HEIGHT="24">
							<String ID="string_277" HPOS="91" VPOS="981" WIDTH="76" HEIGHT="18" WC="0.90" CONTENT="lemnad"/><SP WIDTH="17" VPOS="981" HPOS="167"/>
							<String ID="string_278" HPOS="184" VPOS="980" WIDTH="30" HEIGHT="18" WC="0.93" CONTENT="till"/><SP WIDTH="20" VPOS="980" HPOS="214"/>
							<String ID="string_279" HPOS="234" VPOS="980" WIDTH="139" HEIGHT="19" WC="0.92" CONTENT="förberedande"/><SP WIDTH="12" VPOS="980" HPOS="373"/>
							<String ID="string_280" HPOS="385" VPOS="980" WIDTH="115" HEIGHT="24" WC="0.96" CONTENT="behandling"/><SP WIDTH="13" VPOS="980" HPOS="500"/>
							<String ID="string_281" HPOS="513" VPOS="981" WIDTH="18" HEIGHT="17" WC="0.94" CONTENT="ät"/><SP WIDTH="13" VPOS="981" HPOS="531"/>
							<String ID="string_282" HPOS="544" VPOS="983" WIDTH="27" HEIGHT="15" WC="0.96" CONTENT="ett"/><SP WIDTH="11" VPOS="983" HPOS="571"/>
							<String ID="string_283" HPOS="582" VPOS="981" WIDTH="49" HEIGHT="17" WC="0.96" CONTENT="inom"/><SP WIDTH="19" VPOS="981" HPOS="631"/>
							<String ID="string_284" HPOS="650" VPOS="981" WIDTH="22" HEIGHT="17" WC="0.93" CONTENT="K."/><SP WIDTH="13" VPOS="981" HPOS="672"/>
							<String ID="string_285" HPOS="685" VPOS="980" WIDTH="80" HEIGHT="19" WC="0.92" CONTENT="Senaten"/><SP WIDTH="12" VPOS="980" HPOS="765"/>
							<String ID="string_286" HPOS="777" VPOS="981" WIDTH="66" HEIGHT="17" WC="0.96" CONTENT="tillsatt"/>
						</TextLine>
						<TextLine ID="line_28" HPOS="91" VPOS="1009" WIDTH="753" HEIGHT="23">
							<String ID="string_287" HPOS="91" VPOS="1010" WIDTH="77" HEIGHT="21" WC="0.96" CONTENT="utskott,"/><SP WIDTH="13" VPOS="1010" HPOS="168"/>
							<String ID="string_288" HPOS="181" VPOS="1015" WIDTH="39" HEIGHT="12" WC="0.93" CONTENT="som"/><SP WIDTH="12" VPOS="1015" HPOS="220"/>
							<String ID="string_289" HPOS="232" VPOS="1010" WIDTH="55" HEIGHT="17" WC="0.91" CONTENT="äfven"/><SP WIDTH="13" VPOS="1010" HPOS="287"/>
							<String ID="string_290" HPOS="300" VPOS="1010" WIDTH="48" HEIGHT="17" WC="0.93" CONTENT="efter"/><SP WIDTH="14" VPOS="1010" HPOS="348"/>
							<String ID="string_291" HPOS="362" VPOS="1010" WIDTH="116" HEIGHT="22" WC="0.95" CONTENT="omröstning"/><SP WIDTH="14" VPOS="1010" HPOS="478"/>
							<String ID="string_292" HPOS="492" VPOS="1009" WIDTH="97" HEIGHT="18" WC="0.96" CONTENT="förordade"/><SP WIDTH="15" VPOS="1009" HPOS="589"/>
							<String ID="string_293" HPOS="604" VPOS="1015" WIDTH="23" HEIGHT="12" WC="0.93" CONTENT="en"/><SP WIDTH="14" VPOS="1015" HPOS="627"/>
							<String ID="string_294" HPOS="641" VPOS="1009" WIDTH="77" HEIGHT="22" WC="0.93" CONTENT="förnyad"/><SP WIDTH="14" VPOS="1009" HPOS="718"/>
							<String ID="string_295" HPOS="732" VPOS="1009" WIDTH="112" HEIGHT="23" WC="0.83" CONTENT="öfverföring"/>
						</TextLine>
						<TextLine ID="line_29" HPOS="91" VPOS="1038" WIDTH="753" HEIGHT="23">
							<String ID="string_296" HPOS="91" VPOS="1039" WIDTH="28" HEIGHT="17" WC="0.96" CONTENT="till"/><SP WIDTH="18" VPOS="1039" HPOS="119"/>
							<String ID="string_297" HPOS="137" VPOS="1038" WIDTH="81" HEIGHT="18" WC="0.96" CONTENT="nämnde"/><SP WIDTH="18" VPOS="1038" HPOS="218"/>
							<String ID="string_298" HPOS="236" VPOS="1038" WIDTH="45" HEIGHT="18" WC="0.96" CONTENT="fond"/><SP WIDTH="19" VPOS="1038" HPOS="281"/>
							<String ID="string_299" HPOS="300" VPOS="1039" WIDTH="34" HEIGHT="17" WC="0.96" CONTENT="och"/><SP WIDTH="17" VPOS="1039" HPOS="334"/>
							<String ID="string_300" HPOS="351" VPOS="1038" WIDTH="76" HEIGHT="18" WC="0.96" CONTENT="dermed"/><SP WIDTH="18" VPOS="1038" HPOS="427"/>
							<String ID="string_301" HPOS="445" VPOS="1038" WIDTH="55" HEIGHT="18" WC="0.96" CONTENT="äfven"/><SP WIDTH="16" VPOS="1038" HPOS="500"/>
							<String ID="string_302" HPOS="516" VPOS="1038" WIDTH="87" HEIGHT="17" WC="0.96" CONTENT="fortsatta"/><SP WIDTH="17" VPOS="1038" HPOS="603"/>
							<String ID="string_303" HPOS="620" VPOS="1038" WIDTH="62" HEIGHT="23" WC="0.96" CONTENT="inköp,"/><SP WIDTH="19" VPOS="1038" HPOS="682"/>
							<String ID="string_304" HPOS="701" VPOS="1043" WIDTH="42" HEIGHT="13" WC="0.96" CONTENT="men"/><SP WIDTH="20" VPOS="1043" HPOS="743"/>
							<String ID="string_305" HPOS="763" VPOS="1038" WIDTH="31" HEIGHT="17" WC="0.92" CONTENT="vid"/><SP WIDTH="13" VPOS="1038" HPOS="794"/>
							<String ID="string_306" HPOS="807" VPOS="1043" WIDTH="37" HEIGHT="13" WC="0.92" CONTENT="om-"/>
						</TextLine>
						<TextLine ID="line_30" HPOS="91" VPOS="1066" WIDTH="753" HEIGHT="24">
							<String ID="string_307" HPOS="91" VPOS="1068" WIDTH="85" HEIGHT="22" WC="0.96" CONTENT="röstning"/><SP WIDTH="18" VPOS="1068" HPOS="176"/>
							<String ID="string_308" HPOS="194" VPOS="1067" WIDTH="7" HEIGHT="17" WC="0.93" CONTENT="i"/><SP WIDTH="18" VPOS="1067" HPOS="201"/>
							<String ID="string_309" HPOS="219" VPOS="1067" WIDTH="24" HEIGHT="17" WC="0.90" CONTENT="K."/><SP WIDTH="18" VPOS="1067" HPOS="243"/>
							<String ID="string_310" HPOS="261" VPOS="1067" WIDTH="83" HEIGHT="18" WC="0.96" CONTENT="Senaten"/><SP WIDTH="19" VPOS="1067" HPOS="344"/>
							<String ID="string_311" HPOS="363" VPOS="1067" WIDTH="40" HEIGHT="18" WC="0.96" CONTENT="blef"/><SP WIDTH="20" VPOS="1067" HPOS="403"/>
							<String ID="string_312" HPOS="423" VPOS="1067" WIDTH="51" HEIGHT="17" WC="0.96" CONTENT="detta"/><SP WIDTH="18" VPOS="1067" HPOS="474"/>
							<String ID="string_313" HPOS="492" VPOS="1067" WIDTH="68" HEIGHT="22" WC="0.96" CONTENT="förslag"/><SP WIDTH="17" VPOS="1067" HPOS="560"/>
							<String ID="string_314" HPOS="577" VPOS="1066" WIDTH="42" HEIGHT="19" WC="0.95" CONTENT="med"/><SP WIDTH="18" VPOS="1066" HPOS="619"/>
							<String ID="string_315" HPOS="637" VPOS="1072" WIDTH="23" HEIGHT="12" WC="0.95" CONTENT="en"/><SP WIDTH="17" VPOS="1072" HPOS="660"/>
							<String ID="string_316" HPOS="677" VPOS="1067" WIDTH="55" HEIGHT="22" WC="0.96" CONTENT="ringa"/><SP WIDTH="18" VPOS="1067" HPOS="732"/>
							<String ID="string_317" HPOS="750" VPOS="1067" WIDTH="94" HEIGHT="22" WC="0.96" CONTENT="majoritet"/>
						</TextLine>
						<TextLine ID="line_31" HPOS="92" VPOS="1095" WIDTH="638" HEIGHT="24">
							<String ID="string_318" HPOS="92" VPOS="1095" WIDTH="110" HEIGHT="22" WC="0.91" CONTENT="förkastadt,"/><SP WIDTH="20" VPOS="1095" HPOS="202"/>
							<String ID="string_319" HPOS="222" VPOS="1097" WIDTH="35" HEIGHT="16" WC="0.96" CONTENT="och"/><SP WIDTH="18" VPOS="1097" HPOS="257"/>
							<String ID="string_320" HPOS="275" VPOS="1096" WIDTH="66" HEIGHT="23" WC="0.96" CONTENT="frågan"/><SP WIDTH="12" VPOS="1096" HPOS="341"/>
							<String ID="string_321" HPOS="353" VPOS="1095" WIDTH="34" HEIGHT="18" WC="0.96" CONTENT="har"/><SP WIDTH="13" VPOS="1095" HPOS="387"/>
							<String ID="string_322" HPOS="400" VPOS="1096" WIDTH="57" HEIGHT="18" WC="0.96" CONTENT="sedan"/><SP WIDTH="13" VPOS="1096" HPOS="457"/>
							<String ID="string_323" HPOS="470" VPOS="1096" WIDTH="42" HEIGHT="18" WC="0.96" CONTENT="dess"/><SP WIDTH="14" VPOS="1096" HPOS="512"/>
							<String ID="string_324" HPOS="526" VPOS="1096" WIDTH="15" HEIGHT="22" WC="0.96" CONTENT="ej"/><SP WIDTH="14" VPOS="1096" HPOS="541"/>
							<String ID="string_325" HPOS="555" VPOS="1095" WIDTH="63" HEIGHT="18" WC="0.96" CONTENT="vidare"/><SP WIDTH="13" VPOS="1095" HPOS="618"/>
							<String ID="string_326" HPOS="631" VPOS="1095" WIDTH="99" HEIGHT="23" WC="0.96" CONTENT="upptagits."/>
						</TextLine>
					</TextBlock>
					<TextBlock ID="block_3" HPOS="92" VPOS="1128" WIDTH="753" HEIGHT="165">
						<TextLine ID="line_32" HPOS="161" VPOS="1128" WIDTH="683" HEIGHT="25">
							<String ID="string_327" HPOS="161" VPOS="1131" WIDTH="27" HEIGHT="18" WC="0.96" CONTENT="De"/><SP WIDTH="17" VPOS="1131" HPOS="188"/>
							<String ID="string_328" HPOS="205" VPOS="1130" WIDTH="63" HEIGHT="18" WC="0.96" CONTENT="försök"/><SP WIDTH="16" VPOS="1130" HPOS="268"/>
							<String ID="string_329" HPOS="284" VPOS="1131" WIDTH="37" HEIGHT="22" WC="0.96" CONTENT="jag,"/><SP WIDTH="13" VPOS="1131" HPOS="321"/>
							<String ID="string_330" HPOS="334" VPOS="1131" WIDTH="59" HEIGHT="17" WC="0.96" CONTENT="såsom"/><SP WIDTH="19" VPOS="1131" HPOS="393"/>
							<String ID="string_331" HPOS="412" VPOS="1130" WIDTH="82" HEIGHT="18" WC="0.95" CONTENT="ledamot"/><SP WIDTH="12" VPOS="1130" HPOS="494"/>
							<String ID="string_332" HPOS="506" VPOS="1131" WIDTH="6" HEIGHT="17" WC="0.96" CONTENT="i"/><SP WIDTH="14" VPOS="1131" HPOS="512"/>
							<String ID="string_333" HPOS="526" VPOS="1130" WIDTH="35" HEIGHT="18" WC="0.96" CONTENT="den"/><SP WIDTH="13" VPOS="1130" HPOS="561"/>
							<String ID="string_334" HPOS="574" VPOS="1129" WIDTH="44" HEIGHT="19" WC="0.96" CONTENT="1897"/><SP WIDTH="13" VPOS="1129" HPOS="618"/>
							<String ID="string_335" HPOS="631" VPOS="1129" WIDTH="77" HEIGHT="18" WC="0.93" CONTENT="tillsatta"/><SP WIDTH="12" VPOS="1129" HPOS="708"/>
							<String ID="string_336" HPOS="720" VPOS="1129" WIDTH="83" HEIGHT="18" WC="0.91" CONTENT="komiten"/><SP WIDTH="12" VPOS="1129" HPOS="803"/>
							<String ID="string_337" HPOS="815" VPOS="1128" WIDTH="29" HEIGHT="18" WC="0.96" CONTENT="för"/>
						</TextLine>
						<TextLine ID="line_33" HPOS="92" VPOS="1157" WIDTH="751" HEIGHT="24">
							<String ID="string_338" HPOS="92" VPOS="1159" WIDTH="108" HEIGHT="22" WC="0.91" CONTENT="afgifvande"/><SP WIDTH="19" VPOS="1159" HPOS="200"/>
							<String ID="string_339" HPOS="219" VPOS="1159" WIDTH="20" HEIGHT="17" WC="0.96" CONTENT="af"/><SP WIDTH="17" VPOS="1159" HPOS="239"/>
							<String ID="string_340" HPOS="256" VPOS="1159" WIDTH="70" HEIGHT="22" WC="0.96" CONTENT="förslag"/><SP WIDTH="18" VPOS="1159" HPOS="326"/>
							<String ID="string_341" HPOS="344" VPOS="1158" WIDTH="29" HEIGHT="19" WC="0.96" CONTENT="till"/><SP WIDTH="18" VPOS="1158" HPOS="373"/>
							<String ID="string_342" HPOS="391" VPOS="1158" WIDTH="104" HEIGHT="19" WC="0.95" CONTENT="ordnandet"/><SP WIDTH="15" VPOS="1158" HPOS="495"/>
							<String ID="string_343" HPOS="510" VPOS="1158" WIDTH="19" HEIGHT="19" WC="0.93" CONTENT="af"/><SP WIDTH="11" VPOS="1158" HPOS="529"/>
							<String ID="string_344" HPOS="540" VPOS="1158" WIDTH="199" HEIGHT="23" WC="0.91" CONTENT="skogshushållningen"/><SP WIDTH="12" VPOS="1158" HPOS="739"/>
							<String ID="string_345" HPOS="751" VPOS="1159" WIDTH="7" HEIGHT="17" WC="0.96" CONTENT="i"/><SP WIDTH="12" VPOS="1159" HPOS="758"/>
							<String ID="string_346" HPOS="770" VPOS="1157" WIDTH="73" HEIGHT="19" WC="0.95" CONTENT="landets"/>
						</TextLine>
						<TextLine ID="line_34" HPOS="92" VPOS="1185" WIDTH="752" HEIGHT="26">
							<String ID="string_347" HPOS="92" VPOS="1189" WIDTH="72" HEIGHT="22" WC="0.96" CONTENT="privata"/><SP WIDTH="18" VPOS="1189" HPOS="164"/>
							<String ID="string_348" HPOS="182" VPOS="1187" WIDTH="73" HEIGHT="22" WC="0.96" CONTENT="skogar,"/><SP WIDTH="19" VPOS="1187" HPOS="255"/>
							<String ID="string_349" HPOS="274" VPOS="1187" WIDTH="66" HEIGHT="23" WC="0.95" CONTENT="gjorde"/><SP WIDTH="12" VPOS="1187" HPOS="340"/>
							<String ID="string_350" HPOS="352" VPOS="1187" WIDTH="29" HEIGHT="18" WC="0.96" CONTENT="för"/><SP WIDTH="12" VPOS="1187" HPOS="381"/>
							<String ID="string_351" HPOS="393" VPOS="1189" WIDTH="27" HEIGHT="16" WC="0.96" CONTENT="att"/><SP WIDTH="12" VPOS="1189" HPOS="420"/>
							<String ID="string_352" HPOS="432" VPOS="1188" WIDTH="59" HEIGHT="17" WC="0.95" CONTENT="förmå"/><SP WIDTH="12" VPOS="1188" HPOS="491"/>
							<String ID="string_353" HPOS="503" VPOS="1187" WIDTH="79" HEIGHT="18" WC="0.93" CONTENT="nämnde"/><SP WIDTH="12" VPOS="1187" HPOS="582"/>
							<String ID="string_354" HPOS="594" VPOS="1187" WIDTH="69" HEIGHT="18" WC="0.91" CONTENT="komite"/><SP WIDTH="13" VPOS="1187" HPOS="663"/>
							<String ID="string_355" HPOS="676" VPOS="1189" WIDTH="27" HEIGHT="15" WC="0.93" CONTENT="att"/><SP WIDTH="12" VPOS="1189" HPOS="703"/>
							<String ID="string_356" HPOS="715" VPOS="1189" WIDTH="81" HEIGHT="20" WC="0.91" CONTENT="upptaga"/><SP WIDTH="12" VPOS="1189" HPOS="796"/>
							<String ID="string_357" HPOS="808" VPOS="1185" WIDTH="36" HEIGHT="18" WC="0.92" CONTENT="frå-"/>
						</TextLine>
						<TextLine ID="line_35" HPOS="93" VPOS="1215" WIDTH="752" HEIGHT="25">
							<String ID="string_358" HPOS="93" VPOS="1223" WIDTH="42" HEIGHT="17" WC="0.91" CONTENT="gan,"/><SP WIDTH="13" VPOS="1223" HPOS="135"/>
							<String ID="string_359" HPOS="148" VPOS="1216" WIDTH="99" HEIGHT="18" WC="0.96" CONTENT="strandade"/><SP WIDTH="17" VPOS="1216" HPOS="247"/>
							<String ID="string_360" HPOS="264" VPOS="1216" WIDTH="54" HEIGHT="18" WC="0.96" CONTENT="äfven"/><SP WIDTH="12" VPOS="1216" HPOS="318"/>
							<String ID="string_361" HPOS="330" VPOS="1218" WIDTH="38" HEIGHT="16" WC="0.93" CONTENT="mot"/><SP WIDTH="12" VPOS="1218" HPOS="368"/>
							<String ID="string_362" HPOS="380" VPOS="1215" WIDTH="92" HEIGHT="19" WC="0.92" CONTENT="flertalets"/><SP WIDTH="13" VPOS="1215" HPOS="472"/>
							<String ID="string_363" HPOS="485" VPOS="1217" WIDTH="6" HEIGHT="16" WC="0.93" CONTENT="i"/><SP WIDTH="12" VPOS="1217" HPOS="491"/>
							<String ID="string_364" HPOS="503" VPOS="1216" WIDTH="83" HEIGHT="17" WC="0.92" CONTENT="komiten"/><SP WIDTH="13" VPOS="1216" HPOS="586"/>
							<String ID="string_365" HPOS="599" VPOS="1215" WIDTH="129" HEIGHT="23" WC="0.91" CONTENT="obenägenhet"/><SP WIDTH="12" VPOS="1215" HPOS="728"/>
							<String ID="string_366" HPOS="740" VPOS="1217" WIDTH="27" HEIGHT="16" WC="0.96" CONTENT="att"/><SP WIDTH="12" VPOS="1217" HPOS="767"/>
							<String ID="string_367" HPOS="779" VPOS="1215" WIDTH="66" HEIGHT="18" WC="0.96" CONTENT="beröra"/>
						</TextLine>
						<TextLine ID="line_36" HPOS="93" VPOS="1243" WIDTH="751" HEIGHT="24">
							<String ID="string_368" HPOS="93" VPOS="1247" WIDTH="113" HEIGHT="19" WC="0.96" CONTENT="densamma,"/><SP WIDTH="19" VPOS="1247" HPOS="206"/>
							<String ID="string_369" HPOS="225" VPOS="1245" WIDTH="75" HEIGHT="18" WC="0.96" CONTENT="hvarför"/><SP WIDTH="18" VPOS="1245" HPOS="300"/>
							<String ID="string_370" HPOS="318" VPOS="1245" WIDTH="54" HEIGHT="18" WC="0.96" CONTENT="äfven"/><SP WIDTH="19" VPOS="1245" HPOS="372"/>
							<String ID="string_371" HPOS="391" VPOS="1245" WIDTH="24" HEIGHT="22" WC="0.96" CONTENT="på"/><SP WIDTH="18" VPOS="1245" HPOS="415"/>
							<String ID="string_372" HPOS="433" VPOS="1245" WIDTH="61" HEIGHT="18" WC="0.96" CONTENT="denna"/><SP WIDTH="12" VPOS="1245" HPOS="494"/>
							<String ID="string_373" HPOS="506" VPOS="1247" WIDTH="34" HEIGHT="20" WC="0.96" CONTENT="väg"/><SP WIDTH="12" VPOS="1247" HPOS="540"/>
							<String ID="string_374" HPOS="552" VPOS="1245" WIDTH="49" HEIGHT="17" WC="0.96" CONTENT="intet"/><SP WIDTH="11" VPOS="1245" HPOS="601"/>
							<String ID="string_375" HPOS="612" VPOS="1244" WIDTH="28" HEIGHT="18" WC="0.96" CONTENT="för"/><SP WIDTH="12" VPOS="1244" HPOS="640"/>
							<String ID="string_376" HPOS="652" VPOS="1243" WIDTH="74" HEIGHT="24" WC="0.95" CONTENT="frågans"/><SP WIDTH="12" VPOS="1243" HPOS="726"/>
							<String ID="string_377" HPOS="738" VPOS="1243" WIDTH="106" HEIGHT="23" WC="0.96" CONTENT="utveckling"/>
						</TextLine>
						<TextLine ID="line_37" HPOS="94" VPOS="1276" WIDTH="136" HEIGHT="17">
							<String ID="string_378" HPOS="94" VPOS="1277" WIDTH="21" HEIGHT="16" WC="0.96" CONTENT="är"/><SP WIDTH="12" VPOS="1277" HPOS="115"/>
							<String ID="string_379" HPOS="127" VPOS="1276" WIDTH="28" HEIGHT="16" WC="0.93" CONTENT="att"/><SP WIDTH="12" VPOS="1276" HPOS="155"/>
							<String ID="string_380" HPOS="167" VPOS="1276" WIDTH="63" HEIGHT="16" WC="0.91" CONTENT="motse."/>
						</TextLine>
					</TextBlock>
					<TextBlock ID="block_4" HPOS="93" VPOS="1300" WIDTH="754" HEIGHT="197">
						<TextLine ID="line_38" HPOS="162" VPOS="1300" WIDTH="682" HEIGHT="24">
							<String ID="string_381" HPOS="162" VPOS="1303" WIDTH="27" HEIGHT="18" WC="0.96" CONTENT="De"/><SP WIDTH="19" VPOS="1303" HPOS="189"/>
							<String ID="string_382" HPOS="208" VPOS="1303" WIDTH="62" HEIGHT="21" WC="0.96" CONTENT="motiv,"/><SP WIDTH="20" VPOS="1303" HPOS="270"/>
							<String ID="string_383" HPOS="290" VPOS="1307" WIDTH="39" HEIGHT="13" WC="0.96" CONTENT="som"/><SP WIDTH="19" VPOS="1307" HPOS="329"/>
							<String ID="string_384" HPOS="348" VPOS="1301" WIDTH="35" HEIGHT="18" WC="0.96" CONTENT="den"/><SP WIDTH="19" VPOS="1301" HPOS="383"/>
							<String ID="string_385" HPOS="402" VPOS="1302" WIDTH="20" HEIGHT="17" WC="0.95" CONTENT="år"/><SP WIDTH="20" VPOS="1302" HPOS="422"/>
							<String ID="string_386" HPOS="442" VPOS="1301" WIDTH="44" HEIGHT="18" WC="0.95" CONTENT="1873"/><SP WIDTH="18" VPOS="1301" HPOS="486"/>
							<String ID="string_387" HPOS="504" VPOS="1301" WIDTH="79" HEIGHT="18" WC="0.93" CONTENT="tillsatta"/><SP WIDTH="18" VPOS="1301" HPOS="583"/>
							<String ID="string_388" HPOS="601" VPOS="1301" WIDTH="139" HEIGHT="22" WC="0.91" CONTENT="skogskomiten"/><SP WIDTH="18" VPOS="1301" HPOS="740"/>
							<String ID="string_389" HPOS="758" VPOS="1300" WIDTH="86" HEIGHT="18" WC="0.96" CONTENT="framhöll"/>
						</TextLine>
						<TextLine ID="line_39" HPOS="93" VPOS="1329" WIDTH="751" HEIGHT="24">
							<String ID="string_390" HPOS="93" VPOS="1333" WIDTH="61" HEIGHT="17" WC="0.96" CONTENT="såsom"/><SP WIDTH="12" VPOS="1333" HPOS="154"/>
							<String ID="string_391" HPOS="166" VPOS="1331" WIDTH="85" HEIGHT="22" WC="0.96" CONTENT="vägande"/><SP WIDTH="16" VPOS="1331" HPOS="251"/>
							<String ID="string_392" HPOS="267" VPOS="1331" WIDTH="41" HEIGHT="17" WC="0.96" CONTENT="skäl"/><SP WIDTH="12" VPOS="1331" HPOS="308"/>
							<String ID="string_393" HPOS="320" VPOS="1331" WIDTH="28" HEIGHT="17" WC="0.96" CONTENT="för"/><SP WIDTH="17" VPOS="1331" HPOS="348"/>
							<String ID="string_394" HPOS="365" VPOS="1331" WIDTH="54" HEIGHT="16" WC="0.95" CONTENT="dessa"/><SP WIDTH="16" VPOS="1331" HPOS="419"/>
							<String ID="string_395" HPOS="435" VPOS="1331" WIDTH="62" HEIGHT="20" WC="0.96" CONTENT="inköp,"/><SP WIDTH="13" VPOS="1331" HPOS="497"/>
							<String ID="string_396" HPOS="510" VPOS="1331" WIDTH="34" HEIGHT="16" WC="0.96" CONTENT="och"/><SP WIDTH="13" VPOS="1331" HPOS="544"/>
							<String ID="string_397" HPOS="557" VPOS="1335" WIDTH="39" HEIGHT="12" WC="0.96" CONTENT="som"/><SP WIDTH="12" VPOS="1335" HPOS="596"/>
							<String ID="string_398" HPOS="608" VPOS="1330" WIDTH="108" HEIGHT="17" WC="0.93" CONTENT="föranledde"/><SP WIDTH="12" VPOS="1330" HPOS="716"/>
							<String ID="string_399" HPOS="728" VPOS="1329" WIDTH="22" HEIGHT="17" WC="0.92" CONTENT="K."/><SP WIDTH="14" VPOS="1329" HPOS="750"/>
							<String ID="string_400" HPOS="764" VPOS="1330" WIDTH="80" HEIGHT="17" WC="0.95" CONTENT="Senaten"/>
						</TextLine>
						<TextLine ID="line_40" HPOS="93" VPOS="1356" WIDTH="753" HEIGHT="23">
							<String ID="string_401" HPOS="93" VPOS="1360" WIDTH="29" HEIGHT="17" WC="0.96" CONTENT="till"/><SP WIDTH="14" VPOS="1360" HPOS="122"/>
							<String ID="string_402" HPOS="136" VPOS="1359" WIDTH="36" HEIGHT="17" WC="0.96" CONTENT="den"/><SP WIDTH="15" VPOS="1359" HPOS="172"/>
							<String ID="string_403" HPOS="187" VPOS="1359" WIDTH="115" HEIGHT="20" WC="0.93" CONTENT="hemställan,"/><SP WIDTH="16" VPOS="1359" HPOS="302"/>
							<String ID="string_404" HPOS="318" VPOS="1358" WIDTH="57" HEIGHT="17" WC="0.92" CONTENT="hvarå"/><SP WIDTH="13" VPOS="1358" HPOS="375"/>
							<String ID="string_405" HPOS="388" VPOS="1357" WIDTH="32" HEIGHT="18" WC="0.96" CONTENT="det"/><SP WIDTH="16" VPOS="1357" HPOS="420"/>
							<String ID="string_406" HPOS="436" VPOS="1357" WIDTH="68" HEIGHT="22" WC="0.93" CONTENT="nådiga"/><SP WIDTH="14" VPOS="1357" HPOS="504"/>
							<String ID="string_407" HPOS="518" VPOS="1357" WIDTH="103" HEIGHT="22" WC="0.92" CONTENT="reskriptet"/><SP WIDTH="15" VPOS="1357" HPOS="621"/>
							<String ID="string_408" HPOS="636" VPOS="1357" WIDTH="20" HEIGHT="18" WC="0.95" CONTENT="af"/><SP WIDTH="14" VPOS="1357" HPOS="656"/>
							<String ID="string_409" HPOS="670" VPOS="1357" WIDTH="36" HEIGHT="18" WC="0.96" CONTENT="den"/><SP WIDTH="16" VPOS="1357" HPOS="706"/>
							<String ID="string_410" HPOS="722" VPOS="1357" WIDTH="10" HEIGHT="18" WC="0.94" CONTENT="1"/><SP WIDTH="14" VPOS="1357" HPOS="732"/>
							<String ID="string_411" HPOS="746" VPOS="1357" WIDTH="38" HEIGHT="22" WC="0.96" CONTENT="Maj"/><SP WIDTH="17" VPOS="1357" HPOS="784"/>
							<String ID="string_412" HPOS="801" VPOS="1356" WIDTH="45" HEIGHT="17" WC="0.95" CONTENT="1876"/>
						</TextLine>
						<TextLine ID="line_41" HPOS="94" VPOS="1384" WIDTH="752" HEIGHT="23">
							<String ID="string_413" HPOS="94" VPOS="1387" WIDTH="40" HEIGHT="18" WC="0.96" CONTENT="blef"/><SP WIDTH="11" VPOS="1387" HPOS="134"/>
							<String ID="string_414" HPOS="145" VPOS="1389" WIDTH="67" HEIGHT="18" WC="0.96" CONTENT="svaret,"/><SP WIDTH="13" VPOS="1389" HPOS="212"/>
							<String ID="string_415" HPOS="225" VPOS="1387" WIDTH="35" HEIGHT="17" WC="0.96" CONTENT="och"/><SP WIDTH="13" VPOS="1387" HPOS="260"/>
							<String ID="string_416" HPOS="273" VPOS="1387" WIDTH="23" HEIGHT="17" WC="0.96" CONTENT="de"/><SP WIDTH="17" VPOS="1387" HPOS="296"/>
							<String ID="string_417" HPOS="313" VPOS="1386" WIDTH="46" HEIGHT="21" WC="0.96" CONTENT="skäl,"/><SP WIDTH="16" VPOS="1386" HPOS="359"/>
							<String ID="string_418" HPOS="375" VPOS="1391" WIDTH="39" HEIGHT="12" WC="0.91" CONTENT="som"/><SP WIDTH="10" VPOS="1391" HPOS="414"/>
							<String ID="string_419" HPOS="424" VPOS="1385" WIDTH="43" HEIGHT="22" WC="0.91" CONTENT="lågo"/><SP WIDTH="9" VPOS="1385" HPOS="467"/>
							<String ID="string_420" HPOS="476" VPOS="1385" WIDTH="31" HEIGHT="17" WC="0.96" CONTENT="till"/><SP WIDTH="11" VPOS="1385" HPOS="507"/>
							<String ID="string_421" HPOS="518" VPOS="1385" WIDTH="59" HEIGHT="22" WC="0.96" CONTENT="grund"/><SP WIDTH="10" VPOS="1385" HPOS="577"/>
							<String ID="string_422" HPOS="587" VPOS="1385" WIDTH="29" HEIGHT="18" WC="0.96" CONTENT="för"/><SP WIDTH="9" VPOS="1385" HPOS="616"/>
							<String ID="string_423" HPOS="625" VPOS="1385" WIDTH="155" HEIGHT="22" WC="0.93" CONTENT="Forststyrelsens"/><SP WIDTH="10" VPOS="1385" HPOS="780"/>
							<String ID="string_424" HPOS="790" VPOS="1384" WIDTH="56" HEIGHT="18" WC="0.92" CONTENT="skrif-"/>
						</TextLine>
						<TextLine ID="line_42" HPOS="93" VPOS="1413" WIDTH="753" HEIGHT="24">
							<String ID="string_425" HPOS="93" VPOS="1417" WIDTH="50" HEIGHT="17" WC="0.91" CONTENT="velse"/><SP WIDTH="12" VPOS="1417" HPOS="143"/>
							<String ID="string_426" HPOS="155" VPOS="1415" WIDTH="30" HEIGHT="19" WC="0.93" CONTENT="till"/><SP WIDTH="11" VPOS="1415" HPOS="185"/>
							<String ID="string_427" HPOS="196" VPOS="1415" WIDTH="24" HEIGHT="19" WC="0.90" CONTENT="K."/><SP WIDTH="16" VPOS="1415" HPOS="220"/>
							<String ID="string_428" HPOS="236" VPOS="1415" WIDTH="81" HEIGHT="18" WC="0.96" CONTENT="Senaten"/><SP WIDTH="13" VPOS="1415" HPOS="317"/>
							<String ID="string_429" HPOS="330" VPOS="1414" WIDTH="21" HEIGHT="18" WC="0.96" CONTENT="af"/><SP WIDTH="10" VPOS="1414" HPOS="351"/>
							<String ID="string_430" HPOS="361" VPOS="1414" WIDTH="36" HEIGHT="18" WC="0.96" CONTENT="den"/><SP WIDTH="16" VPOS="1414" HPOS="397"/>
							<String ID="string_431" HPOS="413" VPOS="1414" WIDTH="22" HEIGHT="18" WC="0.96" CONTENT="29"/><SP WIDTH="16" VPOS="1414" HPOS="435"/>
							<String ID="string_432" HPOS="451" VPOS="1414" WIDTH="50" HEIGHT="23" WC="0.96" CONTENT="Sept."/><SP WIDTH="12" VPOS="1414" HPOS="501"/>
							<String ID="string_433" HPOS="513" VPOS="1414" WIDTH="50" HEIGHT="22" WC="0.95" CONTENT="1894,"/><SP WIDTH="13" VPOS="1414" HPOS="563"/>
							<String ID="string_434" HPOS="576" VPOS="1413" WIDTH="93" HEIGHT="24" WC="0.96" CONTENT="föreligga"/><SP WIDTH="11" VPOS="1413" HPOS="669"/>
							<String ID="string_435" HPOS="680" VPOS="1415" WIDTH="50" HEIGHT="17" WC="0.96" CONTENT="ännu"/><SP WIDTH="11" VPOS="1415" HPOS="730"/>
							<String ID="string_436" HPOS="741" VPOS="1413" WIDTH="8" HEIGHT="18" WC="0.96" CONTENT="i"/><SP WIDTH="13" VPOS="1413" HPOS="749"/>
							<String ID="string_437" HPOS="762" VPOS="1413" WIDTH="35" HEIGHT="18" WC="0.96" CONTENT="den"/><SP WIDTH="13" VPOS="1413" HPOS="797"/>
							<String ID="string_438" HPOS="810" VPOS="1413" WIDTH="36" HEIGHT="23" WC="0.95" CONTENT="dag"/>
						</TextLine>
						<TextLine ID="line_43" HPOS="94" VPOS="1443" WIDTH="753" HEIGHT="23">
							<String ID="string_439" HPOS="94" VPOS="1450" WIDTH="39" HEIGHT="13" WC="0.96" CONTENT="som"/><SP WIDTH="16" VPOS="1450" HPOS="133"/>
							<String ID="string_440" HPOS="149" VPOS="1446" WIDTH="26" HEIGHT="20" WC="0.95" CONTENT="är,"/><SP WIDTH="15" VPOS="1446" HPOS="175"/>
							<String ID="string_441" HPOS="190" VPOS="1445" WIDTH="42" HEIGHT="17" WC="0.93" CONTENT="icke"/><SP WIDTH="17" VPOS="1445" HPOS="232"/>
							<String ID="string_442" HPOS="249" VPOS="1444" WIDTH="81" HEIGHT="18" WC="0.92" CONTENT="allenast"/><SP WIDTH="16" VPOS="1444" HPOS="330"/>
							<String ID="string_443" HPOS="346" VPOS="1443" WIDTH="126" HEIGHT="23" WC="0.92" CONTENT="oförsvagade,"/><SP WIDTH="15" VPOS="1443" HPOS="472"/>
							<String ID="string_444" HPOS="487" VPOS="1445" WIDTH="45" HEIGHT="15" WC="0.96" CONTENT="utan"/><SP WIDTH="16" VPOS="1445" HPOS="532"/>
							<String ID="string_445" HPOS="548" VPOS="1446" WIDTH="23" HEIGHT="15" WC="0.96" CONTENT="än"/><SP WIDTH="16" VPOS="1446" HPOS="571"/>
							<String ID="string_446" HPOS="587" VPOS="1448" WIDTH="39" HEIGHT="13" WC="0.95" CONTENT="mer"/><SP WIDTH="14" VPOS="1448" HPOS="626"/>
							<String ID="string_447" HPOS="640" VPOS="1443" WIDTH="74" HEIGHT="17" WC="0.95" CONTENT="talande"/><SP WIDTH="13" VPOS="1443" HPOS="714"/>
							<String ID="string_448" HPOS="727" VPOS="1443" WIDTH="29" HEIGHT="17" WC="0.96" CONTENT="för"/><SP WIDTH="12" VPOS="1443" HPOS="756"/>
							<String ID="string_449" HPOS="768" VPOS="1443" WIDTH="35" HEIGHT="17" WC="0.93" CONTENT="och"/><SP WIDTH="13" VPOS="1443" HPOS="803"/>
							<String ID="string_450" HPOS="816" VPOS="1448" WIDTH="31" HEIGHT="18" WC="0.92" CONTENT="pe-"/>
						</TextLine>
						<TextLine ID="line_44" HPOS="94" VPOS="1471" WIDTH="752" HEIGHT="26">
							<String ID="string_451" HPOS="94" VPOS="1474" WIDTH="61" HEIGHT="18" WC="0.95" CONTENT="kande"/><SP WIDTH="16" VPOS="1474" HPOS="155"/>
							<String ID="string_452" HPOS="171" VPOS="1474" WIDTH="23" HEIGHT="23" WC="0.93" CONTENT="på"/><SP WIDTH="16" VPOS="1474" HPOS="194"/>
							<String ID="string_453" HPOS="210" VPOS="1473" WIDTH="145" HEIGHT="23" WC="0.92" CONTENT="behöfligheten,"/><SP WIDTH="13" VPOS="1473" HPOS="355"/>
							<String ID="string_454" HPOS="368" VPOS="1472" WIDTH="29" HEIGHT="18" WC="0.96" CONTENT="för"/><SP WIDTH="12" VPOS="1472" HPOS="397"/>
							<String ID="string_455" HPOS="409" VPOS="1474" WIDTH="27" HEIGHT="16" WC="0.96" CONTENT="att"/><SP WIDTH="12" VPOS="1474" HPOS="436"/>
							<String ID="string_456" HPOS="448" VPOS="1472" WIDTH="42" HEIGHT="18" WC="0.96" CONTENT="icke"/><SP WIDTH="13" VPOS="1472" HPOS="490"/>
							<String ID="string_457" HPOS="503" VPOS="1474" WIDTH="44" HEIGHT="21" WC="0.93" CONTENT="säga"/><SP WIDTH="14" VPOS="1474" HPOS="547"/>
							<String ID="string_458" HPOS="561" VPOS="1472" WIDTH="187" HEIGHT="23" WC="0.91" CONTENT="oundgängligheten,"/><SP WIDTH="13" VPOS="1472" HPOS="748"/>
							<String ID="string_459" HPOS="761" VPOS="1471" WIDTH="20" HEIGHT="18" WC="0.96" CONTENT="af"/><SP WIDTH="10" VPOS="1471" HPOS="781"/>
							<String ID="string_460" HPOS="791" VPOS="1471" WIDTH="55" HEIGHT="18" WC="0.96" CONTENT="dessa"/>
						</TextLine>
					</TextBlock>
				</ComposedBlock>
				<ComposedBlock ID="cblock_2" HPOS="164" VPOS="1512" WIDTH="384" HEIGHT="20">
					<TextBlock ID="block_5" HPOS="164" VPOS="1512" WIDTH="384" HEIGHT="20">
						<TextLine ID="line_45" HPOS="164" VPOS="1512" WIDTH="384" HEIGHT="20">
							<String ID="string_461" HPOS="164" VPOS="1514" WIDTH="184" HEIGHT="18" WC="0.82" CONTENT="Ekonomiutskottets"/><SP WIDTH="12" VPOS="1514" HPOS="348"/>
							<String ID="string_462" HPOS="360" VPOS="1513" WIDTH="111" HEIGHT="19" WC="0.96" CONTENT="betänkande"/><SP WIDTH="11" VPOS="1513" HPOS="471"/>
							<String ID="string_463" HPOS="482" VPOS="1512" WIDTH="37" HEIGHT="18" WC="0.96" CONTENT="N:o"/><SP WIDTH="14" VPOS="1512" HPOS="519"/>
							<String ID="string_464" HPOS="533" VPOS="1514" WIDTH="15" HEIGHT="17" WC="0.95" CONTENT="6."/>
						</TextLine>
					</TextBlock>
				</ComposedBlock>
			</PrintSpace>
		</Page>
	</Layout>
</alto>
