1092 1739
290 163 277 25 Petitionsbetänkande
582 164 42 22 N:o
640 164 35 22 14.
811 164 40 22 175

105 244 2 2 +
127 232 229 26 sommarmånaderna,
378 239 49 15 men
450 233 103 27 naturligt
572 235 29 23 är,
621 235 32 19 att
667 234 80 21 sådana
762 239 63 15 varor
845 232 34 22 för

126 266 71 21 hvilka
212 266 255 27 transportkostnaderna
482 267 91 27 sjöledes
583 267 63 21 ställa
655 267 34 27 sig
699 268 102 26 billigare,
812 267 67 21 under

127 300 175 26 seglationstiden
326 300 68 21 skulle
408 300 105 22 inhämtas
529 301 39 21 och
583 300 98 22 afsändas
696 302 7 20 i
718 301 25 21 så
758 302 59 20 stora
832 306 47 21 par-

127 334 40 20 tier
182 340 46 15 som
244 334 88 27 möjligt.

196 369 97 21 Joensuu
308 369 48 21 stad
371 370 64 26 utgör
449 369 46 21 icke
507 369 65 22 heller
583 370 40 21 den
635 370 56 21 enda
700 370 51 21 eller
763 368 118 22 förnämsta

127 402 146 28 trafikplatsen
296 403 6 21 i
322 398 52 26 Öfra
390 404 98 21 Karelen.
516 404 51 22 Med
581 404 97 22 Joensuu
693 403 61 22 täflar
770 404 110 21 Sortavala

127 438 54 26 stad,
196 437 85 22 hvilken
301 444 76 20 genom
393 438 33 22 sin
442 438 125 27 belägenhet
582 439 36 21 vid
633 438 86 31 Ladoga
734 444 62 21 synes
811 437 70 22 kallad

127 473 32 20 att
174 472 104 22 beherska
292 472 137 27 varuutbytet
444 472 89 22 emellan
547 473 107 27 Ryssland
669 473 39 21 och
719 468 52 26 Öfra
783 472 97 21 Karelen.

128 506 65 22 Detta
208 506 65 27 gäller
289 506 101 22 särskildt
404 506 91 22 handeln
511 508 49 21 med
571 508 50 27 rysk
631 507 44 26 säd,
685 507 84 22 hvilken
780 506 33 22 för
823 508 58 20 östra

127 540 87 22 delarna
236 540 22 22 af
276 540 73 22 landet
367 542 24 20 är
413 541 23 21 af
457 541 24 21 så
497 544 45 18 stor
558 541 114 27 betydelse.
702 541 72 21 Redan
789 541 9 21 i
813 541 69 21 denna

128 574 65 22 stund
216 575 78 20 sänder
317 575 111 21 Sortavala
450 575 60 27 ryskt
530 576 51 26 mjöl
602 575 31 21 till
652 575 75 27 sjelfva
740 576 103 24 Joensuu,
858 574 23 27 ja

128 608 32 21 till
182 608 39 22 och
243 609 48 21 med
314 609 85 21 bortom
420 609 70 21 denna
511 609 54 26 stad,
588 609 74 21 medan
685 609 56 27 dylik
762 615 50 15 vara
827 608 54 22 ifrån

129 642 93 22 Värtsilä
236 642 60 27 afgår
311 643 32 21 till
357 642 41 22 alla
415 643 59 21 delar
489 643 22 21 af
519 644 109 25 Ilomants,
639 643 128 27 Korpiselkä
777 643 39 21 och
827 643 53 21 Suo-

124 676 63 27 järvi,
206 676 23 27 ja
250 677 32 21 till
304 676 39 23 och
365 677 49 22 med
436 677 31 21 till
489 678 109 21 trakterna
619 677 28 27 pä
661 678 67 21 andra
743 678 59 21 sidan
818 677 63 28 ryska

128 713 100 26 gränsen.

200 746 40 21 Till
271 745 112 22 Sortavala
412 747 128 26 importeras
570 747 35 21 det
635 747 64 26 ryska
729 746 74 27 mjölet
833 746 49 21 med

129 781 70 20 större
221 780 105 21 farkoster
348 779 46 22 frän
418 781 36 20 det
476 781 28 26 pä
524 781 66 22 andra
612 781 60 21 sidan
692 781 86 26 Ladoga
793 781 90 26 belägna

130 814 106 27 Sermaks,
259 815 37 21 där
317 815 81 26 ärligen
420 815 83 26 mycket
526 817 58 20 stora
602 814 158 23 sädesförräder
775 815 46 21 frän
836 815 46 20 inre

128 849 88 21 delarna
237 849 23 21 af
279 849 107 28 Ryssland
401 849 160 22 sammanföras.
590 849 41 22 Vid
646 850 79 26 import
740 849 31 21 till
785 849 98 22 Joensuu

130 883 68 22 mäste
220 883 74 27 mjölet
322 884 98 21 deremot
440 883 58 22 föras
521 884 104 27 betydligt
647 884 73 26 längre
743 885 71 25 vägar,
836 883 47 22 frän

131 917 99 22 Sermaks
248 917 31 22 till
293 918 31 21 S:t
338 918 134 27 Petersburg
488 917 38 22 och
542 917 90 22 därifrän
649 918 72 21 vidare
735 917 62 27 längs
813 918 70 21 Saima

130 952 62 21 kanal
201 952 31 21 till
240 952 104 21 Joensuu.
356 952 38 22 Uti
402 952 31 21 S:t
441 952 133 27 Petersburg
582 952 105 27 betungas
695 952 188 27 mjöltransporten

129 987 112 21 dessutom
256 987 24 21 af
293 987 144 26 hvarjehanda
453 989 59 19 extra
526 986 93 28 utgifter,
635 986 75 22 medan
723 987 32 20 uti
773 986 110 22 Sortavala

129 1021 77 22 endast
216 1021 121 28 obetydliga
347 1022 116 21 kostnader
473 1021 159 28 ifrägakomma.
647 1021 88 27 Följden
745 1021 62 22 häraf
815 1023 29 23 är,
853 1023 31 19 att

131 1056 254 27 transportkostnaderna
407 1055 33 22 för
462 1056 36 21 det
512 1056 63 27 ryska
591 1055 72 28 mjölet
677 1055 8 22 i
699 1056 97 22 Joensuu
813 1055 72 28 uppgä

131 1090 31 21 till
186 1091 10 20 1
219 1097 27 14 m.
269 1091 27 20 38
312 1097 20 20 p.
348 1097 38 20 per
401 1091 56 26 säck,
472 1097 49 14 men
536 1091 7 20 i
559 1090 111 21 Sortavala
685 1090 31 21 till
731 1091 76 21 endast
821 1090 26 21 31
864 1097 19 20 p.

132 1124 72 22 Skulle
227 1125 70 21 därför
320 1131 25 15 en
366 1125 92 26 järnväg
478 1124 32 22 fäs
532 1125 33 21 till
580 1125 62 21 ständ
658 1125 53 20 midt
725 1125 84 26 igenom
825 1124 59 21 land-

131 1159 75 27 skapet
230 1159 46 21 frän
298 1159 94 22 Värtsilä
406 1159 32 21 till
453 1159 76 21 Lieksa
544 1159 39 21 och
598 1159 98 26 Nurmes,
712 1159 53 21 lider
780 1159 36 21 det
831 1159 54 21 intet

131 1193 79 26 tvifvel,
233 1196 31 19 att
286 1194 36 20 det
343 1193 63 27 ryska
429 1193 74 27 mjölet
523 1193 130 21 ätminstone
675 1193 32 20 till
729 1195 79 19 största
823 1193 60 21 delen

131 1227 69 21 skulle
215 1227 86 22 komma
315 1229 31 20 att
361 1233 89 21 passera
463 1227 62 27 längs
536 1228 70 20 denna
616 1229 46 24 väg,
673 1227 76 21 medan
761 1227 57 27 dylik
828 1234 56 18 vara,

130 1262 86 22 hvilken
231 1262 136 27 importerats
383 1262 31 21 till
428 1262 104 25 Joensuu,
547 1268 35 15 om
597 1262 71 26 nägon
683 1261 82 21 mindre
781 1262 33 21 del
824 1260 61 23 deraf

132 1296 64 22 ocksä
211 1296 68 21 skulle
293 1296 57 22 föras
366 1298 81 24 norrut,
462 1298 75 19 nästan
553 1296 136 21 uteslutande
698 1296 85 21 komme
795 1297 32 20 att
836 1298 49 24 taga

132 1337 82 15 samma
228 1332 42 26 väg
284 1337 47 15 som
346 1330 62 27 förut,
424 1331 61 26 längs
500 1330 141 22 vattenleden.

201 1365 43 20 Det
266 1367 22 18 är
309 1366 64 24 ingen
394 1365 40 20 lätt
456 1365 39 20 sak
516 1366 32 19 att
565 1366 8 19 i
587 1364 62 26 detalj
663 1364 92 26 jämföra
769 1364 89 21 trafiken
878 1364 7 20 i

131 1398 112 22 Sortavala
264 1398 48 21 med
328 1398 41 21 den
384 1398 8 20 i
406 1398 103 25 Joensuu,
524 1398 57 21 hälst
594 1398 72 20 härtill
680 1398 77 26 nödiga
772 1396 112 28 sifferupp-

131 1432 69 28 gifter,
216 1431 101 22 särskildt
328 1431 33 21 för
375 1432 105 26 Joensuu,
494 1432 46 21 icke
556 1432 33 21 stä
603 1430 32 22 till
649 1431 62 21 buds.
740 1431 50 21 Men
805 1433 31 19 att
851 1432 33 20 rö-

132 1466 70 22 relsen
225 1466 7 22 i
250 1466 111 22 Sortavala
375 1466 143 22 öfverhufvud
533 1466 34 21 väl
581 1465 41 21 kan
639 1467 57 20 mäta
711 1466 33 26 sig
759 1465 48 22 med
823 1466 40 21 den
878 1466 7 20 i

200 1512 186 23 Järnvägsutskottets
399 1512 110 18 betänkande
521 1512 39 18 N:o
571 1512 18 18 2.
