1095 1748
256 158 41 22 132
407 156 274 24 Petitionsbetänkande
696 157 41 21 N:o
753 157 36 22 14.

226 226 63 27 lägna
311 225 103 28 Pyhäjoki
434 225 39 21 och
489 226 101 26 Lestijoki
606 224 120 23 älfdalarna,
741 225 40 21 och
795 224 85 22 komme
892 224 86 26 järnvä-

227 266 40 21 gen
289 262 31 19 att
341 259 27 27 pä
392 259 40 21 den
447 258 121 28 föreslagna
583 258 97 22 sträckan
693 258 58 22 inom
767 265 26 14 en
809 264 40 15 zon
864 257 23 21 af
899 257 28 21 20
942 256 34 22 km

227 294 28 27 pä
269 294 103 21 hvardera
392 293 60 21 sidan
468 299 35 15 om
518 294 64 26 linjen
598 292 84 27 betjäna
697 298 25 16 en
739 292 122 27 befolkning
876 291 23 21 af
911 291 67 21 omkr.

228 328 76 27 19,000
324 334 103 22 personer
449 327 51 21 eller
515 328 41 20 334
572 334 38 21 per
625 326 159 22 bankilometer.
813 326 34 21 Dä
862 324 117 22 emellertid

227 362 129 28 Haapajärvi
378 362 46 21 icke
438 361 42 22 kan
495 368 63 15 anses
573 368 51 15 vara
638 367 27 15 en
681 360 87 28 lämplig
782 359 198 28 afslutningspunkt

227 397 34 21 för
276 403 26 15 en
315 397 97 27 järnväg,
426 396 69 22 mäste
510 396 68 22 denna
593 395 75 22 tänkas
683 396 7 20 i
705 402 27 14 en
747 395 87 21 framtid
845 394 71 22 vidare
926 394 53 21 fort-

228 432 43 21 satt
285 430 100 27 antingen
401 430 31 21 till
447 430 102 22 Savolaks
564 431 69 21 banan
641 429 50 22 eller
699 430 32 21 till
749 428 104 28 Jyväskylä
873 424 107 38 Suolahti

228 466 76 21 banan.
333 464 50 22 Men
406 464 26 22 dä
453 464 33 22 för
508 471 27 15 en
556 465 65 21 sädan
636 463 139 27 fortsättning
789 462 52 22 flera
855 462 125 22 alternativa

227 499 80 27 förslag
321 498 110 28 föreligga,
447 499 81 21 hvilkas
543 498 100 22 inbördes
658 498 122 21 företräden
787 497 124 27 lämpligare
919 497 61 21 torde

228 534 52 21 böra
301 535 46 19 mot
368 533 120 22 hvarandra
511 533 86 27 afvägas
612 532 35 22 vid
663 539 26 15 en
703 532 48 21 från
765 531 180 27 förvärkligandet
959 531 23 21 af

229 569 63 21 dessa
310 568 185 28 järnvägsförslag
512 568 83 21 mindre
609 567 93 27 aflägsen
718 566 105 28 tidpunkt,
838 566 38 22 har
893 566 87 21 Utskot-

229 604 32 20 tet
281 604 71 19 ansett
374 604 32 19 att
425 601 33 22 för
480 602 70 21 denna
571 602 56 27 gång
641 602 76 21 endast
732 602 98 20 sträckan
845 600 135 21 Ylivieska—

229 636 129 28 Haapajärvi
373 636 67 21 borde
455 635 63 22 blifva
532 636 88 22 föremål
634 635 33 22 för
682 635 84 22 teknisk
782 635 166 26 undersökning.

298 671 112 27 Banlinjen
442 671 74 21 Gamla
545 669 436 29 Karleby—Vetil
743 665 11 38 -
762 669 219 29 Karstula—Suolahti

228 706 61 27 följer
305 706 45 21 åter
365 705 7 22 i
388 705 32 21 sin
436 707 72 19 västra
522 705 34 21 del
571 705 57 22 Vetil
643 704 69 26 älfdal,
727 705 38 21 där
779 704 71 27 rikligt
857 703 80 22 tillfälle
950 703 31 21 till

229 740 101 27 nyodling
350 739 120 26 förefinnes,
493 739 39 22 och
547 739 38 22 har
601 740 6 21 i
622 740 69 21 denna
706 739 34 21 del
755 741 32 19 att
802 739 90 27 uppvisa
907 744 26 15 en
948 743 32 16 re-

230 774 60 21 lativt
311 774 43 27 hög
370 773 195 28 befolkningssiffra
580 786 27 3 —
623 773 42 22 395
680 779 103 21 personer
798 779 38 21 per
851 772 129 22 bankilome-

230 811 38 18 ter.
297 808 48 21 Den
365 807 121 27 föreslagna
506 807 80 22 banans
608 809 59 20 östra
682 807 39 24 del,
737 806 244 29 Saarijärvi--Suolahti,

229 842 80 22 företer
331 842 61 22 äfven
415 842 84 21 relativt
522 843 54 26 goda
591 842 128 27 betingelser
734 841 34 22 för
783 848 25 15 en
822 842 96 27 järnväg,
933 841 49 22 med

230 876 99 22 afseende
348 876 80 28 jämväl
443 876 57 26 därä,
519 878 32 20 att
564 878 7 20 i
588 876 112 27 Saarijärvi
715 876 77 22 socken
807 875 52 22 flere
873 875 32 21 för
920 876 61 21 indu-

230 911 81 22 striella
335 911 154 27 anläggningar
511 911 136 21 användbara
668 910 70 22 forsar
760 910 137 22 förekomma.
934 910 48 21 Den

230 945 176 28 mellanliggande
421 945 67 22 delen,
503 945 204 27 Vetil—Saarijärvi,
724 945 81 27 gående
820 950 76 22 genom
911 944 70 22 Perho

231 980 38 22 och
289 980 107 26 Karstula,
418 981 23 20 är
456 980 97 22 däremot
567 980 84 28 mycket
665 986 58 21 svag.
752 980 50 21 Men
817 979 112 22 Utskottet
943 979 38 22 har

231 1014 53 22 dock
305 1016 71 20 ansett
398 1016 31 19 att
444 1014 69 22 banan
528 1015 8 21 i
551 1015 49 21 dess
615 1014 71 22 helhet
701 1021 51 15 vore
766 1014 88 27 förtjänt
869 1014 23 21 af
905 1014 76 21 under-

232 1049 96 27 sökning.
358 1048 75 22 Ehuru
449 1049 132 27 synpunkter
596 1048 62 22 äfven
667 1048 72 22 kunde
754 1048 84 22 anföras
853 1048 32 21 för
894 1054 26 15 en
927 1048 54 21 före-

231 1084 68 26 slagen
310 1078 163 37 bansträckning
479 1084 85 21 Bennäs—
594 1083 125 27 Lappajärvi
749 1082 102 22 Karstula—
881 1082 101 26 Suolahti,

232 1117 38 21 har
286 1117 112 22 Utskottet
415 1116 69 27 likväl,
500 1118 27 26 pä
543 1118 45 21 skäl
601 1117 197 27 järnvägskomitön
813 1116 120 27 framhållit,
942 1116 39 28 gif-

230 1152 31 20 vit
267 1152 150 26 sträckningen
424 1151 75 22 Gamla
509 1152 112 26 Karleby—
629 1146 102 37 Karstula
740 1164 11 2 —
762 1150 219 22 Suolahtiföreträdet.

298 1186 34 20 En
350 1185 156 27 jämförelsevis
521 1186 115 21 fristäende
652 1186 101 26 ställning
768 1185 31 21 till
814 1186 26 21 de
855 1186 7 20 i
877 1186 36 21 det
927 1186 54 21 före-

231 1220 81 27 gäende
332 1220 132 22 behandlade
477 1220 148 27 järnvägarne,
641 1220 67 21 ehuru
723 1220 90 27 belägna
827 1220 58 22 inom
901 1226 81 16 samma

231 1254 92 26 omräde,
345 1254 73 28 intaga
432 1254 27 22 de
472 1254 121 28 föreslagna
608 1254 108 22 banorna:
731 1254 68 22 Voltti
813 1254 51 22 eller
879 1254 103 22 Kauhava

231 1289 31 19 till
284 1288 67 20 Niska
372 1288 7 20 i
394 1289 126 25 Lappajärvi
538 1291 56 17 samt
611 1284 136 35 Myllymäki
763 1284 156 35 Kannonkoski.
948 1289 34 20 En

231 1322 107 20 minoritet
360 1322 58 21 inom
440 1322 110 21 Utskottet
564 1322 39 21 har
618 1322 124 26 visserligen
758 1323 71 20 ansett
844 1322 84 21 teknisk
943 1328 38 15 un-

231 1356 130 27 dersökning
384 1355 61 22 äfven
467 1356 23 21 af
510 1356 62 21 dessa
596 1356 100 22 bandelar
710 1356 103 27 påkallad,
828 1363 48 15 men
891 1356 91 22 flertalet

230 1391 58 21 inom
311 1391 112 22 Utskottet
445 1390 38 22 har
504 1390 70 23 funnit
597 1391 44 22 skäl
657 1391 70 22 därtill
741 1391 33 21 för
789 1391 132 22 närvarande
935 1391 46 22 icke

230 1425 136 26 förekomma,
389 1425 55 22 hälst
467 1425 108 22 trakterna
595 1426 35 22 vid
653 1426 40 21 den
715 1425 58 22 förra
785 1426 22 22 af
821 1426 26 22 de
861 1425 121 28 föreslagna

297 1506 187 23 Järnvägsutskottets
496 1506 110 19 betänkande
618 1507 37 17 N:o
668 1507 17 17 2.
