1061 1709
245 159 25 20 12
407 158 268 22 Petitionsbetänkande
690 157 40 23 N:o
746 158 34 21 20.

216 220 33 18 der
263 220 65 23 dylika
340 220 88 18 tillfällen
440 221 28 17 till
482 220 107 18 erhållande
603 220 20 17 af
629 220 112 22 rusdrycker
749 220 41 17 icke
800 220 105 17 förefinnas.
923 220 44 16 Men

215 254 29 12 oss
261 251 54 20 göres
328 250 58 22 knapt
397 249 58 18 behof
467 251 26 15 att
505 248 53 23 vädja
570 249 30 17 till
613 248 63 23 dylika
687 248 62 18 lokala
762 248 155 18 erfarenhetsrön.
940 248 27 22 Ty

215 278 102 18 detsamma
332 278 81 22 framgår
428 278 55 17 äfven
499 283 22 12 ur
535 277 141 18 förhållandena
690 278 7 17 i
713 278 41 17 vårt
766 277 43 17 land
822 277 6 17 i
842 278 42 17 dess
897 276 70 18 helhet.

214 306 54 18 Eller
283 307 61 17 finnes
360 306 92 18 måhända
467 307 7 17 i
489 306 49 18 detta
553 306 44 18 land
613 306 67 22 någon,
700 311 39 13 som
754 306 43 18 ville
810 307 58 21 påstå,
884 308 27 15 att
923 306 44 16 hus-

215 335 193 23 behofsbränningens
419 334 116 19 afskaffande
541 336 43 17 icke
591 335 61 18 skulle
660 336 48 17 varit
716 335 21 17 af
744 336 92 17 helsosam
845 335 69 18 verkan
921 334 47 18 eller

215 366 27 15 att
256 364 67 18 folkets
339 364 100 23 nykterhet
453 369 43 13 vore
513 364 105 18 densamma
630 369 38 12 som
681 370 30 15 nu,
728 369 29 12 om
773 364 54 18 äfven
840 364 6 18 i
859 364 108 17 landsorten

213 392 96 18 bränvins-
325 393 35 17 och
372 392 101 18 ölhandeln
485 397 42 13 vore
539 392 39 18 lika
590 392 24 18 fri
626 397 40 12 som
678 393 7 17 i
698 392 100 18 städerna?
822 392 53 18 Hvad
887 397 42 12 man
943 394 24 16 än

214 421 29 17 må
255 420 64 18 kunna
332 421 88 17 anmärka
433 426 28 12 om
475 420 138 23 förbudslagars
625 420 102 23 inflytande
739 421 7 17 i
759 420 58 18 andra
829 420 49 22 land,
891 420 34 18 hos
937 426 30 12 oss

214 449 97 18 bekräftar
323 450 51 17 såväl
387 450 35 17 den
436 449 106 23 personliga
554 449 130 18 erfarenheten
698 454 38 12 som
750 450 106 17 statistiken
868 451 45 16 utan
925 454 42 18 gen-

215 478 77 22 sägelse,
315 480 27 16 att
363 483 23 13 en
407 478 96 18 restriktiv
524 478 116 22 lagstiftning
660 478 67 18 verkar
748 478 152 18 konsumtionens
921 478 46 18 ned-

215 507 96 22 åtgående.

281 536 38 17 Det
333 536 35 16 har
383 536 57 17 likväl
454 536 84 22 påståtts,
554 538 27 15 att
596 541 22 12 en
634 540 66 17 annan,
713 536 40 17 lika
766 536 61 21 säker,
840 541 42 12 men
894 536 73 22 mycket

214 565 72 17 mindre
302 564 100 23 glädjande
419 564 46 23 följd
481 564 21 18 af
515 570 23 12 en
552 565 57 17 sådan
624 564 118 24 lagstiftning
757 570 43 12 vore
816 564 119 23 tilltagandet
949 564 20 18 af

213 593 64 23 oloflig
289 593 224 23 rusdryckstillverkning
526 594 34 18 och
572 593 74 18 handel.
671 590 54 21 Ända
738 593 57 18 sedan
808 594 44 18 1867
865 594 30 17 års
907 594 60 17 landt-

214 622 35 23 dag
265 622 34 18 har
315 622 31 18 det
364 622 53 18 alltid
437 623 24 21 på
476 625 40 21 nytt
531 622 115 22 framhållits,
663 624 26 16 att
702 622 61 18 denna
774 622 42 18 fara
828 622 57 18 borde
898 622 69 18 afhålla

213 656 24 13 en
250 651 85 17 moderat
347 651 119 23 lagstiftning
477 653 26 16 att
509 651 61 18 alltför
577 651 73 23 mycket
657 651 60 22 fortgå
723 652 25 21 på
754 651 165 18 restriktionernas
928 653 39 21 väg.

212 680 67 18 Likväl
297 680 92 18 erkännes
406 685 78 13 numera
500 680 81 21 allmänt,
593 682 27 15 att
631 680 141 22 lönnbränning
786 680 35 17 och
836 680 131 22 lurendrejeri,

213 714 38 12 som
260 708 59 18 under
328 708 53 18 tiden
390 708 49 18 efter
447 708 228 23 husbehofsbränningens
684 708 123 23 upphörande
816 709 8 17 i
832 710 38 16 stor
878 709 89 17 utsträck-

213 738 47 21 ning
272 736 102 22 utöfvades,
387 742 66 12 senare
466 738 7 17 i
485 738 38 22 hög
534 738 46 22 grad
593 738 67 22 aftagit
672 737 34 18 och
718 738 7 16 i
738 738 66 22 många
817 738 70 17 trakter
896 740 13 15 t.
919 743 15 12 o.
944 744 23 11 m.

213 765 41 19 helt
266 765 35 18 och
313 766 59 18 hållet
384 766 86 22 upphört.
494 766 97 22 Farhågan
604 766 28 18 för
645 766 138 23 lönnbränning
796 766 35 18 och
844 766 124 24 lurendrejeri

214 794 38 18 fick
265 794 107 18 emellertid
385 800 24 17 ny
422 796 67 22 näring
501 794 47 18 efter
562 795 31 18 det
605 795 45 18 1886
656 795 30 17 års
692 795 276 23 bränvinsförordningar
918 790 54 32 trädt

213 824 7 16 i
232 822 56 18 kraft.
307 823 46 17 1890
365 824 30 16 års
407 824 70 17 komité
490 824 29 18 för
527 824 117 22 granskande
651 823 20 17 af
676 824 230 22 bränvinslagstiftningen
912 824 55 18 fram-

212 851 43 19 lade
273 851 66 22 siffror,
354 851 65 18 hvilka
434 853 73 22 tycktes
520 852 66 22 utvisa,
599 854 27 16 att
638 851 145 24 förbrytelserna
794 854 37 16 mot
843 852 125 18 bränvinsför-

214 880 126 22 ordningarna
355 880 48 18 hade
419 880 78 24 tilltagit
512 881 90 23 betydligt
617 881 7 17 i
640 881 49 17 antal
702 882 60 17 under
775 882 45 17 åren
832 881 95 22 1887—89,
940 882 28 17 sä-

214 909 53 17 ledes
281 914 70 13 samma
362 909 28 17 tid
402 909 24 17 då
439 910 35 18 den
487 910 69 22 lagliga
568 909 234 23 bränvinstillverkningen
815 910 41 18 stod
869 916 33 12 som
914 905 54 32 lägst.

213 938 60 18 Dessa
293 937 71 18 siffrors
383 938 95 22 betydelse
497 938 40 18 blef
554 938 104 18 emellertid
676 938 93 18 kännbart
784 938 103 18 reducerad
901 944 67 18 genom

213 966 189 18 ekonomiutskottets
414 967 32 17 vid
459 967 44 17 1891
517 968 29 16 års
559 967 88 22 landtdag
659 966 71 23 afgifna
744 967 102 23 förklaring
858 968 66 22 (saken
932 968 36 17 för-

214 995 39 18 höll
266 995 29 23 sig
307 996 7 16 i
327 995 128 23 verkligheten
468 996 42 17 icke
523 996 20 17 så
555 998 95 21 ogynsamt
660 1001 39 12 som
708 1001 43 12 man
761 996 62 18 kunde
834 997 97 22 förmoda),
941 998 28 17 att

214 1024 93 18 komiténs
319 1024 96 22 uppgifter
427 1024 90 18 hänförde
530 1025 28 23 sig
570 1025 29 17 till
611 1025 71 17 antalet
694 1025 21 17 af
725 1025 7 17 i
744 1025 143 19 underrätterna
899 1026 69 18 anhän-

213 1052 100 23 giggjorda
328 1052 43 18 åtal.
391 1053 28 18 De
432 1053 72 18 dömdes
516 1054 58 22 antal,
586 1053 106 18 förklarade
704 1054 97 21 utskottet,
810 1060 31 12 var
850 1054 62 18 under
924 1054 44 18 ifrå-

214 1081 105 22 gavarande
333 1081 27 17 tid
373 1081 108 23 (1887—89)
494 1082 72 18 mindre
579 1084 24 16 än
615 1082 60 18 under
688 1082 22 18 de
722 1084 28 16 tre
760 1083 155 23 nästföregäende
923 1084 44 18 åren

213 1110 115 22 (1884—86).

285 1138 34 18 Om
332 1138 19 18 vi
364 1139 82 21 granska
461 1139 119 23 uppgifterna
594 1139 52 17 öfver
660 1139 122 23 förbrytelser
794 1142 37 16 mot
842 1140 125 18 bränvinsför-

218 1168 129 22 ordningarna
362 1166 28 19 för
409 1173 23 13 en
445 1168 64 22 längre
522 1168 27 18 tid
562 1168 34 18 och
609 1168 89 18 särskildt
709 1168 24 18 de
746 1168 49 18 efter
806 1169 45 18 1889
864 1169 103 22 tillkomna,

215 1196 21 17 sä
251 1196 51 22 gifva
318 1196 23 17 de
357 1197 50 17 ännu
420 1196 72 18 mindre
505 1197 42 17 stöd
559 1197 28 17 för
599 1196 145 24 uppfattningen
756 1199 26 16 att
794 1203 23 12 en
829 1198 138 23 inskränkning

214 1224 21 18 af
253 1224 36 18 den
305 1224 70 22 lagliga
393 1225 143 23 tillverkningen
553 1226 34 17 och
600 1225 80 18 handeln
694 1226 59 18 skulle
766 1232 98 17 uppamma
876 1226 91 22 laglöshet

214 1253 35 16 och
273 1252 126 22 förbrytelser.
432 1250 61 20 Äfven
517 1259 29 11 om
569 1253 18 16 vi
611 1253 51 17 hålla
686 1258 28 12 oss
736 1254 30 16 till
787 1255 69 17 antalet
876 1254 38 18 åtal
933 1255 34 17 och

215 1280 63 18 lemna
292 1280 70 18 derhän
375 1280 98 18 skilnaden
486 1281 68 17 mellan
567 1281 51 17 detta
630 1282 35 16 och
678 1282 70 17 antalet
760 1283 80 21 verkligt
853 1282 83 18 sakfälde
947 1283 20 17 så

215 1309 71 17 erhålla
298 1309 17 17 vi
329 1314 22 12 ur
364 1309 81 18 statistik
461 1309 68 18 årsbok
540 1309 82 23 följande
637 1310 95 22 uppgifter
740 1310 52 18 öfver
800 1310 121 24 förbrytelser
930 1313 37 15 mot

216 1338 254 22 bränvinsförordningarna:

310 1392 31 22 År.
360 1388 12 36 —
382 1396 56 18 Antal
451 1396 126 23 förbrytelser.
603 1388 12 36 =
624 1394 30 21 Är.
684 1398 54 17 Antal
752 1398 126 22 förbrytelser.

305 1425 45 18 1884
453 1425 52 22 4,216
618 1414 44 40 1887
758 1427 50 22 3,558

306 1441 44 40 1885
453 1454 51 21 3,840
617 1455 45 18 1888
756 1456 52 21 4,106

305 1482 46 18 1886
454 1482 51 22 3,438
618 1471 44 40 1889
757 1485 51 21 4,395

282 1514 181 18 Ekonomiutskottets
476 1516 111 17 betänkande
600 1515 38 18 N:o
652 1516 17 18 8.
