1086 1739
233 178 41 21 180
401 178 274 22 Petitionsbetänkande
690 178 43 22 N:o
748 178 34 22 14.

480 243 33 19 alt
541 241 184 27 förstkommande
755 241 104 28 landtdag
889 241 67 21 måtte

412 276 121 27 föreläggas
543 276 68 28 nådig
618 276 138 28 proposition
767 276 111 28 angående
889 276 65 28 bygg-

409 310 81 27 gandet
511 314 24 24 aj
551 317 26 14 en
592 310 164 28 normalspårig
765 311 98 27 järnväg
877 310 10 21 i
902 305 52 26 här-

409 344 109 28 förinnan
534 345 92 21 tekniskt
645 345 118 21 undersökt
781 345 100 27 riktning
903 345 53 27 från

414 379 96 21 Värtsilä
524 379 82 21 station
622 379 35 21 till
671 379 79 21 Lieksa
762 379 27 28 by
799 379 10 21 i
819 379 135 29 Pielisjärvi.

274 459 102 27 Slutligen
399 459 37 21 har
454 459 38 27 jag
514 461 70 19 ansett
598 459 44 26 mig
660 459 52 21 böra
727 459 122 27 ödmjukast
864 459 89 26 anmäla,

204 494 36 20 det
259 493 38 27 jag
318 493 45 21 icke
386 493 87 27 deltagit
488 494 7 20 i
510 493 122 21 Utskottets
655 492 71 22 beslut
746 493 109 27 angäende
870 493 85 21 teknisk

204 528 38 20 och
265 527 125 22 ekonomisk
411 528 160 26 undersökning
593 527 31 21 för
643 533 26 15 en
684 528 89 26 järnväg
787 527 46 21 frän
850 526 103 23 Kexholm

203 562 32 20 till
249 561 88 27 lämplig
351 562 68 26 punkt
434 562 12 20 &
462 562 103 21 Karelska
579 562 76 21 banan.

272 618 136 28 Helsingfors
424 618 40 22 den
481 619 25 21 17
522 619 40 27 maj
581 618 60 22 1900.

738 688 44 23 Edv.
797 688 86 23 Avellan.

273 786 41 21 Om
329 785 135 22 förestående
482 786 138 25 reservation,
641 785 70 22 sävidt
726 786 40 21 den
783 786 62 21 berör
862 786 90 21 Kemi—

204 820 124 21 Rovaniemi
340 820 96 27 järnväg,
445 819 83 22 förenar
544 820 33 27 sig

685 883 46 29 Aug.
747 883 29 23 Fr.
792 883 93 24 Granfelt.

566 1037 33 23 11.

271 1108 58 21 Enär
348 1107 38 27 jag
400 1107 18 27 ej
439 1107 82 22 kunnat
536 1107 73 22 förena
626 1107 43 28 mig
685 1114 34 15 om
735 1107 124 22 Utskottets
874 1107 80 28 förslag

202 1142 111 27 angående
335 1142 26 21 de
383 1142 224 27 subventionsbelopp,
631 1148 46 15 som
700 1142 118 21 tillerkänts
837 1143 26 20 de
877 1142 76 27 ifräga-

202 1177 56 20 satta
275 1176 83 27 privata
370 1176 142 27 järnvägarna
526 1175 46 22 frän
583 1175 108 28 Uleäborg
706 1176 31 21 till
753 1176 66 22 Vaala
833 1176 39 22 och
887 1177 66 26 Lappi

202 1210 148 25 —Tleäträsk,
366 1210 51 27 (pet.
432 1216 62 15 mem.
509 1209 62 27 5—8)
586 1209 95 22 anhåller
693 1210 37 27 jag
745 1212 32 19 att
786 1210 33 21 för
830 1211 69 21 denna
909 1211 44 20 min

202 1244 56 22 olika
273 1243 136 28 uppfattning
424 1243 75 22 anföra
513 1243 100 28 följande:

270 1278 74 26 Enligt
359 1278 39 20 den
414 1278 49 26 plan
479 1278 34 20 för
528 1278 99 21 fortsatta
633 1278 232 27 järnvägsbygenader,
877 1286 46 14 som
933 1279 23 21 af

202 1312 112 21 Utskottet
336 1310 94 26 föreslås,
453 1311 84 21 komme
559 1311 74 26 anslag
654 1310 33 22 för
708 1312 45 20 icke
775 1312 82 21 mindre
879 1314 27 19 än
921 1314 33 19 tre

202 1346 68 21 skilda
291 1345 151 27 sträckningar,
461 1345 71 21 hvilka
553 1345 114 27 tillgodose
686 1345 110 21 trakterna
813 1346 62 27 kring
890 1346 63 22 Uleå-

202 1380 65 26 träsk,
291 1381 31 19 att
343 1378 103 22 förordas.
476 1379 111 22 Utskottet
607 1379 38 21 har
660 1379 106 27 nämligen
783 1380 31 21 uti
829 1380 38 22 sitt
881 1380 72 22 betän-

201 1415 69 21 kande
295 1414 40 22 N:o
361 1415 11 21 1
399 1413 95 23 förordat
518 1414 121 28 byggandet
654 1414 23 22 af
699 1414 253 29 järnvägssträckningen

200 1449 192 27 Tisalmi—Kajana
414 1449 49 21 med
485 1450 31 20 ett
537 1449 182 27 kostnadsbelopp
737 1449 24 22 af
774 1450 54 21 Fmk
843 1450 110 27 5,400,000

200 1486 55 19 samt
277 1483 88 22 föreslår
387 1490 29 14 nu
431 1483 7 21 i
454 1483 126 22 subvention
599 1483 39 21 och
657 1484 89 21 statslän
765 1484 34 22 för
817 1484 135 28 Uleäborg—

267 1529 185 23 Järnvägsutskottets
465 1529 111 17 betänkande
588 1529 37 17 N:o
637 1530 28 16 2.-
