1092 1748
236 174 26 18 60
400 170 275 23 Petitionsbetänkande
690 170 43 23 N:o
747 171 35 21 14.

206 239 161 18 Invånareantalet
384 239 6 17 i
408 239 53 17 dessa
479 240 109 17 kommuner
609 240 71 22 uppgår
702 239 135 23 sammanlagdt
857 239 28 17 till
897 238 63 22 50,000

206 274 91 16 personer,
309 268 73 17 hvilkas
394 268 83 18 utkomst
488 274 65 17 genom
565 268 104 23 byggandet
680 268 19 17 af
707 267 35 18 den
751 268 102 22 föreslagna
862 267 98 23 järnvägen

206 296 6 17 i
224 296 82 23 betydlig
318 297 43 17 mån
374 296 59 18 skulle
444 296 119 18 underlättas.

276 325 37 17 För
324 325 64 22 hvarje
399 326 20 17 år
431 325 35 17 har
477 325 86 19 behofvet
575 326 19 17 af
606 325 59 18 denna
677 326 47 17 bana
734 325 60 18 blifvit
803 325 33 21 allt
845 325 115 18 kännbarare

207 354 50 18 såväl
274 354 30 18 för
322 353 22 19 de
362 354 119 23 uppräknade
498 354 187 18 landskommunerna
702 360 40 12 som
758 353 123 19 ofvannämda
893 352 66 20 städer.

206 383 110 23 Isynnerhet
328 383 70 18 kännes
409 382 51 19 detta
468 383 55 18 behof
531 382 49 19 hvad
588 382 91 19 beträffar
687 383 78 23 Nystad,
776 382 105 24 trängande.
894 382 66 19 Denna

206 411 42 19 stad
266 418 32 12 var
314 412 30 18 för
358 412 58 23 några
428 412 52 18 tiotal
491 413 21 17 år
524 412 55 18 sedan
591 412 24 24 på
626 412 61 23 grund
699 412 19 18 af
730 413 27 17 sin
770 415 65 21 export
846 412 20 18 af
878 412 83 18 trävaror

206 442 35 18 och
258 447 66 18 genom
342 442 27 17 sin
388 441 64 22 sjöfart
469 442 5 17 i
493 443 26 17 ett
535 441 125 19 blomstrande
673 440 88 21 tillstånd,
773 447 41 12 men
827 441 58 18 under
897 446 64 12 senare

207 470 47 19 tider
271 470 34 18 har
323 470 41 22 den,
382 471 6 17 i
405 470 90 18 afsaknad
513 471 19 17 af
543 470 80 24 järnväg,
637 470 14 22 ej
665 470 72 18 kunnat
749 470 58 23 draga
819 470 27 18 till
858 470 27 23 sig
897 469 62 19 lands-

206 502 62 16 ortens
280 499 107 23 produkter,
399 499 63 18 hvilka
473 500 42 17 sökt
527 500 26 22 sig
565 501 36 22 väg
613 499 26 18 till
651 498 150 24 grannstäderna,
814 505 39 12 som
865 500 30 17 stå
906 499 5 17 i
923 498 37 19 för-

206 528 81 18 bindelse
298 528 42 18 med
351 528 141 24 järnvägsnätet.
516 528 83 18 Sålunda
610 528 35 17 har
656 527 182 24 landsbefolkningen
850 528 47 17 varit
907 529 53 16 tvun-

206 563 34 17 gen
254 559 28 16 att
293 557 57 18 forsla
362 557 40 18 sina
414 556 100 24 produkter
526 557 28 18 till
566 556 66 22 städer,
645 562 40 12 som
692 556 50 23 ligga
750 557 23 22 på
781 556 63 23 längre
853 556 74 18 afstånd
937 557 24 17 än

207 585 79 23 Nystad,
298 592 41 12 men
352 586 63 17 hvilka
427 587 32 17 äro
471 586 86 18 försedda
569 585 42 19 med
622 586 61 18 bättre
694 585 184 18 kommunikationer,

276 614 60 18 Dessa
350 614 155 23 omständigheter
521 614 56 18 hafva
591 613 92 19 föranledt
695 613 125 18 inlämnandet
832 614 19 17 af
866 614 95 23 petitioner

208 643 27 18 till
254 643 50 22 1891,
323 643 44 18 1894
385 643 34 17 och
437 643 44 18 1897
497 643 30 17 års
540 642 108 23 landtdagar
661 648 29 12 om
704 641 105 24 byggandet
821 643 19 16 af
852 648 20 12 en
885 642 76 23 järnväg

208 672 26 18 till
250 671 82 24 Nystad;
351 671 94 18 desamma
463 671 55 18 hafva
536 671 47 18 dock
599 671 15 22 ej
631 671 65 18 vunnit
712 671 100 18 understöd
824 671 42 18 från
879 671 82 18 ständer-

207 707 33 12 nas
254 701 43 18 sida.

276 729 38 18 För
326 731 28 16 att
362 729 86 18 befordra
456 729 105 23 byggandet
571 729 18 18 af
598 729 139 23 ifrågavarande
745 729 48 18 bana
801 729 56 18 hafva
866 729 95 18 stadsfull-

208 758 80 23 mäktige
303 759 2 16 i
318 753 42 23 Åbo
372 758 34 17 och
417 758 74 23 Nystad
505 758 72 23 beviljat
588 758 59 18 medel
656 758 29 17 för
694 757 42 18 dess
744 758 141 17 instrumentala
894 757 66 18 under-

208 787 82 24 sökning,
309 788 23 23 på
348 786 61 23 grund
425 787 67 18 hvaraf
507 787 69 18 banans
590 787 105 22 sträckning
708 786 102 18 sedermera
821 786 61 18 blifvit
895 786 66 19 under-

208 815 42 19 sökt
266 815 35 18 och
317 815 159 23 kostnadsförslag
494 816 103 23 uppgjordt.
621 815 73 18 Banans
711 815 55 23 längd
778 815 60 18 blefve
850 815 53 22 70,327
915 815 45 18 kilo-

208 846 58 16 meter
282 845 35 17 och
333 844 42 18 dess
387 844 84 21 kostnad,
483 845 6 16 i
501 844 87 19 händelse
599 844 61 18 banan
672 843 69 24 bygges
753 844 138 23 normalspårig,
901 844 60 18 blefve

208 873 90 22 5,000,000
307 873 58 17 mark.
379 873 222 23 Byggnadskostnaderna
609 873 74 18 komme
692 875 28 15 att
728 872 112 18 förminskas
849 872 112 24 därigenom,

208 904 27 16 att
252 901 80 23 Nystad,
349 901 96 19 Nådendal
462 902 35 18 och
516 898 40 22 Åbo
573 902 61 18 städer
650 902 67 17 bifallit
729 902 28 17 till
769 902 106 17 lämnandet
887 902 18 17 af
918 902 43 17 sub-

207 930 79 22 vention,
299 936 30 12 om
342 930 103 18 Ständerna
457 930 29 18 vid
499 930 58 18 denna
569 930 89 23 landtdag
670 930 52 19 anslå
731 930 60 18 medel
799 931 28 17 till
835 930 59 19 denna
903 931 58 17 banas

207 959 97 23 byggande
316 959 35 18 och
362 958 107 18 densamma
481 958 112 19 omedelbart
605 959 84 23 belägges
701 959 42 18 med
757 960 67 17 arbete.

276 988 28 18 På
321 988 61 23 grund
398 988 19 17 af
434 987 49 19 hvad
500 988 54 18 ofvan
568 988 117 21 framhållits,
697 988 74 18 anhålla
782 989 19 17 vi
812 994 32 12 om
855 988 31 19 det
898 988 63 19 heder-

208 1016 58 18 värda
278 1016 146 18 Bondeståndets
437 1016 110 19 medvärkan
560 1017 28 18 till
600 1023 21 12 en
634 1017 74 23 petition
722 1017 70 20 därom,

483 1082 29 16 att
528 1080 69 18 mellan
614 1072 40 27 Åbo
666 1080 34 18 och
712 1081 80 21 Nystad
804 1078 59 20 måtte
873 1082 36 21 för
921 1082 41 16 sta-

415 1110 41 16 tens
468 1110 83 22 räkning
565 1109 71 23 byggas
649 1114 22 13 en
683 1108 144 24 normalspårig
835 1110 80 22 järnväg
925 1111 5 15 i
940 1114 22 13 en

415 1138 91 22 riktning,
519 1144 38 11 som
569 1140 80 16 närmar
661 1139 30 21 sig
704 1137 117 21 Nådendal;
835 1141 49 15 samt

484 1168 29 16 att
539 1166 110 18 Ständerna
672 1167 59 17 redan
751 1167 60 17 under
832 1168 131 16 innevarande

416 1195 94 22 landtdag
526 1196 35 22 för
580 1196 52 17 detta
645 1194 92 19 ändamål
748 1194 59 20 måtte
820 1196 66 22 bevilja
899 1196 63 22 erfor-

414 1224 74 22 derliga
500 1224 61 18 medel.

277 1286 123 22 Helsingfors,
412 1286 34 17 den
460 1287 21 17 10
494 1287 87 17 Februari
595 1287 48 17 1900.

279 1347 38 24 Uno
334 1347 87 24 Bremer.
719 1349 18 24 J.
753 1349 19 23 H.
788 1349 104 24 Lindholm.

277 1527 185 23 Järnvägsutskottets
472 1528 109 18 betänkande
593 1528 38 17 N:o
644 1528 18 17 2.
