1059 1714
183 146 27 21 10
308 145 85 24 Ständ.
409 147 48 27 pet.
473 158 27 3 —
515 145 173 23 Petitionsbet.
703 145 45 23 N:o
763 144 40 23 30:

181 217 56 22 land
255 224 84 22 genom
356 217 36 21 sin
411 217 113 28 ställning
534 217 9 21 i
555 216 40 22 det
612 216 70 28 ryska
693 216 61 22 riket
763 216 42 21 har
816 218 118 26 gentemot

180 250 183 31 Kejsaredömet.

249 285 137 23 Emellertid
405 285 70 22 hafva
492 285 85 23 nämda
592 284 156 30 grundsatser,
761 292 49 14 som
822 264 112 42 inndbära

179 321 87 28 jemväl
284 323 35 19 att
337 320 80 29 hvarje
429 320 207 28 maktbefogenhet
647 320 30 28 på
689 319 186 29 förvaltningens
888 326 46 15 om-

181 355 56 22 råde
255 355 40 21 bör
313 354 92 22 utöfvas
431 355 74 29 enligt
523 354 28 22 de
568 355 9 21 i
596 354 116 29 grundlag
730 354 44 22 och
792 354 86 22 allmän
895 354 40 28 lag

181 389 126 23 fartstälda
324 396 97 20 normer,
440 389 74 22 under
531 397 32 14 nu
575 389 179 29 ifrågavarande
767 388 102 29 tidrymd
881 388 53 22 blif-

181 424 35 22 vit
243 424 132 27 åsidosatta,
402 424 90 22 hvilket
518 424 107 29 framgår,
653 423 72 23 bland
752 426 77 25 annat,
852 424 23 21 af
896 423 39 21 det

181 458 110 30 följande.

249 493 11 21 I
279 493 127 28 anledning
425 493 23 21 af
465 494 71 21 väckt
551 493 65 29 fråga
629 500 37 15 om
679 493 99 21 revision
791 493 23 21 af
825 492 109 28 gällande

182 528 148 28 stadganden
348 527 118 29 angående
489 528 101 21 Senaten
609 527 43 22 och
669 530 172 26 guvernörerne
859 528 9 21 i
881 527 54 21 Fin-

181 563 56 21 land
254 562 43 23 har
315 563 40 20 det
373 562 86 28 förslag
477 562 133 27 framstälts,
624 564 35 19 att
671 566 115 24 guvernör
795 562 9 21 i
814 562 46 22 alla
870 565 65 18 ären-

180 597 47 22 den
253 597 98 22 rörande
378 597 45 21 den
450 597 117 22 allmänna
589 596 129 29 ordningen
737 597 43 22 och
798 596 137 22 säkerheten

181 631 119 22 äfvensom
318 631 45 22 den
382 631 117 23 allmänna
513 631 174 29 förvaltningen
700 631 23 22 af
735 631 64 22 länet
811 631 70 21 borde
894 639 41 13 un-

182 665 99 29 derlyda
308 665 147 22 uteslutande
481 666 245 29 generalguvernören.
761 666 47 21 Det
832 670 25 17 är
875 665 60 22 dock

182 701 133 28 uppenbart
341 703 36 19 att
394 707 28 14 en
441 700 72 22 sådan
532 699 89 30 åtgärd,
639 708 83 21 genom
740 700 96 22 hvilken
854 699 81 22 omfat-

181 735 70 22 tande
279 735 42 22 och
348 735 77 21 tillika
448 735 91 28 vigtiga
558 735 63 21 delar
640 735 23 22 af
680 735 91 22 landets
790 735 145 28 förvaltning

181 769 164 28 undandroges
373 769 101 22 Senaten
500 769 43 22 och
569 769 64 22 lades
657 769 8 21 i
683 769 252 29 generalguvernörens

181 804 70 27 hand,
270 803 75 22 skulle
364 803 73 22 strida
455 804 19 28 ej
494 804 60 21 blott
571 806 49 19 mot
638 804 45 21 den
700 803 95 30 uppgift
813 806 35 19 att
863 803 72 22 hand-

181 838 72 22 hafva
270 838 91 22 landets
379 838 116 22 allmänna
513 839 104 28 styrelse,
630 845 48 15 som
691 838 43 22 allt
746 838 71 21 sedan
829 839 27 20 år
870 838 63 22 1809

181 873 136 22 tillkommit
329 873 250 28 Regeringskonseljen
593 873 43 21 och
647 872 129 22 sedermera
787 873 100 21 Senaten
900 873 35 22 för

181 907 108 28 Finland,
317 910 57 19 utan
403 907 68 22 äfven
498 910 47 19 mot
567 907 44 22 den
629 907 73 22 sedan
720 907 162 22 århundraden
899 908 36 20 rå-

181 941 76 22 dande
284 941 117 22 allmänna
428 942 121 29 principen
570 942 35 21 för
628 941 91 22 landets
738 942 144 29 förvaltning
900 945 35 19 att

181 975 77 23 denna
276 979 103 19 närmast
396 976 128 22 Monarken
542 976 60 22 skall
620 975 145 23 handhafvas
782 977 23 22 af
817 979 34 18 ett
863 976 71 23 kolle-

180 1011 61 27 gialt
259 1010 152 28 embetsverk,
430 1013 150 20 sammansatt
599 1011 22 21 af
633 1010 119 22 inhemske
765 1015 60 17 män.
850 1011 44 22 Att
906 1019 28 14 en

180 1046 26 20 så
226 1044 131 29 betydande
376 1045 118 29 rubbning
507 1046 23 21 af
542 1045 28 21 de
582 1045 141 29 bepröfvade
734 1046 42 21 och
786 1046 24 21 af
821 1046 114 22 Finlands

180 1079 116 22 Herskare
315 1079 136 22 bekräftade
466 1080 148 28 principerna
626 1080 35 21 för
672 1080 91 22 landets
775 1080 50 22 inre
838 1080 96 28 styrelse

180 1114 75 22 skulle
283 1114 102 22 medföra
412 1115 20 27 ej
460 1114 61 22 blott
543 1114 174 29 förvecklingar
735 1114 24 22 af
776 1114 159 29 hvarjehanda

180 1148 53 28 slag
250 1150 57 20 utan
326 1148 68 21 äfven
412 1148 123 29 allvarliga
553 1148 72 22 vådor
642 1148 36 22 för
695 1149 40 21 det
749 1148 76 22 finska
837 1149 98 21 samhäl-

180 1183 39 27 let,
238 1186 25 18 är
281 1182 74 28 enligt
374 1182 142 23 Ständernas
534 1184 70 21 tanke
623 1183 182 29 otvifvelaktigt.

249 1217 81 22 Ehuru
347 1217 70 29 ryska
436 1218 104 28 språkets
555 1217 121 23 införande
689 1218 75 22 såsom
777 1218 158 29 embetsspråk

180 1251 41 20 vid
239 1250 28 21 de
286 1252 126 27 vigtigaste
429 1252 185 20 administrativa
626 1252 86 20 verken
725 1252 8 20 i
745 1252 102 20 Finland
859 1252 75 20 skulle

180 1284 74 21 strida
280 1287 49 18 mot
356 1284 77 22 andan
454 1285 8 20 i
480 1284 91 22 landets
589 1285 139 27 författning
747 1285 43 21 och
808 1284 44 22 den
871 1286 64 20 ställ-

181 1318 64 28 ning,
264 1326 49 14 som
331 1318 140 22 tillkommer
483 1318 102 23 Finland
597 1319 8 21 i
617 1318 52 22 dess
681 1319 108 29 förening
801 1320 52 21 med
865 1320 69 28 ryska

181 1352 68 28 riket,
267 1353 43 21 har
333 1352 83 23 sådant
434 1352 60 23 dock
511 1354 118 28 påyrkats,
648 1354 42 21 och
709 1354 40 21 det
766 1357 58 19 utan
841 1357 35 19 att
894 1362 40 14 ens

180 1388 73 28 något
271 1388 118 28 praktiskt
406 1387 51 23 skäl
475 1388 35 22 för
528 1396 29 14 en
575 1388 25 22 så
618 1388 139 29 ingripande
775 1389 83 28 åtgärd
877 1390 57 21 kun-

181 1424 42 20 nat
241 1422 118 29 åberopas.
389 1422 36 28 Ty
443 1423 23 21 af
483 1422 113 22 Finlands
609 1427 56 18 nära
679 1424 132 28 2,700,000
823 1424 112 22 invånare

181 1461 26 17 är
225 1456 39 22 det
281 1456 83 23 endast
382 1457 87 22 inemot
488 1458 73 27 8,000
581 1465 48 14 som
647 1457 70 23 hafva
734 1458 87 29 ryskan
839 1458 37 22 till
887 1466 48 14 mo-
