1111 1750
316 166 275 24 Petitionsbetänkande
606 168 42 23 N:o
663 168 37 23 14.
831 170 26 19 47

138 231 61 25 sägar
210 234 70 18 finnas:
293 235 27 17 uti
332 235 121 23 Björneborgs
466 236 40 18 stad
516 237 16 21 6,
541 236 41 18 med
591 242 21 12 en
623 239 68 21 export,
701 237 107 23 uppgäende
817 238 5 16 i
832 236 56 19 värde

138 262 27 17 till
178 262 102 22 10,000,000
291 263 61 22 mark;
365 264 5 17 i
382 264 103 17 Norrmark
496 264 16 22 2,
524 264 71 18 hvilkas
607 264 122 24 tillvärkning,
742 265 83 23 omkring
837 265 51 22 2,000

138 290 83 18 standert
232 292 28 16 till
272 293 26 16 ett
310 291 56 18 värde
377 292 20 17 af
408 292 74 22 200,000
493 293 59 21 mark,
564 298 25 12 nu
601 293 66 17 forslas
679 293 41 17 med
728 294 42 17 häst
779 294 27 17 till
814 294 74 22 Björne-

138 318 52 23 borg;
209 318 5 18 i
232 319 80 18 Pämark
325 320 9 16 1
347 321 58 17 större
422 320 35 18 och
469 320 11 17 2
492 320 69 18 mindre
579 320 41 18 med
633 327 22 11 en
667 321 117 23 tillvärkning
796 327 91 11 samman-

137 346 53 24 lagdt
201 347 51 21 3,800
264 348 88 22 standert,
364 354 39 12 som
415 348 54 18 äfven
481 351 132 21 transporteras
626 349 40 18 med
679 350 42 17 häst
733 350 27 17 till
770 349 117 25 Björneborg,

138 375 98 18 hvarutom
251 382 21 11 en
284 376 105 24 ytterligare
401 378 33 22 säg
445 378 21 16 är
478 377 58 18 under
547 377 122 24 uppförande;
681 378 6 17 i
698 378 126 22 Kankaanpää
836 378 16 22 2,
864 378 24 18 de

139 403 34 18 där
184 404 29 18 väl
230 404 14 22 ej
258 404 5 17 i
274 404 35 18 och
320 404 30 18 för
362 405 27 23 sig
401 405 85 18 tillvärka
497 406 78 22 mycket,
587 412 42 12 men
641 407 20 17 är
673 406 89 18 utförseln
774 406 20 18 af
806 407 83 17 trävaror

137 433 42 16 frän
191 432 111 18 kommunen
315 433 50 22 eljest
377 435 38 16 stor
427 434 35 17 och
470 436 75 21 antages
554 440 65 17 genom
627 434 98 23 järnvägen
733 434 91 23 betydligt
834 435 54 21 ökas;

137 460 6 17 i
155 459 57 19 Lavia
229 461 5 17 3
252 461 42 18 med
312 461 73 22 150,000
402 462 62 17 marks
483 462 121 23 tillvärkning,
623 461 52 19 däraf
693 463 109 18 ätminstone
818 463 70 18 hälften

138 489 82 18 förutom
231 489 127 24 oberäkneliga
370 490 66 23 partier
448 490 33 18 ved
495 491 72 18 komme
578 493 28 16 att
617 491 97 18 försändas
727 492 11 17 &
749 491 35 18 den
796 491 93 18 tilltänkta

137 517 106 24 järnvägen;
262 519 27 16 uti
307 518 84 19 Parkano
409 519 10 18 3
431 519 5 17 i
448 519 48 23 gång
514 518 79 19 varande
610 519 35 18 och
662 525 21 12 en
701 519 57 22 fjärde
775 519 58 18 under
843 525 46 18 upp-

138 546 83 22 förande,
233 547 42 17 frän
285 547 63 18 hvilka
360 547 34 18 och
406 546 24 19 dä
442 547 58 18 under
512 550 70 15 senaste
593 548 33 17 vär
637 547 42 18 frän
691 547 59 18 denna
760 548 89 17 kommun
859 549 29 16 ut-

138 575 47 18 förts
203 575 77 19 medelst
296 575 79 24 flötning
391 576 74 20 380,000
477 577 90 23 sägstock,
579 575 35 19 den
625 582 37 18 nya
674 577 59 17 banan
745 578 69 16 ansetts
826 576 64 18 kunna

139 604 81 23 päräkna
232 604 41 18 frän
285 605 112 18 kommunen
409 605 22 18 10
443 605 112 23 vagnslaster
567 604 71 24 färdiga
650 606 82 16 trävaror
743 603 62 24 hvarje
814 605 75 17 söckne-

139 632 36 24 dag
192 634 40 16 året
249 639 37 16 om;
303 634 4 16 i
326 633 105 23 Honkajoki
443 634 10 17 5
465 633 42 18 med
524 640 22 11 en
564 634 117 22 tillvärkning
697 639 29 12 om
739 634 50 21 1,000
801 633 88 19 standert,

138 661 66 18 hvaraf
223 661 28 18 för
269 663 27 16 tre
313 661 108 23 fjerdedelar
438 661 35 18 den
491 661 124 23 projekterade
626 662 60 18 banan
697 661 63 19 kunde
770 662 119 23 begagnas;
878 657 14 32 i

139 690 79 18 Wirdois
231 691 16 21 5,
259 690 71 18 hvilkas
349 690 117 23 tillvärkning
483 690 39 18 icke
540 690 91 24 angifvits,
648 696 42 12 men
707 690 55 18 flötas
780 690 27 18 uti
820 692 69 16 vatten-

139 718 69 24 dragen
225 719 48 18 inom
287 719 110 18 kommunen
409 719 69 23 ärligen
490 719 169 21 400,000—500,000
672 718 52 18 stock
736 720 48 16 samt
796 718 94 18 dessutom

139 748 84 22 omkring
240 748 72 21 100,000
324 748 116 17 kubikmeter
451 747 95 18 brännved
557 747 35 18 och
603 747 62 21 40,000
677 746 115 18 kubikmeter
805 752 85 18 pappers-

140 776 100 22 masseved,
257 776 66 17 hvaraf
335 776 50 23 50*/,
397 776 60 17 skulle
474 777 133 21 transporteras
621 776 12 16 å
644 774 83 24 järnväg;
739 775 6 17 i
757 774 65 18 Keuru
833 774 11 17 4
856 774 35 18 och

141 810 21 13 en
174 804 56 18 femte
242 804 58 18 under
312 804 119 24 uppförande,
443 804 102 23 utgörande
557 804 161 22 trävaruexporten
727 802 42 18 frän
778 802 111 18 kommunen

141 833 59 18 under
212 833 50 19 1899,
268 834 30 17 års
309 832 110 24 förra?hälft
431 832 48 18 ifrån
490 832 196 23 järnvägsstationerna
697 831 121 23 Haapamäki,
826 831 65 17 Keuru

141 862 36 18 och
193 862 74 18 Asunta
284 862 11 18 &
312 861 102 23 Jyväskylä
426 861 60 18 banan
498 861 33 17 544
543 860 113 24 vagnslaster
668 861 48 16 samt
727 859 41 18 från
780 859 61 17 Kolho
853 861 37 15 sta-

141 891 38 18 tion
196 892 11 16 &
225 890 117 18 Wasabanan
354 890 10 18 3
377 889 11 18 &
399 890 51 21 4,000
468 888 87 22 standert,
573 888 96 18 hvarutom
688 890 49 15 stora
753 887 68 23 partier
838 886 54 18 äfven

141 920 55 18 flötas
215 919 27 17 till
260 918 122 18 Tammerfors
400 918 35 18 och
452 918 119 22 Björneborg;
590 918 47 16 samt
655 916 85 23 slutligen
751 916 6 17 i
769 915 100 23 Petäjävesi
881 916 10 17 3

141 948 95 23 ramsägar
248 947 34 18 och
294 953 22 12 en
327 946 68 24 vedsäg
407 946 42 18 med
458 952 22 12 en
489 945 146 23 ärstillvärkning
644 950 30 12 om
685 944 49 22 1,500
742 943 88 22 standert,
839 943 53 18 däraf

142 976 51 22 1,000
210 975 82 19 standert
310 974 89 19 tillfördes
417 974 35 18 den
469 980 37 17 nya
522 974 102 23 järnvägen.
648 973 26 17 Af
687 973 57 17 bruks
757 972 35 18 och
802 972 89 22 fadriks-

142 1005 131 23 anläggningar
290 1005 55 22 utgör
362 1002 112 19 Norrmarks
492 1002 88 22 järnbruk
597 1001 35 18 den
644 1001 102 18 förnämsta
757 999 42 19 med
812 1005 22 12 en
845 999 47 23 ärlig

142 1034 122 22 tillvärkning,
282 1032 105 18 varierande
398 1032 7 17 i
416 1031 56 18 värde
490 1031 75 17 emellan
577 1030 62 21 70,000
651 1029 34 18 och
698 1028 72 22 100,000
782 1028 58 21 mark,
853 1033 40 12 som

142 1063 29 17 för
187 1062 77 22 forsling
280 1062 27 17 till
319 1060 111 23 Björneborg
443 1065 24 12 nu
480 1058 91 18 erfordrar
582 1058 84 22 omkring
679 1057 50 21 1,000
740 1056 86 21 hästlass,
837 1055 56 23 jämte

142 1091 31 18 det
185 1092 116 21 transporten
313 1089 19 18 af
343 1090 87 16 räämnen
441 1088 42 17 frän
493 1086 63 18 staden
566 1086 27 18 till
601 1086 68 18 bruket
678 1084 93 23 medtager
779 1084 38 17 lika
826 1084 67 22 mänga

142 1120 58 22 foror;
219 1118 179 22 varuomsättningen
416 1116 31 18 vid
465 1122 31 12 sex
514 1115 98 23 garfverier
627 1114 2 17 i
641 1114 57 17 Lavia
715 1114 52 21 säges
779 1111 54 18 äfven
845 1112 48 22 stiga

143 1149 27 17 till
188 1148 56 18 minst
262 1147 62 22 50,000
341 1146 53 18 mark
411 1145 35 18 och
463 1144 75 18 komma
555 1145 28 16 att
595 1141 77 23 bidraga
684 1141 28 17 till
723 1139 169 24 järnvägstrafiken.

143 1177 75 18 Antalet
239 1175 170 22 landthandlande,
428 1173 64 18 hvilka
510 1173 73 22 erlägga
600 1171 50 18 skatt
668 1171 27 17 till
713 1170 75 21 kronan,
806 1170 63 22 utgör:
888 1169 5 16 i

143 1205 122 23 Björneborgs
277 1203 161 22 landsförsamling
451 1202 27 21 16,
490 1202 6 17 i
508 1201 67 22 Ulfsby
588 1200 26 22 12,
626 1200 6 17 i
644 1198 103 19 Norrmark
756 1198 16 21 6,
778 1198 6 17 i
790 1197 80 22 Påmark
877 1198 15 21 7,

143 1235 6 16 i
161 1233 125 23 Kankaanpää
304 1233 16 20 8,
332 1232 6 17 i
349 1231 57 18 Lavia
417 1231 17 21 8,
451 1231 6 16 i
469 1230 85 17 Parkano
565 1229 16 21 8,
593 1229 6 17 i
611 1227 105 22 Honkajoki
727 1227 17 21 3,
759 1227 3 17 i
773 1225 80 19 Wirdois
866 1227 27 20 17,

144 1263 5 17 i
162 1263 65 18 Keuru
239 1261 27 22 18,
278 1261 5 17 i
296 1259 106 23 Pihlajavesi
414 1259 11 18 3
437 1259 35 17 och
483 1259 6 16 i
501 1257 99 23 Petäjävesi
612 1257 17 21 9,
641 1256 62 17 inalles
717 1255 37 22 115,
767 1256 48 16 samt
824 1253 20 18 af
855 1253 39 18 icke

144 1290 96 19 betalande
252 1290 60 17 finnas
324 1289 5 18 i
341 1287 102 20 Norrmark
455 1287 17 22 8,
487 1287 2 17 i
501 1286 80 18 Pämark
593 1285 38 22 10,i
647 1278 109 35 Kankaanpää
768 1282 103 22 21,
802 1278 9 35 i
819 1282 48 22 Lavia
876 1283 17 18 4,

144 1320 6 17 i
162 1319 84 18 Parkano
264 1318 16 22 6,
297 1318 6 17 i
320 1316 106 22 Honkajoki
443 1315 34 22 5,i
494 1314 79 18 Wirdois
585 1314 28 21 20,
625 1313 5 17 i
643 1313 64 17 Keuru
719 1312 16 21 6,
746 1312 6 17 i
764 1310 107 22 Pihlajavesi
884 1310 10 16 1

144 1348 35 18 och
190 1348 6 18 i
208 1346 100 23 Petäjävesi
320 1346 11 18 8
342 1346 43 18 eller
403 1345 120 17 tillsammans
541 1343 28 21 89,
584 1342 99 18 hvarutom
694 1339 101 24 Jyväskylä
808 1338 41 18 stad
860 1338 35 17 har

145 1378 22 16 45
179 1375 108 18 handlande.
311 1374 70 18 Härtill
392 1374 37 16 kan
441 1374 50 16 ännu
502 1373 81 19 nämnas,
595 1371 90 17 hurusom
696 1368 31 18 vid
739 1368 22 18 de
772 1368 6 17 i
790 1367 57 18 Lavia
859 1366 35 18 den

144 1405 60 18 första
220 1404 35 18 och
272 1402 57 22 tredje
346 1401 79 23 hälgfria
441 1399 87 23 fredagen
540 1400 6 16 i
556 1398 62 22 hvarje
629 1396 68 18 månad
708 1394 127 24 försiggäende
846 1396 49 20 torg-

145 1433 57 24 dagar
218 1430 142 20 bruttotrafiken
376 1429 98 19 beräknats
487 1428 61 23 uppgä
559 1428 6 16 i
576 1426 55 18 värde
643 1426 27 16 till
683 1424 83 22 omkring
778 1423 74 21 280,000
863 1422 33 18 mk

145 1468 31 12 om
187 1463 45 20 året,
243 1460 65 19 hvaraf
320 1465 22 13 en
354 1461 38 16 stor
404 1458 30 18 del
444 1458 74 17 komme
528 1456 97 22 järnvägen
638 1454 27 18 till
673 1452 52 25 godo.
745 1452 86 23 Mejerier
840 1450 56 18 hafva

214 1506 203 23 Järnvägsutskottets
430 1502 119 19 betänkande
560 1502 39 17 N:o
610 1502 18 16 2.
