1061 1711
263 143 87 23 Ständ.
364 144 53 23 Pet.
435 157 27 3 —
477 144 171 23 Petitionsbet.
664 145 43 22 N:o
723 145 34 22 27.
877 145 13 21 3

207 215 97 23 Genom
332 215 74 23 dessa
435 215 119 30 ätgärder
581 216 47 22 har
648 216 9 22 i
674 216 86 29 nägon
778 217 58 22 män
855 216 34 23 af-

139 249 92 29 hjelpts
253 250 49 22 den
320 250 63 22 brist
401 251 33 27 pä
453 250 204 23 kreditanstalter
674 250 40 22 för
732 251 42 22 det
791 251 97 22 mindre

137 283 157 30 jordbruket,
312 290 53 16 som
383 284 50 22 tills
451 284 88 22 vidare
557 285 145 21 förefinnes.
717 285 86 28 Enligt
819 284 70 22 Stän-

136 317 80 23 derna
249 318 148 22 meddelade
424 318 128 29 uppgifter
578 318 64 29 egde
670 318 31 22 de
727 318 161 22 kommunala

137 352 224 29 odlingsfonderna
387 352 9 23 i
420 352 53 23 334
496 353 25 22 af
538 352 120 23 Finlands
677 353 50 22 463
745 353 143 22 landskom-

137 393 88 16 muner
251 387 44 22 vid
323 387 74 23 slutet
425 386 26 23 af
477 387 28 22 är
530 387 67 23 1898
621 388 35 22 ett
674 389 57 27 eget
748 387 96 28 kapital
864 387 25 23 af

137 421 89 22 jnalles
248 420 63 23 Fmk
333 421 174 27 784,686:
469 416 50 37 44,
530 421 91 23 medan
643 421 31 22 de
694 421 25 22 af
737 421 152 23 statsverket

137 455 40 23 för
194 455 197 30 ifrågavarande
410 455 117 23 ändamål
541 455 185 23 förskotterade
739 457 46 21 och
797 456 90 22 lånade

137 490 99 22 medlen
266 489 129 30 samtidigt
421 491 131 28 uppgingo
578 490 37 23 till
642 490 139 27 3,181,000
807 491 79 22 mark.

138 524 42 23 Uti
199 524 137 23 sistnämda
354 524 93 29 belopp
466 525 29 22 är
513 525 136 22 emellertid
667 525 80 22 under
760 526 128 21 närmaste

137 559 103 22 framtid
262 561 35 19 att
320 560 93 21 emotse
435 565 31 15 en
485 559 112 29 betydlig
616 559 150 28 minskning.
802 559 86 22 Under

140 592 64 24 1901
233 592 113 23 förfaller
372 593 126 29 nämligen
526 594 24 22 af
574 593 66 23 1885
664 594 40 22 ärs
723 593 166 22 läneförskott

139 628 36 22 att
203 628 150 22 återbetalas
383 627 73 27 1,800
483 628 79 26 mark,
589 628 82 22 under
690 628 67 22 1902
777 628 111 26 316,370

137 662 81 27 mark,
248 662 66 23 1903
342 662 110 26 387,680
479 662 78 27 mark,
588 662 67 22 1904
678 662 112 27 396,880
808 662 79 26 mark,

138 696 164 23 tillsammans
322 696 134 27 1,102,230
474 697 78 27 mark,
573 698 63 21 samt
653 697 143 23 återstoden
807 696 81 23 under

133 732 36 22 de
187 731 112 29 följande
318 731 68 23 ären.

206 766 55 22 Den
289 765 159 23 förestäende
475 766 185 29 indragningen
682 766 26 22 af
728 766 75 22 länen
821 766 68 22 kom-

137 806 53 17 mer
217 800 107 23 sälunda
352 801 35 21 att
407 800 127 22 kännbart
555 800 98 22 minska
674 800 32 22 de
727 800 88 27 medel,
836 806 53 16 som

137 834 87 23 hittills
243 835 66 22 varit
328 834 105 23 afsedda
452 835 36 22 att
505 834 120 23 särskildt
638 834 131 29 tillgodose
783 834 41 22 det
837 834 51 22 lilla

138 868 162 30 jordbrukets
328 868 87 23 kredit.
451 868 74 23 Detta
544 870 28 21 är
590 869 29 22 sä
646 869 99 28 mycket
766 875 68 16 mera
854 869 35 22 att

137 903 116 30 beklaga,
276 910 53 16 som
349 903 184 29 indragningen
556 903 58 22 sker
635 904 33 28 pä
693 903 64 22 tider
778 904 111 21 närmast

137 937 64 24 efter
226 938 42 23 det
295 938 49 23 den
372 937 126 23 allmänna
525 938 140 23 räntefoten
688 938 67 22 varit
776 937 113 30 ovanligt

137 973 52 29 hög
216 973 45 22 och
284 979 30 16 en
336 972 40 23 del
395 973 26 22 af
437 972 87 23 landet
541 972 99 23 träffats
660 973 25 22 af
703 972 122 23 missväxt
843 971 46 24 och

133 1007 248 30 Ofversvämningar.

206 1042 161 23 Beredandet
395 1042 26 22 af
446 1041 83 24 kredit
557 1042 25 23 ät
604 1042 31 23 de
658 1042 96 23 mindre
772 1041 117 30 jordbru-

132 1077 100 24 karene
260 1083 91 23 genom
378 1077 182 22 kommunerna
587 1077 46 22 och
651 1077 33 28 pä
703 1077 74 22 deras
796 1083 93 16 ansvar

137 1111 83 22 mäste
248 1118 73 15 anses
348 1117 62 16 vara
437 1117 31 16 en
489 1111 8 22 i
521 1112 91 29 mänga
632 1111 136 22 afseenden
785 1110 104 30 lyckligt

132 1145 100 23 funnen
252 1145 150 29 anordning,
423 1152 53 15 som
494 1146 92 29 jemväl
605 1145 56 22 med
679 1144 145 23 förtroende
840 1151 49 15 om-

137 1180 86 22 fattats
243 1179 25 23 af
286 1179 180 30 befolkningen
484 1180 8 22 i
512 1186 29 16 en
560 1181 53 21 stor
631 1180 40 22 del
690 1180 25 21 af
728 1179 92 22 landet.
852 1178 37 23 De

133 1214 44 24 för
212 1214 195 29 ifrägavarande
437 1214 118 22 ändamäl
585 1214 105 22 afsedda
719 1214 170 28 tillgängarna

137 1248 101 23 komma
256 1248 137 23 emellertid
412 1247 144 31 antagligen
576 1249 35 21 att
629 1250 71 20 snart
711 1248 56 22 visa
780 1248 38 28 sig
828 1248 61 22 otill-

137 1282 120 30 räckliga,
280 1282 146 30 isynnerhet
445 1282 63 23 efter
525 1282 148 24 förenämda
691 1282 154 29 indragning
864 1282 26 22 af

139 1316 65 24 1885
236 1317 40 23 års
306 1317 173 23 läneförskott.
515 1317 13 23 I
557 1317 49 23 den
636 1317 58 22 män
721 1316 107 23 sålunda
855 1318 35 20 ett

137 1351 110 28 verkligt
273 1351 79 22 behof
372 1351 26 21 af
415 1351 78 21 ökadt
511 1351 95 28 kapital
624 1350 37 22 till
679 1351 31 21 de
729 1350 160 22 kommunala

132 1384 244 29 -odlingsfondernas
388 1384 177 22 förstärkande
578 1385 47 28 gör
638 1384 39 28 sig
688 1384 126 28 gällande,
828 1390 61 15 anse

139 1418 142 23 Ständerna
309 1420 36 21 att
371 1418 69 22 detta
467 1418 77 22 behof
569 1418 80 22 borde
671 1418 27 22 sä
720 1418 54 22 vidt
792 1417 97 30 möjligt

136 1453 148 29 tillgodoses
303 1453 47 22 och
366 1452 69 30 förty
452 1452 43 23 län
513 1452 26 23 af
556 1452 145 23 statsmedel
718 1451 116 30 beviljas,
849 1458 40 17 om
