1064 1714
212 184 12 19 2
380 181 258 23 Motionsbetänkande
653 180 42 23 N:o
710 181 23 21 2.

184 252 85 19 varande
294 250 141 20 ständermöte.
470 250 30 20 Då
521 251 33 25 jag
576 249 111 21 härmedels
713 250 147 19 vördsammast
881 249 54 25 ånyo

183 279 119 21 framställer
323 279 75 19 motion
412 279 7 19 i
435 279 128 19 omförmälda
578 281 63 21 ämne,
657 279 45 19 sker
717 278 34 20 det
766 278 6 19 i
787 278 38 20 den
840 278 95 24 förhopp-

183 308 49 25 ning
246 310 30 18 att
290 314 24 13 en
329 307 84 25 förnyad
429 308 92 24 pröfning
535 308 21 19 af
570 307 69 25 frågan
654 306 50 20 skall
719 307 60 19 lända
793 306 95 26 förslaget
903 306 31 20 till

183 337 89 19 fromma.

241 365 53 19 Enär
308 364 77 25 kvinlig
399 364 85 20 medlem
500 364 20 20 af
535 364 151 20 stadskommun
701 364 6 19 i
723 364 62 20 likhet
801 364 44 19 med
860 363 75 25 manlig

184 393 200 21 kommunalmedlem
406 395 22 17 är
450 393 135 25 skattskyldig
607 392 29 20 till
658 393 70 19 staden
750 393 29 19 för
797 393 32 19 sin
846 392 90 20 inkomst

184 424 57 23 samt,
263 422 27 26 på
311 422 65 25 grund
398 422 19 19 af
439 422 82 24 påförda
543 421 107 25 skattören,
672 421 62 25 enligt
749 421 102 27 enahanda
866 421 69 24 vilkor,

185 457 44 14 som
244 451 70 24 denne,
328 452 23 18 är
366 450 109 25 berättigad
489 452 30 18 att
534 450 33 20 vid
583 450 160 19 rådhusstämma
758 450 78 25 deltaga
850 450 6 18 i
871 450 64 19 öfver-

184 479 119 25 läggningar
324 479 38 19 och
384 479 71 25 beslut,
478 478 82 20 hvilken
582 480 40 18 rätt
639 479 58 19 äfven
712 478 106 20 innefattar
834 478 102 24 valrätten,

184 508 64 19 måste
271 507 100 20 kvinnans
394 507 128 25 uteslutning
546 506 43 20 från
614 506 125 20 valbarheten
765 506 29 20 till
809 506 127 20 kommunala

185 536 115 20 funktioner
314 536 84 19 framstå
414 535 66 20 såsom
496 542 24 12 en
536 536 146 19 inkonsekvens
698 536 6 19 i
720 535 88 25 rättsligt
818 535 117 20 hänseende.

185 565 69 19 Denna
275 564 147 20 inkonsekvens
441 564 38 19 kan
494 565 30 19 för
538 564 66 20 trettio
620 564 22 20 år
657 564 60 20 sedan
733 564 58 20 hafva
807 564 50 19 varit
871 564 12 19 å
898 563 37 25 gil-

185 594 41 24 tiga
245 593 43 19 skäl
306 592 97 26 grundad.
433 592 45 20 Men
494 598 31 14 om
541 593 24 19 de
579 592 87 20 faktiska
680 592 142 25 förhållanden,
837 598 43 14 som
895 593 41 23 lag-

186 622 90 20 stiftaren
294 622 42 19 haft
350 623 30 18 att
394 624 46 22 taga
455 622 6 18 i
476 622 134 24 betraktande,
626 622 107 24 undergått
747 628 25 13 en
788 621 99 25 väsentlig
898 622 39 18 för-

185 650 90 25 ändring,
289 650 107 25 föreligger
411 650 41 20 skäl
469 650 30 20 till
514 651 88 19 revision
617 650 20 20 af
651 650 69 25 lagens
736 650 153 25 bestämningar.
919 656 5 8 *

252 679 11 19 I
286 679 68 25 sjelfva
377 679 67 19 verket
466 679 35 19 har
522 679 22 25 ju
566 679 64 19 under
648 679 25 19 de
687 681 80 17 senaste
781 678 116 20 årtiondena
911 685 26 13 en

186 708 61 20 sådan
265 708 116 25 förändring
395 710 34 23 egt
444 714 50 13 rum.
524 708 10 19 I
548 708 34 20 det
596 708 127 20 ekonomiska
738 708 56 20 lifvet
809 708 35 19 har
854 708 83 19 fabriks-

185 737 111 19 industrins
322 736 122 26 utveckling,
469 736 80 20 hvilken
570 737 7 19 i
600 736 81 20 Finland
703 736 69 26 vidtog
793 736 144 26 jemförelsevis

185 768 52 23 sent,
252 766 85 19 medfört
351 771 26 13 en
392 765 156 25 omgestaltning
562 766 19 19 af
596 765 207 25 arbetsfördelningen.
833 766 44 19 Den
892 771 44 19 sys-

185 794 119 24 selsättning
326 794 45 19 med
387 793 125 25 handslöjder
527 794 37 19 och
579 794 133 25 hvarjehanda
727 794 210 19 hushållsförrättnin-

185 828 41 19 gar,
241 828 44 14 som
302 822 77 20 fordom
397 822 67 25 erbjöd
480 823 60 24 ogifta
555 823 85 19 kvinnor
652 824 29 18 ett
695 823 103 19 arbetsfält
812 823 55 19 inom
882 822 54 20 hem-

185 852 52 18 mets
261 850 61 26 verld,
344 850 42 20 står
407 850 45 20 dem
477 857 87 18 numera,
586 850 26 20 då
633 851 39 19 alla
689 851 81 26 möjliga
784 851 154 20 förnödenheter

185 880 99 19 levereras
303 880 20 18 af
337 879 106 25 industrin,
459 879 50 20 blott
524 880 64 19 sällan
603 880 31 18 till
648 880 57 19 buds.
734 880 97 20 Behofvet
845 880 20 19 af
879 880 58 19 verk-

186 908 82 26 samhet,
284 907 58 20 såväl
357 908 29 19 för
400 908 120 20 förvärfvets
536 908 52 20 skull
604 914 42 13 som
662 909 30 19 för
706 910 30 18 att
751 908 58 20 hafva
823 908 114 20 medvetan-

186 937 33 19 det
240 938 20 18 af
281 942 26 14 en
328 936 68 25 nyttig
413 937 95 23 existens,
524 936 64 20 måste
602 942 28 14 nu
646 937 155 19 tillfredsställas
816 943 72 19 genom
903 942 35 14 an-

186 965 94 25 ställning
302 965 34 19 vid
358 965 134 25 affärsföretag
514 966 50 19 eller
585 971 71 19 genom
675 966 126 24 sjelfständig
819 965 117 25 yrkesdrift;

186 993 38 20 och
238 993 79 20 tillfälle
332 993 71 25 härtill,
418 994 21 18 af
454 993 136 25 mängahanda
604 994 48 24 slag,
667 994 92 25 erbjuder
773 994 32 26 sig
820 994 22 19 är
856 995 50 19 efter
916 994 21 19 är

186 1022 35 19 allt
243 1028 59 18 mera,
323 1022 7 19 i
352 1022 39 19 den
413 1022 46 19 män
481 1022 116 20 atffärslifvet
619 1024 78 24 stegras
715 1024 37 18 och
767 1023 39 19 den
821 1023 117 25 fortgående

186 1050 137 25 fördelningen
344 1050 21 19 af
386 1050 52 20 olika
459 1051 169 25 arbetsuppgifter
646 1051 50 20 läter
710 1052 97 19 kvinnans
821 1051 116 26 lämplighet

186 1080 31 18 för
238 1078 100 26 åtskilliga
355 1079 21 19 af
390 1080 24 19 de
428 1080 102 24 praktiska
546 1080 83 19 värfven
644 1082 47 22 göra
705 1080 33 24 sig
753 1080 98 25 gällande.
882 1080 55 19 Sam-

186 1107 59 24 tidigt
266 1108 35 18 har
323 1107 35 19 det
380 1107 101 19 allmänna
498 1108 265 24 undervisningsväsendets
777 1108 116 25 utveckling
907 1108 30 18 in-

187 1135 82 20 skränkt
291 1135 93 19 behofvet
404 1136 21 19 af
442 1136 174 24 privatlärarinnor
637 1136 7 18 i
664 1136 91 20 hemmen
770 1136 29 20 till
814 1142 25 14 en
854 1136 84 24 obetyd-

186 1164 62 24 lighet
260 1165 41 18 mot
316 1164 44 23 förr,
377 1170 44 13 men
436 1164 5 18 i
458 1164 66 20 stället
538 1164 22 20 ät
574 1170 25 14 en
614 1165 72 24 mängd
702 1164 77 20 bildade
794 1165 86 19 kvinnor
889 1167 48 23 öpp-

186 1194 35 17 nat
242 1194 30 17 ett
294 1192 151 25 betydelsefullt
464 1192 218 21 verksamhetsomräde
700 1193 33 20 vid
749 1195 82 25 statens,
847 1193 90 20 kommu-

187 1226 71 14 nernas
273 1221 37 20 och
324 1221 152 20 associationers
491 1221 71 20 skolor.
593 1221 42 20 Och
650 1221 39 20 den
699 1222 52 19 ända
761 1222 30 20 till
802 1223 136 19 universitetet

186 1249 84 19 ledande
292 1249 159 24 skolbildningen
474 1250 83 18 bereder
578 1250 86 23 mången
682 1251 20 17 af
716 1251 25 18 de
756 1251 89 23 kvinnor,
861 1257 43 12 som
919 1250 17 24 ej

187 1277 56 18 träda
264 1277 7 18 i
283 1274 117 27 äktenskap,
417 1283 25 13 en
459 1277 151 25 utgångspunkt
624 1278 30 19 för
668 1278 61 24 högre
744 1278 120 19 fackstudier
879 1279 59 18 äfven

187 1305 45 18 med
254 1306 60 17 annat
332 1306 26 17 än
373 1305 131 25 pedagogiskt
516 1306 60 24 syfte.
606 1305 62 20 Dessa
682 1305 7 19 i
703 1306 79 20 korthet
796 1306 89 26 antydda
900 1307 38 19 för-

187 1333 106 25 ändringar
311 1333 59 20 hafva
388 1333 94 26 derjemte
497 1334 43 19 hait
555 1334 30 19 till
600 1334 48 25 följd
662 1336 29 18 att
706 1335 100 20 kvinnans
821 1335 117 26 deltagande

186 1362 7 18 i
209 1361 175 26 samhällsnyttiga
405 1362 127 21 sträfvanden
554 1363 36 20 och
605 1363 75 26 företag
694 1363 78 20 erhållit
786 1370 25 13 en
825 1365 36 19 allt
877 1367 61 18 större

188 1391 107 24 betydelse.

255 1419 31 20 Då
304 1419 85 20 sålunda
402 1419 25 20 de
442 1420 58 19 flesta
514 1420 20 19 af
547 1420 25 20 de
587 1420 87 26 kvinliga
688 1421 249 26 kommunalmedlemmar,

187 1454 43 13 som
245 1447 47 21 råda
307 1448 55 20 öfver
377 1448 31 25 sig
423 1449 38 19 och
476 1449 35 20 sitt
526 1449 50 24 gods
591 1449 37 20 och
642 1449 27 26 på
683 1450 66 25 grund
763 1451 20 19 af
793 1451 144 26 skattskyldig-

187 1477 34 19 het
243 1483 36 18 ega
301 1479 82 18 rösträtt
398 1478 32 18 vid
445 1477 167 26 rådhusstämma,
627 1485 80 13 numera
722 1479 107 20 innehafva
842 1480 96 20 likartade

256 1524 47 20 Lag-
316 1521 32 19 och
360 1522 183 19 Ekonomiutskottets
555 1523 111 18 betänkande
679 1526 33 15 N:o
725 1524 17 17 3.
