1067 1709
315 158 258 23 -Petitionsbetänkande
587 159 38 23 N:o
641 158 19 24 9.
854 160 14 21 9

116 220 136 22 ekonomiska
267 222 120 27 utveckling
402 224 67 20 under
483 225 84 19 senaste
583 224 30 20 tid
628 224 39 20 och
677 222 189 28 penningevärdets

116 254 62 23 däraf
191 255 113 27 betingade
318 256 128 29 nedgående,
458 257 69 22 blifvit
541 257 134 27 otillräcklig,
686 256 92 27 hvarför,
789 257 39 21 och
839 257 27 22 dä

115 295 26 26 en
160 289 79 27 ökning
254 290 23 21 af
290 291 163 22 kommunernas
468 291 121 27 prestanda
603 291 34 21 för
651 291 137 26 närvarande,
803 291 28 27 på
845 291 25 22 af

115 323 167 33 Öfverstyrelsen
298 327 96 19 närmare
404 325 124 22 utvecklade
539 325 52 27 skäl,
599 326 18 26 ej
629 325 66 22 borde
706 325 160 27 ifrågakomma,

115 357 166 28 Ofverstyrelsen
293 358 112 23 förordade
417 366 27 15 en
452 359 120 28 förhöjning
580 359 22 22 af
609 360 152 27 statsbidraget
768 359 48 22 med
823 359 43 22 200

114 392 60 21 mark
190 392 33 21 för
238 393 57 22 såväl
310 393 69 22 lärare
395 400 45 15 som
457 395 117 20 lärarinnor
589 395 39 20 och
639 394 181 27 ålderstilläggens
830 393 37 23 be-

114 427 108 22 räknande
238 427 53 22 efter
307 428 68 21 denna
390 428 112 27 grundlön.
525 428 42 21 För
582 428 63 27 öfrigt
660 429 118 21 hemstälde
794 423 74 26 Öfver-

114 461 103 28 styrelsen
228 464 32 20 att
270 463 26 21 de
306 463 218 27 aflöningsförmåner,
534 469 45 16 som
590 463 169 27 upprätthållare
769 463 22 22 af
800 463 66 26 högre

114 497 106 22 folkskola
236 497 26 27 på
276 497 79 27 landet,
366 499 60 20 utom
437 497 26 22 fri
475 498 75 21 bostad
559 497 67 28 jämte
637 498 62 21 uthus
711 500 54 19 samt
776 497 90 27 bränsle,

114 534 24 19 är
148 531 83 27 skyldig
241 533 32 20 att
286 533 86 26 erlägga
382 532 22 21 åt
415 532 85 22 skolans
515 533 68 21 lärare
599 533 51 21 eller
665 533 105 21 lärarinna
785 532 33 21 för
832 534 34 20 att

114 566 85 22 komma
213 567 8 21 i
236 567 124 26 åtnjutande
383 566 22 22 af
428 567 35 21 det
485 574 26 15 ur
530 567 192 27 bevillningsmedel
737 567 33 21 för
785 573 81 15 samma

114 601 98 21 ändamål
227 601 80 22 utfästa
322 601 80 27 bidrag,
414 601 66 22 måtte
491 602 127 21 bestämmas
629 601 31 22 till
670 602 65 21 minst
745 601 43 22 300
798 602 67 26 mark,

114 636 72 21 därest
200 636 62 26 ingen
277 636 34 21 del
327 635 22 22 af
362 636 65 27 sagda
443 635 105 22 förmåner
563 636 62 27 utgår
640 637 19 20 in
676 638 81 24 natura,
769 643 46 14 men
831 636 33 21 till

114 670 43 22 250
171 670 67 26 mark,
254 677 33 15 om
303 671 73 21 skolan
391 671 66 21 förses
469 671 46 22 med
526 671 98 27 äkerjord
635 671 23 22 af
667 671 62 22 minst
741 670 27 28 1/,
778 671 87 21 hektars

114 705 56 25 vidd,
186 707 55 20 samt
263 705 32 22 till
312 705 43 22 200
369 705 66 27 mark,
453 712 33 15 om
499 706 48 27 jord
563 706 31 21 till
609 705 192 28 författningsenlig
816 705 50 22 vidd

114 740 114 22 anskaffas.
236 753 27 3 —
271 740 41 21 Vid
323 741 98 21 ärendets
432 741 147 26 föredragning
589 741 41 20 den
641 740 27 21 28
679 741 120 21 November
811 740 55 21 1899

113 776 51 21 fann
186 775 117 27 Kejserliga
326 775 92 22 Senaten
441 776 45 21 skäl
504 775 33 21 för
555 776 130 21 närvarande
701 776 18 26 ej
735 775 130 22 förekomma

113 810 34 22 till
161 810 138 27 vidtagandet
313 810 24 22 af
351 810 39 22 den
407 810 48 22 utaf
469 810 120 22 sökandene
604 810 94 27 begärda
713 810 82 27 ätgärd,
806 810 61 22 hvar-

113 845 34 21 för
168 845 145 27 ansökningen
336 845 107 22 lemnades
462 847 51 20 utan
531 844 109 27 afseende;
663 845 39 22 och
717 845 60 22 torde
792 844 74 22 härvid

113 879 76 22 främst
204 880 40 21 den
258 879 131 28 synpunkten
401 880 55 21 varit
467 880 157 21 bestämmande
635 881 38 25 att,
683 882 51 19 enär
745 880 120 21 sökandene

113 914 101 28 beklagat
236 915 31 26 sig
290 915 58 21 öfver
370 914 135 27 knappheten
528 915 5 21 i
556 915 163 21 kommunernas
741 914 52 21 eller
812 914 55 22 skol-

114 949 123 22 distriktens
252 949 74 27 bidrag
341 949 40 22 och
395 956 27 14 en
438 949 85 28 höjning
538 949 23 22 af
575 949 62 21 dessa
652 949 73 26 bidrag
740 948 53 22 allra
803 949 64 21 minst

114 984 34 21 för
163 984 132 21 närvarande
310 984 47 21 med
368 983 45 22 skäl
424 985 70 21 kunde
505 984 159 27 ifrägakomma,
676 984 27 21 dä
712 984 153 21 kommunerna

114 1019 22 21 fä
158 1019 116 21 vidkännas
296 1019 120 26 betydande
435 1018 114 22 kostnader
564 1025 76 20 genom
656 1018 119 21 inrättande
791 1018 22 21 af
826 1024 41 21 nya

114 1053 71 22 skolor
208 1053 38 22 och
265 1054 139 21 kommunens
419 1054 138 21 medlemmar
572 1053 63 21 hafva
651 1053 60 21 äfven
727 1053 67 21 andra
808 1055 58 18 stora

114 1094 72 20 onera,
202 1088 74 21 främst
296 1088 33 21 för
347 1088 182 21 iständsättandet
543 1087 23 22 af
580 1087 163 27 prestgärdarna
757 1088 6 20 i
779 1087 99 21 försam-*

114 1123 102 26 lingarna,
233 1129 25 14 en
281 1122 120 27 förhöjning
423 1122 23 21 af
463 1123 36 21 det
513 1122 114 26 ingalunda
642 1122 71 21 alltför
728 1122 60 27 ringa
803 1123 64 20 stats-

114 1157 104 26 bidraget,
234 1157 47 21 med
296 1157 81 26 hänsyn
393 1157 61 20 äfven
471 1157 31 21 till
512 1157 188 21 folkskollärarnes
711 1158 59 19 stora
780 1156 39 21 och
829 1161 37 21 ny-

114 1191 56 26 ligen
186 1191 68 20 ökade
268 1191 212 26 pensionsförmäner,
495 1192 46 20 icke
557 1193 71 24 syntes
643 1191 106 26 päkallad.

183 1225 110 22 Utskottet
308 1225 45 26 har,
365 1225 34 21 vid
412 1225 154 27 behandlingen
577 1225 22 21 af
608 1225 138 21 förevarande
758 1225 108 26 petitions-

115 1259 116 25 memorial,
247 1260 45 21 icke
315 1259 68 22 funnit
407 1259 26 21 de
451 1259 23 22 af
489 1260 164 26 petitionärerne
669 1259 88 21 anförda
773 1259 45 21 skäl
833 1259 32 21 till

114 1294 82 22 förmän
215 1294 33 21 för
264 1300 24 15 en
304 1294 78 22 allmän
397 1294 120 26 förhöjning
532 1294 23 21 af
567 1293 299 27 folkskollärarepersonalens

114 1336 26 14 ur
162 1328 195 27 beviliningsmedel
376 1329 105 25 utgående
496 1328 104 26 grundlön
615 1334 51 15 vara
681 1328 22 21 af
717 1328 40 21 den
773 1327 93 27 vägande

115 1362 151 26 beskaffenhet,
277 1364 34 18 att
326 1362 26 21 de
362 1361 67 21 skulle
439 1362 104 20 motivera
555 1368 25 14 en
591 1361 78 27 ökning
679 1361 22 21 af
711 1361 69 21 denna
789 1360 78 27 grund-

114 1397 35 21 lön
166 1396 48 22 med
229 1396 33 21 för
277 1396 69 22 lärare
361 1395 81 21 hälften
458 1396 38 21 och
512 1395 33 21 för
560 1396 107 20 lärarinna
682 1396 46 20 icke
743 1395 81 21 mindre
840 1396 27 20 än

115 1432 36 21 tvä
165 1431 136 27 tredjedelar.

184 1506 101 18 Allmänna
296 1505 173 19 Besvärsutskottets
480 1504 111 18 betänkande
602 1504 34 18 N:o
645 1504 18 18 8.
