1061 1709
229 158 13 20 4
379 155 270 23 Petitionsbetänkande
664 155 40 22 N:o
719 155 35 21 20.

201 225 77 22 borgare
293 223 131 19 underskrifna
437 223 93 21 adresser,
545 228 39 13 som
599 228 66 18 genom
676 220 227 25 rusdrycksstrejkarenes
914 222 37 18 för-

201 258 43 18 sorg
258 252 62 18 blifvit
334 252 87 21 samlade,
437 252 36 18 och
488 252 62 17 hvilka
564 252 18 17 vi
598 253 32 16 äro
646 251 6 17 i
668 251 74 18 tillfälle
757 253 27 15 att
796 251 113 18 öfverlemna
921 251 34 27 till

200 281 138 19 vederbörande
350 281 77 18 utskott.

268 310 97 22 Vädjande
383 310 28 17 till
430 310 23 17 de
473 309 178 23 opinionsyttringar
668 308 60 18 folket
743 309 80 21 tidigare
838 308 43 18 låtit
895 308 55 18 fram-

200 339 54 17 träda
267 339 8 17 i
290 344 70 12 samma
373 338 90 22 riktning,
475 338 46 22 våga
532 338 17 17 vi
562 338 58 22 påstå,
633 339 27 16 att
672 337 32 19 det
715 337 61 18 under
789 336 22 19 de
824 337 46 18 sista
882 338 69 16 årtion-

200 368 49 18 dena
260 368 41 17 icke
314 367 63 23 gifvits
390 368 61 22 någon
465 367 47 18 enda
523 367 77 23 politisk
612 366 46 18 eller
671 366 58 18 social
741 366 52 22 fråga
805 376 21 3 —
836 366 116 22 undantaget

199 396 104 18 värnandet
314 396 21 18 af
344 396 40 18 vårt
395 396 50 18 folks
457 396 163 23 grundlagsenliga
632 397 38 16 rätt
680 406 21 2 —
711 396 75 17 hvilken
795 394 63 19 skulle
869 395 6 17 i
882 395 70 17 samma

199 426 44 17 mån
255 426 47 17 varit
314 424 76 19 föremål
402 424 29 18 för
444 425 23 18 de
481 425 55 23 djupa
550 424 87 19 ledernas
650 424 168 23 uppmärksamhet,
830 428 74 18 omsorg
916 424 34 18 och

200 454 118 18 reformifver
329 459 38 13 som
380 453 66 18 denna,
656 447 5 7 '

267 483 37 17 Det
315 482 34 18 har
360 482 111 23 någongång
483 482 61 18 blifvit
556 482 58 23 sagdt,
627 484 27 16 att
666 481 169 19 kommunalbeslut
844 482 35 18 och
887 486 64 13 namn-

199 511 138 19 underskrifter
348 511 7 17 i
368 516 23 12 en
403 511 52 23 dylik
469 511 32 18 sak
514 512 16 22 ej
542 511 24 18 ha
578 511 74 23 mycket
663 513 27 15 att
703 510 73 23 betyda,
789 510 24 18 dä
822 510 69 18 sädana
900 512 51 16 näm-

199 540 50 23 ligen
261 540 64 18 kunna
336 540 28 17 fås
376 540 29 18 för
418 540 71 18 hvilket
501 540 86 18 ändamål
601 544 42 13 man
653 541 24 16 än
685 541 33 21 gör
728 540 28 22 sig
764 538 66 19 besvär
838 541 27 16 att
876 539 75 18 anhålla

200 574 29 13 om
242 569 47 18 dem.
313 568 24 18 Vi
349 568 64 18 kunna
425 568 57 18 likväl
494 569 42 17 icke
548 571 34 19 tro,
595 571 27 15 att
634 573 24 13 en
667 568 21 18 sä
697 568 123 22 ringaktande
833 567 118 24 uppfattning

200 598 21 17 af
231 598 64 18 värdet
307 598 21 17 af
338 597 145 23 medborgarnes
495 598 37 18 fria
543 598 156 22 opinionsyttring
707 602 44 13 vore
758 596 69 19 allmän
834 597 47 18 eller
887 596 63 19 kunde

199 627 24 23 pä
239 627 56 23 nägot
307 628 38 16 sätt
356 626 78 18 inverka
447 627 24 22 pä
483 626 111 19 ständernas
607 626 89 18 omdöme.
720 626 46 18 Värt
778 626 40 18 folk
829 626 35 18 har
873 626 22 22 ju
908 631 43 17 nyss

199 656 25 22 pä
239 657 26 16 ett
279 654 101 24 glänsande
396 657 37 16 sätt
449 656 72 17 bevisat
534 656 7 16 i
557 655 75 18 hvilken
647 655 46 22 grad
708 654 32 18 det
754 656 21 16 är
790 654 79 23 mäktigt
880 657 27 15 att
919 655 31 17 be-

200 684 53 18 döma
271 684 30 18 sin
317 689 45 17 egen
381 684 90 22 ställning
485 684 35 18 och
534 685 33 17 sitt
582 686 42 21 eget
639 684 86 17 intresse.
748 684 54 19 Dem,
817 683 64 18 hvilka
893 683 58 18 likväl

200 713 93 18 måhända
307 712 79 18 tillmäta
400 712 68 18 folkets
484 713 78 19 sålunda
577 712 83 19 uttalade
672 712 44 23 vilja
728 712 42 23 föga
782 712 101 23 betydelse,
895 712 55 23 bedja

200 743 18 17 vi
230 741 165 23 uppmärksamma,
408 744 27 16 att
448 742 43 18 dess
503 742 48 18 åsikt
563 742 115 18 beträffande
691 742 81 18 handeln
785 742 42 18 med
836 741 114 24 rusdrycker

199 770 103 23 ingalunda
313 770 54 23 gifvit
380 770 28 23 sig
421 771 75 23 uttryck
509 771 66 18 endast
586 771 28 18 uti
626 771 69 17 vackra
704 771 77 17 talesätt
790 770 34 18 och
830 770 119 23 önskningar.

199 800 24 17 Vi
241 799 45 23 vilja
301 799 49 18 blott
364 800 7 16 i
388 799 121 23 förbigående
525 802 102 19 omnämna,
642 802 28 15 att
683 799 29 18 till
728 800 79 22 mången
822 800 87 17 kommun
921 800 28 18 tid

200 828 48 18 efter
260 832 61 14 annan
333 828 58 22 gjorts
404 828 156 23 penningeanbud
573 828 7 18 i
593 828 47 23 syfte
653 830 28 16 att
694 828 72 18 erhålla
774 830 37 16 rätt
821 828 29 18 till
859 828 90 23 ölförsälj-

198 857 46 22 ning
255 857 51 17 inom
319 857 122 19 kommunens
453 857 80 23 område,
546 858 34 18 och
593 859 26 17 att
629 857 53 18 dessa
692 857 62 19 anbud
763 857 86 19 öfverallt
858 857 92 19 bestämdt

198 886 106 18 förkastats.
329 886 98 22 Viktigare
443 888 22 16 är
479 886 59 23 enligt
549 887 33 17 vär
595 887 75 21 mening
682 886 31 18 det
725 886 71 18 faktum
808 888 27 16 att
846 886 103 18 landskom-

199 919 90 13 munerna
304 916 66 16 nästan
386 917 44 15 utan
443 916 94 22 undantag
549 916 24 16 ha
585 915 90 22 förbjudit
687 915 69 18 handel
768 915 43 18 med
823 915 126 23 maltdrycker

199 946 47 15 samt
258 943 106 22 obevekligt
376 944 132 22 upprätthållit
520 944 50 18 detta
582 944 68 18 förbud
663 944 59 17 under
734 944 103 18 årtionden.

267 972 48 17 Före
333 972 20 17 år
372 971 44 18 1879
432 976 33 14 var
479 972 101 18 ölhandeln
595 972 24 18 fri
634 973 7 17 i
657 972 37 18 alla
709 972 90 18 Finlands
815 972 86 23 omkring
915 974 34 17 450

197 1000 169 18 landskommuner.
390 1000 73 18 Endast
479 1001 22 17 10
515 1002 21 16 år
550 1006 66 13 senare
632 1001 74 21 funnos,
722 1001 58 23 enligt
795 1002 45 17 1890
852 1002 30 17 års
895 1002 53 17 brän-

197 1028 161 23 vinslagskomités
370 1030 140 22 upplysningar,
523 1030 47 18 blott
582 1030 27 21 15,
621 1030 64 17 hvilka
696 1030 95 17 tillstadde
801 1030 61 18 denna
871 1030 77 23 handel;

197 1057 38 18 alla
249 1057 60 23 öfriga
324 1058 47 17 hade
386 1058 94 22 begagnat
495 1058 29 18 sin
539 1060 39 16 rätt
590 1060 26 16 att
628 1058 85 22 förbjuda
726 1058 41 18 den.
791 1058 59 18 Dessa
862 1060 22 16 15
896 1059 51 18 kom-

197 1091 66 13 muner
275 1086 88 18 tillhörde
376 1086 10 17 4
398 1086 40 22 län;
450 1087 7 17 i
471 1087 22 17 de
506 1087 59 22 öfriga
576 1088 55 16 länen
644 1086 54 18 fanns
711 1087 43 18 icke
764 1092 23 12 en
797 1087 48 19 enda
853 1088 94 22 kommun,

197 1119 39 13 som
253 1114 60 18 skulle
331 1114 48 18 varit
396 1114 71 19 beredd
482 1117 27 16 att
525 1116 68 22 bevilja
608 1116 89 22 rättighet
711 1116 29 18 till
756 1116 129 22 ölförsäljning
897 1117 50 18 inom

195 1148 42 12 sina
248 1144 84 21 gränser.
808 1146 2 2 N

264 1172 65 17 Denna
344 1172 143 18 kommunernas
503 1172 115 19 förbudsrätt
633 1173 89 23 inbegrep
738 1173 32 18 till
785 1179 23 13 en
823 1174 65 22 början
904 1174 42 18 icke

195 1199 159 23 gästgifverierna.
382 1200 43 18 Men
441 1201 58 22 knapt
513 1200 47 19 hade
577 1201 81 17 nämnda
671 1202 89 22 rättighet
775 1204 101 16 utsträekts
892 1202 54 18 äfven

195 1228 30 18 till
240 1228 55 18 dessa
310 1228 50 21 (näd.
373 1228 134 23 förordningen
519 1230 20 17 af
550 1230 36 18 den
600 1230 21 18 10
633 1230 48 22 april
694 1230 59 22 1895),
765 1230 62 18 förrän
839 1231 107 18 landskom-

195 1261 91 12 munerna
301 1256 93 23 skyndade
410 1258 27 16 att
452 1256 45 19 täfla
513 1263 28 11 om
556 1261 27 14 att
599 1258 84 22 begagna
695 1258 43 21 den,
750 1258 42 18 med
805 1258 57 18 sådan
874 1259 72 22 påföljd

194 1286 28 15 att
233 1288 42 14 man
287 1284 8 17 i
307 1284 52 18 detta
370 1290 25 12 nu
407 1287 68 20 ytterst
486 1286 58 17 sällan
558 1286 38 17 kan
608 1286 11 17 &
631 1286 108 18 landsorten
748 1286 78 22 päträffa
836 1292 23 12 en
869 1287 77 23 gästgif-

194 1312 95 23 varegård,
303 1312 33 19 där
349 1312 127 24 ölförsäljning
488 1316 48 16 ännu
549 1319 43 13 vore
604 1314 78 18 tillåten.

262 1400 51 18 Inför
328 1400 54 18 dessa
394 1400 51 18 fakta
457 1401 58 19 mäste
528 1401 22 19 de
563 1404 61 18 röster
636 1404 66 20 tystna,
714 1402 64 20 hvilka
790 1403 46 19 söka
848 1406 45 20 göra
905 1407 38 15 tro-

193 1428 36 23 ligt
243 1431 28 16 att
285 1428 69 19 folkets
368 1435 26 12 nu
409 1430 35 18 och
459 1430 81 23 tidigare
555 1430 29 18 till
596 1430 100 19 ständerna
708 1432 83 18 uttalade
804 1433 139 23 önskningsmä!l

193 1457 115 19 beträffande
324 1458 175 23 rusdrycksflodens
513 1460 111 18 hämmande
640 1460 42 18 icke
698 1461 60 18 skulle
774 1462 77 18 härröra
866 1462 41 19 från
920 1468 24 13 en

261 1508 179 18 Ekonomiutskottets
453 1510 113 18 betänkande
579 1509 37 19 N:o
629 1510 19 19 8.
