1061 1709
227 163 25 19 18
397 160 250 23 Petitionsbetänkande
662 160 38 22 N:o
715 160 35 22 26.

332 230 40 19 nad
398 229 138 26 organiserade
560 229 66 20 såsom
652 229 130 25 femklassiga
807 228 142 20 mellanskolor

333 258 44 20 med
392 258 99 25 afslutade
505 259 77 20 kurser.

265 315 132 26 Helsingfors
412 315 41 20 den
470 315 24 20 10
510 315 99 20 Februari
628 315 60 21 1900,

268 372 57 23 Eero
340 371 78 24 Erkko.
692 372 22 21 K.
731 371 23 22 H.
772 371 104 23 Renlund.

269 429 20 24 F.
305 429 29 23 W.
350 429 118 23 Sundwall.
690 428 21 23 €.
729 428 21 23 E.
768 428 119 29 Holmberg.

715 557 165 26 (Öfversättning.)

197 618 34 22 10.
297 619 61 19 Till
383 618 170 26 Vällofliga
571 618 275 26 Borgareständet.

263 693 33 20 Då
317 693 58 20 såväl
397 693 139 20 innevänarne
555 694 7 19 i
577 693 140 20 smästäderna
740 699 44 14 som
798 692 39 20 ock
851 691 94 21 landtbe-

195 722 121 26 folkningen
338 722 8 19 i
368 722 58 19 deras
450 722 87 27 omnejd,
555 723 67 19 säsom
638 721 123 20 tillhörande
777 728 76 13 samma
868 721 78 24 nation,

196 751 47 20 icke
265 751 87 20 allenast
371 757 37 20 ega
424 753 41 18 rätt
481 753 30 17 att
526 751 80 26 åtnjuta
620 757 76 14 samma
711 750 111 21 nationella
836 750 110 24 förmåner,

195 783 50 17 utan
267 780 60 20 äfven
349 784 35 16 äro
406 779 126 27 förpliktade
550 783 30 17 att
595 780 103 20 bibehälla
713 786 25 14 en
753 779 128 26 ständpunkt
893 779 55 26 jäm-

194 810 75 25 bördig
291 809 46 19 med
359 808 64 21 andra
445 809 68 19 bättre
534 808 96 25 lottades,
649 808 55 20 hvad
718 808 98 20 beträffar
832 808 59 20 deras
905 808 42 20 lär-

195 838 67 21 doms-
285 838 38 20 och
341 837 174 26 bildningsbehof,
534 839 23 20 sä
571 837 59 20 torde
645 838 35 19 det
694 837 19 26 ej
730 837 49 20 böra
794 844 60 13 anses
870 837 78 26 olämp-

194 867 45 26 ligt,
263 873 32 14 om
317 873 47 13 man
379 866 90 25 djärfves
491 867 82 25 päkalla
587 866 164 21 vederbörandes
765 866 181 25 uppmärksamhet

194 896 61 20 äfven
269 895 33 20 för
316 895 178 26 undanrödjandet
508 896 24 19 af
544 896 61 19 dessa
620 895 138 26 olägenheter.
788 895 72 20 Såsom
874 895 72 24 kändt,

194 925 83 19 vidläda
299 925 73 24 mänga
395 924 75 19 brister
492 923 200 21 skolförhällandena
706 924 7 19 i
729 924 46 19 värt
790 923 60 20 lands
864 923 81 20 mindre

194 953 76 20 städer.
300 952 41 21 För
362 952 128 20 närvarande
512 955 72 23 utgöra
599 953 7 19 i
622 953 45 19 dem
682 952 108 25 befintliga
804 951 141 21 lärdomssko-

193 982 32 19 lor
239 981 23 20 af
275 983 67 18 staten
360 981 192 25 subventionerade,
568 981 98 25 antingen
682 982 22 19 4-
719 981 51 20 eller
785 980 121 26 5-klassiga,
923 981 24 19 åt

194 1011 157 20 kommunernas
372 1010 51 19 värd
447 1009 113 21 öfverlätna
582 1009 115 21 samskolor
718 1009 47 21 med
780 1010 43 19 real
836 1009 109 20 undervis-

193 1039 118 26 ningsplan.
334 1039 48 19 Men
394 1039 63 20 ehuru
468 1039 152 20 vederbörande
631 1039 119 19 kommuner
759 1039 27 25 pä
796 1038 35 20 det
841 1038 104 26 sorgfälli-

193 1071 60 23 gaste
268 1068 48 20 sökt
331 1068 125 25 organisera,
473 1068 95 19 omhulda
583 1067 39 20 och
636 1067 140 26 upprätthälla
792 1067 60 20 dossa
867 1067 79 24 skolor,

193 1097 62 19 hafva
278 1096 107 21 därstädes
408 1097 35 18 det
466 1097 84 19 oaktadt
568 1097 42 25 röjt
624 1096 33 25 sig
671 1097 82 23 brister,
769 1096 82 20 hvilkas
866 1096 78 19 undan-

194 1124 98 26 rödjande
314 1125 43 19 förr
379 1125 49 19 eller
451 1131 72 14 senare
544 1128 23 16 är
589 1125 82 20 absolut
685 1125 136 25 nödvändigt,
836 1131 33 13 om
883 1124 63 21 dessa

193 1153 146 20 läroanstalter
353 1153 59 20 skola
425 1155 105 18 motsvara
545 1153 37 20 sitt
597 1153 100 20 ändamäl.

262 1182 37 19 Ett
321 1181 74 20 sädant
416 1181 179 20 missförhällande
610 1185 29 20 är,
655 1184 31 17 att
700 1181 97 20 skolorna
812 1181 18 25 ej
847 1184 34 17 äro
896 1181 48 19 full-

194 1210 102 26 ständiga,
314 1210 87 20 ledande
416 1210 32 19 till
464 1211 143 19 universitetet
622 1210 38 20 och
674 1211 99 24 antingen
788 1210 44 19 helt
847 1210 38 19 och
899 1210 44 19 häl-

193 1239 30 20 let
245 1239 121 24 öfvertagna
388 1238 23 20 af
431 1241 68 17 staten
515 1239 49 20 eller
579 1238 185 21 subventionerade
779 1238 47 20 med
840 1241 30 17 ett
884 1237 61 20 rikli-

193 1273 49 19 gare
255 1266 118 20 understöd.
393 1266 41 19 Vid
451 1269 30 17 ett
496 1267 72 18 sädant
584 1266 98 20 sakernas
697 1266 95 19 tillständ
806 1269 23 16 är
842 1266 35 19 det
886 1266 60 20 svärt.

193 1298 31 17 att
239 1294 32 21 för
288 1295 72 25 längre
374 1294 31 20 tid
419 1294 36 20 vid
471 1295 96 19 skolorna
581 1294 56 20 fästa
652 1295 85 25 dugliga
751 1294 151 25 lärarekrafter,
917 1294 27 20 dä

194 1324 46 20 dem
265 1323 46 20 icke
337 1322 108 21 förunnats
469 1322 82 21 tillfälle
573 1323 33 20 till
628 1323 226 26 tjensteärsberäkning
875 1323 38 20 och
936 1323 8 20 i

193 1352 147 26 sammanhang
365 1352 84 20 därmed
474 1352 187 26 tillgodonjutande
683 1352 23 20 af
728 1352 92 27 pension.
850 1352 92 20 Sälunda

193 1382 81 20 komma
289 1381 62 20 dessa
365 1381 70 20 skolor
450 1384 31 17 att
497 1384 73 23 utgöra
585 1381 183 26 genomfartsorter
777 1381 33 20 för
819 1381 124 21 ätminstone

193 1418 56 13 mera
270 1410 137 20 framstäende
429 1410 72 20 lärare.
531 1411 41 19 Det
586 1413 23 17 är
624 1410 39 20 lätt
677 1410 76 25 insedt,
768 1410 56 20 hvad
839 1417 25 13 en
878 1410 66 20 sädan

193 1440 84 25 ständig
291 1439 84 26 vexling
390 1438 22 20 af
425 1438 66 21 lärare
506 1440 74 19 verkar
595 1440 27 25 pä
636 1439 83 20 skolans
734 1439 164 26 framgängsrika
911 1446 33 14 ar-

193 1469 52 19 bete.
275 1467 149 21 Erfarenheten
446 1468 39 19 har
506 1468 84 24 utvisat,
612 1470 32 18 att
659 1468 56 20 detta
730 1468 178 20 missförbällande
923 1468 20 25 ej

261 1506 101 19 Allmänna
373 1506 172 19 Besvärsutskottets
557 1506 112 19 betänkande
680 1506 35 19 N:o
727 1508 26 17 15.
