1061 1711
305 148 271 23 Petitionsbetänkande
591 149 40 23 N:o
647 149 34 22 27.
828 152 11 20 7

186 216 40 22 Vid
244 216 65 22 slutet
327 216 23 22 af
366 217 24 21 år
410 218 54 20 1898
484 217 52 28 egde
555 218 83 21 således
657 218 186 27 odlingsfonderna
862 220 7 20 i

115 250 44 22 334
171 251 21 20 af
202 250 104 22 Finlands
318 252 41 20 463
372 252 185 21 landskommuner
569 254 30 19 ett
611 254 47 26 eget
669 252 80 27 kapital
762 254 23 20 af
793 254 75 20 inalles

116 284 53 22 Fmk
181 285 101 26 784,686:
294 285 34 20 44.
348 285 72 22 Under
429 286 52 21 1901
491 286 93 21 förfaller
592 286 23 21 af
623 287 54 20 1885
686 286 33 21 års
728 287 141 21 läneförskott

116 321 31 18 att
163 318 126 22 återbetalas
307 319 61 26 1,300
388 320 66 26 mark,
470 321 66 20 under
552 320 55 22 1902
622 321 92 27 316,370
729 321 68 27 mark,
814 322 55 21 1903

115 353 93 27 387,680
229 353 66 26 mark,
321 354 54 21 1904
396 355 94 26 396,880
511 354 66 27 mark,
596 355 139 21 tillsammans
757 356 112 27 1,102,230

117 387 65 26 mark,
199 390 54 19 samt
268 388 122 21 återstoden
405 389 69 21 under
489 389 27 21 de
530 389 93 27 följande
638 389 56 22 åren.

184 422 46 21 Den
245 422 137 22 förestående
397 423 152 27 indragningen
565 423 95 22 kommer
676 424 71 21 derför
759 427 31 19 att
802 425 66 20 känn-

116 457 48 21 bart
179 457 82 21 minska
277 458 26 20 de
320 457 74 26 medel,
410 464 45 15 som
472 458 74 21 hittills
557 458 55 21 varit
624 458 88 21 afsedda
725 460 32 19 att
768 459 101 21 särskildt

116 491 113 27 tillgodose
249 492 36 21 det
304 491 43 22 lilla
364 492 138 27 jordbrukets
521 492 75 22 kredit.
628 493 64 21 Detta
707 494 24 20 är
747 493 23 21 så
786 494 83 27 mycket

115 532 59 15 mera
193 528 31 19 att
242 526 91 27 beklaga
351 533 45 14 som
416 527 154 27 indragningen
589 527 49 21 sker
657 528 27 25 på
703 527 55 22 tider
773 529 95 20 närmast

115 561 55 21 efter
192 561 37 21 det
251 561 39 21 den
313 561 105 21 allmänna
441 562 118 20 räntefoten
579 562 55 20 varit
652 562 94 27 ovanligt
765 562 42 28 hög
830 563 38 21 och

116 602 26 15 en
159 596 33 22 del
208 596 23 20 af
244 596 72 21 landet
331 596 82 21 träffats
429 596 23 21 af
466 596 99 22 missväxt
581 596 38 22 och
636 596 201 28 öfversvämningar.

185 630 72 27 Enligt
275 630 123 22 Utskottets
414 631 57 26 åsigt
487 637 49 21 eger
552 631 94 21 sträfvan
662 633 33 19 att
710 631 99 22 befordra
825 632 44 21 lan-

116 666 47 20 dets
175 665 114 27 uppodling
299 671 76 21 genom
388 667 32 19 att
432 665 22 21 åt
466 665 25 22 de
503 666 80 21 mindre
595 666 170 27 jordbrukarene
773 666 96 21 anskaffa

117 700 162 26 rörelsekapital
297 700 33 21 för
349 700 194 27 nyodlingsföretag
558 701 37 21 och
612 701 66 21 andra
693 700 154 28 förbättringar
863 702 5 20 i

114 734 133 27 jordbruket,
267 736 30 19 ett
315 734 53 26 skäl,
387 734 81 21 hvilket
483 735 88 26 tidigare
592 735 106 20 föranledt
717 735 115 21 anslående
848 736 23 20 af

116 768 124 21 statsmedel
259 768 33 21 för
310 771 31 19 att
360 774 43 15 som
424 769 35 20 lån
479 769 22 21 åt
519 769 142 27 jordbrukare
680 769 99 26 utgifvas,
796 769 73 21 fortfa-

116 803 66 21 rande
197 803 38 21 sitt
249 803 154 27 berättigande.

185 837 130 27 Visserligen
334 838 38 20 har
390 838 109 20 anmärkts
514 840 31 18 att
561 838 185 26 odlingsfonderna
762 837 26 27 på
803 838 67 26 några

116 874 59 18 orter
192 871 70 21 blifvit
280 872 81 20 mindre
380 872 74 26 riktigt
469 872 95 21 använda
581 872 33 21 för
629 873 37 19 sitt
682 872 106 28 egentliga
805 872 64 21 ända-

117 906 48 21 mål.
198 906 48 21 Men
273 906 70 21 denna
369 906 156 27 omständighet
547 906 69 27 jäfvar
639 906 47 21 icke
710 906 35 21 det
763 906 107 22 allmänna

116 941 107 21 omdömet
245 942 32 20 att
298 940 162 27 ifrågavarande
483 941 67 21 medel
575 941 106 20 verksamt
705 940 108 22 befordrat
835 941 36 20 det

117 975 80 21 miudre
211 974 127 27 jordbruket
356 975 6 21 i
379 974 78 22 landet.
488 976 38 20 Att
541 976 35 20 det
591 974 67 22 finnes
674 974 130 28 kommuner,
825 981 45 14 som

116 1010 19 27 ej
156 1011 55 19 ännu
231 1009 66 21 bildat
317 1009 165 27 odlingsfonder,
502 1010 41 21 kan
562 1009 122 21 tillskrifvas
705 1009 36 21 det
756 1009 114 21 konserva-

116 1045 45 21 tiva
183 1045 75 25 draget
276 1044 39 21 hos
333 1044 47 21 vårt
403 1044 51 26 folk,
474 1046 32 19 att
526 1044 35 21 det
579 1044 76 21 endast
674 1043 105 27 långsamt
793 1043 77 21 inlåter

116 1079 33 27 sig
167 1078 27 27 på
212 1085 41 21 nya
267 1078 89 27 företag.
387 1079 50 21 Men
456 1078 59 22 detta
530 1080 63 25 utgör
609 1078 18 26 ej
647 1078 45 21 skäl
709 1079 30 19 att
756 1078 115 21 inskränka

116 1114 119 26 utvägarna
250 1112 33 22 för
298 1112 154 22 kommunerna
466 1115 32 19 att
514 1112 80 22 erhålla
613 1112 41 27 lån,
671 1114 50 19 utan
737 1114 91 19 tvärtom
839 1113 33 19 att

117 1147 59 21 hålla
194 1147 68 21 medel
280 1147 6 21 i
302 1147 125 26 beredskap,
443 1146 33 21 för
491 1149 32 19 att
537 1147 47 21 icke
603 1147 99 20 enskilda
717 1145 59 22 delar
791 1146 23 21 af
827 1146 44 21 lan-

116 1182 38 21 det
173 1181 33 21 må
224 1181 67 21 blifva
309 1181 53 21 efter
382 1181 6 20 i
408 1181 127 27 utveckling.
565 1181 46 21 Den
631 1180 98 27 förhöjda
745 1180 126 25 räntefoten,

116 1216 107 26 exemplet
237 1215 47 22 från
295 1215 199 27 grannkommuner,
508 1221 44 16 som
568 1215 68 22 bildat
652 1214 167 27 odlingsfonder,
836 1215 35 20 be-

119 1250 134 26 folkningens
267 1250 128 21 tillväxande
410 1250 106 21 vakenhet
531 1249 33 22 för
579 1249 45 22 sina
641 1249 140 21 ekonomiska
795 1249 76 21 intres-

117 1291 45 21 sen,
181 1291 27 15 m.
224 1284 20 21 fl.
260 1280 180 31 omständigheter
455 1285 84 21 komma
554 1285 72 21 säkert
641 1286 31 19 att
688 1285 63 20 verka
768 1285 32 20 att
815 1283 56 21 inom

118 1319 50 22 kort
186 1319 99 26 samtliga
303 1319 185 22 landskommuner
507 1319 50 26 vilja
576 1316 61 23 bilda
653 1317 160 27 odlingsfonder
833 1317 39 22 och

119 1355 32 19 att
170 1359 26 15 en
213 1353 34 20 del
267 1353 22 20 af
306 1353 26 21 de
351 1353 131 25 kommuner,
501 1358 44 15 som
566 1353 63 20 redan
648 1352 56 26 gjort
724 1352 41 25 det,
784 1351 89 21 blifva
863 1347 14 35 i

120 1387 66 21 behof
199 1386 24 22 af
236 1393 41 20 nya
293 1386 40 21 lån.

188 1422 43 21 Det
245 1421 74 26 måste,
335 1421 68 22 såsom
416 1420 79 27 jemväl
511 1420 6 21 i
533 1420 232 27 petitionsmemorialet
775 1419 97 27 antydes,

118 1463 63 15 anses
201 1462 50 15 vara
271 1462 25 15 en
315 1456 7 21 i
342 1455 74 27 många
432 1455 114 22 afseenden
561 1455 89 27 lyckligt
665 1454 78 21 funnen
759 1455 65 26 utväg
840 1455 31 20 att

189 1501 183 20 Ekonomiutskottets
384 1502 110 18 betänkande
506 1501 37 18 N:o
557 1501 28 18 12.
