1095 1750
315 151 276 23 Petitiousbetänkande
607 152 41 22 N:o
660 151 34 22 14.
831 154 24 18 17

202 208 76 18 Främst
295 208 59 18 skulle
370 208 72 22 Kajana
453 208 58 18 härad
523 208 106 24 därigenom
644 209 24 23 pä
679 214 22 12 en
713 209 49 23 gäng
774 209 69 23 öppnas
856 208 30 18 för

132 236 162 24 affärsinflytande
311 237 42 18 från
371 238 28 16 tre
415 237 49 17 olika
479 236 46 18 håll:
542 237 42 18 från
600 237 69 18 Iisalmi
685 237 35 18 och
735 237 42 17 hela
789 238 50 17 östra
851 237 35 18 och

133 264 56 18 södra
201 264 84 22 Finland,
297 265 42 18 frän
351 264 93 24 Uleäborg
456 266 48 16 samt
515 266 42 17 frän
570 264 103 19 Brahestad
682 265 35 17 och
726 264 89 24 sydligare
824 264 61 19 städer

133 292 31 18 vid
177 293 98 18 Bottniska
286 294 59 18 viken.
361 294 103 22 Uleäborgs
472 294 67 18 handel
551 294 60 18 blefve
622 294 106 22 härigenom
740 294 99 22 ingalunda
848 294 37 18 för-

132 321 90 23 fördelad,
234 322 25 18 dä
270 322 95 18 afständet
376 322 42 18 från
430 322 72 22 Kajana
514 322 28 18 till
553 322 93 23 Uleåborg
657 322 61 18 blefve
729 322 64 18 endast
805 322 23 18 23
840 322 45 18 kilo-

133 352 58 16 meter
209 351 62 23 längre
288 352 24 16 än
330 350 28 18 till
375 350 103 18 Brahestad
496 351 34 17 och
548 350 74 19 alldeles
640 350 102 24 obetydligt
754 351 63 23 längre
829 352 22 16 än
864 356 21 12 en

133 376 49 20 bana
200 378 84 19 söderom
302 378 99 19 Uleäträsk
419 379 52 18 öfver
482 379 59 18 Vaala
558 379 27 18 till
597 379 98 23 Uleäborg.
718 379 44 18 Men
780 380 30 17 väl
827 379 60 17 skulle

133 407 98 23 järnvägen
244 408 73 17 minska
329 406 106 24 betydelsen
446 408 20 17 af
477 407 31 19 det
520 408 84 24 monopol
616 408 28 18 till
653 407 134 24 exploiterande
796 408 19 18 af
824 408 61 22 skogs-

134 435 125 25 produkterna
275 436 5 17 i
299 436 71 23 Kajana
387 436 64 22 härad,
468 443 40 12 som
521 436 101 25 Uleäborgs
634 436 48 23 stad,
694 436 28 19 till
733 437 72 23 mättlig
817 436 69 19 bätnad

134 465 30 18 för
181 465 77 18 häradet
270 465 35 18 och
316 465 77 22 kronan,
408 471 25 12 nu
446 465 80 22 ätnjuter
538 465 35 18 och
584 465 70 19 hvilket
666 465 40 18 icke
717 465 73 19 komme
802 468 27 15 att
841 467 46 16 röna

134 495 93 22 synnerlig
238 494 89 18 invärkan
336 493 19 18 af
364 499 21 13 en
394 493 77 24 järnväg
478 494 47 18 blott
534 494 42 18 frän
585 494 70 18 Iisalmi
668 495 26 17 till
707 494 76 22 Kajana.

203 522 69 18 Vidare
287 522 63 18 kunde
363 522 110 23 jordbruket
485 523 34 18 och
530 523 162 24 boskapsskötseln
704 523 5 17 i
722 522 34 18 den
768 523 63 18 därför
844 528 42 18 syn-

135 551 79 23 nerligen
231 551 69 23 egnade
315 551 86 23 Siikajoki
417 551 77 18 elfdalen
511 552 54 17 vinna
585 553 27 16 ett
630 552 90 23 uppsving
732 551 19 18 af
763 551 124 24 oberäkneligt

135 579 60 19 värde.
220 580 70 19 Härför
308 580 57 24 borga
376 580 40 18 icke
429 580 46 18 blott
487 580 23 18 de
521 580 94 24 framsteg,
627 579 54 19 dessa
692 579 72 23 näjders
776 580 111 23 intelligonta

135 609 106 23 befolkning
256 610 49 23 gjort
320 608 56 19 redan
388 608 59 19 under
458 610 65 17 hittills
535 608 81 20 rådande
627 614 120 18 ogynsamma
758 609 128 19 kommunika-

134 638 177 18 tionsförhällanden
327 640 45 16 utan
386 638 68 22 jämväl
469 638 36 18 den
518 638 75 18 tendens
606 638 28 18 till
645 638 123 23 immigration
779 638 41 18 frän
833 638 54 18 södra

135 662 125 27 Österbotten,
279 673 39 12 som
335 667 58 18 under
411 669 72 16 senaste
500 668 21 17 är
537 668 46 23 gjort
599 668 27 22 sig
637 667 6 18 i
654 667 42 18 hela
708 667 81 18 älfdalen
801 667 87 18 märkbar

135 696 34 18 och
187 696 80 22 hvilken,
284 702 30 12 om
330 695 35 19 den
377 697 53 17 rönte
442 698 131 21 uppmuntran,
585 695 62 19 kunde
659 696 5 18 i
676 696 28 17 sin
716 696 44 18 män
772 695 75 24 bidraga
859 696 27 17 till

134 724 112 18 hämmande
263 725 19 17 af
300 724 179 22 missförhållanden,
496 724 63 18 hvilka
576 725 104 23 visserligen
697 724 44 18 bero
759 725 22 23 pä
794 723 58 19 andra
864 726 23 16 än

134 753 120 19 ekonomiska
270 753 79 22 orsaker,
366 759 41 12 men
423 754 31 18 äro
467 753 68 23 egnade
547 756 28 16 att
587 753 54 18 äfven
654 752 116 19 beträffande
781 752 52 19 deras
846 753 41 18 eko-

135 782 85 19 nomiska
231 782 110 24 värkningar
354 782 66 18 bereda
431 782 63 22 hvarje
506 781 146 19 fosterlandsvän
664 782 93 24 allvarliga
769 781 91 24 farhågor.

205 811 44 18 Som
265 812 78 23 motvigt
359 812 28 17 till
399 810 23 19 de
434 810 153 20 storindustkiella
599 811 119 24 synpunkter,
730 811 63 17 hvilka
805 814 48 15 emot
866 816 22 12 en

136 840 48 18 bana
198 846 64 17 genom
276 840 85 23 Siikajoki
375 839 55 19 elfdal
442 840 102 23 åberopats,
556 840 31 18 må
599 840 37 23 mig
648 840 68 17 tillåtas
727 839 70 23 antyda
809 846 22 12 en
844 840 44 22 möj-

136 869 62 23 lighet,
216 874 40 13 som
274 869 55 23 enligt
347 869 38 17 min
403 869 118 23 uppfattning
539 869 54 23 tagits
611 869 62 17 alltför
689 868 39 18 litet
740 868 96 24 allvarligt.
860 868 29 18 De

136 898 117 18 mineraliska
265 898 103 23 tillgångar,
381 903 39 13 som
432 898 71 22 Kajana
515 897 58 19 härad
585 897 34 18 har
631 899 29 16 att
671 896 81 23 erbjuda,
762 897 57 18 bafva
826 897 19 18 af
853 896 35 18 den

136 926 76 24 tidigare
224 926 68 18 nämda
303 926 167 24 järnvägskomitén
483 926 84 18 tillmätts
583 926 131 22 jämförelsevis
730 926 51 23 ringa
789 925 99 24 betydelse.

137 955 65 18 Likväl
215 956 32 17 äro
259 957 70 16 ensamt
341 955 217 23 järnmalmtillgångarne
570 955 5 17 i
585 954 133 23 vattendragen
730 956 79 16 österom
817 954 72 22 Kajana

137 984 41 18 stad
191 984 21 18 så
224 984 108 22 betydande,
345 986 28 16 att
384 983 95 19 desamma
490 984 39 18 icke
542 984 45 17 böra
599 984 70 18 lämnas
681 985 46 16 utan
739 982 89 19 afseende.
850 983 39 18 Un-

136 1012 33 18 der
186 1012 22 19 de
219 1013 11 17 2
243 1013 125 17 sistförflutna
379 1013 45 17 åren
435 1012 56 18 hafva
503 1012 78 18 sålunda
592 1012 30 18 för
634 1014 26 16 ett
672 1012 47 18 enda
730 1012 93 18 inhemskt
835 1012 54 23 bolag

138 1042 128 22 (aktiebolaget
278 1041 104 23 Dalsbruk)
395 1041 40 18 icke
447 1041 70 18 mindre
529 1042 23 17 än
565 1041 22 18 67
601 1040 214 24 järnmalmfyndigheter
829 1041 60 17 inmu-

137 1072 38 16 tats
193 1073 71 15 ensamt
281 1070 49 18 inom
346 1069 88 19 Sotkamo
446 1070 35 17 och
493 1069 129 19 Kuhmoniemi
635 1069 82 18 socknar.
742 1069 65 18 Skulle
819 1069 71 22 Kajana

138 1098 41 18 stad
197 1104 64 18 genom
280 1104 22 12 en
319 1098 131 23 jämförelsevis
465 1098 42 18 kort
523 1098 76 24 järnväg
610 1098 72 18 förenas
694 1097 42 18 med
748 1103 22 12 en
782 1098 61 21 hamn,
856 1097 33 18 där

138 1127 71 22 kajrum
229 1127 41 18 med
282 1127 107 23 tillräckligt
400 1126 46 24 djup
458 1126 62 18 kunde
532 1126 75 18 beredas
619 1128 59 16 större
690 1126 67 23 fartyg,
770 1132 42 12 vore
825 1132 64 12 sanno-

137 1156 41 21 likt,
196 1158 28 16 att
241 1155 41 18 med
301 1156 50 18 tiden
369 1162 21 12 en
408 1156 74 23 mycket
499 1155 104 24 betydande
616 1157 94 22 transport
722 1155 20 18 af
754 1155 82 22 tackjärn
848 1160 43 13 vore

137 1186 29 16 att
186 1185 41 18 från
248 1185 72 22 Kajana
340 1187 83 19 emotses,
440 1185 121 22 synnerligast
578 1190 30 13 om
627 1183 263 19 vattenkommunikationerna

138 1214 50 17 öster
205 1219 30 12 om
252 1213 73 22 Kajana
342 1213 56 24 något
415 1213 130 18 förbättrades.
569 1213 29 18 De
612 1212 133 21 förhållanden,
757 1212 58 18 under
827 1212 64 18 hvilka

138 1242 18 17 vi
174 1242 29 18 för
220 1242 115 18 närvarande
351 1242 53 21 lefva,
423 1243 32 16 äro
472 1241 74 22 sådana,
564 1244 29 15 att
610 1247 22 12 en
648 1241 92 23 synnerlig
752 1240 103 23 lifaktighet
867 1241 24 22 på

136 1270 143 23 järnindustrins
296 1269 75 19 område
385 1271 35 17 när
432 1276 38 12 som
483 1270 49 18 helst
543 1270 36 18 kan
591 1269 58 18 blifva
660 1269 40 18 icke
711 1269 48 18 blott
771 1269 62 23 möjlig
845 1271 46 16 utan

137 1299 107 23 nödvändig
256 1300 60 17 såsom
328 1305 22 11 en
362 1299 20 18 af
391 1298 23 19 de
422 1299 20 17 få
451 1299 110 23 tillgängliga
569 1304 115 13 ressurserna
693 1298 27 17 till
730 1297 161 24 upprätthållande

138 1328 20 17 af
168 1328 78 23 jämvigt
256 1328 6 17 i
274 1327 77 18 landets'
359 1328 90 18 ekonomi.

208 1356 40 18 Mot
265 1356 35 18 den
318 1356 153 24 argumentering,
489 1356 30 23 jag
535 1356 41 18 haft
593 1356 45 17 äran
655 1355 34 18 här
705 1354 109 21 framställa,
829 1354 63 18 kunde

139 1384 42 18 med
200 1384 39 17 skäl
256 1384 96 22 invändas,
367 1386 28 16 att
407 1384 107 17 densamma
526 1384 39 17 icke
577 1384 106 21 tillräckligt
694 1383 74 22 påvisar
779 1382 112 23 nödvändig-

138 1412 55 18 heten
206 1413 28 16 att
245 1412 41 18 leda
299 1411 244 23 sammanbindningsbanan
556 1411 76 18 emellan
644 1410 79 22 Kajana-
735 1410 35 18 och
781 1410 110 22 Uleåborgs-

140 1440 82 19 banorna
239 1440 38 23 just
295 1446 65 18 genom
378 1440 87 22 Siikajoki
482 1439 61 19 älfdal.
568 1439 69 19 Härtill
652 1439 32 18 ber
699 1438 30 24 jag
741 1439 19 18 få
772 1438 78 24 åberopa
861 1438 32 18 det

138 1469 97 25 yttrandet
253 1470 19 18 af
290 1468 121 20 förenämnda
428 1468 159 24 järnvägskomité,
605 1470 27 16 att
647 1467 31 19 vid
694 1468 48 18 valet
755 1468 19 18 af
786 1468 107 22 sträckning

210 1505 185 23 Järnvägsutskottets
407 1504 112 18 betänkande
530 1504 37 18 N:o
580 1503 17 18 2.
812 1503 11 17 2
