1067 1706
312 148 249 24 Petitionsbetänkaude
576 150 37 22 N:o
629 150 19 22 9.
855 152 28 20 23

130 213 142 20 1901—1904
295 212 48 22 med
364 212 97 28 omkring
484 214 112 26 1,500,000
611 213 41 21 mk.
683 213 40 21 Om
737 213 22 21 vi
775 213 58 21 hälla
848 219 34 15 oss

130 246 34 20 till
179 246 125 21 Utskottets
325 246 75 27 kalkyl
416 248 12 20 å
444 247 39 21 sid.
501 250 31 24 12,
548 247 68 21 skulle
631 247 108 27 ökningen
754 246 26 22 af
792 248 90 21 lärarin-

132 286 78 15 nornas
231 280 113 28 grundlön,
367 281 68 21 under
452 280 155 28 förutsättning
622 283 33 19 att
669 281 159 21 lärarinnornas
843 288 37 14 an-

127 314 33 21 tal
175 314 68 22 under
258 314 77 22 nämda
351 314 73 27 period
439 314 8 22 i
460 315 100 21 medeltal
570 317 25 19 är
607 314 91 28 ungefär
709 316 117 20 detsamma
837 322 44 14 som

128 348 104 27 lärarnes,
249 348 96 22 medföra
360 355 26 15 en
401 349 81 27 ökning
497 349 23 22 af
533 349 109 28 budgeten
658 350 47 21 med
717 351 110 23 1,015,000
838 350 43 21 mk.

128 383 107 27 Beloppet
251 383 24 21 af
288 384 27 21 de
328 390 74 21 genom
414 384 144 26 grundlönens
569 384 92 27 höjande
671 384 160 21 tillkommande
840 384 41 21 till-

128 418 87 21 skotten
230 418 33 21 till
280 418 176 27 älderstilläggen
471 418 68 22 skulle
554 418 48 22 äter
616 418 59 27 stiga
689 418 34 21 till
740 420 89 24 102,380
845 418 36 21 mk

128 451 80 29 (enligt
232 452 124 22 Utskottets
381 452 168 28 sifferuppgifter
572 453 14 21 å
608 452 39 22 sid.
671 454 42 24 16).
742 452 139 22 Beträffande

132 487 47 21 åter
195 487 26 21 de
236 486 56 28 gifta
307 487 95 22 lärarnes
418 486 151 28 älderstillägg
580 487 68 27 enligt
656 488 50 21 vårt
714 487 88 27 förslag,
811 486 68 22 skulle

128 520 215 29 folkskolebudgeten
366 522 52 21 ökas
440 522 48 21 med
502 521 92 27 ungefär
612 523 91 26 388,920
725 521 42 27 mk,
783 528 34 14 om
832 528 49 14 man

127 556 36 21 fär
185 558 88 26 antaga,
291 558 33 20 att
339 556 145 22 förhällandet
498 556 77 21 mellan
590 556 42 27 gift
646 556 39 21 och
701 555 55 27 ogift
771 556 70 21 lärare
856 558 25 18 är

128 596 44 15 som
189 592 11 19 7
216 590 34 22 till
266 593 12 19 3
294 590 50 26 (den
360 593 11 19 1
385 591 43 27 jan.
446 592 54 20 1893
516 596 39 16 var
570 590 144 22 förhållandet
728 596 44 16 som
790 592 51 24 71,3
853 591 27 26 %

128 624 33 22 till
184 627 54 25 28,11
253 624 44 29 9/5).
327 625 34 22 De
383 625 23 21 af
419 631 34 15 oss
468 624 122 28 föreslagna
604 624 120 28 utgifterna
739 624 69 22 skulle
823 625 57 21 altså

125 658 35 22 för
175 659 231 28 bevillningsperioden
422 661 138 20 1901—1904
574 659 58 27 stiga
647 659 42 21 till:

157 700 87 34 Ökning
260 706 24 21 af
297 706 158 22 lärarinnornas
470 706 118 28 grundlön.
619 722 4 4 .
656 723 3 4 .
685 707 112 26 1,015,000
813 706 40 20 mk.

154 736 89 32 Ökning
259 740 25 22 af
297 741 158 21 lärarinnornas
470 740 148 27 älderstillägg
655 756 5 5 .
705 742 88 24 102380
824 757 10 10 ,

157 770 87 32 Ökning
259 774 24 22 af
297 775 26 21 de
338 775 56 27 gifta
407 775 96 21 lärarnes
514 774 150 28 ålderstillägg
679 766 18 40 —
703 776 90 24 388,920
825 790 10 10 ,

578 810 86 21 Summa
683 811 112 25 1,506,300
811 810 42 20 mk.

128 856 54 21 eller
197 855 7 21 i
219 856 66 21 rundt
301 856 30 22 tal
347 856 32 22 till
395 856 113 27 1,500,000
522 856 68 21 mark.

195 890 28 22 Vi
245 890 22 22 fä
291 891 57 21 altsä
369 891 110 21 vördsamt
499 891 86 27 föreslä,
609 892 33 20 att
656 890 85 22 landets
755 889 124 28 Höglofliga

127 925 99 27 Ständer,
251 925 49 22 med
314 925 139 22 förkastande
474 925 25 21 af
512 926 122 21 Utskottets
648 924 69 22 första
731 924 64 25 kläm,
808 925 13 21 &
838 924 39 22 sid.

128 962 33 25 18,
177 960 52 22 ville
244 960 76 22 förena
335 960 34 28 sig
384 966 32 16 om
431 967 27 15 en
472 960 90 27 petition
577 960 8 21 i
599 959 65 28 syfte:

334 1015 31 19 att
386 1014 38 20 den
439 1020 27 14 ur
481 1012 186 27 bevillningsmedel
682 1011 104 27 utgående
799 1010 80 28 grund-

265 1047 60 22 lönen
342 1048 35 25 för
391 1047 205 27 folkskolelärarinna
609 1047 32 26 pä
656 1045 69 22 landet
739 1046 66 21 mätte
819 1046 59 26 höjas

266 1081 31 21 till
323 1083 46 20 800
389 1082 34 21 mk
446 1081 36 22 och
512 1081 169 26 älderstilläggen
703 1080 103 21 beräknas
828 1080 51 26 efter

269 1116 69 21 denna
352 1123 41 20 nya
406 1116 104 27 grundlön
526 1115 64 28 enligt
604 1115 106 21 härintilis
724 1114 99 28 gällande
832 1121 47 14 nor-

263 1157 49 20 mer,
327 1152 57 19 samt

334 1187 31 19 att
387 1185 97 26 samtliga
506 1184 146 26 älderstillägg
667 1184 33 26 för
714 1184 41 26 gift
769 1182 110 28 folkskole-

265 1219 68 22 lärare
355 1219 55 27 (incl.
434 1219 91 27 enkling)
546 1219 30 25 pä
598 1218 70 21 landet
686 1217 65 22 skulle
766 1218 52 26 utgå
832 1217 47 21 med

264 1253 82 22 dubbelt
361 1255 26 20 sä
402 1255 54 19 stort
470 1253 72 26 belopp
558 1259 46 15 som
618 1252 112 21 härintills.

230 1349 24 22 A.
271 1349 151 22 Wallensköld.
522 1369 3 4 .
578 1348 78 21 Arvid
673 1347 100 22 Neovius.

193 1499 103 19 Allmänna
308 1497 171 20 Besvärsutskottets
491 1496 111 19 betänkande
613 1496 34 18 N:o
659 1497 17 16 8.
