1061 1703
334 156 276 23 Petitionsbetänkande
626 157 43 23 N:o
684 157 21 22 1.
844 159 10 20 7

202 224 122 29 Uppsigten
347 225 62 21 öfver
432 227 118 19 notarierne
567 227 6 20 i
589 225 62 22 deras
671 225 214 28 tjensteverksamhet

133 258 87 21 utöfvas
235 259 6 20 i
257 258 114 21 allmänhet
383 259 46 20 dels
445 259 22 20 af
482 259 143 21 domstolarna
636 259 45 21 dels
692 259 23 21 af
724 259 101 21 notarial-
834 260 51 21 eller

132 291 201 28 disciplinskamrar,
350 292 115 21 bestäende
476 293 23 20 af
510 293 135 21 medlemmar
654 300 25 13 ur
689 293 130 21 notariernes
831 301 53 20 egen

133 325 63 21 krets.

201 360 10 20 I
227 360 119 21 Frankrike
361 360 67 21 finnas
444 363 32 18 tre
491 360 81 22 klasser
587 360 22 21 af
623 361 97 20 notarier.
743 360 34 21 De
792 360 32 21 till
840 361 43 27 läg-

132 397 33 17 sta
188 393 84 21 klassen
294 394 93 21 hörande
410 394 65 21 hafva
498 395 32 20 sin
552 395 124 21 stationsort
691 394 40 21 och
747 394 37 21 sitt
799 393 86 23 distrikt

131 430 131 25 gemensamt
283 427 48 22 med
351 428 173 22 fredsdomarene
540 430 67 27 (juges
623 428 26 21 de
665 428 64 28 paix).
758 428 126 22 Notarierne

131 462 24 20 af
177 464 93 18 närmast
288 462 65 27 högre
369 462 57 21 klass
442 464 36 20 äro
494 463 142 21 stationerade
652 462 26 28 pä
694 462 40 21 den
752 465 38 23 ort,
806 462 37 22 der
858 470 26 13 en

132 496 100 28 kollegial
253 496 91 22 domstol
363 496 22 21 af
400 496 68 22 första
483 498 80 20 instans
579 496 99 28 (tribunal
693 496 27 21 de
735 496 102 28 premidre
852 497 31 20 in-

132 530 83 28 stance)
230 530 38 21 har
283 531 37 20 sitt
335 532 51 25 säte,
402 530 40 22 och
458 531 60 21 deras
533 530 233 22 verksamhetsomräde
780 538 105 14 samman-

131 564 63 21 faller
216 565 47 20 med
288 564 68 22 denna
381 565 108 21 domstols.
520 565 84 28 Högsta
625 565 96 21 klassens
741 566 92 20 notarier
848 566 35 19 äro

132 598 96 21 anstälda
244 598 36 22 vid
297 598 213 29 appelldomstolarna
526 601 69 25 (cours
613 598 99 29 dappel),
727 600 56 19 inom
800 598 83 22 hvilkas

131 632 109 21 domkrets
256 633 26 21 de
298 633 40 21 ock
355 640 38 20 ega
408 633 75 21 utöfva
498 634 37 20 sitt
549 633 58 28 yrke.

201 666 11 21 I
228 666 40 22 den
285 668 122 27 preussiska
422 667 116 28 monarkin,
553 668 86 20 hvarest
654 674 48 13 man
716 674 78 21 genom
809 674 26 13 en
850 667 34 27 lag

131 701 24 20 af
177 701 40 20 den
241 702 25 25 15
282 701 44 21 Juli
343 702 54 20 1890
413 701 48 21 sökt
477 703 5 19 i
498 702 118 27 väsentliga
631 701 91 28 punkter
737 701 147 21 ästadkomma

132 735 131 28 enhetlighet
271 736 6 19 i
286 735 200 26 notariatväsendet,
497 735 157 22 sammanfaller
662 736 106 20 notariens
776 735 109 21 verksam-

131 769 134 21 hetsomräde
274 770 6 19 i
290 769 114 21 allmänhet
415 769 48 22 med
474 769 41 21 den
526 769 115 22 öfverrätts
652 769 231 28 (Oberlandesgericht)

131 803 115 27 domkrets,
269 804 56 21 inom
344 803 86 22 hvilken
446 803 41 22 han
503 806 23 19 är
540 803 89 22 anstäld.
659 803 83 26 Städer,
757 810 45 14 som
818 803 66 21 hafva

132 845 57 14 mera
205 839 26 20 än
243 839 89 25 100,000
343 837 108 26 invänare,
460 838 70 21 kunna
541 837 58 22 delas
608 838 6 20 i
624 837 69 21 skilda
701 837 183 25 notariatdistrikt,

132 873 57 20 inom
204 871 72 22 hvilka
292 872 95 21 notarien
402 871 55 22 skall
472 871 64 22 hafva
552 873 32 20 sin
601 871 75 22 bostad
688 871 40 22 och
740 871 144 21 embetslokal.

131 906 231 28 Notariathandlingar,
378 913 46 14 som
437 906 23 21 af
475 907 80 20 notarie
569 908 110 26 upprättas
691 909 56 18 utom
758 905 52 22 hans
822 905 62 22 verk-

131 940 188 27 samhetsomräde,
334 940 107 22 betraktas
457 941 55 21 blott
526 940 69 22 säsom
611 941 82 27 privata
709 939 113 22 urkunder.

201 974 11 21 1
235 969 111 27 Österrike
369 975 157 21 sammanfaller
548 975 37 20 det
607 973 92 28 omräde,
721 975 56 20 inom
804 973 80 22 hvilket

133 1009 81 21 notarie
236 1009 34 20 fär
284 1009 75 21 utöfva
375 1009 32 21 sin
423 1009 141 24 verksamhet,
579 1008 48 21 med
643 1007 134 21 domkretsen
794 1007 34 21 för
843 1008 41 20 den

133 1042 111 28 kollegiala
267 1042 167 28 underdomstol,
457 1042 35 22 för
513 1042 86 22 hvilken
623 1042 41 21 han
686 1045 64 17 utses.
780 1041 11 21 I
807 1041 76 21 Italien

132 1078 86 26 utgöres
234 1077 58 21 detta
308 1077 84 21 omräde
408 1077 23 21 af
446 1076 40 22 den
498 1076 206 23 notarialkammares
716 1075 91 28 distrikt,
817 1076 68 21 under

132 1111 87 21 hvilken
234 1111 41 21 han
292 1114 95 19 sorterar.

202 1146 74 21 Såsom
302 1145 246 29 kompetensfordringar
572 1145 34 21 för
632 1146 81 20 notarie
738 1145 117 28 uppställas
878 1146 6 19 i

133 1180 124 28 Frankrike,
272 1183 58 18 utom
354 1181 27 20 25
396 1180 34 21 års
446 1180 59 21 ålder
520 1180 39 21 och
575 1179 73 21 fransk
664 1179 174 27 medborgarrätt,
854 1182 31 18 att

132 1214 109 22 sökanden
264 1214 54 22 skall
339 1214 65 21 hafva
422 1214 44 22 viss
488 1214 32 21 tid
542 1215 16 25 (i
575 1213 57 28 regel
648 1214 12 20 6
676 1213 30 27 år)
721 1214 121 28 tjenstgjort
858 1213 27 27 på

133 1249 169 21 notariatkontor
323 1252 53 18 samt
399 1251 95 26 prestera
516 1249 59 27 intyg
591 1248 61 20 öfver
667 1247 69 27 sedlig
751 1247 77 22 vandel
844 1247 40 21 och

133 1283 125 28 erforderlig
272 1282 134 28 skicklighet,
422 1282 109 22 utfärdadt
546 1282 23 22 af
583 1282 100 21 notarial-
699 1281 51 21 eller
765 1280 120 29 disciplins-

132 1318 122 20 kammaren
274 1318 6 19 i
300 1316 36 22 det
357 1317 92 25 distrikt,
465 1317 34 21 för
519 1317 83 21 hvilket
616 1316 41 21 han
673 1316 78 20 önskar
766 1316 67 21 varda
848 1322 37 14 an-

133 1350 61 20 stäld.
224 1350 95 21 Fordran
341 1350 27 27 pä
391 1350 89 20 särskild
497 1350 170 20 embetsexamen
684 1349 65 20 finnes
765 1349 47 20 icke
829 1349 6 19 i
851 1348 34 27 lag

133 1383 106 28 uppstäld,
256 1383 65 22 ehuru
338 1384 70 27 praxis
424 1383 91 21 utbildat
530 1384 33 27 sig
578 1382 87 25 derhän,
681 1384 29 19 att
722 1389 25 13 en
759 1381 45 22 dels
817 1385 68 17 munt-

133 1417 30 27 lig
184 1417 45 22 dels
252 1417 94 28 skriftlig
372 1425 89 14 examen
488 1417 22 21 af
535 1416 211 22 notarialkammaren
772 1415 113 28 företages,

132 1453 66 20 innan
214 1451 40 22 den
271 1451 96 22 utfärdar
377 1451 139 22 omförmälda
526 1452 66 27 intyg.
608 1463 26 3 -—
650 1450 73 29 Enligt
734 1449 98 22 italiensk
843 1451 42 20 rätt

204 1498 131 23 Logutskottets
348 1498 110 18 betänkande
469 1498 37 17 N:o
519 1498 17 17 2.
