1081 1706
277 142 84 24 Ständ.
377 143 54 23 Pet.
447 157 28 3 —
489 144 173 23 Petitionsbet.
677 145 43 22 N:o
736 144 35 23 11.
888 146 11 20 7

147 214 77 22 denna
242 214 87 22 komité
347 215 70 21 hafva
435 215 110 23 inkallats
563 216 68 28 ryske
650 219 60 25 män,
729 216 117 29 okunnige
863 216 36 22 om

147 248 43 22 här
216 248 102 22 rådande
345 249 184 28 samhällsskick,
551 250 66 28 lagar
643 250 44 22 och
711 250 189 22 förhållanden
886 244 18 39 i

147 282 72 29 öfrigt
245 285 59 19 samt
331 283 89 28 egande
441 284 71 28 ingen
529 284 56 21 eller
604 284 59 22 blott
681 284 127 28 bristfällig
826 284 73 29 insigt

146 316 10 21 i
172 316 92 22 landets
282 317 76 29 språk.
383 317 103 22 Sålunda
504 318 42 22 har
563 318 154 22 bedömandet
729 318 24 22 af
766 318 76 22 andan
855 318 43 22 och

146 350 137 30 hållningen
307 351 41 23 hos
366 351 114 23 Finlands
504 353 168 28 tidningspress
691 352 164 23 öfverlemnats
875 352 24 23 åt

145 392 30 15 en
201 386 140 28 institution,
359 385 96 23 hvilken
482 386 8 22 i
514 387 58 21 strid
594 386 53 22 med
665 387 157 29 grundlagens
840 387 58 22 före-

144 420 71 22 skrift
241 420 51 22 icke
320 424 25 18 är
371 423 152 20 sammansatt
549 422 24 22 af
599 421 73 22 finske
696 425 54 18 män
768 421 43 22 och
829 421 68 23 hvars

145 455 102 21 domslut
269 455 46 22 kan
336 456 92 21 komma
447 458 34 19 att
499 456 90 28 grunda
607 456 36 28 sig
661 457 30 28 på
709 456 146 29 bristfälliga,
874 457 24 28 ja

145 489 38 21 till
200 488 44 23 och
261 489 51 22 med
332 489 103 29 oriktiga
453 490 196 29 öfversättningar
667 490 24 21 af
708 489 45 22 den
765 490 133 29 periodiska

145 531 105 21 pressens
268 523 145 22 uttalanden.

214 557 45 22 Väl
290 562 39 17 äro
356 557 46 22 den
427 559 161 21 konsultativa
614 559 180 28 presskomiténs
821 559 77 28 utslag

145 592 155 29 preliminära,
314 593 26 21 så
358 592 37 22 till
413 592 54 22 vida
485 601 49 14 som
551 593 28 22 de
597 593 37 22 för
651 595 35 20 att
698 593 72 22 vinna
787 593 111 29 giltighet

145 626 101 22 erfordra
273 627 150 22 fastställelse
451 627 22 22 af
501 627 246 29 generalguvernören.
782 627 54 22 Men
860 627 38 22 till

144 661 60 28 följd
231 661 23 22 af
280 661 150 29 mångfalden
457 662 24 21 af
507 661 28 22 de
558 662 109 29 göromål,
686 661 81 22 hvilka
785 661 64 23 hvila
868 663 29 28 på

143 695 77 22 denne
243 695 59 30 höge
326 696 143 27 funktionär,
489 696 43 22 och
553 696 37 23 till
607 696 43 22 och
668 696 52 22 med
739 696 74 22 under
831 699 65 19 anta-

143 729 77 30 gande
248 733 34 19 att
309 730 45 22 han
384 731 84 28 ansäge
493 731 39 22 det
555 732 76 21 såsom
655 731 36 21 sin
709 731 135 29 skyldighet
862 733 35 19 att

143 765 58 22 söka
219 765 85 22 bevara
322 765 69 22 äfven
409 765 40 22 det
467 765 44 22 fria
530 766 76 21 ordets
625 768 53 25 rätt,
691 765 60 22 skall
769 765 47 22 han
829 765 67 27 dock,

143 799 143 22 främmande
305 807 49 14 som
372 800 46 21 han
437 801 47 21 stär
502 801 35 21 för
553 800 29 22 de
600 799 121 22 inhemska
739 801 106 27 spräken,
862 799 35 22 för

143 833 43 22 här
212 834 102 22 rädande
341 834 160 29 rättsordning
522 835 43 22 och
586 834 85 22 folkets
689 834 106 29 verkliga
815 833 82 23 äskäd-

143 869 124 28 ningssätt,
286 869 122 28 lätteligen
435 869 48 22 läta
510 869 36 28 sig
572 869 84 22 förmäs
683 871 36 20 att
741 869 9 20 i
774 869 39 21 det
834 871 61 19 stora

143 903 101 22 flertalet
269 903 42 22 fall
338 903 92 22 ansluta
457 903 36 28 sig
517 903 36 23 till
577 903 45 22 den
646 903 158 22 konsultativa
822 911 73 21 press-

143 937 116 23 komitens
277 939 158 28 uppfattning.

212 972 71 23 Detta
310 972 132 29 antagande
468 973 121 28 hbestyrkes
611 972 38 22 till
666 972 58 22 fullo
743 972 23 22 af
784 972 39 21 det
841 974 54 25 sätt,

143 1007 89 30 hvarpä
258 1007 248 30 indragningsmakten
533 1007 126 22 handhafts
683 1006 72 23 sedan
772 1007 82 29 början
874 1006 23 22 af

142 1041 102 22 sistlidet
262 1043 31 20 är.
318 1041 86 22 Medan
422 1041 73 22 under
513 1042 45 22 den
575 1042 71 28 länga
664 1041 108 29 tidrymd,
786 1049 49 14 som
851 1041 45 21 för-

142 1076 64 21 flutit
224 1077 85 21 mellan
331 1077 26 21 är
376 1076 71 28 1867,
467 1076 29 21 dä
513 1085 33 13 nu
563 1075 110 30 gällande
694 1075 203 29 pressförordning

142 1111 142 27 utfärdades,
303 1111 44 21 och
373 1111 119 28 ingängen
519 1111 23 21 af
569 1111 26 21 är
615 1110 70 27 1899,
704 1110 82 21 endast
803 1117 29 14 en
850 1109 45 21 tid-

143 1145 213 29 ningsindragning
368 1145 153 27 förekommit,
533 1145 76 28 hafva,
623 1144 97 23 oaktadt
731 1144 163 29 tidningarnas

143 1179 98 22 tendens
253 1180 51 21 icke
317 1179 138 28 förändrats,
466 1179 274 29 tidningsindragningar
751 1179 59 21 efter
819 1178 78 22 denna

143 1213 36 22 tid
205 1214 79 21 blifvit
308 1221 29 15 en
358 1214 47 21 ofta
424 1213 187 23 återkommande
628 1213 128 22 företeelse.
793 1213 104 22 Sålunda

143 1248 69 22 hafva
232 1249 73 21 under
324 1249 25 21 år
369 1249 72 26 1899,
460 1248 77 22 såvidt
555 1248 36 22 till
605 1247 141 22 Ständernas
763 1247 134 22 kännedom

143 1283 103 27 kommit,
274 1283 50 22 icke
352 1283 89 22 mindre
468 1287 29 17 än
525 1283 15 21 4
567 1282 120 29 tidningar
718 1281 115 29 indragits
860 1281 37 22 för

143 1315 68 24 alltid
244 1317 44 22 och
321 1317 29 21 17
379 1317 120 28 tidningar
526 1317 30 21 27
585 1316 114 22 särskilda
731 1317 88 27 gånger
851 1315 46 22 för-

144 1350 88 29 bjudits
256 1353 34 18 att
314 1351 119 20 utkomma
456 1350 74 21 under
547 1358 29 13 en
594 1349 35 21 tid
648 1349 23 21 af
689 1357 29 13 en
736 1349 37 21 till
792 1355 40 14 sex
850 1349 47 21 må-

142 1383 78 22 nader.
256 1383 71 22 Hvad
353 1384 111 21 beträffar
490 1383 157 22 innevarande
675 1384 25 19 år
726 1382 70 22 hafva
823 1382 74 22 under

142 1418 53 22 dess
214 1421 34 19 tre
266 1419 73 21 första
357 1418 110 23 månader
485 1425 40 14 sex
543 1418 120 28 tidningar
678 1417 80 22 blifvit
770 1420 127 25 temporärt

143 1452 115 30 indragna
285 1454 30 28 på
341 1461 30 14 en
397 1452 35 22 tid
460 1453 23 20 af
509 1460 28 14 en
565 1453 36 21 till
628 1453 52 28 fyra
706 1451 110 22 månader
838 1455 59 18 samt
