1064 1709
217 159 14 21 2
418 157 249 35 Petitionsbetänkande
682 157 38 22 N:o
738 156 32 24 10.

286 222 48 19 Men
357 222 60 19 dessa
439 221 7 19 i
469 221 71 26 rikligt
562 222 51 19 mått
633 220 92 20 erhållna
739 220 143 21 berömmande
897 220 73 20 erkän-

220 250 80 20 nanden
323 252 74 24 utgöra
419 250 54 19 dock
491 250 7 20 i
516 250 41 20 alla
571 250 38 20 fall
623 249 46 20 icke
683 252 31 17 ett
729 249 122 25 tillräckligt
865 249 105 20 verksamt

218 279 113 20 understöd
353 278 33 21 för
408 278 139 25 sträfvanden,
568 278 81 21 hvilkas
668 278 55 25 syfte
739 282 22 16 är
777 280 30 18 att
822 278 50 20 råda
887 278 36 19 bot
937 278 33 20 för

219 307 85 20 allmänt
329 307 69 20 kända
420 307 193 21 missförhållanden
636 307 7 19 i
666 307 114 20 samhället.
814 307 65 20 Detta
900 307 70 20 arbete

219 336 103 20 erfordrar
337 336 102 20 materielt
453 337 113 19 understöd
581 336 32 20 för
628 338 31 17 att
673 335 70 20 kunna
757 335 141 20 åstadkomma
908 335 62 20 fram-

218 365 113 26 gångsrika
348 365 94 20 resultat.
472 365 48 20 Men
535 365 35 20 det
586 367 22 17 är
621 364 45 26 just
681 365 78 19 bristen
775 365 27 25 på
817 364 102 20 materielt
934 371 36 12 un-

219 393 90 24 derstöd,
325 401 43 12 som
383 393 73 20 verkat
471 394 120 20 hämmande
606 394 26 25 på
647 393 214 26 nykterhetsarbetets
871 392 100 26 framsteg

217 423 6 19 i
239 423 48 19 vårt
302 422 55 21 land.

285 451 32 20 De
339 451 61 20 bästa
422 451 79 20 medlen
523 451 33 20 för
578 450 163 27 upplysningens
759 450 110 26 spridande
885 453 34 17 äro
935 450 35 20 det

219 480 68 19 talade
307 480 38 19 och
364 480 35 20 det
417 480 80 20 skrifna
513 481 64 19 ordet.
607 479 64 20 Detta
685 479 63 20 hafva
763 479 61 20 äfven
839 479 131 26 nykterhets-

217 509 77 22 ifrarne
316 509 71 21 insett,
417 509 118 26 Sällskapet
555 508 168 26 ,Nykterhetens
743 508 104 24 Vänner",
866 515 44 13 som
928 515 42 13 om-

218 537 116 20 händerhar
351 537 111 26 ledningen
480 538 23 19 af
516 537 203 27 nykterhetsarbetet
734 537 7 19 i
756 538 47 19 värt
817 537 55 24 land,
888 537 37 20 har
940 537 30 20 äf-

218 573 40 13 ven
277 566 60 20 alltid
355 567 8 19 i
378 568 46 19 män
439 567 24 19 af
476 567 45 20 sina
536 566 111 26 tillgängar
663 567 80 19 arbetat
758 565 32 20 för
805 566 129 20 anställande
950 565 23 20 af

219 595 148 26 kringresande
390 595 131 26 föredragare
541 597 54 18 samt
609 595 33 20 för
657 595 133 25 förläggande
807 595 38 20 och
860 595 111 26 spridande

217 623 24 20 af
261 630 25 13 en
309 624 68 25 säker,
392 624 47 20 frän
454 624 40 19 alla
509 624 129 26 synpunkter
652 623 112 26 belysande
779 623 111 20 litteratur.
922 624 47 19 Men

218 652 33 20 för
273 659 25 13 en
321 653 59 25 dylik
402 653 132 20 verksamhet
556 653 103 20 erfordras
678 652 107 25 betydliga
804 653 72 23 medel,
892 651 33 20 för
940 655 30 16 att

217 681 118 20 densamma
350 681 54 21 skall
419 682 69 19 kunna
503 681 95 20 utveckla
613 681 32 26 sig
661 681 80 20 ostördt
755 680 66 27 enligt
831 683 30 18 ett
871 681 98 25 stadgadt

219 717 102 18 program.
350 711 41 19 För
414 710 37 20 sitt
474 711 95 20 ändamäl
586 711 37 19 har
639 710 113 26 sällskapet
767 709 45 20 haft
827 709 33 20 till
875 709 38 20 sitt
927 709 42 20 för-

217 739 96 25 fogande,
336 739 89 20 förutom
445 739 34 20 det
497 739 44 20 lilla
557 739 72 26 arfvet
645 738 52 21 efter
713 739 136 25 ,Kohtuuden
864 739 106 24 Ystävät*,

218 767 113 26 utgörande
347 768 94 25 omkring
456 769 62 23 5,000
533 769 42 24 mk,
591 771 29 16 ett
631 768 173 28 statsunderstöd,
816 767 79 21 hvilket
905 767 65 20 under

218 798 49 18 åren
284 797 60 23 1886,
363 798 60 23 1887,
441 798 53 19 1888
510 798 38 19 och
566 798 52 19 1889
634 796 96 28 utgjorde
747 797 62 24 3,000
825 797 41 24 mk,
880 797 23 19 är
916 797 53 19 1890

219 825 76 24 15.000
317 827 40 24 mk,
383 827 49 20 1891
460 827 62 23 8,500
544 827 41 21 mk,
608 828 53 18 samt
683 825 46 20 från
751 826 38 20 och
810 825 46 20 med
876 826 23 19 år
916 826 53 19 1892

218 855 63 20 8.000
301 855 40 21 mk.
372 856 112 19 Dessutom
503 856 37 20 har
555 855 114 26 sällskapet
683 862 73 19 genom
771 855 113 20 understöd
899 854 24 21 af
936 861 33 14 en-

217 884 74 25 skilda,
315 891 74 19 genom
411 884 154 27 försäljningar,
586 885 135 24 insamlingar
740 885 37 19 och
793 885 120 19 donationer
928 884 41 20 fätt

216 915 101 24 mottaga:
340 915 23 18 är
381 915 52 19 1885
450 914 69 23 2,608:
536 915 37 22 74;
592 914 52 20 1886
661 914 68 23 4,101:
747 914 36 23 79;
803 913 166 26 1887—1/;1888

219 942 67 26 1,415:
310 943 36 24 77;
370 942 144 27 1/,1888—1/;
541 944 52 19 1889
617 943 68 22 2,361:
709 943 37 24 72;
769 942 200 26 1/;1889—1/,;1890

219 972 68 22 1,170:
313 972 35 23 17;
376 972 204 25 1/61890—1/;1891
607 971 69 26 4,978:
700 972 37 23 62;
761 972 145 25 1/;1891—1/;
916 971 52 20 1892

219 1000 47 20 387:
287 1001 36 22 50;
344 999 205 28 1/;1892—1/,1893
571 1000 68 24 1,996:
660 1000 36 23 84;
713 1000 206 25 1/;1893—1/,1894
935 1000 33 19 62:

217 1029 39 23 72;
272 1028 217 27 1/,1894—81/,,1894
506 1030 19 19 6:
542 1030 36 19 30:
596 1029 53 20 1895
663 1029 67 23 1,047:
747 1029 36 23 99;
803 1029 52 20 1896
872 1029 48 20 283:
932 1029 37 20 40;

221 1057 52 20 1897
295 1058 32 19 32:
345 1057 36 24 67;
400 1058 53 20 1898
472 1059 45 19 145:
535 1059 35 23 60;
588 1058 53 19 1899
660 1059 81 23 15,345:
759 1058 33 20 56.
823 1057 72 20 Säsom
910 1057 61 20 häraf

207 1085 102 26 "framgår
328 1089 34 16 äro
383 1086 60 20 dessa
462 1087 114 21 inkomster
590 1085 105 27 tillfälliga
711 1086 38 20 och
764 1086 84 20 alldeles
864 1086 105 20 otillräck-

207 1114 52 26 "liga
274 1115 7 19 i
296 1114 128 21 förhållande
439 1115 33 20 till
487 1115 124 26 sällskapets
626 1113 128 22 vidsträckta
769 1115 145 20 verksamhet.
930 1115 38 20 Sä-

216 1143 63 20 lunda
300 1143 38 20 har
360 1142 113 27 sällskapet
495 1144 33 19 för
550 1143 111 26 tryckning
683 1143 23 20 af
719 1144 104 19 litteratur
840 1145 91 18 användt
946 1145 23 18 är

219 1173 53 19 1885
289 1173 69 24 4,524:
375 1172 37 24 76;
431 1173 52 20 1886
500 1173 69 24 8,252:
583 1174 35 22 14;
632 1172 168 27 1887—1/;1888
813 1173 68 23 7,665:
893 1173 38 24 63:
943 1173 24 25 1;

219 1200 167 27 1888—1/;1889
411 1202 68 23 3,624:
504 1202 36 23 70;
564 1201 199 26 1/,1889—1/;1890
787 1201 70 24 4,791:
881 1202 36 23 09;
941 1202 27 25 1

219 1229 166 26 1890—1/,1891
411 1231 68 22 4,554:
503 1231 36 22 22;
563 1229 200 27 1/;1891—1/;1892
787 1229 68 24 8,357:
882 1231 38 22 10;
941 1230 26 24 1/5

218 1257 168 25 1892—1/,1893
410 1258 69 22 2,744:
503 1258 36 23 20;
564 1257 199 25 1/;1893—1/;1894
787 1258 68 22 3,719:
880 1259 36 21 70;
940 1258 25 24 %%

219 1284 187 27 1894—81/,,1894
423 1286 47 19 302:
487 1285 36 23 95;
541 1285 52 20 1895
606 1286 69 23 2,662:
687 1286 36 23 25;
737 1285 53 20 1896
803 1285 47 20 296:
863 1286 37 23 98;
915 1286 51 19 1897

215 1313 109 24 4,361:53;
343 1314 53 20 1898
413 1313 105 24 5,333:59.
538 1313 110 28 Dessutom
665 1313 36 21 har
717 1313 113 26 sällskapet
844 1313 124 21 understödt

215 1341 64 20 under
304 1343 49 19 åren
381 1343 138 20 1885—1896
545 1342 230 26 nykterhetstidningen
793 1343 174 26 ,Aamunairut*,

214 1370 46 20 från
287 1371 52 20 1893
363 1371 124 27 ,Kylväjä*,
503 1372 48 19 åren
569 1372 138 20 1887—1891
725 1371 241 26 ,Nykterhetsvännen*,

217 1401 139 20 1892—1893
373 1399 213 28 ,Menniskovännen*
605 1404 52 17 samt
676 1401 52 20 1896
747 1401 145 27 ,Bläbandet*.
923 1398 44 23 Och

215 1436 24 12 en
254 1430 95 26 betydlig
365 1430 32 20 del
413 1429 23 21 af
449 1430 67 19 denna
531 1430 212 26 förlagsverksamhet
758 1430 37 21 har
810 1430 32 21 för
853 1431 113 26 sällskapet

215 1458 88 20 medfört
319 1466 36 22 ren
370 1455 122 23 ekonomisk
507 1458 80 21 förlust.

281 1510 101 18 Allmänna
395 1510 172 19 Besvärsutskottets
579 1510 111 19 betänkande
701 1510 34 19 N:o
749 1512 17 17 9:
