1089 1748
307 161 276 23 Petitionsbetänkande
598 161 45 22 N:o
659 161 36 21 14.
829 162 26 19 35

336 227 51 25 från
401 230 86 17 Suolahti
499 229 64 18 banan
576 229 30 18 till
619 229 108 21 Saarijärvi
736 229 83 22 kyrkoby
828 230 56 18 samt,

338 256 23 19 sä
379 258 40 17 vidt
437 257 77 22 möjligt,
532 258 66 17 vidare
615 257 31 18 till
664 257 98 18 Karstula
779 257 35 18 och
835 258 50 17 Kivi-

334 286 54 21 järvi
399 286 121 21 vattendrag.

202 353 116 23 Helsingfors
330 352 35 19 den
377 353 12 18 6
401 353 88 17 Februari
503 353 48 18 1900.

203 410 52 23 Matti
273 410 64 24 Rossi.
655 410 51 23 Kalle
723 410 92 24 Piilonen.

659 550 158 28 (Öfversättning.)

498 613 34 23 20.

279 676 52 22 Till
349 676 164 23 högvördiga
531 676 210 18 Presteständet.

203 733 119 18 Hänvisande
329 733 27 18 till
365 732 35 19 den
407 734 109 18 reservation
524 734 182 23 (järnvägskomitöns
712 733 116 19 betänkande
834 739 30 12 n:o
870 734 17 21 2,

136 761 32 19 sid.
182 762 47 22 186),
241 768 39 12 som
296 762 101 18 ledamoten
410 763 5 17 i
427 762 166 24 järnvägskomitön
609 762 68 18 doktor
694 763 49 23 Aug.
761 762 82 24 Ramsay
860 762 26 18 in-

135 792 38 23 lagt
191 793 49 16 emot
256 791 105 23 byggandet
379 791 19 17 af
415 790 36 19 den
469 791 18 17 af
505 792 82 18 komitén
604 792 103 22 föreslagna
720 791 166 19 Suolahti—Saari-

134 820 46 23 järvi
198 820 66 22 banan,
282 823 49 15 samt
348 820 114 19 omfattande
480 820 34 18 den
526 821 92 17 allmänna
630 820 73 22 tanken,
715 822 28 17 att
754 820 77 18 bibanor
842 820 46 18 böra

135 849 41 19 från
195 848 33 19 den
247 848 143 19 österbottniska
407 849 61 18 banan
485 849 70 24 byggas
574 849 27 18 till
617 848 31 19 det
664 849 39 18 inre
714 849 19 18 af
745 848 62 19 landet
819 849 29 18 för
860 850 28 16 att

135 878 81 19 därifrän
235 879 58 17 samla
312 879 56 17 trafik
386 879 27 17 till
425 878 139 23 hufvudbanan,
577 884 34 13 ena
622 879 17 17 vi
651 884 30 13 oss
693 885 28 12 om
734 878 112 24 pästäendet,
859 880 29 16 att

135 907 22 18 de
169 907 84 22 nordliga
265 907 95 18 trakterna
371 907 19 17 af
401 907 112 18 Tavastland
525 907 42 18 bäst
578 907 82 22 betjänas
670 907 20 17 af
699 913 22 12 en
728 907 81 23 järnväg,
819 906 69 24 dragen

135 936 43 18 frän
189 935 109 23 Myllymäki
311 936 67 18 station
391 941 64 18 genom
467 935 121 23 Pylkönmäki
600 935 88 19 kommun
698 936 27 17 till
734 935 84 19 Kalmari
826 936 26 23 by
860 935 27 18 uti

137 964 96 23 Saarijärvi
252 964 75 18 sockens
345 965 28 17 till
390 965 89 17 Karstula
497 964 101 24 gränsande
615 964 36 23 del,
662 965 95 17 hvarifrän
768 965 62 17 banan
841 964 47 19 dock

135 992 113 20 omedelbart
264 993 56 19 borde
332 993 97 19 fortsättas
441 994 28 17 till
480 993 133 19 Kannonkoski
624 993 31 18 vid
668 993 54 18 södra
734 993 61 18 ändan
807 993 19 18 af
838 993 50 18 Kivi-

135 1022 45 22 järvi
193 1022 27 22 sjö
232 1023 6 17 i
249 1022 89 22 Kivijärvi
351 1022 70 18 socken.

205 1050 112 18 Fördelarna
329 1051 19 17 af
359 1050 36 19 den
406 1057 26 11 nu
445 1051 102 23 föreslagna
558 1051 98 23 järnvägen
674 1046 121 33 Myllymäki-
803 1046 87 33 Kalmari

137 1089 13 3 —
159 1080 67 18 Kanto
243 1080 78 17 framför
339 1079 86 19 sträckan
443 1080 204 21 Saarijärvi-Suolahti
659 1081 40 17 äro:
713 1080 17 21 1)
743 1082 28 15 att
783 1078 106 24 därigenom

136 1108 89 18 undvikes
243 1108 35 18 den
295 1108 104 24 onaturliga
417 1110 87 22 omvägen
522 1114 65 18 genom
604 1108 83 18 Suolahti
699 1108 35 18 och
745 1108 103 23 Jyväskylä
860 1108 29 18 för

137 1138 28 16 att
181 1137 65 17 kunna
263 1138 24 16 nä
305 1137 60 23 nägon
381 1137 105 23 hamnplats
499 1136 29 18 vid
541 1137 71 21 kusten,
625 1137 50 18 Vasa
687 1137 43 17 eller
742 1137 76 23 Hangö;
831 1136 18 22 2)
862 1138 28 16 att

137 1165 35 18 den
189 1171 69 17 gagnar
275 1166 82 18 förutom
376 1165 97 23 Saarijärvi
490 1166 90 18 kommun
597 1165 60 19 direkt
674 1166 66 22 jämväl
760 1165 129 23 Pylkönmäki,

137 1194 94 21 Karstula,
249 1194 88 22 Kivijärvi
355 1194 35 18 och
406 1194 105 18 Wiitasaari
529 1194 80 18 folkrika
627 1194 82 21 socknar,
727 1194 34 17 och
782 1195 21 17 är
822 1194 67 22 vägens

137 1222 56 23 längd
210 1223 42 16 frän
269 1223 83 17 Kalmari
370 1223 27 17 till
413 1223 90 17 Karstula
518 1223 59 22 kyrka
589 1223 22 17 20
623 1223 38 20 km,
672 1223 42 17 frän
726 1222 62 18 Kanto
800 1222 28 18 till
839 1222 51 18 Kivi-

137 1250 46 22 järvi
200 1250 60 23 kyrka
274 1250 67 22 jämväl
353 1250 23 18 20
387 1250 32 18 km
437 1251 35 17 och
489 1251 27 17 till
533 1250 103 18 Wiitasaari
652 1250 61 23 kyrka
725 1250 50 18 cirka
787 1251 22 17 30
820 1250 33 18 km
864 1256 26 12 nu

137 1279 73 23 nyligen
227 1278 62 24 byggd
307 1278 92 24 landsväg.
423 1279 35 17 Till
478 1279 60 18 denna
558 1280 57 17 banas
635 1279 103 23 aflägsnare
759 1278 131 18 trafikomräde

138 1307 72 18 komme
222 1307 53 18 äfven
288 1310 29 15 att
327 1307 47 18 höra
385 1307 114 23 Pihtipudas,
512 1308 59 18 Perho
580 1308 34 18 och
623 1307 57 18 delvis
690 1307 55 21 Soini,
751 1307 96 18 hvaremot
854 1307 36 18 den

134 1327 23 36 af
162 1336 82 18 komiten
250 1336 105 23 föreslagna
363 1336 166 23 bansträekningen
539 1327 99 36 Suolahti—
646 1327 96 36 Saarijärvi
754 1341 43 13 vore
806 1336 28 18 till
842 1331 48 27 gagn

139 1364 64 18 endast
217 1365 30 17 för
259 1364 102 22 Saarijärvi,
373 1364 76 18 emedan
461 1365 80 17 trafiken
552 1365 42 17 frän
605 1364 105 18 Wiitasaari
725 1364 53 18 äfven
792 1364 98 18 framdeles

139 1393 59 18 skulle
211 1393 44 17 söka
267 1393 28 22 sig
307 1392 77 23 sjöledes
396 1393 28 17 till
437 1392 88 22 Suolahti,
539 1392 95 18 hvaremot
649 1392 78 18 trafiken
741 1392 42 17 frän
795 1392 95 21 Karstula,

138 1421 89 22 Kivijärvi
239 1421 35 18 och
285 1421 122 22 Pylkönmäki
419 1420 97 18 framdeles
529 1421 64 21 skulle,
605 1421 61 17 säsom
678 1421 52 17 äfven
740 1420 29 18 för
777 1420 115 18 närvarande

139 1451 21 17 är
177 1449 56 22 fallet,
246 1449 57 24 draga
321 1449 27 24 sig
365 1449 28 18 till
409 1449 109 23 Myllymäki
531 1449 72 18 station.
627 1448 90 19 Fördelen
729 1449 19 18 af
759 1449 132 23 Myllymäki—

139 1479 168 18 Kalmari-Kanto
324 1479 60 18 banan
402 1479 21 17 är
439 1478 78 18 sålunda
529 1479 5 16 i
545 1479 70 22 ögonen
627 1477 84 19 fallande.
735 1478 156 23 Befolkningsför-

209 1519 202 22 Järnvägsutskottets
424 1519 118 18 betänkande
554 1519 39 18 N:o
605 1520 17 16 2.
