1092 1750
325 158 276 27 Petitionsbetänkaude
616 158 46 24 N:o
676 159 35 22 14.
848 160 12 20 5

138 214 89 18 Finlands
246 216 124 22 kronoskogar
387 216 89 18 försåldes
494 216 74 21 349,645
586 216 93 23 sägblock,
697 216 52 18 torde
760 216 7 18 i
778 217 22 17 år
812 216 78 23 afsigten

138 249 50 15 vara,
206 246 28 15 att
252 246 71 16 ensamt
340 244 48 18 ifrån
407 243 22 19 de
447 244 104 18 forstrevier
568 245 49 17 inom
635 244 55 18 Kemi
701 244 189 23 inspektionsdistrikt

138 270 42 19 frän
191 271 63 18 hvilka
266 272 64 18 träden
342 272 52 22 längs
405 272 54 18 Kemi
472 272 26 18 älf
509 273 63 17 flottas
584 272 36 18 ned
632 272 28 18 till
670 272 69 22 hafvet,
748 273 28 17 till
783 272 107 22 försäljning

139 300 78 22 utbjuda
228 300 75 22 289,600
315 302 96 20 stammar;
425 307 42 11 men
479 301 56 18 sedan
547 301 163 23 skogstaxeringen
722 302 5 16 i
738 300 68 18 nämda
818 301 72 23 inspek-

138 328 122 19 tionsdistrikt
272 330 91 21 slutförts,
375 329 37 17 kan
424 335 42 12 man
478 329 70 24 hoppas
560 331 28 16 att
601 329 46 19 ifrän
660 335 70 12 samma
743 330 69 17 trakter
821 330 69 22 ärligen

139 358 46 17 skall
203 358 84 22 försäljas
305 359 111 17 ätminstone
428 358 51 18 öfver
492 358 155 18 trehundratusen
659 360 94 19 stammar,
766 357 76 19 emedan
854 358 36 18 den

138 388 47 16 mest
203 386 102 24 öfveräriga
323 387 67 23 skogen
409 386 141 24 nödvändigtvis
568 387 34 17 bör
619 386 59 18 under
690 388 93 16 närmaste
794 386 96 19 årtionden

138 415 93 17 afvärkas.

206 444 53 18 Efter
277 444 31 18 det
325 444 98 23 järnvägen
441 445 28 17 till
481 445 106 17 Rovaniemi
599 444 60 18 blifvit
672 444 54 23 bygd,
739 445 60 17 skulle
811 444 80 18 trafiken

137 473 7 17 i
158 472 37 23 hög
213 472 46 23 grad
278 473 70 23 tilltaga
366 472 110 24 därigenom,
489 475 28 16 att
529 474 5 17 i
546 473 57 18 sådan
615 472 66 19 händelse
713 473 134 23 otvifvelaktigt
858 472 31 18 vid

138 501 53 17 Kemi
209 501 26 17 älf
252 501 91 24 uppstode
360 502 54 22 sågar
426 502 34 18 och
473 502 113 22 träsliperier,
599 501 72 18 hvilkas
683 501 94 18 förädlade
789 501 101 23 produkter

137 530 63 17 kunna
217 530 107 23 lämpligare
342 532 132 22 transporteras
493 531 10 17 å
521 530 75 22 järnväg
617 531 23 17 än
661 530 120 18 obearbetade
802 531 88 17 trävaror.

138 554 107 22 Önskvärdt
263 565 43 11 vore
323 559 54 18 äfven
395 561 27 15 att
440 558 23 19 de
481 561 50 16 stora
547 564 70 13 massor
629 558 97 22 tjärstubb,
738 558 63 18 hvilka
812 559 60 17 finnas
885 559 4 17 i

137 588 150 22 kronoskogarna
302 587 50 19 invid
370 588 53 18 Kemi
441 588 32 21 älf,
492 588 77 18 brändes
587 588 28 17 till
633 588 51 22 tjära,
702 588 117 23 hvarigenom
836 587 54 18 äfven

138 616 151 23 tjärtransporten
302 617 73 18 komme
387 618 28 16 att
427 617 36 17 öka
475 617 79 18 trafiken
566 617 4 16 i
584 617 60 22 sydlig
656 617 86 22 riktning.

206 645 50 17 Utan
269 647 28 16 att
308 645 42 22 vilja
361 645 5 17 i
379 645 51 18 detta
441 645 180 22 petitionsmemorial
633 644 143 24 omständligare
787 645 103 18 framställa

137 673 140 23 ifrågavarande
294 674 80 17 trakters
392 673 190 22 trafikförhållanden,
600 673 111 18 förbehåller
721 674 31 22 jag
763 673 37 23 mig
813 674 37 17 rätt
862 675 28 16 att

137 701 20 18 få
169 707 29 12 om
210 701 94 18 desamma
316 702 28 17 till
355 702 92 17 utskottet
459 702 81 18 aflämna
551 701 110 23 detaljerade
673 702 97 23 uppgifter.

209 731 38 17 Den
269 731 140 18 instrumentala
434 731 164 23 undersökningen,
620 737 39 12 som
680 731 99 17 värkstälts
800 730 20 18 af
840 730 51 18 äldre

137 759 103 22 ingeniören
257 759 24 18 K.
301 759 98 22 Snellman,
418 760 70 17 utvisar
505 762 28 15 att
550 760 61 17 banan
627 759 59 18 såsom
698 759 108 24 bredspärig
817 759 73 18 komme

138 789 28 16 att
183 788 54 18 kosta
254 788 92 22 8,250,000
363 788 53 18 mark
433 789 34 17 och
484 789 59 18 såsom
556 788 113 23 smalspårig,
681 787 25 19 då
717 788 35 18 den
765 788 124 23 ovillkorligen

137 817 56 17 borde
205 816 50 19 ledas
267 816 48 18 ända
328 817 26 17 till
367 817 53 17 Kemi
433 816 62 22 hamn,
507 817 84 22 omkring
604 817 90 21 7,680,000
707 817 57 17 mark.
784 816 105 19 Skillnaden

137 846 68 17 mellan
222 845 53 18 dessa
292 845 163 24 kostnadsförslag,
468 845 102 23 utgörande
585 845 75 22 570,000
672 845 59 22 mark,
743 846 20 16 är
775 845 55 18 likväl
841 845 6 17 i
859 845 30 18 be-

139 873 98 18 traktande
254 874 19 17 af
290 873 71 19 banans
379 873 55 23 längd
447 875 20 17 så
480 873 97 24 obetydlig,
590 875 28 16 att
630 873 31 18 det
673 873 56 24 enligt
740 873 39 18 min
790 873 48 23 åsigt
850 873 40 18 icke

138 908 31 12 ens
186 902 41 18 från
247 902 146 23 sparsamhetens
411 902 95 23 synpunkt
524 903 66 17 funnes
610 902 38 18 skäl
664 902 29 17 för
710 901 106 24 byggandet
832 902 20 17 af
868 908 22 11 en

138 931 109 24 smalspårig
265 931 54 18 bana.
343 931 28 18 En
390 930 57 19 sådan
464 931 49 18 bana
529 931 63 21 skulle,
604 930 79 23 jämförd
695 930 42 18 med
750 936 22 12 en
784 930 107 24 bredspårig

136 960 81 23 järnväg,
235 959 84 19 medföra
336 959 35 18 den
389 959 124 24 olägenheten,
525 961 28 16 att
568 959 111 22 omlastning
690 965 42 12 vore
744 958 105 24 nödvändig
860 959 30 18 för

137 989 36 17 alla
190 988 173 22 varuförsändelser,
382 994 38 12 som
439 989 41 17 från
498 988 106 18 densamma
616 988 106 23 öfverginge
734 987 26 18 till
775 987 114 24 Uleåborg—

137 1017 70 18 Torneå
219 1017 65 22 banan,
297 1017 87 23 antingen
395 1019 66 16 norrut
473 1017 42 18 eller
527 1017 81 21 söderut,
621 1017 43 17 eller
676 1016 41 18 från
729 1016 60 18 denna
801 1017 20 17 ät
831 1017 58 17 Rova-

137 1046 54 17 niemi
210 1046 32 21 till,
260 1045 129 18 hvarförutom
406 1046 57 22 rörlig
480 1045 80 18 materiel
578 1045 42 18 från
638 1045 60 18 denna
710 1045 48 18 bana
770 1045 40 18 icke
822 1045 67 21 kunde,

136 1075 6 17 i
156 1075 30 17 fall
199 1075 20 18 af
230 1075 61 22 behof,
303 1075 101 18 öfverföras
417 1075 27 18 till
457 1074 34 18 den
504 1074 64 22 andra;
579 1073 34 19 och
623 1074 29 17 för
661 1073 109 24 undgående
779 1073 21 18 af
807 1073 83 24 antydda

137 1104 115 22 olägenheter
265 1104 59 17 skulle
335 1103 32 18 det
378 1103 39 18 helt
426 1103 45 18 visst
480 1104 43 17 löna
533 1104 27 22 sig
566 1104 28 17 att
599 1103 87 23 uppoffra
692 1102 53 18 dessa
751 1103 74 20 570,000
831 1103 59 21 mark,

206 1133 9 17 I
233 1132 120 18 betraktande
371 1132 19 18 af
406 1132 50 18 hvad
468 1132 30 23 jag
509 1132 34 17 här
554 1132 56 18 ofvan
622 1131 67 22 anfört,
701 1132 30 17 får
742 1131 30 23 jag
784 1131 106 22 ödmjukast

137 1161 72 22 föreslå,
227 1163 28 16 att
272 1161 115 19 hedervärda
403 1161 137 18 Bondeståndet
558 1161 120 17 tillsammans
696 1159 42 19 med
759 1160 58 23 öfriga
835 1160 54 18 stånd

137 1190 43 18 ville
191 1191 27 17 till
231 1190 53 18 Hans
296 1190 101 23 Kejserliga
409 1190 86 22 Majestät
507 1190 57 18 aflåta
576 1195 21 12 en
610 1189 114 23 underdånig
735 1189 75 23 petition
820 1189 69 18 därom.

410 1249 27 16 att
453 1253 23 12 en
491 1246 106 24 bredspårig
604 1247 82 22 järnväg
699 1247 40 17 med
751 1246 24 22 af
784 1246 107 18 Ständerna

343 1276 86 18 anvisade
441 1276 57 18 medel
509 1276 58 17 under
581 1276 168 17 nästinstundande
762 1274 129 23 finansperiod

342 1305 61 17 säsom
421 1305 97 17 statsbana
535 1304 55 17 mätte
608 1304 66 22 byggas
694 1304 68 17 mellan
783 1303 55 18 Kemi
858 1304 31 16 och

343 1334 115 17 Rovaniemi.

208 1389 121 23 Helsingfors,
341 1389 35 17 den
388 1390 11 16 8
411 1389 79 17 februari
505 1390 47 17 1900.

574 1444 51 30 Hugo
642 1444 53 24 Rich.
711 1444 109 28 Sandberg.

207 1510 185 22 Järnvägsutskottets
405 1509 110 18 betänkande
527 1508 37 18 N:o
576 1508 18 18 2.
