1061 1709
298 155 276 24 Petitionsbetänkande
589 156 43 23 N:o
647 156 40 22 30.
842 156 28 20 25

116 224 52 20 med
184 224 27 20 de
226 225 121 21 tendenser
362 225 7 20 i
380 225 44 21 den
437 226 70 26 ryska
518 226 108 26 politiken
640 228 114 24 gentemot
765 225 106 21 Finland,

117 264 50 14 som
184 258 73 21 under
272 258 43 21 den
337 262 87 18 senaste
444 260 61 20 tiden
523 260 50 20 sökt
588 261 52 25 göra
660 259 33 27 sig
706 259 106 27 gällande
828 259 44 20 och

117 292 79 20 hvilka
219 292 171 21 kännetecknas
411 294 26 20 af
457 293 117 27 yrkandet,
594 296 31 18 att
641 293 111 21 Finlands
768 294 43 19 rätt
830 293 42 25 bör

118 326 54 20 vika
195 326 34 21 för
252 326 50 21 hela
326 326 37 21 det
385 327 69 27 ryska
472 327 69 21 rikets
560 332 172 21 gemensamma
753 327 117 20 intressen.

119 360 126 22 Ständerna
269 360 69 21 hafva
358 361 39 21 vid
420 361 84 21 urtima
519 361 136 27 landtdagen
671 361 90 21 förlidet
775 361 26 21 år
818 360 52 21 med

118 394 163 21 föranledande
304 394 25 21 af
349 395 122 27 Kejserliga
491 395 128 21 manifestet
635 396 44 20 den
695 396 50 26 3/15
761 394 110 22 Februari

120 429 70 20 1899
183 424 14 37 i
205 428 140 28 underdånig
360 429 117 21 skrifvelse
493 430 25 20 af
531 429 43 21 den
590 430 26 20 27
634 430 44 27 Maj
690 436 90 14 samma
796 429 25 20 år
836 428 36 21 för

120 463 64 21 Hans
208 463 122 27 Kejserliga
353 461 103 29 Majestät
476 464 111 21 framstält
602 464 44 20 den
662 463 209 27 rättsuppfattning,

118 503 49 15 som
177 497 7 21 i
194 497 98 21 Finland
301 498 71 26 råder,
384 498 42 20 och
443 499 80 19 uttalat
534 500 30 18 att
576 498 126 20 Ständerna
709 504 54 14 anse
772 498 37 20 det
818 504 53 14 vara

118 531 34 20 sin
170 532 5 19 i
190 538 27 14 en
234 531 69 27 högre
321 531 173 27 verldsordning
513 532 117 26 grundade
648 532 55 27 pligt
719 534 30 18 att
765 531 107 21 fasthålla

118 565 38 20 vid
172 565 43 21 den
232 565 36 27 lag
283 566 44 20 och
339 566 49 24 rätt,
399 572 49 15 som
462 566 25 20 år
499 566 53 20 1809
563 566 138 26 högtidligen
711 566 162 20 tillförsäkrats

119 600 37 21 det
172 600 74 20 finska
262 600 70 20 folket
345 603 31 17 att
391 600 116 27 oförryckt
521 600 134 21 bibehållas.
682 600 80 21 Denna
775 600 99 27 öfverty-

119 634 60 26 gelse
195 634 107 21 omfattas
317 634 114 26 orubbligt
447 634 24 21 af
486 634 108 21 Finlands
610 634 96 21 Ständer
721 635 42 20 och
780 634 55 21 folk.

189 668 42 20 Det
246 669 75 20 finska
337 668 70 22 folket
422 668 110 22 åstundar
546 669 49 21 icke
612 668 68 27 några
698 675 44 20 nya
757 668 116 21 förmåner

120 702 54 20 eller
189 702 132 27 privilegier.
339 703 51 20 Men
405 702 38 21 det
458 703 44 20 kan
519 703 49 21 icke
583 702 57 21 afstå
653 703 49 20 från
714 702 43 21 den
771 702 103 26 fordran,

121 739 31 18 att
164 736 87 21 landets
263 736 95 27 styrelse
366 736 44 21 och
421 737 136 26 förvaltning
569 737 56 20 böra
639 736 61 21 ledas
711 737 68 26 enligt
790 735 83 27 grund-

121 773 78 22 satser,
222 777 49 14 som
295 770 203 21 Öfverensstämma
522 771 50 21 med
594 770 104 27 gällande
718 770 155 26 rättsordning

122 805 43 20 och
191 804 87 21 landets
301 804 70 21 bästa.
408 804 36 21 Att
471 804 54 27 vilja
546 805 116 21 bibehålla
684 804 27 20 de
733 804 139 27 bepröfvade

121 838 169 27 grundvalarna
310 838 35 21 för
362 838 89 21 landets
467 838 175 22 samhällsskick
658 840 25 19 är
698 838 68 27 enligt
783 838 92 21 Utskot-

120 876 42 18 tets
184 874 69 20 tanke
276 873 37 21 det
333 876 58 18 mest
411 874 138 26 berättigade
565 874 100 27 anspråk
681 876 30 18 ett
725 874 60 20 folks
801 880 74 20 repre-

115 907 118 21 sentation
257 908 46 20 kan
325 908 131 20 framställa.
488 908 112 21 Utskottet
618 908 68 26 vågar
702 908 42 21 ock
760 914 54 14 vara
831 908 44 20 för-

117 942 90 32 xissadt
229 942 79 21 derom
331 944 31 19 att
382 942 64 21 Hans
462 942 122 28 Kejserliga
600 942 109 27 Majestät,
726 942 93 27 upplyst
834 948 39 14 om

122 976 126 27 sanningen
264 976 6 21 i
287 976 65 22 dessa
368 976 81 28 frågor,
466 976 49 22 icke
529 976 57 22 skall
597 977 59 27 gifva
670 976 37 22 sitt
720 976 82 27 nådiga
815 982 60 14 sam-

121 1011 66 37 tycke
207 1011 71 28 dertill
295 1013 32 19 att
342 1011 33 21 till
390 1010 74 28 grund
480 1011 34 21 för
530 1011 109 28 Finlands
656 1011 92 27 styrelse
764 1010 62 21 lades
844 1012 30 18 ett

107 1044 4 2 *
121 1044 122 31 program,
251 1050 51 16 som
317 1045 65 27 ginge
398 1047 24 18 ut
439 1045 28 27 på
484 1048 31 18 att
529 1045 33 21 till
578 1045 89 21 förmån
684 1045 35 20 för
733 1047 31 18 ett
774 1045 99 20 förment

116 1071 148 29 "riksintresse
287 1072 151 42 undertrycka
461 1079 37 21 det
521 1079 74 21 finska
614 1076 81 24 folkets
710 1080 50 19 rätt
765 1074 37 25 till
818 1084 54 20 egen

123 1114 92 35 politisk
231 1114 44 20 och
290 1113 99 21 nationel
405 1113 89 30 tillvaro
511 1116 58 19 samt
584 1108 96 26 dermed
692 1114 67 20 äfven
771 1113 103 21 omintet-

122 1147 53 27 göra
199 1148 58 20 detta
281 1148 60 20 folks
364 1147 66 28 lycka
451 1142 44 26 och
510 1148 94 25 välfärd,
620 1147 118 21 drifvande
754 1147 122 21 skaror'af

106 1180 105 22 "landets
234 1182 129 26 kraftigaste
386 1178 148 30 medborgare
556 1181 7 21 i
583 1181 128 27 landsflykt.
743 1181 42 21 Det
804 1180 69 28 ryska

123 1216 69 21 rikets
214 1216 100 26 verkliga
330 1215 109 21 intressen
456 1215 78 21 kunna
547 1216 26 26 ju
588 1216 50 20 icke
653 1213 123 29 befrämjas
791 1220 85 22 genom

123 1257 28 13 en
174 1250 87 28 politik,
282 1256 50 15 som
348 1250 71 20 måste
434 1256 55 14 vara
505 1250 72 26 egnad
592 1251 32 19 att
639 1250 82 27 gväfva
737 1250 27 20 de
779 1249 97 21 känslor

123 1284 26 21 af
160 1284 117 28 uppriktig
288 1284 201 26 tillfredsställelse,
500 1291 49 14 som
561 1284 157 21 erkännandet
729 1284 24 21 af
762 1284 111 20 Finlands

125 1320 43 19 rätt
190 1318 44 21 och
252 1318 136 21 beaktandet
404 1318 25 20 af
441 1318 89 21 landets
545 1319 36 20 väl
597 1318 73 21 under
685 1318 65 21 nittio
766 1318 26 20 år
807 1318 71 20 fram-

124 1352 72 20 kallat
210 1352 43 20 hos
268 1352 37 20 det
321 1351 75 21 finska
411 1351 76 21 folket.

195 1501 132 23 Lagutskottets
339 1500 109 19 betänkande
460 1500 38 18 N:o
510 1500 28 18 17.
