1064 1711
288 159 267 23 Petitionsbetänkande
571 160 40 22 N:o
628 160 34 22 28.
810 162 14 20 3

97 226 65 27 jande.
192 228 10 18 I
224 228 100 19 Preussen
347 229 57 19 kosta
426 229 117 19 stuterierna
565 231 63 17 staten
648 229 74 25 årligen
740 230 110 24 6,250,000

98 256 63 20 mark,

167 284 29 19 Af
215 284 32 19 det
271 285 81 18 anförda
371 286 92 24 framgår,
487 287 29 17 att
538 285 32 19 det
585 286 7 17 i
607 284 82 20 Finland
705 286 31 18 för
750 286 100 25 ifrågava-

99 313 59 18 rande
181 313 89 19 ändamål
293 313 44 19 icke
360 313 60 19 offras
443 320 33 13 ens
498 313 127 19 närmelsevis
649 314 21 18 så
692 314 80 24 mycket
786 315 64 18 som
839 309 15 33 i

99 341 61 19 andra
183 341 74 25 länder,
281 341 36 20 och
340 341 63 20 likväl
418 349 47 12 vore
480 342 137 19 hästkulturen
631 342 41 25 just
688 343 6 18 i
709 342 83 19 Finland
807 343 43 19 med

98 369 43 20 dess
163 369 113 26 högländta,
299 373 53 16 torra
375 370 36 19 och
433 371 77 25 steniga
526 371 134 19 betesmarker
674 371 125 25 synnerligen
816 377 32 20 eg-

98 398 37 19 nad
150 401 29 16 att
201 399 92 19 utveckla
316 405 22 13 en
362 399 38 25 god
422 399 83 24 hästras,
529 399 80 20 hvarför
631 399 36 19 ock
690 399 22 20 de
735 400 25 24 på
775 400 73 19 hästaf-

98 427 45 20 veln
159 427 96 26 nedlagda
271 428 75 19 medlen
362 431 46 16 utan
424 428 72 19 tvifvel
511 428 100 19 härstädes
628 428 63 19 skulle
706 429 87 19 medföra
808 429 41 19 lika

97 458 41 17 stor
161 456 112 19 ekonomisk
296 459 57 22 nytta
376 463 40 12 som
439 459 14 16 t.
470 463 30 13 ex.
520 458 1 17 i
538 457 106 24 Danmark,
660 456 79 20 hvarest
755 464 42 12 man
813 464 34 12 nu-

97 491 52 13 mera
173 491 56 13 anser
244 485 134 20 hästskötseln
393 485 31 20 för
439 492 23 13 en
478 486 21 19 af
513 486 23 19 de
551 488 50 17 mest
616 485 127 26 inbringande
759 487 87 24 närings-

97 520 78 19 grenar.

164 542 32 20 Då
210 542 195 20 fosterlandsvännen
421 543 31 19 för
466 543 121 19 närvarande
602 549 41 13 mer
658 546 24 16 än
696 543 94 25 någonsin
806 543 41 19 förr

97 573 21 17 är
141 571 82 25 skyldig
245 573 29 17 att
293 572 52 18 vaka
368 572 90 19 deröfver
473 574 29 17 att
517 572 43 19 icke
576 578 22 13 en
614 571 48 20 enda
677 572 22 19 af
712 572 47 19 våra
775 572 70 19 ekono-

98 600 63 19 miska
177 600 153 20 inkomstkällor
344 600 26 26 på
384 601 59 25 något
458 600 78 20 område
552 601 30 19 må
597 600 74 20 lemnas
686 600 114 26 obegagnad
811 600 35 20 och

96 629 124 24 outvecklad,
243 629 36 19 och
303 629 24 19 då
349 630 94 19 särskildt
458 630 36 18 vår
517 630 101 19 inhemska
640 629 132 19 landtbästras
788 632 58 22 utgör

96 660 28 16 ett
139 658 124 25 synnerligen
280 658 108 19 värdefullt
406 658 32 20 arf
452 658 42 19 från
510 659 48 19 våra
573 658 91 25 förfäder,
681 658 35 19 och
732 658 32 20 väl
780 658 65 19 skulle

95 686 84 25 förtjena
201 687 159 24 omsorgsfullare
383 687 73 19 skötsel
479 687 35 19 och
537 687 55 24 vård,
615 687 22 19 så
658 687 52 25 våga
731 686 114 20 underteck-

95 714 54 25 nade,
173 715 94 19 särskildt
289 715 6 19 i
318 716 128 19 betraktande
462 715 56 19 deraf
532 719 28 16 att
584 715 107 19 Ständerna
714 716 33 18 vid
770 717 76 17 senaste

95 743 94 25 landtdag
204 749 69 19 genom
289 744 113 25 beviljande
416 745 23 18 af
452 746 28 17 ett
495 744 69 25 rikligt
580 744 165 25 penningeanslag
760 744 85 19 erkände

94 771 169 26 nödvändigheten
287 772 21 19 af
329 773 143 25 nötboskapens
495 773 105 24 förädling,
622 772 35 19 hos
675 772 33 19 det
722 772 122 19 hedervärda

94 800 145 20 Bondeståndet
254 801 73 19 föreslå

299 862 27 14 att
348 859 104 17 Ständerna
472 859 55 17 måtte
543 858 69 22 förena
632 858 28 22 sig
673 863 29 12 om
715 864 22 11 en
748 858 74 22 petition
835 858 7 16 i

231 889 30 18 det
281 890 47 23 syfte
348 894 26 14 att
394 891 23 22 af
429 890 102 18 statsmedel
544 890 54 17 minst
611 889 83 22 100,000
706 890 53 16 mark
773 889 69 23 årligen

231 921 97 24 beviljades
346 923 69 23 utöfver
429 922 22 17 de
464 922 62 20 medel,
545 927 39 12 som
593 921 34 23 för
640 921 118 17 närvarande
770 922 70 16 använ-

231 952 35 18 das
279 954 26 17 till
319 954 113 23 hästafvelns
446 953 136 24 befrämjande;
597 956 47 14 samt

298 988 27 15 att
338 986 55 17 dessa
406 985 59 18 medel
478 986 7 16 i
494 985 83 23 främsta
590 987 76 15 rummet
679 984 53 18 måtte
745 984 97 18 användas

229 1016 26 17 till
274 1018 128 22 anskaffande
421 1017 23 23 af
456 1016 123 23 afvelshästar
592 1016 93 22 äfvensom
698 1016 26 16 till
737 1016 104 22 belöningar

225 1049 34 22 för
271 1049 37 23 god
322 1050 64 16 skötsel
399 1050 32 17 och
444 1049 52 18 vård.

160 1104 131 26 Helsingfors,
307 1104 36 19 den
360 1104 11 19 6
387 1104 95 20 Februari
499 1104 60 20 1900.

195 1172 20 18 J.
227 1172 25 18 H.
264 1171 114 19 Lindholm.
552 1172 20 18 J.
585 1172 24 18 R.
622 1171 119 23 Wuolijoki.

195 1201 24 18 K.
232 1201 30 18 W.
274 1201 100 17 Hollm6n.
550 1201 53 18 Juho
616 1200 88 22 Torppa.

194 1231 53 17 Arno
259 1230 83 17 Reuter.
554 1229 24 18 K.
591 1229 30 18 W.
634 1229 104 18 Koskelin.

195 1259 70 18 Martti
278 1258 106 23 Kyckling.
548 1258 44 18 Uno
606 1257 89 19 Biemer.

159 1394 84 28 Frägan
266 1400 33 16 om
322 1394 72 21 hvilka
417 1394 99 27 ätgärder
539 1400 45 15 som
606 1393 67 21 borde
695 1393 96 27 vidtagas
809 1393 33 21 till

91 1428 144 28 befrämjande
258 1429 22 21 af
300 1429 84 21 landets
406 1428 105 21 hästafvel
532 1428 38 21 har
591 1427 65 22 redan
671 1429 77 20 tvänne
763 1427 79 28 gänger

90 1464 55 21 varit
167 1463 89 22 föremäl
271 1463 33 22 för
321 1463 134 27 omsorgsfull
472 1463 98 27 pröfning
585 1463 23 21 af
622 1462 33 22 för
670 1463 58 21 detta
743 1463 99 21 ändamäl

160 1510 183 17 Ekonomiutskotteis
356 1509 110 18 betänkande
479 1509 34 18 N:o
525 1510 29 17 13.
