1061 1709
304 138 268 24 Petitionsbetänkande
587 140 41 22 N:o
644 140 35 22 28.
826 142 24 20 11

129 202 30 27 År
183 207 53 22 1897
257 214 51 15 voro
324 208 89 21 sålunda
428 209 13 21 5
454 208 84 22 distrikt
554 209 6 21 i
576 208 106 22 afsaknad
698 208 23 22 af
734 204 146 37 kronohingst,

128 242 25 21 år
168 241 55 23 1898
238 242 13 21 8
267 242 86 22 distrikt
368 243 38 21 och
423 243 24 20 år
465 242 52 22 1899
533 242 103 22 likaledes
652 244 12 20 8
680 244 91 21 distrikt.
795 244 41 21 För
850 246 31 19 att

120 276 82 27 -belysa
216 276 54 21 huru
286 276 61 26 ringa
362 277 34 20 del
411 276 22 21 af
447 277 48 21 hela
510 278 80 20 antalet
606 277 36 26 föl,
658 283 45 15 som
716 278 117 21 tillsvidare
841 278 39 21 fal-

128 310 25 21 lit
176 309 52 22 efter
251 311 168 26 kronohingstar,
443 311 38 20 har
497 311 110 22 Utskottet
625 312 57 20 velat
698 311 74 22 anföra
787 311 93 27 följande

128 344 66 21 tabell
216 343 46 22 från
284 345 50 21 åren
358 345 146 26 1897—1899,
528 345 134 27 upptagande
685 345 46 22 dels
746 346 80 21 antalet
842 346 36 25 föl,

129 378 65 21 falloa
217 379 53 20 efter
293 379 26 21 de
334 379 103 26 hingstar,
455 385 32 15 om
504 379 70 21 hvilka
590 385 122 21 noggranna
727 380 106 27 uppgifter
848 381 30 20 in-

127 413 90 21 lemnats
232 413 31 21 till
279 413 145 22 instruktören
440 413 33 22 för
488 413 125 26 hästafveln,
630 413 45 22 dels
688 413 35 22 det
735 415 48 20 med
794 414 85 28 ledning

130 447 62 22 häraf
206 447 122 22 beräknade
344 449 57 20 antal
416 447 37 28 föl,
470 448 66 22 fallna
552 447 54 22 efter
622 448 42 21 alla
678 448 169 27 kronohingstar.

320 536 55 30 Antal
387 528 63 39 hing-/
733 521 2 37 |
834 553 6 5 .
876 529 1 11 |

200 570 32 21 Ae
312 565 32 39 ER
344 563 99 45 öra
459 552 30 40 d
493 551 229 67 kd
753 541 124 63 ven

126 617 2 29 |
345 604 65 31 ingått.
448 618 1 28 |
532 611 3 4 N
589 619 2 28 |
733 622 2 31 |
876 609 2 61 |

302 663 2 27 |
446 662 1 9 |
589 676 1 8 ;
731 661 3 46 |
876 672 1 21 |

188 695 54 22 1897
302 691 2 16 |
361 696 26 21 71
445 684 2 46 |
490 696 61 26 1110
589 696 2 27 |
648 695 28 21 %
777 697 60 21 1,435

188 731 54 21 1898
302 709 2 63 |
360 732 27 21 62
444 739 1 3 |
489 733 61 26 1165
588 725 1 43 |
646 733 28 20 92
776 733 61 24 1.713
876 706 1 55 |

188 767 54 22 1899
301 776 1 8 |
359 768 29 21 64
445 767 2 28 |
490 770 61 25 1,164
588 774 1 19 |
646 769 26 20 97
729 709 4 88 |
776 769 61 23 1,764
876 762 1 6 |

301 787 2 8 i

192 831 37 21 Att
254 831 205 26 kronohingstarnes
481 833 58 20 antal
556 831 116 28 ingalunda
688 838 36 14 ens
740 831 136 22 närmelsevis

123 866 41 21 kan
188 866 114 27 tillgodose
322 867 83 20 landets
421 867 65 20 behof
500 867 22 21 af
536 867 84 26 dugliga
636 867 162 26 afvelshingstar
815 866 61 21 faller

122 901 25 20 af
161 901 32 26 sig
208 901 62 27 sjelft,
290 901 26 21 dä
332 901 65 26 enligt
412 907 25 15 en
453 901 23 22 af
490 901 92 22 komitön
590 901 23 21 af
620 901 23 21 är
653 901 55 22 1880
716 900 108 27 uppgjord
831 900 46 22 kal-

125 935 42 28 kyl,
196 935 34 21 för
258 937 32 20 att
321 935 136 22 häststocken
487 936 47 21 icke
563 935 54 22 skall
645 936 99 26 minskas,
769 935 107 21 erfordras

125 970 64 21 minst
213 971 61 24 1,200
297 970 170 26 afvelshingstar.
498 970 39 21 Till
560 971 104 26 fyllandet
686 970 22 21 af
729 971 59 20 detta
811 969 67 22 behof

125 1004 88 27 bidraga
224 1005 124 26 visserligen
360 1004 45 21 dels
416 1004 13 21 ä
441 1005 162 21 trafvarebanan
614 1005 129 26 prisbelönta
756 1005 46 20 dels
810 1005 66 20 andra

126 1039 82 26 privata
219 1045 102 20 personer
333 1039 38 21 och
385 1038 122 27 föreningar
515 1039 109 26 tillhöriga
633 1039 77 26 hästar,
720 1045 47 15 men
777 1038 25 21 dä
812 1039 63 20 emel-

125 1073 62 21 lertid
198 1073 56 27 enlig
268 1073 185 26 Utskottetsäsigt
461 1073 286 27 kronohingstinstitutionen
755 1073 119 26 säkerligen

124 1107 28 27 pä
164 1109 30 20 ett
206 1108 84 27 mycket
302 1107 108 22 verksamt
421 1109 43 20 sätt
477 1107 91 28 bidragit
578 1107 33 22 till
622 1107 100 28 höjandet
731 1107 22 21 af
760 1107 40 21 den
809 1107 67 21 finska

123 1142 121 21 hästafveln
256 1142 39 21 och
308 1142 28 21 dä
349 1142 142 21 allmänheten
503 1142 68 21 bättre
583 1142 67 21 mäste
662 1148 61 15 anses
737 1148 50 15 varu
795 1141 81 27 betjent

121 1177 28 21 af
161 1177 165 27 kronohingstar
341 1179 26 18 än
381 1177 22 20 af
413 1177 82 26 privata
508 1183 101 21 personer
621 1177 114 26 tillhöriga,
745 1177 87 20 emedan
841 1176 35 21 be-

126 1211 100 26 täckning
238 1211 80 21 medels
330 1211 60 21 dessa
399 1217 74 15 senare
481 1211 44 22 ofta
535 1213 22 19 är
565 1211 89 21 förenad
662 1211 47 20 med
720 1211 100 26 temligen
832 1212 44 19 stor

125 1245 98 26 kostnad,
232 1245 65 22 borde
306 1245 69 22 denna
380 1245 121 21 institution
508 1245 148 26 understödjas
664 1245 47 21 med
718 1245 83 26 mycket
809 1246 67 20 större

126 1279 76 27 belopp
227 1281 26 19 än
276 1279 76 22 hittills
374 1279 54 21 varit
452 1279 65 22 fallet.
547 1279 73 22 Under
642 1279 151 26 förutsättning
808 1279 23 20 af
845 1281 32 19 att

123 1314 34 21 till
178 1313 164 28 kronohingstar
362 1314 110 26 uppköpas
488 1315 74 20 endast
576 1314 80 25 hästar,
672 1313 71 22 hvilka
757 1314 33 20 väl
806 1314 70 25 lämpa

124 1348 33 25 sig
179 1347 32 21 till
233 1348 130 25 betäckning
385 1347 22 21 af
429 1347 96 21 flertalet
546 1348 56 20 inom
626 1347 108 21 distriktet
749 1347 127 26 förefintliga

125 1381 140 26 landthästar,
288 1382 38 20 har
341 1381 112 22 Utskottet
468 1384 75 23 ansett,
560 1383 32 19 att
607 1381 203 28 kronohingstarnes
818 1381 57 20 antal

124 1416 67 21 borde
214 1415 51 22 ökas
288 1416 128 21 ätminstone
439 1416 32 21 till
494 1417 42 21 200
551 1416 39 21 och
606 1416 26 26 pä
647 1416 68 26 grund
732 1415 61 21 häraf
807 1415 69 21 denna

124 1450 134 28 anslagsnost
273 1450 128 22 åtminstone
416 1450 131 22 fördubblas.

192 1496 184 18 Ekonomiutskottets
388 1496 110 18 betänkande
514 1496 36 18 N:o
563 1496 27 18 13.
