1061 1714
187 137 28 28 2

181 192 118 19 lärarinnors
317 194 37 16 rätt
369 192 29 18 till
411 192 195 23 tjensteärsberäkning
625 192 29 18 vid
667 192 95 23 öfvergäng
774 192 26 18 till
812 193 68 17 statens

181 221 54 23 tjenst
252 222 46 17 samt
315 226 29 12 om
356 221 159 22 privatskollärares
527 221 123 22 delaktighet
643 216 9 32 i
663 220 105 19 skoistatens
781 221 54 18 enke-
848 221 32 17 och

180 249 107 23 PUPIlkassa
304 263 4 4 <
332 262 5 5 s
361 263 4 4 s
390 263 3 4 s
418 263 32 4 sm
477 263 62 4 Cam
564 245 14 31 SS
592 245 17 31 KK
621 263 4 4 5
650 263 32 4 LR
707 263 31 4 IR
761 262 6 5 €

318 277 86 18 Finlands
415 278 83 17 Ständers
511 277 116 23 underdäniga
639 278 76 22 petition.

249 335 94 19 Allmänna
360 335 169 19 Besvärsutskottets
545 336 108 18 betänkande
671 335 33 19 N:o
715 336 12 18 2
738 336 7 18 i
757 336 95 23 anledning
864 337 19 18 af

181 365 27 18 ett
219 365 6 17 i
236 365 131 18 Bondeständet
384 365 52 18 väckt
447 364 147 23 petitionsförslag
605 370 29 12 om
646 365 114 18 anskaffande
772 365 19 18 af
804 366 25 17 ett
840 365 43 24 äng-

181 394 58 23 fartyg
256 394 28 18 för
299 395 50 22 post-
360 394 34 17 och
408 393 209 24 passageraretrafikens
628 394 125 22 förmedlande
765 395 56 17 under
832 400 50 12 men-

181 423 71 18 förestid
265 422 76 19 emellan
352 423 46 18 fasta
410 422 59 18 landet
479 423 32 18 och
520 416 62 25 Åland
593 422 49 18 öfver
652 419 78 31 Gustafs,
735 423 78 46 a
824 423 59 18 Kum-

181 451 48 23 linge
241 451 32 18 och
285 451 58 18 Värdö
355 451 73 18 socknar
449 465 4 4 .
506 465 4 4 5

319 479 82 19 Finlands
412 479 84 19 Ständers
507 461 118 47 underdåniga
637 461 76 47 petition.

251 537 92 18 Allmänna
361 537 160 18 Besvärsutskottet
538 537 108 18 betänkande
664 537 34 19 N:o
713 538 11 17 3
741 537 6 18 i
759 537 95 24 anledning
865 539 18 17 af

183 567 25 17 ett
219 565 6 18 i
237 566 125 23 Ridderskapet
379 566 32 17 och
427 566 56 18 Adeln
497 566 49 18 väckt
558 566 147 23 petitionsförslag
716 572 29 12 om
757 566 127 19 förbättrandet

183 595 18 18 af
213 595 156 23 undervisningen
380 595 10 17 i
400 595 157 17 naturalhistoria
569 595 28 17 vid
609 595 68 18 landets
689 595 60 22 lyceer
764 609 3 4 .
878 609 4 4 N

251 652 94 19 Allmänna
362 652 169 18 Besvärsutskottets
546 652 109 18 betänkande
673 653 33 18 N:o
717 653 12 17 4
740 652 7 18 i
759 652 94 24 anledning
865 654 18 16 af

183 681 83 19 särskilda
277 682 6 17 i
295 681 131 19 Bondeständet
441 677 61 31 väekta
512 677 156 31 Petitiousförslag
676 687 28 13 om
716 682 137 18 föranstältände
865 682 19 18 af

183 710 148 23 undersökningar
348 710 73 18 rörande
439 710 23 18 de
479 710 54 18 under
549 710 41 18 åren
602 710 91 19 1898—99
705 710 5 18 i
721 710 60 19 landet
793 710 90 19 inträffade

183 739 196 23 öfversvämningarna
390 740 33 17 och
435 744 28 12 om
476 739 103 23 vidtagande
589 740 19 17 af
620 740 6 17 i
635 740 84 18 samband
729 740 72 18 dermed
812 740 72 18 stående

183 768 80 24 åtgärder
278 782 5 4 .

251 825 94 19 Allmänna
362 824 168 19 Pesvärsutskottets
548 825 112 18 Betänkande
672 825 33 18 N:o
717 826 11 17 5
740 826 5 17 i
757 821 95 41 anledning
863 826 19 18 af

183 855 26 17 ett
219 854 7 18 i
237 854 149 23 Borgareständet
404 854 50 18 väckt
471 854 146 23 petitionsförslag
634 860 29 12 om
675 856 37 16 rätt
723 854 31 22 för
767 854 69 24 gvinna
851 856 31 19 att,

183 884 43 17 utan
237 883 62 19 hinder
310 883 19 18 af
340 883 30 17 sitt
382 882 39 21 kön,
433 882 63 23 utöfva
508 883 142 23 apotekareyrket
791 898 61 4 eine

319 911 85 19 Finlands
415 912 83 18 Ständers
509 912 119 23 underdäniga
640 912 76 23 petition.

251 970 94 18 Allmänna
362 970 169 18 Besvärsutskottets
549 970 108 18 betänkande
675 970 32 18 N:o
720 970 11 18 6
742 970 6 18 i
760 970 94 23 anledning
866 971 18 18 af

183 999 26 17 ett
219 999 7 17 i
237 998 132 18 Bondeständet
387 998 51 18 väckt
455 998 146 24 petitionsförslag
615 1004 28 12 om
656 998 105 19 inrättandet
772 1000 19 17 af
802 1000 83 22 sjörädd-

183 1026 146 24 ningsstationer
339 1027 6 17 i
356 1027 69 18 landets
442 1027 90 23 ostligaste
548 1028 114 18 kustsocknar
677 1041 4 4 .
763 1041 32 5 Ana
878 1042 3 4 «

251 1085 94 18 Allmänna
362 1085 170 18 Besvärsutskottets
548 1086 108 18 betänkande
674 1085 33 18 N:o
720 1086 10 17 7
742 1086 6 17 i
760 1085 94 24 anledning
865 1087 19 17 af

184 1115 25 17 ett
220 1114 6 18 i
238 1114 130 18 Bondeständet
386 1114 51 18 väckt
448 1113 148 23 petitionsförslag
607 1118 28 13 om
650 1114 89 18 ordnande
751 1119 63 18 genom
826 1114 28 24 lag
866 1115 19 17 af

183 1143 126 23 vintergjöjart
321 1142 9 18 i
340 1142 64 24 farled,
417 1143 50 17 öfver
478 1142 70 18 hvilken
561 1142 90 23 vinterväg
662 1144 20 16 är
693 1143 75 23 anlagd.
793 1157 4 4 .
822 1156 4 6 .
850 1157 4 4 .

320 1172 83 18 Finlands
416 1172 83 18 Ständers
512 1172 117 22 underdäniga
641 1172 76 22 petition.

251 1228 94 19 Allmänna
362 1228 169 19 Besvärsutskottets
548 1228 109 19 betänkande
668 1228 34 19 N:o
713 1230 12 17 8
742 1229 6 18 i
760 1229 94 24 anledning
866 1230 19 18 af

184 1258 25 16 ett
223 1258 6 16 i
242 1258 146 21 Borgareständet
406 1258 50 16 väckt
473 1258 147 22 petitionsförslag
637 1262 29 12 om
684 1258 75 21 höjande
776 1258 19 16 af
813 1258 70 17 statsbi-

183 1286 61 22 draget
254 1285 27 17 till
293 1285 159 23 folkskollärarnes
464 1286 33 16 och
509 1285 145 18 lärarinnornas
663 1286 26 22 pä
701 1285 60 18 landet
771 1286 84 23 aflöning
861 1287 17 21 +)

320 1313 87 19 Rättelser
418 1314 28 17 till
456 1318 69 14 samma
536 1314 114 18 betänkande.

252 1424 16 23 +)
280 1423 23 19 Se
320 1424 92 18 Statsutsk.
430 1423 34 19 bet.
483 1424 33 18 N:o
528 1425 11 17 4
551 1423 6 18 i
568 1423 35 19 anl.
621 1425 19 18 af
657 1425 40 18 nåd.
709 1430 48 18 prop.
770 1425 34 18 N:o
816 1425 22 18 25
850 1425 33 18 och

184 1452 105 19 Ständernas
301 1453 73 18 underd.
386 1458 40 13 svar
438 1453 11 18 å
460 1453 53 23 sagda
525 1453 110 23 proposition.

915 249 18 18 2

918 770 11 17 oi

919 1144 16 19 8.

918 1287 18 18 9.
