1064 1714
191 144 32 36 50
424 149 250 22 Petitionsbetänkande
688 149 38 22 N:o
742 148 33 23 26.

265 219 44 21 Det
324 220 6 20 i
346 218 203 28 petitionsförslaget
567 220 26 20 10
608 219 102 27 ingäende
731 219 105 27 yrkandet
857 218 28 27 pä
906 220 43 19 rätt

195 253 33 21 till
247 253 233 27 tjensteärsberäkning
498 254 34 21 för
550 254 26 21 de
596 253 84 27 privata
701 253 156 22 samskolornas
880 252 69 22 lärare

195 288 38 21 och
257 288 120 21 lärarinnor
399 288 36 20 vid
458 288 115 27 öfvergäng
596 288 32 20 till
650 290 81 19 statens
746 288 66 26 tjenst
826 287 40 21 har
880 286 69 22 icke
935 282 16 38 i

195 322 58 22 detta
275 322 152 27 sammanhang
449 322 105 22 föranledt
576 323 68 26 nägon
668 322 75 28 ätgärd
764 322 48 22 frän
827 321 121 22 Utskottets

194 357 53 27 sida,
269 357 135 21 alldenstund
419 356 113 23 Utskottet
546 358 65 21 redan
627 357 96 27 tidigare,
740 358 6 20 i
762 357 36 21 sitt
814 356 134 22 betänkande

194 391 40 21 N:o
252 393 17 25 1,
285 392 56 21 varit
356 392 7 20 i
378 391 82 21 tillfälle
475 394 32 19 att
521 393 7 20 i
544 393 35 20 det
593 392 23 20 af
630 392 139 26 petitionären
781 391 93 21 önskade
885 390 63 28 syftet

193 425 79 23 föreslä
289 433 24 15 en
330 426 96 26 petition,
450 432 44 15 som
512 426 78 28 jämväl
605 426 69 22 blifvit
689 426 23 22 af
725 426 121 21 Ständerna
860 425 87 21 afläten.

261 559 138 27 Helsingfors,
416 558 22 22 af
452 558 112 22 Allmänna
578 558 202 26 Besvärsutskottet,
801 558 40 22 den
858 558 13 21 6
887 558 60 27 April

196 594 61 21 1900.

261 698 10 20 I
287 698 99 21 ärendets
401 697 132 26 behandling
549 698 62 21 hafva
626 697 89 27 deltagit
730 697 142 21 ordföranden
883 696 64 21 Auvi-

192 739 47 19 nen,
261 731 146 22 ledamöterne
430 731 152 27 Wallensköld,
605 731 33 21 W.
655 731 91 26 Ramsay
767 731 91 26 (delvis),
882 730 66 21 Törn-

192 772 57 21 gren,
265 766 26 21 U.
308 765 104 27 Lindelöf,
429 766 23 20 E.
468 765 112 27 Bergroth,
596 765 100 21 Hannula
712 765 92 27 (delvis),
820 765 126 27 Forsström,

192 800 95 22 Andstén
304 800 91 27 (delvis),
411 800 107 21 Sundwall
535 800 91 28 (delvis),
641 800 96 26 Pentzin,
748 800 96 21 Halonen
856 799 90 27 (delvis),

192 835 119 27 Huoponen
334 834 92 28 (delvis),
450 834 113 27 Leppänen
580 834 105 26 (Libelits)
702 834 39 21 och
757 834 121 26 Lindegrén
893 837 54 18 samt

191 869 141 27 suppleanten
348 869 92 21 Neovius
455 868 108 22 äfvensom
579 868 66 22 delvis
660 868 164 27 suppleanterne
834 868 24 21 A.
870 868 77 21 Ceder-

191 904 63 26 holm,
271 904 24 21 G.
312 904 126 26 Schauman,
454 903 130 27 Vartiainen,
597 903 111 26 Mattsson,
719 903 111 27 Borenius,
841 902 104 22 Wihonen

191 938 40 22 och
247 938 22 22 F.
285 938 111 22 Taskinen.

317 1511 101 16 Helsingfors,
429 1510 57 13 Finska
496 1511 177 16 Litteratursällskapets
683 1511 70 16 tryckeri,
765 1511 39 14 1900.
