1061 1703
322 153 249 23 Petitionsbetänkande
585 153 39 23 N:o
639 154 21 22 2.
823 156 14 21 3

319 219 30 18 att
364 218 66 19 lärare
445 218 35 19 och
496 218 116 20 lärarinnor
626 218 83 24 beviljas
723 218 96 25 rättighet
836 219 29 19 att

251 246 8 19 i
282 246 35 19 och
331 246 33 23 för
378 245 114 26 åtnjutande
506 247 27 24 af
543 246 158 25 löneförhöjning
715 247 35 19 vid
764 246 101 25 blifvande

253 275 58 24 tjenst
327 275 8 19 i
349 275 108 19 statsskola
473 275 35 20 och
522 275 33 24 för
569 274 113 21 erhållande
697 275 25 24 af
729 275 86 25 pension
829 275 35 20 vid

251 303 163 25 afskedstagande
433 303 45 24 från
500 304 109 24 statstjenst
623 309 42 14 som
680 303 93 24 tjensteår
788 303 21 24 få
823 304 42 19 till-

252 332 114 24 godoräkna
388 332 30 24 sig
441 332 45 20 hela
509 332 35 19 den
559 331 36 25 tid,
610 338 43 13 som
668 332 22 19 de
706 332 110 25 tjensigjort
831 332 35 19 vid

247 360 127 25 privatskola
389 360 9 20 i
412 360 110 20 allmänhet
543 361 49 19 eller
608 360 117 20 åtminstone
740 361 35 19 vid
789 360 26 24 af
824 362 41 18 sta-

252 390 32 18 ten
305 389 164 20 subventionerad
489 389 259 25 kommunalborgareskola,
762 389 66 20 såvidt
843 389 22 19 de

252 418 61 25 enligt
334 418 93 24 gällande
449 418 114 24 fordringar
577 418 32 24 för
623 418 59 24 tjenst
701 418 8 19 i
723 418 143 20 statsläroverk

251 448 35 18 äro
302 446 67 20 dertill
384 447 129 24 kompetenta,
528 450 53 16 samt

321 476 29 18 att
366 476 66 19 lärare
447 476 87 20 anställd
549 476 34 20 vid
594 475 126 25 privatskola
734 475 77 20 beredes
825 474 40 20 till-

252 504 49 24 fälle
317 506 29 17 att
360 504 63 25 blifva
438 504 87 26 delaktig
539 505 9 19 i
562 504 236 20 skollärarenes
713 500 11 34 i
734 504 64 20 landet
811 504 54 19 enke-

253 534 34 19 och
298 533 136 26 pupillkassa.

184 591 133 26 Helsingfors
332 591 39 20 den
387 592 11 19 5
414 591 99 20 Februari
530 592 59 20 1900.

184 659 17 22 J.
218 659 22 22 L.
257 658 99 24 Pentzin.
577 659 75 23 Alfred
668 658 129 24 Carlström.

185 837 83 27 Frägan
289 843 33 16 om
340 837 156 23 förbättrandet
510 838 40 21 och
565 836 126 28 tryggandet
705 836 23 22 af
741 835 126 28 privatskol-

117 872 96 22 lärarnes
235 872 138 22 ekonomiska
394 872 101 28 ställning
510 872 38 22 har
563 872 66 22 redan
644 871 35 22 vid
694 872 77 21 tvenne
785 870 82 28 föregä-

118 907 53 21 ende
193 906 127 28 landtdagar
343 906 79 28 utgjort
436 907 90 21 föremäl
540 907 33 21 för
588 906 130 22 Ständernas
733 904 135 28 behandling.

117 940 41 23 Vid
182 941 55 22 1885
258 941 35 22 års
315 941 101 27 landtdag
431 941 155 27 petitionerade
601 940 118 22 Ständerna
735 940 72 21 därom
822 941 47 25 ,att

117 976 69 22 lärare
197 976 40 21 och
246 976 127 26 lärarinnor,
389 976 72 21 hvilka
476 976 95 27 fullgjort
586 975 56 21 hvad
656 980 46 16 som
717 973 108 23 erfordras
835 973 34 21 för

118 1010 123 27 kompetens
263 1010 33 21 till
318 1010 134 26 läraretjenst
467 1010 6 21 i
489 1012 81 19 statens
593 1009 78 26 skolor,
690 1008 33 21 för
737 1007 132 22 lärareverk-

117 1044 82 21 samhet
220 1044 35 21 vid
275 1044 69 27 privat
358 1044 104 26 läroverk,
478 1049 46 16 som
538 1044 45 21 stär
598 1043 67 20 under
679 1042 101 21 inseende
795 1041 24 21 af
832 1036 37 25 Öf-

117 1077 141 28 verstyrelsen
273 1078 34 22 för
322 1078 148 21 skolväsendet
485 1077 39 22 och
541 1077 63 22 hvars
618 1077 95 26 läroplan
729 1076 39 21 och
783 1075 86 27 stadgar

119 1112 22 22 af
155 1112 131 27 Regeringen
301 1112 113 28 godkänts,
430 1112 66 22 måtte
510 1112 34 21 vid
556 1111 92 22 skeende
658 1110 115 27 öfvergång
783 1109 33 22 till
826 1110 43 21 sta-

119 1149 46 20 tens
188 1147 65 27 tjenst
275 1147 117 27 berättigas
406 1148 33 21 att
453 1147 8 21 i
476 1146 99 23 afseende
590 1145 13 22 å
618 1145 101 27 rättighet
733 1145 33 21 till
781 1144 88 27 pension

119 1182 32 26 sig
165 1182 156 26 tillgodoräkna
336 1182 100 26 antingen
451 1182 43 20 alla
509 1181 25 21 de
549 1180 101 28 tjensteår
668 1180 26 21 de
709 1180 48 21 med
772 1181 97 19 närmare

119 1216 98 22 faststäld
239 1216 282 27 undervisningsskyldighet
542 1216 76 21 verkat
630 1214 36 22 vid
682 1214 76 22 sådant
772 1213 98 22 läroverk

119 1250 57 27 eller,
200 1257 34 15 om
249 1251 60 21 detta
323 1250 47 22 icke
386 1251 42 21 kan
443 1250 95 27 beviljas,
554 1250 127 21 åtminstone
696 1250 31 20 ett
742 1248 129 27 begränsadt

120 1285 59 22 antal
201 1285 108 27 tjensteår,
331 1284 121 28 förslagsvis
474 1284 100 22 femton".
604 1284 10 20 I
636 1282 113 27 anledning
764 1282 23 21 af
801 1282 70 21 denna

119 1319 90 26 petition
231 1319 123 21 utfärdades
377 1318 54 22 Nåd.
454 1318 146 26 Kungörelsen
623 1316 23 22 af
664 1316 40 21 den
720 1316 12 21 7
749 1316 42 26 Maj
808 1314 61 26 1888,

119 1352 85 21 hvilken
219 1352 117 26 medgifver
351 1351 58 26 dylik
419 1351 101 26 rättighet
534 1350 31 21 till
581 1349 228 27 tjensteårsberäkning
824 1348 7 21 i
841 1348 30 21 af-

120 1386 77 22 seende
219 1386 13 21 å
255 1386 96 27 pension,
369 1391 47 16 men
432 1384 56 22 blott
502 1385 33 20 för
550 1383 81 22 hälften
646 1383 23 21 af
682 1383 138 26 tjenstetiden
834 1381 36 22 vid

121 1421 70 28 privat
205 1420 98 22 läroverk
318 1420 39 21 och
372 1420 46 21 icke
434 1419 83 22 utöfver
531 1418 31 23 tio
578 1418 30 22 år.
631 1417 110 22 Anseende
752 1417 68 21 denna
830 1416 41 21 lös-

120 1456 51 27 ning
185 1455 23 22 af
221 1455 75 28 frågan
313 1453 214 27 otillfredsställande,
542 1452 154 29 petitionerade
707 1451 120 23 Ständerna
836 1450 36 22 vid

190 1496 101 18 Allmänna
303 1494 172 19 Besvärsutskottets
487 1493 110 19 betänkande
608 1492 34 19 N:o
655 1493 15 17 1.
