1106 1745
344 141 277 24 Petitionsbetänkande
636 143 43 22 N:o
695 128 34 37 14.
844 143 39 21 151

156 210 152 21 Jaakonvaara
329 211 39 20 och
390 211 109 26 Sokojärvi
516 212 51 26 byar
582 211 31 21 till
627 211 82 27 Lieksa,
725 211 39 22 och
779 211 86 22 komme
881 211 33 21 så-

159 244 67 21 lunda
249 246 31 19 att
301 245 27 26 på
343 251 26 14 en
384 245 83 21 sträcka
481 245 24 20 af
518 245 88 26 ungefär
621 245 28 21 60
664 245 35 20 km
716 245 127 27 genomlöpa
857 245 57 21 trak-

159 280 39 23 ter,
213 278 71 21 hvilka
299 279 49 20 med
363 278 98 21 afseende
477 279 12 20 å
504 279 53 21 både
569 279 99 26 jordmån
684 279 39 21 och
735 279 114 21 folktäthet
864 279 51 21 höra

158 312 33 21 till
206 313 26 20 de
248 314 100 25 svagaste
362 313 6 19 i
385 314 58 19 östra
457 313 96 21 Finland.
584 313 47 21 Den
647 313 32 20 för
689 312 161 27 ifrågavarande
863 313 50 21 ban-

158 345 36 22 del
209 347 58 20 inom
282 347 28 20 20
325 347 35 20 km
376 346 84 21 afstånd
475 347 45 21 från
537 347 69 22 banan
622 346 127 27 förefintliga
763 346 150 27 folkmängden

159 380 70 22 skulle
244 381 73 26 uppgå
331 381 76 21 endast
421 381 31 21 till
467 382 67 26 några
549 381 59 22 tiotal
623 381 27 27 på
665 381 175 24 bankilometern.

228 415 49 21 Med
292 415 86 21 hänsikt
393 415 30 22 till
439 416 26 21 de
481 423 26 14 nu
525 415 87 22 anförda
626 415 159 25 förhållandena
800 416 68 21 måste
879 422 35 15 en-

158 449 41 28 ligt
221 449 123 22 Utskottets
366 450 117 27 majoritets
506 450 63 21 tanke
592 450 112 26 erkännas;
723 451 31 20 att
769 450 42 26 det,
827 450 48 21 sedt
889 456 26 15 ur

159 483 50 22 hela
223 483 83 22 landets
323 484 113 27 synpunkt,
445 491 51 14 vore
512 487 31 19 ett
554 485 120 26 missgrepp
685 486 32 20 att
726 484 99 22 förbinda
837 484 77 27 planen

158 525 36 14 om
211 518 104 22 Karelska
335 519 80 21 banans
431 519 132 27 utdragande
579 519 30 21 till
624 519 93 21 Nurmes
732 519 49 21 med
796 519 26 20 de
838 518 76 27 ifråga-

159 553 95 21 varande
270 553 120 22 trakternas
400 553 265 22 kommunikationsbehof.
688 553 42 21 För
741 555 32 19 att
784 553 27 21 nä
821 553 93 21 Nurmes

158 587 43 22 blir
216 587 36 22 det
267 588 106 26 nämligen
389 588 7 21 i
411 588 76 21 sådant
501 588 35 21 fall
552 588 74 27 nödigt
641 590 36 23 att,
693 588 71 26 såsom
780 588 26 21 de
821 588 7 20 i
838 588 79 26 nådiga

159 621 163 28 propositionen
345 621 124 22 meddelade
491 622 136 27 uppgifterna
647 621 184 28 vidhandengifva,
845 622 70 27 bygga

159 656 60 25 205,4
234 655 35 22 km
282 656 96 27 järnväg,
388 656 75 21 medan
479 657 96 20 däremot
591 656 35 21 vid
637 656 56 21 valet
702 655 24 22 af
733 656 98 21 Joensuu
844 656 71 21 säsom

160 690 164 27 utgängspunkt
330 690 39 21 och
377 697 26 14 en
412 691 121 26 sträckning
541 693 58 18 öster
606 697 34 14 om
649 690 119 27 Pielisjärvi
776 690 38 27 sjö,
825 696 26 15 en
864 690 51 21 ban-

159 724 65 27 längd
240 724 22 21 af
276 725 57 25 160,3
348 725 35 20 km
399 731 50 15 vore
465 725 117 27 tillräcklig.
597 725 10 20 I
622 724 57 22 förra
694 719 58 27 fallet
767 723 106 22 erfordras
889 730 26 15 en

160 759 92 21 kostnad
263 758 22 21 af
291 759 45 20 icke
344 759 82 21 mindre
433 761 26 19 än
474 759 124 26 15,458,000
608 759 66 25 mark,
685 759 77 21 medan
772 759 143 20 kostnaderna

159 792 34 22 för
209 793 36 21 det
260 799 75 15 senare
350 793 134 22 alternativet
496 794 71 27 uppgå
577 793 30 21 till
621 793 124 26 12,050,000
756 792 65 27 mark,
831 792 84 21 hvadan

160 827 78 21 endast
252 827 39 21 och
307 827 90 21 allenast
412 827 109 22 skilnaden
537 828 6 21 i
555 828 91 21 kostnad
656 827 83 27 uppgår
752 827 31 21 till
793 833 26 15 en
833 833 82 15 summa

159 861 23 21 af
204 861 110 25 3,408,000
337 862 66 24 mark,
426 862 82 20 således
532 864 31 18 ett
585 862 50 26 pris,
658 861 90 28 ungefär
766 861 150 21 motsvarande

159 895 57 21 hvad
239 901 46 15 som
312 902 50 14 vore
385 894 134 28 erforderligt
540 896 33 20 för
596 896 121 26 byggandet
738 894 23 22 af
777 901 26 15 en
823 894 91 22 särskild

160 928 128 28 smalspårig
306 929 55 21 bana
375 928 46 22 från
437 929 93 21 Värtsilä
545 930 31 20 till
591 930 104 21 Ilomantsi
710 929 102 27 kyrkoby.
841 929 75 20 Bättre

160 965 28 19 än
204 963 7 21 i
226 963 78 26 många
318 963 66 21 andra
400 963 57 22 delar
472 963 23 21 af
508 964 72 21 landet
595 964 68 21 skulle
675 963 47 27 just
732 963 7 21 i
749 969 65 15 norra
824 962 92 21 Karelen

160 1004 27 14 en
204 997 55 22 bana
274 997 22 21 af
310 997 97 27 billigare
421 1000 36 25 typ
473 1004 51 15 vara
539 998 49 21 fullt
603 998 99 26 betingad
718 997 23 22 af
755 997 25 21 de
795 997 68 21 lokala
873 996 42 22 för-

160 1031 133 27 hållandena,
308 1038 50 15 men
373 1031 27 22 då
413 1032 48 21 icke
476 1038 38 15 ens
530 1033 65 26 något
609 1027 102 32 förslag
701 1023 14 41 i
727 1031 76 22 sådant
817 1031 99 21 afseende

160 1067 122 26 föreligger,
305 1067 37 20 har
365 1066 112 22 Utskottet
497 1067 18 27 ej
532 1067 81 21 kunnat
628 1067 31 21 till
675 1066 132 28 granskning
823 1067 95 26 upptaga

161 1100 82 28 frågan,
258 1101 106 21 huruvida
379 1103 31 19 ett
425 1101 76 21 sådant
515 1101 82 27 företag
613 1101 65 21 borde
694 1100 131 22 underlättas
836 1100 80 21 medels

161 1136 119 27 beviljande
295 1135 22 22 af
330 1142 26 15 en
373 1136 190 21 statssubvention.

232 1171 76 21 Medan
326 1171 36 20 det
374 1171 66 26 enligt
455 1170 122 21 Utskottets
593 1169 62 22 tanke
671 1170 18 27 ej
705 1169 53 21 lider
768 1169 66 26 något
844 1168 73 21 tvifvel

160 1207 32 19 att
215 1211 26 14 en
256 1204 47 21 från
322 1205 97 20 Joensuu
435 1210 50 15 norr
501 1211 34 14 om
551 1204 64 21 Pielis
632 1203 30 21 älf
676 1203 31 23 till
722 1203 125 26 Uimaharju
862 1206 55 18 samt

161 1239 122 20 sedermera
304 1240 58 19 öster
384 1245 34 14 om
442 1237 118 27 Pielisjärvi
581 1238 32 27 sjö
629 1237 31 21 till
676 1237 77 22 Lieksa
767 1238 80 25 dragen
863 1237 55 20 bana

161 1279 51 20 eger
234 1272 108 21 bestämdt
366 1272 107 21 företräde
492 1271 87 22 framför
606 1271 124 23 förenämda
751 1271 168 26 bansträckning

161 1306 118 22 Värtsilä—
285 1306 207 25 Kivilaks—Lieksa,
513 1306 41 21 kan
570 1307 36 20 det
621 1306 96 20 däremot
733 1306 17 26 ej
767 1305 105 26 förnekas,
887 1307 31 19 att

161 1340 118 28 väsentliga
298 1341 131 27 synpunkter
444 1340 73 21 kunna
538 1340 84 21 anföras
638 1339 33 21 för
686 1346 26 14 en
728 1339 76 21 mellan
820 1339 99 21 Joensuu

161 1374 40 21 och
222 1374 94 21 Nurmes
339 1374 78 26 dragen
439 1374 62 25 bana,
520 1380 46 15 som
582 1374 68 20 skulle
666 1374 26 25 gå
707 1375 71 19 väster
793 1379 35 14 om
844 1372 74 21 Pielis-

158 1408 57 27 järvi
238 1408 38 26 sjö.
306 1408 76 20 Denna
404 1408 54 20 bana
478 1407 86 23 komme
586 1407 105 26 nämligen
715 1407 76 21 endast
809 1408 30 19 att
854 1405 65 21 blifva

162 1441 89 29 ungefär
273 1442 40 21 133
332 1442 36 21 km
386 1442 50 27 lång
451 1441 39 21 och
505 1441 50 21 dess
570 1440 202 28 byggnadskostnad
788 1440 69 21 skulle
872 1439 46 27 följ-

232 1487 186 24 Järnvägsutskottets
431 1487 110 18 betänkande
552 1486 38 19 N:o
603 1486 18 18 2.
