1064 1709
230 167 14 21 8
403 164 253 23 Petitionsbetänkande
671 164 37 22 N:o
726 162 33 24 10.

202 230 102 21 bevittna.
334 229 36 21 Ett
393 229 58 21 bevis
477 229 72 22 härför
571 230 63 26 utgör
656 228 20 26 ej
695 228 55 22 blott
773 228 40 21 den
836 234 16 14 s.
875 226 20 21 k.
912 232 49 16 rus-

203 264 174 27 drycksstrejken,
400 263 85 22 hvilken
513 264 40 21 den
582 264 9 20 1
616 262 42 27 Maj
678 262 56 22 1898
752 260 138 27 anordnades,
906 262 51 20 utan

204 298 39 22 ock
258 298 26 22 de
300 298 23 22 af
336 298 67 22 omkr.
426 298 43 21 300
490 297 188 23 landskommuner
697 297 113 27 uppburna
834 295 128 27 yrkandena

203 333 27 27 på
245 333 78 22 allmän
339 332 124 28 förbudslag
477 335 44 19 mot
536 332 138 26 tillverkning
688 332 40 22 och
743 330 125 28 försäljning
882 329 24 22 af
914 330 45 22 alla

203 368 56 27 slags
269 367 167 27 alkoholhaltiga
451 368 90 26 drycker
556 367 51 21 eller
617 366 28 27 på
655 368 44 20 rätt
709 366 33 22 för
753 366 98 26 samtliga
862 365 97 22 kommu-

205 408 39 16 ner
263 404 34 20 att
315 402 57 21 inom
387 401 38 21 sitt
439 402 86 21 område
541 402 66 20 ordna
623 400 280 28 rusdryckstillverkningen
919 399 40 22 och

202 436 168 28 -försäljningen.

272 471 46 21 Den
341 470 151 28 förtjenstfulla
514 470 135 22 verksamhet
673 486 9 10 ,
686 469 158 28 Nykterhetens
860 468 100 22 Vänner*

204 506 82 22 utöfvat
308 506 39 20 har
369 504 60 23 äfven
445 505 104 27 tilldragit
564 505 31 27 sig
610 504 143 28 Regeringens
770 502 190 28 uppmärksamhet

204 540 40 22 och
258 539 113 23 förskaffat
386 540 116 26 sällskapet
517 540 115 21 understöd
643 539 24 21 af
679 541 76 19 staten.
778 532 56 27 Åren
847 537 113 23 1886—89

205 574 67 22 erhöll
295 574 116 28 sällskapet
433 576 32 20 ett
487 574 64 27 årligt
573 574 74 26 anslag
670 573 23 21 af
710 573 64 26 3,000
789 573 42 21 mk.
851 573 33 21 Då
900 572 60 22 detta

205 609 71 22 visade
299 609 31 27 sig
349 609 136 27 otillräckligt
500 609 32 21 till
547 608 53 28 följd
615 608 24 22 af
652 609 40 21 den
707 608 96 21 växande
818 606 144 28 förlagsverk-

204 644 118 26 samheten,
331 644 71 21 anhöll
411 644 114 27 sällskapet
533 650 34 15 om
579 644 47 21 dess
637 643 82 21 ökande
728 643 32 21 till
772 642 77 27 15,000
860 642 42 22 mk.
918 641 42 21 Vid

204 678 99 22 ärendets
324 678 152 28 föredragning
495 679 7 21 i
517 678 118 27 Kejserliga
650 677 92 22 Senaten
758 677 40 22 den
814 678 14 20 5
843 676 117 22 December

207 713 53 21 1889
276 712 114 22 förordade
407 712 103 22 Senatens
525 713 108 27 majoritet
647 712 128 27 sällskapets
790 711 106 26 anhållan,
912 710 48 21 med

205 747 91 21 särskild
319 747 80 27 hänsyn
423 748 32 20 till
474 749 33 19 att
522 748 116 26 sällskapet
653 746 67 22 lofvat
735 746 125 22 föranstalta
875 745 85 27 nykter-

205 781 145 27 hetsföredrag
372 782 34 21 för
428 782 41 20 den
492 782 153 27 värnepliktiga
660 781 119 27 ungdomen
796 782 5 20 i
817 780 143 22 reservkaser-

206 822 64 14 nerna
286 816 39 22 och
340 816 33 21 för
390 816 111 21 arbetarne
517 816 34 22 vid
567 817 26 21 de
607 816 68 21 under
689 816 99 26 byggnad
803 814 91 22 varande
903 814 61 27 järn-

205 849 147 28 vägslinjerna,
375 850 111 21 hvaremot
501 856 26 16 en
542 851 93 21 ledamot
650 849 24 21 af
692 849 91 23 Senaten
799 849 65 27 ansåg
879 855 27 15 en
920 848 42 22 för-

204 884 87 27 höjning
305 884 24 22 af
342 884 150 27 statsanslaget
507 886 31 20 till
556 885 76 27 10,000
647 884 36 21 mk
701 884 40 22 och
751 890 25 16 en
787 890 69 15 annan
867 883 96 21 ledamot

205 926 25 14 en
253 918 121 29 förhöjning
393 919 30 21 till
438 919 63 26 8,000
516 920 34 21 mk
565 919 114 27 tillräcklig
693 919 33 22 för
742 918 126 23 ändamålet.
898 918 11 20 I
924 924 39 15 en-

205 954 67 26 lighet
294 954 47 21 med
363 954 69 21 denna
447 954 130 22 sistnämnda
592 954 56 22 åsikt
663 954 115 27 beviljades
793 953 27 27 på
834 954 77 26 högsta
927 955 35 19 ort

206 990 32 20 ett
259 988 171 22 statsunderstöd
452 989 23 21 af
495 989 64 27 8,000
580 988 36 22 mk
635 988 34 21 för
691 988 51 22 åren
758 988 118 21 1890—92.
907 986 54 22 Säll-

206 1022 75 27 skapet
296 1022 82 27 uppbar
393 1022 118 22 emellertid
527 1023 32 21 för
575 1023 23 21 år
615 1022 56 22 1890
685 1022 123 22 därutöfver
822 1022 24 21 af
854 1022 108 21 allmänna

206 1057 68 24 medel
290 1063 25 15 en
334 1063 81 15 summa
423 1056 24 22 af
453 1058 63 26 7,000
524 1058 41 21 mk.
575 1069 27 3 —
611 1057 9 21 I
629 1057 64 22 slutet
701 1056 23 23 af
730 1058 24 21 år
764 1056 56 22 1892
830 1055 73 23 anhöll
911 1055 50 23 säll-

205 1092 75 26 skapet
294 1092 54 26 ånyo
357 1097 35 15 om
405 1092 30 20 ett
450 1092 169 21 statsunderstöd
628 1091 23 21 af
659 1092 77 26 15,000
744 1092 41 21 mk.
803 1091 32 21 Då
844 1090 70 22 denna
924 1096 37 15 an-

205 1126 67 21 sökan
281 1125 40 22 den
332 1126 11 20 7
352 1125 121 22 November
487 1126 54 21 1892
556 1126 109 27 föredrogs
673 1127 7 21 i
688 1126 100 26 Senaten,
796 1125 118 29 hemstälde
925 1124 38 22 Se-

206 1163 70 24 naten,
298 1160 56 22 efter
376 1161 137 27 omröstning,
529 1166 34 16 om
581 1162 31 20 ett
627 1160 74 27 anslag
716 1160 24 22 af
752 1160 64 27 8,000
830 1159 36 22 mk
881 1160 33 21 för
928 1161 36 19 tre

206 1195 24 21 år
251 1194 83 27 framåt,
358 1195 21 24 ji
402 1195 139 21 betraktande
557 1194 62 22 däraf
633 1197 32 20 att
680 1195 121 27 föreningen
817 1195 7 21 i
838 1194 47 22 sina
900 1192 62 24 sträf-

206 1230 82 22 vanden
311 1235 87 17 numera
413 1230 47 22 icke
475 1230 55 22 hade
545 1232 32 20 att
591 1230 79 27 kämpa
684 1231 46 21 mot
744 1230 24 22 sä
783 1231 55 20 stort
853 1228 108 23 motstånd

206 1269 44 16 som
266 1264 7 20 i
287 1262 76 27 början
386 1262 23 23 af
423 1263 48 21 dess
487 1263 140 25 verksamhet,
644 1263 39 21 och
699 1264 27 20 dä
742 1263 40 21 den
798 1262 117 22 förnämsta
930 1264 35 19 ut-

206 1296 127 27 giftsposten
348 1297 7 20 i
370 1297 126 27 sällskapets
511 1297 86 27 budget,
608 1298 104 26 nämligen
728 1297 117 21 kostnaden
861 1296 34 22 för
910 1297 54 26 nyk-

206 1330 176 28 terhetsskrifter,
402 1331 66 22 borde
484 1332 71 21 kunna
570 1338 75 22 genom
661 1332 87 27 lämplig
763 1332 119 27 anordning
896 1331 70 27 nägot

206 1365 150 27 nedbringas*.
391 1365 136 22 Minoriteten
557 1366 114 22 förordade
700 1366 126 27 sällskapets
855 1365 109 23 anhållan.

207 1400 102 27 Anslaget
325 1400 114 27 beviljades
449 1401 6 21 i
467 1400 94 27 enlighet
576 1402 48 21 med
635 1400 145 28 majoritetens
790 1401 62 22 åsikt.
863 1412 28 4 —
902 1400 61 22 Efter

207 1435 72 27 hvarje
303 1436 120 21 sedermera
445 1435 172 28 tilländagången
633 1436 144 27 treårsperiod
792 1436 40 22 har
846 1436 117 26 sällskapet

206 1470 89 21 anhållit
311 1476 34 16 om
353 1470 206 22 statsunderstödets
575 1470 83 22 ökande
674 1471 32 21 till
724 1471 78 26 15,000
813 1472 43 24 mk,
867 1477 48 15 men
922 1470 43 20 har

275 1509 102 18 Allmänna
389 1508 172 20 Besvärsutskottets
573 1510 112 18 betänkande
696 1509 35 19 N:o
745 1510 16 18 9.
