1067 1703
312 166 248 23 Petitionsbetänkande
574 167 38 22 N:o
627 166 20 23 8.
840 168 13 21 5

102 228 34 21 till
158 228 83 27 förfång
263 229 57 21 såväl
342 229 34 22 för
399 230 61 21 dessa
478 231 75 26 fattiga
567 231 135 21 kommuners
717 231 137 21 ekonomiska

104 262 128 27 utveckling,
246 263 121 26 isynnerhet
381 263 34 22 för
430 264 61 22 deras
506 264 125 21 beskattade
643 264 154 27 fiskerinäring,
808 270 45 15 som

101 296 43 22 ock
158 297 34 20 för
208 297 60 21 deras
283 298 80 20 sociala
377 298 39 21 och
431 298 97 27 kyrkliga
540 298 154 26 förhållanden,
710 299 47 20 med
773 298 80 27 hänsyn

103 330 101 21 särskildt
219 331 77 25 därtill,
312 333 32 19 att
359 331 26 21 de
399 334 130 24 gemensamt
543 332 57 21 Vilda
615 333 31 19 ett
660 332 194 21 länsmansdistrikt

103 366 55 19 samt
170 364 68 26 jämte
253 364 109 22 Houtskär
377 366 31 20 ett
422 365 98 27 tingslag,
531 365 106 21 äfvensom
652 367 34 19 att
701 372 25 14 en
742 365 46 21 icke
801 366 52 20 liten

100 398 37 21 del
159 398 23 22 af
203 398 72 27 Korpo
296 399 129 27 församling,
441 400 40 21 den
503 406 16 15 s.
535 400 20 21 k.
571 399 132 22 Norrskatan
721 400 48 20 med
784 400 42 21 600
841 399 13 21 å

102 432 43 22 700
162 432 133 26 innevånare,
311 433 107 22 äfvensom
437 434 87 21 Innamo
539 434 28 27 by
581 434 7 21 i
603 434 61 26 Nagu
679 434 124 26 församling
817 440 35 20 ge-

102 472 50 16 nom
167 467 91 21 berörda
272 468 75 21 hinder
362 468 7 21 i
384 468 139 22 samfärdseln
534 468 64 21 blifva
608 468 111 27 afstängda
729 468 46 21 från
786 468 67 26 kyrka

100 501 41 22 och
157 503 59 25 prest
231 503 55 20 samt
300 502 89 22 sålunda
403 502 8 22 i
426 502 81 22 saknad
521 502 24 22 af
557 503 64 26 nödig
636 502 112 27 själavård.
773 501 79 23 Guver-

102 537 66 20 nören
184 537 8 20 i
207 530 46 28 Åbo
269 536 40 22 och
323 536 142 28 Björneborgs
476 537 41 26 län,
527 543 76 21 genom
613 537 62 21 hvars
686 536 120 27 bemedling
816 543 36 15 an-

101 570 191 27 sökningsskriften
309 571 134 21 öfversändes
459 571 32 21 till
502 571 119 27 Kejserliga
631 570 96 27 Senaten,
738 571 114 27 tillstyrkte

102 604 26 22 de
144 604 68 28 bägge
227 606 162 21 kommunernas
404 606 100 27 ansökan,
520 606 67 21 under
601 605 155 22 framhållande
771 604 22 23 af
807 608 45 24 ,,att

99 639 37 22 det
159 639 46 21 icke
228 642 24 19 är
273 640 48 21 med
343 640 97 27 billighet
460 641 39 20 och
514 641 87 21 rättvisa
617 639 234 27 öfverensstämmande,

101 676 32 18 att
155 674 187 26 skärgårdsborna,
358 674 81 21 hvilkas
463 674 137 22 ekonomiska
621 673 146 22 förhållanden
791 674 61 21 äfven

98 708 54 27 eljes
174 710 37 19 äro
231 708 61 22 svåra
307 714 48 21 nog,
370 709 123 26 ytterligare
508 708 104 27 betungas
627 708 48 22 med
690 708 114 22 kostnader
818 708 34 21 för

102 742 176 22 underhållandet
300 742 23 22 "af
343 743 128 21 förbindelse
494 743 89 21 emellan
605 743 153 21 kommunerna
772 742 34 22 för
820 743 32 26 sig

99 777 42 21 och
155 777 70 21 skilda
240 777 59 21 delar
315 777 22 21 af
351 777 106 22 desamma
472 779 54 20 samt
541 778 47 20 med
603 777 120 26 fastlandet,
739 783 45 15 som
799 779 53 19 utan

98 812 64 21 deras
178 811 135 27 förvållande,
330 817 34 16 om
379 812 46 21 icke
441 812 158 27 omöjliggjorts,
614 812 127 21 åtminstone
756 812 7 21 i
778 812 73 27 betyd-

100 846 30 27 lig
152 846 53 27 grad
228 846 135 26 försvårats",
379 846 40 22 och
434 847 70 21 anslöt
519 847 31 26 sig
565 846 138 22 Guvernören
718 847 7 21 i
741 846 64 27 öfrigt
820 846 32 21 till

102 880 203 27 häradshöfdingens
323 882 3 20 i
342 880 74 22 Masku
433 880 101 27 domsaga
543 880 122 22 infordrade
676 880 105 27 yttrande,
792 881 60 20 hvari

101 914 147 28 uppgifternas
263 916 6 20 i
285 915 218 27 ansökningsskriften
513 915 52 21 fulla
576 915 217 21 öfverensstämmelse
803 915 48 21 med

101 950 144 26 verkligheten
262 949 132 22 vitsordades
409 950 40 21 och
463 950 163 21 kommunernas
641 949 99 21 anhållan
757 948 94 22 förorda-

100 984 46 26 des,
162 986 58 19 utom
236 984 6 20 i
257 984 60 26 fråga
339 990 34 15 om
391 983 142 27 ångbåtarnas
548 983 195 27 skyldigkännande
759 984 32 20 att
806 983 45 21 icke

99 1018 71 27 uppgå
188 1024 42 20 nya
248 1020 79 19 rännor
341 1018 7 20 i
363 1018 43 21 isen
422 1020 50 19 utan
487 1018 127 26 föregående
629 1017 201 27 tillkännagifvande
844 1018 8 19 i

100 1052 142 27 tidningarna.
272 1051 60 22 Efter
347 1054 32 19 att
392 1052 7 21 i
414 1052 65 21 saken
494 1051 62 22 hafva
571 1052 49 21 hört
636 1046 167 32 Öfverstyrelsen
818 1051 34 21 för

98 1089 48 25 väg-
174 1086 39 22 och
238 1086 227 27 vattenbyggnaderna,
488 1086 132 21 resolverade
645 1085 93 22 Senaten
761 1085 39 22 den
824 1086 27 20 13

100 1121 60 27 April
185 1121 60 26 1899,
261 1122 32 20 att
313 1121 40 20 den
368 1121 82 26 ,funnit
464 1121 51 26 godt
529 1120 77 27 bevilja
621 1120 91 21 nämnda
727 1119 124 22 kommuner

99 1156 33 21 för
154 1155 139 22 anskaffande
312 1155 23 21 af
348 1155 33 21 för
396 1155 121 22 ändamälet
531 1155 138 26 erforderliga
684 1155 69 26 broar,
769 1155 82 21 hvilkas

100 1190 59 21 antal
182 1189 54 22 dock
256 1189 18 27 ej
290 1189 22 22 få
327 1189 114 27 öfverstiga
456 1192 38 21 tre,
510 1189 47 21 med
573 1189 31 21 till
620 1189 47 21 dem
683 1188 94 21 hörande
792 1189 59 20 vakt-

99 1226 75 24 stugor
192 1225 55 20 samt
262 1223 77 27 nödiga
354 1224 91 25 vincher,
461 1223 103 22 trädlinor
579 1223 39 21 och
633 1223 120 25 isankaren,
770 1223 30 20 ett
815 1223 36 20 be-

99 1258 51 27 lopp
169 1258 23 21 af
205 1258 62 25 3,200
282 1258 61 21 mark
358 1257 33 22 för
406 1257 71 27 hvarje
492 1257 65 22 sädan
573 1257 86 26 anstalt,
676 1267 26 4 —
719 1267 24 4 —
761 1267 28 4 —
803 1257 48 21 med

100 1292 70 21 vilkor
185 1292 64 21 likväl
264 1293 33 19 att
311 1292 151 21 kommunerna
477 1291 77 27 afgifva
569 1291 92 26 skriftlig
675 1289 129 22 förbindelse
820 1291 31 20 att

99 1326 19 26 ej
145 1326 82 20 mindre
251 1326 67 20 under
341 1325 158 21 vederbörande
524 1325 203 25 distriktsingeniörs
752 1324 100 21 inseende

99 1360 69 26 bygga
183 1360 91 20 broarna
289 1360 6 20 i
312 1359 217 21 öfverensstämmelse
544 1358 47 21 med
602 1359 40 21 den
652 1358 24 20 af
685 1353 167 31 Öfverstyrelsen

98 1393 35 22 för
155 1395 50 25 väg-
227 1393 39 21 och
288 1393 223 26 vattenbyggnaderna
532 1391 117 28 uppgjorda
671 1392 106 27 ritningen
797 1393 55 20 samt

98 1428 154 27 vaktstugorna
273 1428 66 27 enligt
361 1427 41 22 den
424 1427 23 22 af
467 1427 122 22 sökandena
611 1426 79 27 ingifna
713 1426 85 27 ritning,
821 1438 28 3 —

100 1475 30 4 —
146 1475 27 3 —
191 1475 29 3 —
237 1465 25 19 än
282 1463 61 21 äfven
362 1464 31 19 att
411 1462 33 21 för
462 1461 113 22 framtiden
594 1461 113 27 behörigen
728 1460 124 22 underhålla

169 1502 102 18 Allmänna
283 1501 173 19 Besvärsutskottets
468 1501 111 18 betänkande
590 1500 35 19 N:o
638 1501 15 17 7.
