1061 1703
303 162 249 23 Petitionsbetänkande
568 164 37 22 N:o
622 163 32 23 13.
824 165 25 21 17

99 226 37 27 går
159 227 22 21 af
203 228 68 21 denna
283 228 131 27 jämförelse,
430 232 33 19 att
483 231 40 20 den
542 232 85 25 stränga
646 230 160 28 tillämpningen
829 230 23 22 af

99 261 154 22 sabbatsbudet
275 262 7 21 i
303 262 58 21 Mose
380 263 34 27 lag
437 263 68 22 skulle
523 264 104 22 beteckna
642 270 25 16 en
682 265 102 26 väsentlig
807 271 43 15 om-

100 295 78 27 daning
200 295 23 21 af
236 296 51 21 våra
301 296 115 22 bestående
432 297 146 23 förhållanden
593 298 8 22 i
616 298 92 27 enligbet
723 298 48 22 med
786 298 64 22 främ-

99 329 77 22 mande
186 330 67 26 seder,
265 330 72 21 hvilka
354 332 83 25 grunda
447 332 32 26 sig
489 332 28 26 på
526 332 67 22 andra
602 334 114 20 trossatser
724 333 40 21 och
772 333 77 26 kyrko-

98 363 55 21 bruk
174 365 55 20 samt
247 371 69 15 annan
331 365 173 27 rättsåskådning
520 368 26 19 än
562 367 26 20 de
602 367 7 21 i
623 367 48 21 vårt
685 367 50 22 land
750 367 99 22 rådande.

167 397 74 22 Ehuru
257 398 111 23 Utskottet
383 399 82 22 således
480 401 46 20 icke
541 401 41 21 kan
599 401 88 22 omfatta
702 402 147 26 petitionärer-

99 438 36 15 nes
152 433 130 26 principiella
297 435 71 25 motiv,
384 436 24 20 är
423 434 112 23 Utskottet
551 435 54 22 dock
619 436 49 21 med
684 437 60 20 desse
758 442 49 15 ense
817 438 33 19 att

99 466 58 22 finna
173 469 32 20 ett
219 467 183 24 missförhållande
418 469 134 28 därutinnan,
569 472 32 20 att
610 476 77 21 genom
698 470 152 28 söndagsarbe-

100 503 31 20 tet
145 502 128 22 åtminstone
289 509 26 15 en
331 503 33 21 del
380 503 23 22 af
416 505 126 25 personalen
557 505 35 21 vid
602 505 192 26 statsjärnvägarne
805 505 46 20 hin-

99 537 50 20 dras
164 538 32 20 att
210 536 54 27 begå
279 537 106 28 söndagen
396 538 24 21 så
429 545 46 15 som
483 539 89 21 enhvars
580 539 182 27 trosuppfattning
769 539 81 27 bjuder.

98 571 37 20 Ett
155 572 156 25 samvetstvång
329 578 61 21 synes
408 573 67 27 enligt
491 572 119 23 Utskottets
623 573 64 21 tanke
701 573 53 21 böra
768 573 25 22 så
807 573 45 21 vidt

98 605 82 26 möjligt
203 605 109 22 undvikas.
343 606 10 21 I
375 607 115 26 synnerhet
513 609 24 19 är
560 607 36 22 det
618 608 79 21 statens
712 607 54 28 plikt
782 608 69 21 såsom

98 639 153 27 arbetsgifvare
274 642 33 19 att
329 640 46 22 icke
397 640 33 22 för
456 641 26 22 de
507 642 7 21 i
539 642 47 21 dess
608 642 64 27 tjenst
694 642 86 21 stående
803 648 48 21 per-

99 679 62 16 soner
177 674 136 27 omöjliggöra
329 675 51 21 eller
393 675 96 22 försvåra
504 675 207 23 tillfredsställandet
726 675 23 21 af
763 676 25 21 de
803 676 48 21 reli-

100 708 60 26 giösa
176 707 103 23 behofven
295 710 8 20 i
317 709 94 27 enlighet
425 711 48 21 med
490 710 89 22 enhvars
594 710 107 22 trosform.
728 710 75 22 Denna
813 710 38 21 all-

99 745 78 19 männa
194 744 114 26 grundsats
329 744 38 22 har
382 744 124 28 visserligen
521 746 7 20 i
542 745 60 27 fråga
617 751 34 15 om
666 745 126 27 hvilodagen
806 745 46 21 icke

99 776 69 23 blifvit
188 778 82 21 uttalad
286 779 53 21 eller
353 779 110 27 iakttagen
478 780 7 21 i
500 780 97 26 gällande
612 779 239 28 religionslagstiftning,

99 812 28 22 då
142 812 36 22 det
192 813 7 21 i
214 812 38 22 vår
267 813 54 21 dock
336 814 89 22 allenast
439 814 168 27 protestantiska
622 814 143 22 trossamfund
776 814 76 22 omfat-

99 847 64 21 tande
185 847 140 29 dissenterlag
347 848 66 27 heter,
436 850 33 20 att
488 849 68 23 ,hvad
571 849 77 22 allmän
663 849 36 27 lag
713 849 87 27 stadgar
815 854 37 16 an-

99 882 82 27 gående
204 882 147 22 sabbatsbrott
372 883 13 21 å
407 884 48 21 sön-
474 884 52 21 eller
543 883 133 27 högtidsdag,
691 884 55 26 gälle
762 883 39 22 ock
816 884 36 21 be-

99 917 96 21 kännare
214 916 24 22 af
253 923 70 15 annan
346 918 154 26 protestantisk
519 918 91 22 troslära
624 919 26 21 än
666 917 41 22 den
722 918 130 27 evangelisk-

100 950 117 27 lutherska,
233 952 83 21 ändock
331 952 67 26 dagen
413 952 67 27 enligt
492 952 53 22 hans
556 952 45 22 lära
611 952 51 22 eller
672 952 123 26 kyrkobruk
806 952 46 22 icke

100 985 67 23 hålles
186 986 69 26 helig"
275 986 22 26 (&
313 985 43 28 16).
385 987 129 27 Därigenom
536 987 40 21 har
598 986 127 22 åtminstone
740 993 26 15 en
780 989 72 25 prote-

100 1020 91 22 stantisk
213 1020 53 27 sekt,
289 1021 164 26 adventisterna,
476 1021 85 22 hvilken
584 1022 7 21 i
612 1021 68 22 likhet
694 1022 48 21 med
754 1021 98 27 judarna,

100 1052 124 30 helighäller
246 1055 103 27 lördagen
371 1055 69 22 såsom
463 1056 91 21 veckans
569 1055 75 28 sjunde
660 1056 47 26 dag,
723 1055 74 22 därvid
812 1056 40 20 tol-

100 1089 70 22 kande
192 1089 37 22 det
250 1090 67 27 tredje
341 1090 65 22 budet
428 1089 54 23 efter
500 1090 72 27 orden,
592 1091 94 26 tvungits
704 1091 32 21 att
750 1092 58 20 rätta
822 1091 32 26 sig

101 1124 54 21 efter
174 1125 39 21 den
232 1125 118 21 herskande
367 1124 93 28 kyrkans
475 1125 46 22 lära
536 1125 39 22 och
591 1125 54 22 bruk
660 1126 7 21 i
681 1125 61 26 fråga
757 1131 34 15 om
806 1126 48 20 sön-

101 1159 74 27 dagen.
205 1159 50 22 Men
277 1159 66 27 enligt
365 1159 122 22 Utskottets
511 1159 63 22 tanke
597 1159 66 22 borde
680 1159 47 22 icke
745 1160 67 21 heller
827 1165 26 16 en

101 1193 90 21 medlem
207 1193 23 21 af
245 1193 69 22 denna
329 1194 48 21 sekt
391 1200 77 21 genom
483 1194 75 21 arbete
568 1194 87 22 hindras
666 1195 32 20 att
707 1193 28 27 på
745 1194 32 21 sin
788 1193 66 21 hvilo-

76 1236 2 3 *
101 1227 41 27 dag
162 1234 53 21 egna
233 1228 32 27 sig
281 1228 24 21 ät
323 1228 187 27 andaktsöfningar
525 1228 6 22 i
546 1228 71 22 stället
635 1227 34 22 för
683 1228 113 26 verldsliga
810 1234 44 20 sys-

102 1261 155 27 selsättningar,
274 1262 27 21 då
315 1262 54 22 hans
384 1262 91 22 troslära
491 1263 23 21 så
529 1262 81 28 bjuder.

170 1296 40 22 Till
225 1296 82 22 förmån
322 1296 34 22 för
366 1297 38 21 sitt
414 1297 182 27 petitionsförslag
606 1296 74 22 anföra
690 1297 164 27 petitionärerne

103 1330 80 26 vidare,
199 1333 31 18 att
241 1330 223 26 järnvägspersonalen
476 1330 34 21 för
520 1331 131 21 närvarande
663 1330 191 26 öfveranstränges.

102 1364 42 21 För
159 1364 118 21 utredande
295 1364 23 21 af
335 1364 68 21 denna
420 1364 61 27 fråga
499 1364 39 21 har
552 1363 112 22 Utskottet
679 1363 47 22 från
740 1363 115 27 Järnvägs-

102 1398 102 28 styrelsen
227 1399 91 21 rörande
336 1397 161 23 förhållandena
515 1399 34 20 vid
568 1397 132 28 Helsingfors
720 1398 80 21 station
816 1398 38 21 och

103 1433 65 28 depot
188 1432 134 23 införskaffat
345 1431 114 29 uppgifter,
477 1432 71 22 hvilka
566 1432 56 28 ligga
637 1432 33 22 till
684 1432 69 28 grund
768 1432 34 22 för
816 1431 39 23 föl-

101 1467 64 29 jande
180 1467 161 28 framställning.

173 1508 100 19 Allmänna
287 1509 173 18 Besvärsutskottets
472 1508 112 18 betänkande
592 1508 37 18 N:o
642 1508 26 18 11.
