1067 1709
296 156 248 30 Petitionsbetänkande
560 164 38 22 N:o
614 164 34 23 13.
837 166 13 21 5

167 226 46 21 Den
228 226 66 28 fråga,
309 233 45 15 som
369 228 165 26 petitionärerne
549 229 7 21 i
569 229 37 21 sitt
622 229 108 21 memorial
745 229 54 27 tagit
814 229 36 21 till

99 261 51 23 tals,
167 260 39 22 har
224 261 66 21 redan
310 262 35 20 vid
365 263 76 20 tvenne
460 262 91 27 tidigare
568 263 159 21 ständermöten
745 264 54 20 samt
813 263 36 21 vid

97 296 154 26 kyrkomötena
265 296 66 26 gjorts
346 296 32 21 till
393 296 91 21 föremål
498 296 33 21 för
546 296 105 27 pröfning,
667 297 39 21 och
721 297 59 21 såväl
795 297 54 21 folk-

98 330 193 27 representationen
307 336 44 15 som
367 330 40 21 den
423 330 96 27 kyrkliga
534 331 193 26 representationen
738 331 39 21 har
787 331 63 22 häraf

98 365 115 21 föranledts
236 367 31 19 att
289 365 38 21 hos
349 365 133 27 Regeringen
502 367 51 26 göra
573 365 144 27 underdäniga
734 365 113 22 framställ-

98 400 81 26 ningar.

166 433 41 21 Vid
227 433 110 21 1877—78
353 433 34 22 ärs
405 433 101 28 landtdag
521 435 87 20 väektes
622 434 7 21 i
644 433 158 22 Presteständet
817 436 32 19 ett

96 467 181 28 petitionsförslag
292 474 34 15 om
341 468 91 21 revision
447 468 23 21 af
484 468 25 21 de
524 463 62 27 civila
601 468 181 27 sabbatslagarna.
811 468 38 21 Pe-

96 503 125 20 titionärens
236 502 105 27 egentliga
356 502 54 27 syfte
424 508 38 16 var
472 505 32 19 att
514 509 76 20 genom
601 509 24 15 en
637 502 54 21 efter
701 503 70 21 tidens
783 502 66 22 behof

97 537 99 27 afpassad
215 537 123 27 förändring
357 537 24 21 af
398 537 25 21 de
441 537 76 27 gamla,
532 537 132 22 fortfarande
678 537 105 26 gällande,
799 543 46 16 men

96 572 46 21 icke
153 571 73 27 längre
237 571 112 22 efterlefda
358 571 193 28 sabbatslagbuden
562 571 78 22 bereda
651 571 25 21 de
687 572 6 20 i
704 574 80 19 statens
795 571 51 22 eller

97 606 105 22 enskildes
225 606 64 27 tjenst
311 606 97 21 anstälda
430 612 101 21 personer
546 613 25 15 en
587 606 59 21 såväl
661 612 24 15 ur
700 606 84 26 religiös
800 612 45 15 som

97 640 109 27 hygienisk
219 641 108 26 synpunkt
338 640 91 27 behöflig
439 641 57 21 hvila
506 641 46 21 frän
564 640 73 22 arbete
647 640 128 22 ätminstone
786 640 61 21 hvar-

96 681 69 16 annan
176 675 86 26 söndag.
282 675 205 27 Petitionsförslaget
497 675 147 21 remitterades
655 674 54 21 efter
716 675 131 26 omröstning

96 710 32 21 till
143 710 148 27 lagutskottet;
307 709 134 22 minoriteten
456 710 94 21 önskade
566 709 112 26 hänskjuta
693 709 37 21 det
745 709 32 22 till
793 709 58 21 stän-

96 745 46 21 dets
157 744 96 22 enskilda
268 745 175 21 besvärsutskott.
466 744 150 27 Lagutskottet
630 743 121 22 förklarade
765 744 32 27 sig
812 743 35 22 väl

96 779 48 21 dela
159 779 151 27 petitionärens
325 779 62 27 äsikt,
398 781 32 19 att
440 779 60 27 lagen
510 779 40 21 bör
560 778 18 27 ej
590 779 81 21 mindre
682 779 82 27 skydda
774 779 72 26 hvarje

96 813 149 28 medborgares
261 815 42 20 rätt
319 816 32 19 att
365 814 13 21 å
392 813 129 27 sabbatsdag
536 814 21 21 få
567 813 54 27 begå
631 814 31 21 sin
674 814 85 26 andakt,
770 816 27 19 än
808 814 39 21 ock

96 849 114 27 förebygga
225 849 64 26 tvång
303 849 32 21 till
351 848 118 28 undvikligt
484 849 74 22 arbete
572 848 13 22 å
600 848 65 22 sådan
681 849 47 26 dag,
744 849 55 21 samt
809 854 38 16 an-

96 885 37 26 såg
148 883 161 26 föreskrifterna
324 884 7 21 i
345 884 14 21 3
374 884 48 27 kap.
439 883 28 22 M.
483 884 24 21 B.
518 890 51 15 vara
580 883 139 27 otillräckliga
730 883 39 21 och
780 883 65 21 delvis

96 919 132 26 otidsenliga,
247 925 47 15 men
312 919 105 21 utskottet
436 918 104 27 afstyrkte
556 918 53 21 dock
624 919 123 26 petitionen,
762 918 28 27 på
805 917 41 22 den

96 954 68 27 grund
183 957 33 18 att
235 957 32 18 ett
287 954 80 27 förslag
385 954 32 21 till
437 960 27 20 ny
484 953 94 27 strafflag
601 952 70 21 blifvit
690 952 132 25 utarbetadt,
841 953 8 20 i

96 989 81 21 hvilket
192 989 84 27 ingingo
292 989 157 26 bestämningar
464 988 44 22 dels
524 994 34 15 om
571 987 159 27 religionsbrott
740 987 39 21 och
790 987 59 21 brott

96 1025 57 20 emot
167 1023 110 27 kyrkolag,
293 1023 45 22 dels
348 1029 34 16 om
393 1023 152 26 sabbatsbrott,
555 1022 39 21 och
606 1022 59 21 detta
674 1021 81 27 förslag
765 1021 81 21 kanske

96 1058 65 21 redan
180 1058 35 21 vid
234 1058 93 27 följande
346 1057 102 27 landtdag
467 1058 85 21 komme
570 1058 33 20 att
617 1056 33 21 till
666 1056 128 21 Ständernas
810 1055 37 22 be-

96 1092 100 27 handling
212 1091 146 23 öfverlemnas.
385 1092 10 21 I
405 1098 25 15 en
442 1091 144 22 betänkandet
594 1090 116 27 åtföljande
718 1090 131 22 reservation

95 1127 80 27 yrkade
191 1127 35 21 två
241 1127 237 25 utskottsmedlemmar,
493 1127 23 20 af
524 1126 72 21 hvilka
606 1125 140 27 petitionären
757 1131 38 15 var
805 1125 40 21 den

96 1167 44 21 ene,
157 1163 45 25 ,att
217 1161 83 22 landets
315 1161 120 27 Höglofliga
450 1161 90 21 Ständer
555 1160 49 21 ville
620 1160 38 21 hos
673 1159 59 22 Hans
749 1159 98 27 Majestät

96 1196 102 27 Kejsaren
214 1196 39 21 och
269 1195 131 22 Storfursten
415 1197 7 20 i
437 1195 169 27 underdånighet
615 1194 92 26 anhålla,
719 1194 36 21 det
765 1193 82 21 täcktes

96 1231 57 21 Hans
177 1230 118 27 Kejserliga
317 1230 101 27 Majestät
433 1230 7 21 i
455 1230 65 21 nåder
538 1229 44 21 låta
598 1231 50 24 taga
662 1229 6 20 i
685 1227 163 28 öfvervägande,

96 1265 17 26 ej
130 1265 81 21 mindre
227 1265 114 20 huruledes
357 1265 26 20 de
398 1265 6 20 i
420 1266 79 19 statens
510 1264 64 27 tjenst
583 1263 92 21 varande
685 1268 111 21 personers
807 1261 39 22 och

96 1299 34 22 vid
149 1299 49 22 dess
215 1299 142 26 inrättningar
375 1298 95 22 anstälde
492 1298 90 27 tjenares
601 1297 102 26 ställning
718 1297 7 20 i
741 1296 59 21 detta
820 1295 32 21 af-

96 1334 77 20 seende
192 1333 71 20 kunde
281 1333 122 25 förbättras,
420 1335 26 18 än
461 1333 56 19 hvad
531 1334 7 19 i
553 1331 184 26 lagstiftningsväg
753 1336 49 14 vore
816 1331 33 18 att

95 1367 86 26 tillgöra
195 1367 34 20 för
243 1369 32 18 att
289 1366 121 26 förebygga,
426 1366 36 21 det
477 1366 68 26 öfriga
560 1365 6 21 i
582 1364 105 21 beroende
697 1363 23 22 af
729 1363 67 22 andra
806 1363 41 21 stå-

96 1401 52 22 ende
165 1406 100 22 personer
279 1406 76 22 genom
371 1399 165 28 söndagsarbete
551 1399 139 22 underkastas
705 1398 71 27 tvång,
791 1399 55 20 samt

96 1439 32 19 att
143 1436 63 27 nådig
221 1436 131 27 proposition
367 1435 7 21 i
389 1436 69 21 denna
473 1435 33 21 del
522 1434 68 22 skulle
600 1434 83 21 landets
693 1436 152 19 nästsamman-

95 1472 102 22 trädande
223 1471 90 21 Ständer
338 1470 138 27 föreläggas'.
510 1469 148 22 Betänkandet
679 1468 123 28 godkändes
822 1466 23 22 af

164 1512 101 18 Allmänna
277 1510 173 19 Besvärsutskottets
462 1510 111 18 betänkande
584 1509 35 18 N:o
632 1510 28 16 11.
