1064 1709
227 154 15 20 2
392 152 250 22 Petitionsbetänkande
656 151 38 22 N:o
708 150 35 23 26.

267 220 162 22 Bondeständet
450 221 38 21 har
510 221 100 27 godkänt,
626 220 121 22 Utskottets
769 220 79 26 förslag
867 219 84 21 oförän-

200 256 73 22 drade.

268 325 33 21 Då
324 324 122 22 Utskottets
468 325 78 26 förslag
564 323 132 23 beträffande
712 324 138 27 utvidgandet
864 323 23 22 af
900 324 52 21 real-

201 359 134 27 afdelningen
358 359 35 21 vid
415 353 46 28 Åbo
484 359 68 22 finska
574 359 105 21 klassiska
701 359 81 27 lyceum
801 359 5 21 i
823 358 84 22 formelt
922 359 31 20 af-

200 394 77 21 seende
298 399 62 21 synes
383 393 69 22 tarfva
474 401 25 14 en
524 393 90 27 ändring
628 393 7 21 i
650 393 40 21 den
706 393 94 27 riktning
814 393 84 21 Preste-
913 393 40 21 och

199 428 195 27 Borgareständens
412 427 72 22 beslut
500 427 107 26 innebära,
623 426 33 23 fär
671 427 111 22 Utskottet
797 427 109 21 vördsamt
920 427 31 21 fö-

199 463 56 20 reslä
270 463 33 20 att
317 462 205 27 ständerpetitionen
538 462 7 21 i
560 461 68 22 denna
644 461 34 21 del
693 461 65 22 mätte
769 461 81 21 erhälla
859 461 93 28 följande

200 496 123 27 affattning:

406 565 32 20 att
452 564 41 22 den
508 564 37 21 vid
560 558 44 27 Åbo
618 564 72 27 finska
704 563 106 22 klassiska
824 564 81 28 lyceum
920 564 33 22 in-

337 599 87 21 rättade
436 599 233 28 parallelafdelningen
683 599 47 21 med
748 598 206 29 realundervisning

337 635 65 20 mätte
419 633 112 22 successivt
544 633 99 28 utvidgas
659 633 32 22 till
706 640 25 15 en
746 640 76 21 genom
836 633 48 22 hela
898 633 55 22 läro-

338 668 70 21 verket
422 667 90 22 ledande
527 667 119 28 afdelning.

367 766 37 22 II.
434 765 358 24 Fruntimmersskolorna.

269 823 158 28 Ridderskapet
441 823 37 22 och
492 824 70 22 Adeln
578 824 38 22 har
632 824 95 28 godkänt
742 824 123 22 Utskottets
876 824 78 28 förslag

201 859 6 21 i
224 860 68 21 denna
307 859 35 22 del
357 859 23 21 af
393 859 145 22 betänkandet
554 859 148 22 oförändrade.

269 893 161 22 Presteständet
451 894 45 25 har,
518 894 47 21 med
588 893 136 22 förkastande
740 894 22 21 af
776 893 122 23 Utskottets
912 894 42 21 för-

200 929 52 26 slag,
274 929 82 26 antagit
375 935 25 14 en
416 928 24 22 sä
454 928 92 27 lydande
560 929 100 26 petition:
684 931 46 24 ,att
744 930 69 20 staten
829 929 65 21 måtte
910 929 45 22 helt

201 963 40 21 och
264 963 67 20 hället
354 963 109 26 öfvertaga
485 963 57 22 Vasa
563 963 39 21 och
625 963 142 27 Björneborgs
789 963 83 27 privata
886 963 68 22 finska

201 996 143 23 flickskolor".

269 1031 183 28 Borgareständet
474 1032 39 21 och
535 1031 161 22 Bondeständet
718 1031 63 23 hafva
807 1032 94 27 godkänt
916 1032 38 22 Ut-

202 1065 91 22 skottets
309 1065 79 28 förslag
403 1065 147 23 oförändrade.

269 1134 42 21 För
334 1134 40 21 den
396 1133 24 22 af
437 1134 112 22 Utskottet
564 1134 120 28 föreslagna
700 1135 202 27 ständerpetitionen
918 1136 36 21 be-

201 1168 105 22 träffande
326 1168 141 27 Björneborgs
484 1169 38 21 och
538 1169 56 22 Vasa
609 1170 82 25 privata
706 1169 121 22 flickskolor
842 1169 113 28 föreligger

201 1203 82 22 således
297 1205 33 18 tre
345 1203 73 22 stånds
433 1204 76 21 beslut.

381 1305 51 22 III.
464 1304 309 24 Elementarskolorna.

270 1361 158 29 Ridderskapet
446 1362 36 22 och
498 1362 71 23 Adelm
584 1365 55 20 samt
653 1362 160 24 Presteständet
827 1364 62 23 hafva
904 1366 51 26 god-

201 1397 53 21 känt
268 1397 146 22 betänkandet
427 1398 7 20 i
450 1397 69 22 denna
534 1398 34 21 del
583 1398 143 22 oförändradt.

269 1431 183 29 Borgareständet
466 1432 38 22 har
519 1438 25 16 ur
559 1433 152 27 motiveringen
726 1434 96 22 uteslutit
837 1434 41 22 den
888 1434 67 23 första

204 1467 109 26 meningen
328 1467 8 21 i
352 1467 68 27 tredje
435 1468 83 26 stycket
533 1467 27 28 pä
574 1468 39 21 sid.
629 1468 35 22 41.

270 1506 103 19 Allmänna
384 1507 173 19 Besvärsutskottets
568 1508 113 18 betänkande
692 1508 35 18 N:o
739 1508 26 18 15.
