1095 1748
314 153 274 23 Petitionsbetänkande
604 154 42 23 N:o
662 154 34 21 14.
816 155 38 20 121

205 222 102 21 Förutom
330 222 237 27 petitionsmemorialen
588 223 38 20 har
640 223 111 21 Utskottet
766 223 39 21 fått
820 225 68 19 emot-

136 257 51 24 taga
209 255 17 27 ej
250 256 81 21 mindre
345 255 204 28 protokollsutdrag,
563 257 148 20 innehållande
726 257 26 20 de
767 257 119 26 yttranden,

136 289 71 21 hvilka
221 290 7 20 i
239 290 89 21 stånden
343 290 35 21 vid
394 291 75 20 remiss
485 290 22 21 af
521 290 160 27 ifrågavarande
696 291 113 26 petitioner
825 290 60 27 atgif-

136 323 47 26 vits,
200 325 25 20 än
241 324 40 21 ock
295 324 79 26 kartor,
388 324 86 27 profiler
489 324 38 21 och
543 323 183 29 kostnadsförslag
740 324 33 21 för
783 324 104 22 särskilda

135 357 122 28 föreslagna
278 359 61 26 linjer
362 358 109 22 äfvensom
493 360 66 20 andra
573 359 130 26 handlingar,
719 359 125 27 angifvande
859 359 29 22 bl.

136 399 17 15 a.
166 393 30 21 till
211 393 83 21 förmån
309 393 33 21 för
357 393 57 21 vissa
429 394 67 20 banor
511 393 79 22 utfästa
605 393 74 27 bidrag
693 400 27 15 m.
736 400 27 14 m.

204 427 31 21 På
258 429 42 20 sätt
317 427 59 22 förut
390 427 59 28 öfligt
465 428 60 26 varit,
540 430 103 25 upptager
659 428 111 21 Utskottet
784 428 104 27 ifrågava-

137 462 65 21 rande
217 461 80 28 förslag
312 462 31 21 till
359 462 131 27 granskning
504 463 7 20 i
527 469 80 14 samma
622 463 96 26 ordning,
734 463 6 20 i
755 463 84 21 hvilken
851 469 37 20 pe-

136 496 210 22 titionsmemorialen
363 495 62 23 ofvan
441 497 94 27 intagits.

410 627 56 23 Kemi
497 623 124 39 Rovaniemi.

376 685 204 18 Petitionsmemorialen
593 686 48 16 1—3.

206 738 89 26 Förslag
314 744 35 15 om
368 744 25 14 en
409 738 92 27 järnväg
515 737 46 22 frän
577 738 62 21 Kemi
655 738 46 21 stad
716 738 30 21 till
763 738 125 21 Rovaniemi

136 772 96 28 kyrkoby
254 772 62 21 hafva
337 772 65 21 redan
425 772 35 21 vid
483 772 89 27 tidigare
592 772 124 27 landtdagar
732 772 54 21 varit
800 772 88 22 föremål

137 807 33 21 för
193 806 129 22 Ständernas
337 806 129 28 behandling
481 807 39 21 och
535 806 123 22 föranledde
673 807 23 21 är
713 807 54 21 1897
783 807 104 21 underdä-

136 842 36 26 nig
187 841 103 26 anhållan,
305 843 32 19 att
352 841 84 21 teknisk
451 841 38 21 och
505 841 123 21 ekonomisk
644 841 160 27 undersökning
817 840 33 22 för
860 847 26 15 en

138 876 126 27 smalspårig
283 876 91 27 järnväg
395 875 77 22 mellan
495 877 76 20 nämda
593 878 58 19 orter
667 875 65 22 måtte
747 875 45 22 före
807 883 28 13 nu
851 875 36 27 pä-

137 910 80 27 gående
237 910 101 27 landtdag
352 910 88 21 utföras.
469 910 120 21 Resultatet
603 909 22 22 af
640 910 40 21 den
696 910 137 21 ekonomiska
848 916 39 15 un-

137 945 156 27 dersökningen
309 945 37 21 har
362 944 106 28 delgifvits
485 944 119 22 Ständerna
618 945 6 21 i
640 945 40 21 den
696 945 23 21 år
736 944 52 22 1897
800 944 86 22 tillsatta

134 979 208 27 järnvägskomiténs
364 978 137 27 betänkande,
523 979 92 22 hvarhos
638 979 40 21 den
700 978 119 22 Ständerna
833 978 55 22 före-

137 1015 61 25 lagda
216 1014 77 27 nådiga
308 1014 161 27 propositionen
484 1014 109 27 angående
608 1014 71 21 vidare
691 1014 196 26 järnvägsbyggna-

138 1049 36 23 der
197 1049 7 20 i
226 1048 72 22 landet
313 1048 193 28 vidhandengifver,
523 1050 31 20 att
569 1048 117 22 kostnaden
702 1048 32 21 för
750 1048 69 21 denna
834 1048 56 21 bana

138 1084 70 21 såsom
223 1083 162 27 normalspårig,
394 1083 34 21 vid
444 1090 25 14 en
486 1083 105 27 banlängd
602 1082 22 22 af
630 1082 67 22 omkr.
706 1082 39 22 108
754 1082 41 26 km,
803 1082 85 22 komme

138 1119 30 20 att
191 1118 55 26 stiga
268 1118 31 21 till
322 1118 110 26 8,390,000
454 1118 65 25 mark,
534 1124 48 15 men
598 1117 49 21 med
661 1117 137 26 tillämpande
813 1116 22 22 af
850 1117 40 25 1,00

137 1158 21 15 m
175 1152 99 27 spårvidd
289 1152 31 20 till
336 1152 108 26 7,467,000
460 1152 65 21 mark.

207 1186 134 21 Beträffande
357 1186 99 21 behofvet
471 1186 22 21 af
507 1193 24 15 en
549 1186 54 21 bana
618 1186 31 20 till
664 1185 124 21 Rovaniemi
801 1185 38 31 och
852 1186 36 20 be-

138 1220 130 27 tingelserna
289 1220 31 20 för
345 1220 49 21 dess
417 1220 130 21 räntabilitet
561 1220 83 20 anföres
660 1220 7 20 i
679 1219 210 27 järnvägskomiténs

139 1255 132 21 betänkande
294 1254 62 22 bland
380 1257 70 23 annat,
472 1257 30 19 att
524 1254 148 26 befolkningen
688 1254 6 20 i
710 1254 26 20 de
756 1254 133 24 kommuner,

138 1290 70 21 hvilka
229 1290 85 20 komme
335 1291 31 19 att
388 1289 62 21 hafva
471 1288 68 23 fördel
563 1288 21 22 af
598 1289 74 25 banan,
688 1289 23 20 år
727 1288 54 21 1896
797 1288 92 27 uppgick

139 1324 31 21 till
191 1324 76 25 35,400
289 1330 102 21 personer
406 1325 58 19 emot
479 1324 76 25 28,700
570 1324 29 20 tio
615 1323 22 21 år
653 1323 95 26 tidigare,
763 1322 80 22 hvilket
857 1323 32 20 in-

139 1359 64 21 nebär
219 1359 67 21 under
302 1359 69 21 denna
387 1358 29 21 tid
432 1364 26 15 en
474 1358 79 26 ökning
568 1357 23 22 af
605 1357 78 27 23,39/,
695 1359 57 19 emot
764 1357 41 24 14,1
813 1358 27 26 %/,
856 1356 33 22 för

138 1392 48 21 hela
200 1391 77 26 landet,
294 1392 39 21 och
348 1393 31 19 att
394 1391 22 21 af
429 1391 69 21 denna
513 1391 123 26 befolkning
652 1391 76 25 13,280
738 1396 102 21 personer
852 1393 37 18 äro

139 1426 87 21 bosatta
238 1426 27 27 pä
281 1427 30 20 ett
321 1425 63 22 smalt
400 1425 55 21 bälte
471 1425 26 26 pä
509 1425 103 21 hvardera
627 1425 60 20 sidan
703 1430 34 15 om
751 1423 139 26 älfstranden,

136 1460 112 21 äfvensom
263 1462 32 19 att
310 1459 83 22 utöfver
408 1460 40 21 den
465 1459 82 21 bofasta
563 1459 149 26 befolkningen
729 1459 65 20 omkr.
813 1458 78 25 10,000

208 1506 200 23 Järnvägsutskottets
422 1505 118 17 betänkande
553 1505 38 17 N:o
603 1505 17 16 2.
