1064 1709
204 165 26 21 10
400 164 251 22 Petitionsbetänkande
666 164 37 22 N:o
721 163 31 23 10.

202 228 146 21 terhetssaken
371 228 74 21 vunnit
468 229 67 20 större
557 228 132 26 utbredning.
720 228 32 20 En
774 229 45 20 stor
837 228 33 21 del
889 227 23 21 af
927 228 26 20 de

203 268 75 21 genom
279 257 11 37 -
300 262 126 27 sällskapets
448 262 83 28 försorg
546 263 120 21 anordnade
684 262 124 28 föredragen
823 262 40 22 har
877 261 76 23 visser-

202 296 55 27 ligen
266 296 72 22 hållits
354 298 51 20 utan
416 297 122 27 ersättning,
550 304 46 16 men
608 297 32 21 för
652 296 124 28 uppnående
787 296 22 22 af
819 296 135 27 varaktigare

202 331 89 22 resultat
313 331 39 21 har
375 331 115 27 sällskapet
512 333 42 20 sett
574 332 31 27 sig
627 331 115 22 föranlåtet
762 333 31 19 att
808 330 146 28 systematiskt

203 365 67 22 ordna
292 366 68 21 denna
379 372 49 20 gren
449 366 23 21 af
485 366 31 21 sin
532 366 140 22 verksamhet.
703 366 41 21 Det
759 366 39 21 har
813 365 72 22 därför
899 366 7 20 i
922 365 30 21 sin

202 400 64 27 tjenst
288 400 81 26 antagit
391 400 98 22 aflönade
511 400 142 28 föredragare,
675 400 72 22 hvilka
768 400 33 21 för
824 400 103 27 allmogen
947 399 7 21 i

202 435 115 27 bygderna,
347 434 33 21 för
408 435 40 21 den
470 436 138 26 uppväxande
631 431 125 31 ungdomen,
784 434 33 22 för
841 434 113 22 arbetarne

203 470 33 21 vid
258 468 228 28 järnvägsbyggnader,
508 469 93 23 fabriker
624 470 38 21 och
681 470 167 26 lastageplatser,
864 469 33 21 för
913 469 41 22 sol-

203 504 88 22 daterna
298 504 8 21 i
314 504 128 22 kasernerna
451 504 40 22 och
498 504 35 22 vid
541 504 144 28 lägermötena
691 506 56 20 samt
752 504 33 21 för
791 504 163 27 emigranterna,

203 538 27 22 då
253 539 61 21 dessa
336 538 70 21 lemna
428 538 126 27 hemlandet,
577 538 112 22 framhålla
712 538 150 28 nykterhetens
881 539 73 27 välsig-

203 573 69 21 nelser
287 572 40 22 och
342 572 85 22 farorna
442 573 22 21 af
479 574 136 26 rusdryckers
630 573 129 22 förtärande.
789 572 129 22 Aflönandet
933 573 23 21 af

203 608 61 21 dessa
286 607 136 27 föredragare
438 608 39 21 och
492 608 143 22 bekostandet
654 608 23 22 af
691 608 60 22 deras
767 614 58 15 resor
840 608 114 21 äsamkade

202 642 116 27 sällskapet
337 642 67 21 under
419 641 25 22 är
459 642 55 22 1899
525 649 26 15 en
561 642 65 28 utgift
637 642 27 27 pä
674 642 58 22 öfver
743 642 64 27 6,000
817 642 40 22 mk.
874 654 27 3 —
917 642 37 22 Sä-

202 682 46 16 som
270 678 30 20 ett
315 676 108 22 verksamt
438 677 68 21 medel
520 677 33 21 för
568 677 158 22 illustrerandet
741 677 23 21 af
778 678 61 20 dessa
854 676 100 27 föredrag

203 712 40 20 har
258 710 115 28 sällskapet
392 711 68 21 under
476 713 82 20 senaste
573 712 31 21 tid
620 711 64 27 enligt
699 712 96 27 engelskt
811 712 94 21 mönster
920 718 35 14 an-

203 746 65 22 vändt
286 746 87 27 laterna
395 746 250 28 magica-förevisningar.
675 746 154 22 Anskaffandet
851 746 23 22 af
892 747 63 27 nödig

204 781 97 21 materiel
315 780 33 22 för
363 781 68 21 denna
443 781 103 27 populära
556 782 39 21 och
606 781 107 27 omtyckta
723 781 54 22 form
788 781 23 21 af
819 781 137 27 äskädnings-

203 816 149 26 undervisning
368 815 106 22 erfordrar
489 815 64 22 likväl
568 822 100 20 summor,
684 816 71 22 hvilka
771 816 66 27 enligt
845 816 109 22 ordföran-

203 850 51 22 dens
275 850 7 22 i
304 850 115 28 sällskapet
441 850 84 28 uppgift
546 851 19 27 ej
584 851 34 22 stä
637 851 7 21 i
658 850 69 28 skälig
741 851 124 27 proportion
881 850 32 22 till
929 851 26 22 de

202 886 84 26 knappa
308 885 218 27 penningeressurser,
550 892 45 16 som
616 886 33 21 för
671 886 132 22 närvarande
818 886 33 22 stä
864 886 32 22 till
907 886 48 22 säll-

202 921 86 26 skapets
308 919 131 28 förfogande.
457 931 24 3 —
498 915 67 27 Äfven
580 921 39 21 har
634 920 48 22 frän
697 926 80 16 samma
792 920 44 22 häll
851 920 104 28 päpekats

203 954 184 28 nödvändigheten
406 955 24 21 af
443 954 101 28 höjandet
559 955 23 22 af
595 956 62 21 lönen
673 954 32 22 för
721 955 126 27 sällskapets
862 956 93 21 sekrete-

203 996 53 20 rare,
280 989 65 21 ökadt
367 989 72 27 anslag
462 988 33 22 för
516 989 166 28 föreningslokal
704 990 41 21 och
762 990 104 22 bibliotek
884 997 28 15 m.
927 996 27 15 m.

203 1024 161 22 Sekreterarens
383 1024 34 22 lön
438 1025 62 26 utgör
515 1024 33 21 för
563 1024 132 22 närvarande
710 1024 65 28 3,000
790 1024 41 27 mk,
847 1032 47 14 men
909 1025 46 22 svä-

203 1060 71 27 righet
295 1059 62 21 torde
379 1059 56 21 inom
458 1060 106 21 närmaste
587 1060 86 21 framtid
695 1060 77 26 uppstä
791 1061 33 20 att
838 1060 33 21 för
887 1060 69 22 denna

203 1094 93 26 aflöning
318 1093 34 21 vid
375 1093 117 28 sällskapet
513 1093 55 22 fästa
590 1100 26 15 en
632 1094 49 21 fullt
696 1094 97 26 dugande
808 1094 85 27 person,
909 1100 45 16 som

204 1134 49 16 vore
267 1128 59 26 villig
342 1129 32 20 att
389 1134 54 21 egna
459 1128 117 22 detsamma
591 1128 39 22 allt
645 1129 37 21 sitt
696 1128 80 22 arbete.

271 1163 47 22 Den
333 1163 67 21 under
416 1163 36 21 det
466 1164 83 21 senaste
564 1163 47 22 äret
624 1164 79 21 skedda
714 1164 149 27 utvidgningen
875 1164 23 21 af
906 1164 48 22 säll-

204 1198 86 27 skapets
312 1197 134 21 verksamhet
470 1198 39 21 och
532 1197 40 22 den
597 1198 86 21 därmed
705 1198 121 22 förbundna
849 1198 106 28 ökningen

203 1232 23 22 af
240 1233 47 21 dess
309 1232 90 27 utgifter
421 1232 39 22 har
482 1232 138 28 möjliggjorts
635 1233 74 21 endast
723 1239 76 20 genom
815 1234 26 20 de
855 1233 100 27 frivilliga

203 1266 81 27 bidrag,
300 1266 71 21 hvilka
386 1266 89 21 tillfallit
490 1266 118 21 detsamma
624 1266 38 21 och
677 1266 71 22 hvilka
757 1266 68 21 under
832 1267 91 21 nämnda
931 1267 24 21 är

203 1300 97 27 utgjorde
315 1300 67 21 omkr.
398 1300 76 26 15,000
490 1300 43 20 mk.
556 1300 65 20 Detta
632 1300 65 21 mäste
711 1300 24 27 ju
746 1300 13 22 &
769 1306 40 15 ena
823 1300 59 22 sidan
893 1307 62 16 anses

203 1340 45 16 som
264 1336 32 20 ett
310 1334 78 28 tydligt
403 1334 58 22 bevis
476 1335 27 27 pä
518 1334 153 22 allmänhetens
686 1335 121 22 förtroende
821 1334 33 22 för
864 1336 89 22 sällska-

203 1372 47 25 pets
266 1369 113 28 gagneliga
403 1368 139 28 verksamhet,
565 1375 47 15 men
635 1369 13 21 å
670 1370 66 22 andra
758 1370 60 22 sidan
843 1371 61 21 torde
920 1371 36 21 det

204 1404 19 28 ej
238 1404 72 22 kunna
332 1409 62 16 anses
415 1403 116 22 önskvärdt
546 1405 32 20 att
592 1404 7 20 i
614 1403 72 22 alltför
707 1404 42 28 hög
771 1404 53 28 grad
839 1406 52 26 göra
907 1405 49 22 säll-

204 1439 75 27 skapet
300 1438 106 22 beroende
428 1438 23 21 af
472 1439 62 22 dessa
548 1438 74 28 gäfvor
637 1439 39 21 och
691 1439 62 22 ställa
768 1439 118 23 detsamma
900 1440 56 22 inför

203 1474 135 27 möjligheten
357 1473 23 21 af
397 1474 33 20 att
445 1474 79 26 nödgas
549 1473 115 22 inskränka
679 1474 31 21 sin
725 1474 143 28 verksamhet,
884 1475 71 21 därest

204 1508 25 22 de
251 1508 100 26 frivilliga
366 1507 101 28 bidragen
482 1508 110 27 upphörde
608 1509 31 20 att
653 1507 80 28 inflyta.

271 1547 101 18 Allmänna
384 1548 171 18 Besvärsutskottets
567 1548 112 18 betänkande
689 1548 35 18 N:o
738 1550 16 16 9.
