1064 1703
197 166 29 21 26
400 164 251 23 Petitionsbetänkande
666 164 36 21 N:o
720 163 33 23 13.

197 227 78 27 hvilka,
292 227 104 27 likgiltiga
411 227 33 21 för
458 227 55 22 hvad
532 227 102 26 mensklig
644 227 42 20 nöd
696 227 52 21 eller
758 228 64 20 sannt
833 225 118 26 menskliga

198 261 65 22 behof
281 261 81 26 kräfva,
381 261 67 22 borde
466 261 54 22 kallt
540 261 132 27 genomföras
686 261 7 20 i
708 261 54 22 strid
777 262 45 20 mot
837 260 35 21 det
887 259 64 22 ända-

198 296 48 27 mål,
262 296 33 21 för
311 295 81 22 hvilket
406 295 126 28 hvilodagen
547 295 69 22 blifvit
632 294 69 27 gifven
717 307 25 4 —
759 295 39 22 här
814 297 23 19 är
847 288 60 33 fråga
918 299 33 16 om

199 329 187 29 upprätthållande
404 330 24 20 af
444 336 26 16 en
490 330 65 22 sådan
575 330 63 26 regel,
656 335 52 21 som,
725 329 227 22 öfverensstämmande

199 365 48 21 med
265 371 26 15 en
309 364 109 27 gudomlig
440 364 39 22 och
500 363 244 28 välsignelsebringande
762 363 95 27 ordning,
876 362 76 22 tillför-

199 398 74 22 säkrar
293 398 25 22 de
337 398 95 22 enskilde
452 398 64 22 frihet
534 398 38 21 och
592 398 107 27 möjlighet
718 399 32 20 att
764 397 142 27 tillgodogöra
921 397 32 27 sig

198 433 93 21 nämnda
306 432 97 26 ordning.

268 466 50 22 Man
334 466 40 22 har
388 466 54 22 talat
457 473 33 15 om
506 467 134 27 svårigheter,
660 472 44 16 som
719 466 104 27 uppstode
838 465 23 22 af
874 466 26 20 de
916 467 36 19 ön-

198 502 67 21 skade
280 501 182 27 förändringarna.
486 501 168 21 Petitionärerna
669 501 27 21 ha
711 501 65 21 redan
791 506 75 22 genom
882 506 70 15 exem-

199 536 34 27 pel
248 536 46 20 från
311 535 99 26 England
424 536 88 25 bevisat,
529 536 32 20 att
577 535 61 22 dessa
654 535 130 27 svårigheter
799 535 25 27 ej,
840 541 34 15 om
888 534 64 27 viljan

199 572 25 20 är
245 570 48 27 god,
316 571 37 19 äro
376 569 194 27 oöfvervinnerliga.
600 569 64 22 Utom
686 571 33 19 att
741 569 7 21 i
771 568 181 23 Stor-Britannien

199 604 147 28 godstrafiken
360 603 45 22 helt
421 604 39 21 och
474 604 66 21 hållet
555 606 24 19 är
594 604 85 22 inställd
690 610 34 15 om
734 604 140 26 söndagarna,
885 604 69 20 utvisa

199 638 151 22 tidtabellerna
364 638 34 21 för
413 644 48 21 nyss
476 638 109 27 utgångna
599 638 92 22 februari
702 638 84 26 månad,
797 640 31 20 att
843 639 2 20 i
856 637 97 27 England

199 674 40 21 och
261 672 115 23 Skottland
400 673 227 26 passageraretrafiken
649 675 25 19 är
696 673 24 21 så
742 672 103 27 minskad,
868 674 32 19 att
921 672 31 21 till

198 707 97 27 exempel
310 707 90 22 emellan
416 709 64 24 orter,
497 707 38 21 där
550 707 67 22 under
632 707 174 27 söckendagarna
821 707 96 26 dagligen
927 707 27 26 gå

200 742 28 21 20
244 741 41 27 tåg,
301 747 35 16 om
351 741 134 26 söndagarna
499 741 27 26 gå
541 741 56 22 blott
611 742 21 21 5.
655 741 11 21 I
681 741 111 22 Amerikas
804 741 93 22 Förenta
908 740 46 22 Sta-

199 778 34 19 ter
250 775 27 27 gå
295 776 46 21 icke
360 775 66 22 heller
444 775 117 28 godstågen
577 777 7 20 i
599 775 58 28 regel
676 781 34 16 om
728 776 141 27 söndagarna,
887 775 67 21 ehuru

200 810 183 27 lagstadgandena
392 810 7 21 i
410 810 59 21 detta
479 810 119 21 hänseende
610 812 37 19 äro
658 816 44 15 mer
712 810 54 21 eller
776 811 81 20 mindre
867 811 87 25 stränga

200 844 6 21 i
223 844 25 21 de
267 844 57 22 olika
344 845 101 20 staterna.
475 843 91 23 Godsets
586 844 100 27 ofantliga
704 844 77 27 mängd
799 845 39 20 och
854 844 26 21 de
896 846 58 19 stora

199 879 110 21 afstånden
331 879 71 26 tvinga
423 879 46 21 icke
488 879 38 21 där
544 879 32 21 till
592 878 151 22 öfverträdelse
758 879 24 22 af
794 879 94 21 Herrans
903 878 51 22 bud.

267 913 50 22 Man
334 913 54 22 talar
404 913 71 21 vidare
490 919 34 16 om
540 913 25 22 de
576 913 122 26 kostnader,
708 919 46 16 som
763 913 61 22 dessa
834 913 119 21 förändrin-

200 953 39 21 gar
254 947 68 22 skulle
338 947 102 21 medföra.
463 947 76 22 Säkert
554 947 69 22 skulle
637 947 143 22 kostnaderna
789 947 35 22 vid
838 947 116 22 reformens

199 981 167 28 genomförande
380 987 51 16 vara
446 981 125 27 betydande.
595 981 49 21 Men
660 981 36 22 det
710 988 36 21 ges
762 982 64 22 också
841 981 113 22 anordnin-

199 1022 38 20 gar
253 1028 28 2 —
296 1018 15 18 t.
328 1022 32 14 ex.
376 1015 132 22 beträffande
522 1018 66 19 sättet
602 1016 33 20 för
645 1016 158 26 vagnsparkens
816 1016 138 26 begagnande

201 1062 26 3 —
246 1056 45 15 som
310 1049 72 21 kunde
396 1048 34 22 för
445 1050 121 21 ändamälet
581 1050 97 26 vidtagas
693 1052 51 19 utan
760 1050 65 26 nägra
840 1056 45 15 som
900 1050 54 21 helst

200 1084 68 22 ökade
291 1083 122 21 kostnader.
437 1078 132 27 Åtminstone
592 1083 94 27 påpekas
703 1084 47 22 från
766 1084 65 27 några
844 1084 110 27 järnvägs-

200 1120 59 19 mäns
274 1117 53 26 sida,
344 1119 32 19 att
391 1123 108 22 vagnarna
514 1124 28 15 nu
558 1118 90 26 mången
663 1118 55 27 gång
732 1118 34 22 stå
781 1118 70 27 lediga
866 1124 46 16 mer
926 1120 27 19 än

201 1152 74 26 nödigt
296 1158 58 15 vore.
384 1152 10 20 I
412 1152 61 27 fråga
492 1158 33 15 om
540 1152 145 22 kostnaderna
700 1154 24 19 är
738 1152 73 22 vidare
826 1154 33 19 att
874 1152 79 26 märka,

200 1188 32 20 att
246 1186 49 21 vårt
308 1186 46 21 folk
368 1192 42 21 nog
425 1188 24 20 är
463 1186 79 27 fattigt,
558 1186 24 22 så
597 1186 78 27 fattigt,
691 1189 32 19 att
738 1186 118 22 forslandet
871 1187 23 21 af
906 1187 48 21 dess

200 1220 53 27 gods
268 1220 19 26 ej
303 1220 83 26 tvingar
401 1220 35 22 det
451 1222 33 20 att
498 1220 88 22 beröfva
601 1221 83 21 landets
697 1221 199 27 järnvägspersonal
907 1221 47 21 dess

200 1253 154 27 söndagshvila,
377 1260 47 15 men
447 1254 24 22 så
492 1254 72 26 fattigt
583 1256 24 20 är
622 1254 37 22 det
673 1255 53 26 icke,
742 1256 32 20 att
789 1254 37 22 det
840 1255 34 21 för
889 1255 66 27 några

201 1288 97 26 miljoner
312 1287 61 21 mark
387 1290 24 19 är
426 1289 88 26 tvunget
528 1290 34 19 att
578 1288 52 27 sälja
645 1289 105 26 principer
765 1288 40 22 och
819 1289 83 21 kränka
914 1288 40 22 den

200 1322 66 28 högre
281 1322 171 28 världsordning,
468 1329 45 15 som
528 1322 36 22 det
579 1318 68 26 håller
662 1323 7 21 i
683 1322 63 28 helgd
762 1322 39 22 och
816 1330 45 15 som
872 1326 24 19 är
906 1323 48 22 dess

200 1356 105 22 starkaste
321 1358 60 21 värn.
405 1356 45 22 Och
465 1357 55 21 hvad
533 1357 165 27 missaktningen
709 1358 23 21 af
740 1358 154 22 sabbatsbudet
905 1358 49 21 eko-

200 1391 93 22 nomiskt
307 1391 74 22 kostar
395 1392 77 27 landet,
490 1392 37 21 det
542 1393 24 20 är
581 1398 26 15 en
622 1391 44 27 sak,
682 1397 45 16 som
742 1399 50 16 man
806 1393 98 27 vanligen
915 1393 39 21 alls

203 1426 46 22 icke
264 1428 34 20 tar
313 1426 7 22 i
335 1426 149 22 betraktande.

268 1489 102 18 Allmänna
382 1489 171 18 Besvärsutskottets
564 1489 112 18 betänkande
688 1490 33 17 N:o
734 1491 26 17 11.
