1064 1709
182 174 27 21 12
382 172 249 22 Petitionsbetänkande
646 172 38 22 N:o
701 171 33 23 13.

182 238 75 26 mötet,
272 237 7 21 i
295 237 48 21 dess
359 236 105 28 egenskap
480 236 23 22 af
512 238 157 26 ,representant
683 235 34 22 för
731 235 79 22 folkets
820 234 116 26 samvete",

182 274 45 24 »att
242 272 135 26 kyrkomötet
387 271 49 21 ville
447 271 74 27 förnya
529 272 31 21 sin
569 271 66 21 redan
643 270 58 22 förut
708 270 125 22 framstälda
843 269 94 27 fordran,

181 308 32 20 att
229 306 181 27 sabbatslagarna,
419 306 100 21 särskildt
527 306 34 22 vid
569 305 154 22 trafikerandet
730 304 23 22 af
760 305 51 21 våra
816 304 121 28 järnvägar,

181 346 48 16 men
238 339 62 23 äfven
309 341 6 21 i
324 340 67 22 andra
397 340 120 27 afseenden,
525 340 35 22 må
565 341 105 26 noggrant
677 339 121 22 efterlefvas
807 339 38 22 och
854 338 83 27 förbry-

181 376 64 21 telser
255 377 46 19 mot
313 375 48 21 dem
369 374 102 28 lagenligt
479 374 118 27 bestraffas,
605 376 55 20 samt
668 376 39 24 att,
716 374 72 22 därest
797 374 32 21 till
839 373 98 22 sabbats-

181 409 176 28 förbrytelsernas
369 409 105 27 stäfjande
486 416 33 20 ny,
529 409 66 27 tydlig
603 409 35 27 lag
646 410 6 20 i
661 408 64 28 något
733 408 100 22 afseende
841 408 96 22 befinnes

181 444 98 27 behöflig,
288 451 26 15 en
322 444 65 22 sådan
399 444 24 21 må
434 444 74 27 ilaglig
514 444 90 27 ordning
609 443 85 27 bringas
700 443 31 21 till
737 443 83 22 stånd".
829 443 40 21 Vid
875 445 62 19 ären-

181 479 47 21 dets
247 478 128 27 behandling
394 478 185 22 återremitterade
603 478 136 27 kyrkomötet
761 477 54 22 efter
833 484 26 15 en
877 478 60 26 lång-

181 514 59 26 varig
255 513 119 21 diskussion
391 513 39 21 och
445 512 51 22 flere
511 513 155 26 omröstningar
681 513 60 21 detta
756 512 135 22 betänkande
903 512 33 21 till

181 548 105 20 utskottet
303 548 33 20 för
354 549 33 20 att
405 547 162 22 omformuleras
586 547 88 26 därhän,
700 549 33 19 att
758 546 146 28 godstrafiken
922 546 15 22 &

178 583 142 27 järnvägarne
337 581 69 22 blefve
422 582 67 21 under
505 584 47 19 sön-
568 582 39 21 och
626 582 115 26 helgdagar
755 581 45 22 helt
815 582 40 20 och
870 581 67 22 hållet

180 616 85 26 instäld,
285 618 32 20 att
335 616 167 27 persontrafiken
526 616 76 27 blefve,
622 616 24 21 så
659 616 46 21 vidt
720 616 88 27 möjligt,
824 616 113 21 inskränkt

181 651 39 21 och
235 653 32 19 att
281 650 142 28 uttryckligen
438 651 100 26 angåfves
549 651 42 21 alla
602 651 26 21 de
638 651 67 21 andra
715 650 137 27 afseenden,
845 646 10 36 i
864 650 73 22 hvilka

181 685 185 27 sabbatslagarnas
388 685 138 27 iakttagande
541 685 67 21 borde
623 687 105 25 noggrant
743 684 74 27 tillses,
832 686 55 20 samt
901 686 35 20 att

181 720 60 21 deras
257 719 145 22 öfverträdare
417 719 70 21 blefve
502 720 127 21 befordrade
645 720 33 20 till
696 720 47 26 laga
754 725 83 16 ansvar.
864 719 70 21 Sedan

181 754 104 21 utskottet
303 754 7 22 i
328 754 218 22 öfverensstämmelse
566 754 87 21 härmed
673 754 98 27 uppgjort
789 756 46 25 nytt
853 754 83 26 förslag

180 788 33 22 till
231 788 95 27 petition,
345 788 69 22 beslöt
429 788 134 27 kyrkomötet
578 790 33 20 att
625 788 39 21 hos
679 788 60 22 Hans
753 788 120 28 Kejserliga
887 788 46 22 Ma-

177 823 66 27 jestät
257 824 7 20 i
279 822 170 28 underdånighet
463 824 86 21 anhålla
564 830 34 15 om
613 823 104 21 särskilda
732 823 99 27 åtgärder
841 824 32 21 till
885 823 48 21 sab-

180 858 148 28 batslagarnas
346 857 133 28 efterlefnad,
500 858 64 22 bland
583 859 48 21 dem
653 858 8 21 i
682 858 90 22 främsta
792 860 91 20 rummet
902 860 33 20 att

179 893 144 27 godstrafiken
343 893 13 21 å
371 893 140 27 järnvägarne
531 894 6 20 i
555 893 72 22 landet
649 892 68 22 blefve
740 893 68 22 under
831 896 48 19 sön-
894 893 40 21 och

179 928 116 26 helgdagar
305 928 45 21 helt
361 928 39 21 och
409 928 67 21 hållet
486 928 77 22 instäld
573 930 56 19 samt
639 928 169 26 persontrafiken
822 928 113 22 inskränkt

179 962 33 21 till
228 962 37 21 det
281 962 189 27 oundgängligaste
486 962 107 22 behofvet.

249 996 49 21 Med
313 996 113 28 anledning
441 996 23 22 af
477 997 69 21 denna
561 997 144 27 kyrkomötets
720 997 155 27 framställning
890 996 44 22 för-

179 1031 93 21 ordnade
295 1030 117 28 Kejserliga
435 1031 92 22 Senaten
545 1032 40 21 den
604 1032 27 20 27
647 1032 90 21 Januari
754 1032 56 21 1894
825 1043 26 3 —
867 1032 65 21 sedan

178 1066 207 26 Järnvägsstyrelsen
400 1066 7 21 i
422 1065 118 22 affordradt
558 1066 111 22 utlåtande
687 1066 23 21 af
726 1066 41 22 den
786 1066 11 21 7
815 1066 119 21 December

180 1100 61 24 1893,
260 1100 48 22 med
327 1100 129 22 hänvisande
475 1101 32 20 till
526 1101 37 21 sitt
579 1101 109 21 utlåtande
703 1100 131 22 beträffande
850 1101 83 26 föregå-

179 1134 53 22 ende
254 1134 136 27 kyrkomötes
411 1135 95 27 petition,
530 1136 91 26 afstyrkt
636 1136 42 20 alla
693 1135 123 22 restriktiva
831 1135 102 27 åtgärder

178 1168 131 22 beträffande
332 1169 58 22 såväl
411 1170 62 26 gods-
493 1176 44 16 som
560 1170 228 27 passageraretrafiken
805 1182 25 3 —
848 1170 33 21 1:0
899 1171 35 20 att

178 1204 66 26 några
259 1206 70 19 extra-
343 1204 40 21 och
397 1204 266 28 kompletteringsgodståg
679 1205 67 21 under
760 1206 49 20 sön-
823 1205 40 21 och
873 1204 59 27 helg-

179 1238 65 25 dagar
261 1238 46 21 icke
327 1238 34 21 må
378 1238 47 21 från
445 1238 174 22 ändstationerna
637 1239 108 26 utsändas,
763 1239 24 21 så
805 1239 64 21 framt
884 1238 47 22 icke

177 1271 104 21 särskilda
301 1271 180 26 omständigheter
495 1273 52 25 göra
562 1272 76 21 sådant
653 1272 168 26 oundgängligen
837 1272 95 21 nödvän-

178 1304 45 27 digt
239 1304 38 21 och
292 1304 354 29 Kommunikationsexpeditionen,
661 1305 34 21 för
705 1306 72 27 hvarje
788 1306 55 27 gång
853 1306 78 21 sådant

177 1339 42 21 kan
237 1345 52 15 vara
307 1338 22 22 af
347 1339 100 22 behofvet
465 1340 115 27 päkalladt,
596 1340 27 28 pä
637 1340 91 22 särskild
743 1340 99 22 anhållan
859 1340 71 22 därtill

177 1374 124 27 samtycker,
324 1374 111 22 hvaremot
452 1374 65 22 redan
533 1375 12 21 å
560 1377 40 25 väg
618 1375 92 21 varande
729 1375 36 27 tåg
781 1375 62 22 äfven
857 1376 13 21 &
885 1382 45 14 om-

176 1408 105 22 förmälda
297 1409 66 27 dagar
373 1409 34 21 må
417 1409 82 27 framgå
509 1410 32 21 till
552 1410 131 26 slutstation;
693 1410 34 22 2:0
738 1412 33 20 att
781 1411 69 26 någon
861 1413 68 19 emot-

176 1444 87 26 tagning
283 1443 40 21 och
338 1444 105 27 utgifning
458 1444 23 21 af
493 1444 58 27 gods,
568 1445 47 21 med
629 1444 109 28 undantag
753 1445 23 21 af
789 1445 66 22 sådan
871 1451 58 21 vara,

175 1484 46 15 som
240 1480 23 18 är
281 1478 143 22 underkastad
447 1478 150 28 förskämning,
619 1479 47 22 icke
685 1479 32 22 får
733 1480 12 21 å
760 1482 48 19 sön-
823 1480 39 21 och
877 1480 51 26 hög-

243 1516 102 19 Allmänna
357 1517 172 19 Besvärsutskottets
541 1518 111 18 betänkande
663 1519 34 18 N:o
710 1520 26 17 11.
