1073 1714
363 179 268 24 Petitionsbetänkande
646 181 40 22 N:o
701 181 34 21 22.

444 496 206 22 Ekonomiutskottets
673 496 76 28 förslag
771 496 30 23 till
819 502 101 17 samman-

375 530 100 28 jemkning
498 532 20 21 af
534 532 24 21 de
573 531 115 28 skiljaktiga
704 532 71 25 beslut,
791 532 54 21 hvari
862 531 56 22 stån-

375 566 36 21 den
427 565 83 22 stannat
525 567 31 20 vid
573 566 144 27 behandlingen
729 567 21 21 af
761 567 111 21 Utskottets
886 567 34 22 be-

375 600 101 22 tänkande
492 601 34 21 N:o
544 601 22 21 11
585 601 5 21 i
606 601 105 27 anledning
728 601 21 22 af
763 601 73 22 tvänne
849 602 4 20 i
867 602 50 21 Bon-

375 634 107 22 deståndet
501 635 73 22 väckta
597 635 173 28 petitionsförslag
787 641 31 16 om
834 636 83 27 ändring

376 669 21 22 af
419 669 14 21 4
455 669 32 28 Si
504 670 73 27 nådiga
599 670 134 27 kungörelsen
749 671 20 21 af
784 671 37 21 den
836 671 28 21 25
879 671 38 27 Maj

376 704 53 21 1859
453 705 104 26 angående
579 705 88 21 vilkoren
690 705 37 21 och
744 705 100 22 allmänna
860 711 58 22 grun-

376 739 63 21 derna
453 739 31 21 för
500 739 215 27 hypoteksföreningar
731 739 4 22 i
752 740 88 21 Finland.

237 801 75 29 Enligt
318 801 113 22 Utskottet
438 801 192 22 tillhandakomna
638 802 204 29 protokollsutdrag
849 803 70 22 hafva

168 836 94 22 stånden
270 836 39 22 vid
317 836 164 29 behandlingen
490 837 23 20 af
521 836 172 29 ifrågavarande
705 837 141 22 betänkande
854 840 62 19 stan-

169 873 38 20 nat
221 871 7 21 i
244 871 98 28 följande
357 871 83 21 beslut:

237 906 158 28 Ridderskapet
410 906 39 21 och
459 905 71 22 Adeln
541 908 58 19 samt
609 906 161 22 Presteständet
779 907 69 21 hafva
859 908 57 28 god-

168 940 55 21 känt
238 940 160 21 betänkandet.

236 974 184 28 Borgareständet
435 974 41 22 har
490 976 50 20 med
556 975 143 21 förkastande
711 975 23 21 af
744 975 123 22 Utskottets
878 983 35 15 re-

168 1008 195 29 solutionsförslag
375 1009 169 21 äterremitterat
561 1010 151 21 betänkandet
729 1010 35 21 för
772 1012 32 20 att
811 1010 23 22 ät
842 1011 71 21 kläm-

167 1050 51 15 men
241 1044 73 21 skulle
336 1044 75 28 gifvas
431 1044 97 27 följande
542 1044 134 22 förändrade
691 1044 95 28 lydelse:
802 1048 45 22 ,att
863 1045 52 29 Sty-

167 1078 72 21 relsen
262 1078 69 22 mätte
353 1078 91 28 vidtaga
462 1078 79 28 ätgärd
557 1086 35 14 om
607 1078 159 28 upphäfvande
781 1079 24 21 af
820 1080 26 21 de
862 1080 51 21 hin-

167 1112 46 27 der,
233 1120 47 14 som
299 1112 84 28 nädiga
401 1112 149 28 kungörelsen
566 1113 24 21 af
605 1114 42 20 den
662 1113 27 21 25
705 1114 44 27 Maj
767 1114 53 22 1859
836 1114 79 29 lägger

167 1147 7 21 i
189 1149 73 26 vägen
277 1147 36 22 för
330 1146 107 29 beläning
452 1147 7 21 i
475 1147 214 29 hypoteksförening
704 1148 33 21 uti
751 1148 75 22 landet
842 1149 23 21 af
880 1148 35 22 fa-

167 1182 83 28 stighet
265 1182 48 21 utaf
328 1182 86 21 mindre
431 1184 26 19 än
474 1182 63 26 8,000
553 1182 75 21 marks
643 1184 87 20 värde.*

236 1216 163 22 Bondeständet
414 1216 41 21 har
469 1217 85 28 antagit
569 1218 42 20 den
627 1216 34 22 till
671 1217 151 22 betänkandet
832 1218 82 28 fogade

166 1251 179 21 reservationens
363 1250 68 22 kläm.

237 1284 108 29 Samtliga
368 1285 77 21 ständs
467 1286 74 21 beslut
562 1286 107 21 innebära
688 1288 31 19 att
733 1286 94 22 ständen
842 1287 73 21 önska

167 1319 95 29 ändring
279 1320 24 21 af
319 1320 41 21 den
380 1320 148 28 bestämning,
544 1320 92 22 hvilken
653 1322 64 26 utgör
731 1320 80 22 hinder
825 1321 34 21 för
874 1322 38 20 be-

166 1353 77 28 läning
264 1353 7 21 i
294 1353 215 28 hypoteksförening
532 1354 23 20 af
580 1354 131 27 lägenheter
732 1354 23 21 af
777 1354 85 21 mindre
885 1356 29 19 än

166 1387 63 25 8,000
245 1387 76 21 marks
336 1387 78 26 värde;
433 1387 101 21 besluten
550 1387 65 28 skilja
631 1387 35 28 sig
681 1389 79 20 endast
774 1389 7 20 i
796 1389 65 28 fräga
876 1395 37 15 om

166 1422 37 21 det
225 1421 88 28 belopp,
335 1421 87 22 hvilket
444 1421 67 22 borde
534 1423 91 28 stadgas
648 1421 73 22 säsom
743 1423 73 28 lägsta
831 1424 81 21 värde-

165 1457 74 28 gräns.
269 1456 11 21 I
295 1457 72 20 denna
390 1456 35 21 del
448 1456 68 21 hafva
535 1457 162 27 Ridderskapet
712 1457 43 22 och
769 1457 72 22 Adeln
857 1459 59 21 samt

165 1491 167 22 Prestesiändet
353 1491 80 21 uttalat
448 1491 35 28 sig
498 1491 34 22 för
547 1491 125 22 Utskottets
686 1492 87 29 förslag
787 1494 31 20 att
833 1493 80 22 värde-

231 1534 191 31 Ekonomiutskottets«
430 1539 110 18 betänkande
553 1539 37 18 N:o
604 1539 31 18 11.
