1061 1709
223 176 12 20 6
401 170 251 24 Motionsbetänkande
666 170 41 22 N:o
722 170 20 21 4.

195 244 31 20 att
241 241 105 27 förnyelse
366 240 22 22 af
406 240 90 27 tidigare
516 240 90 26 beviljad
622 238 239 27 försäljningsrättighet
876 237 18 27 ej
911 237 34 21 mä

195 278 83 25 vägras,
298 276 70 21 derest
387 275 108 21 sökanden
513 274 46 21 icke
577 273 129 22 missbrukat
724 272 136 27 rättigheten,
879 271 66 22 brutit

196 313 43 19 mot
258 310 176 27 förordningarna
453 309 90 21 rörande
562 308 125 26 försäljning
706 307 23 21 af
746 307 52 26 sprit
818 307 51 20 eller
884 306 61 21 malt-

196 345 88 27 drycker
307 345 51 21 eller
381 350 77 15 annars
477 343 48 22 låtit
544 343 71 21 oskick
635 342 35 21 vid
690 341 152 27 försäljningen
861 341 85 20 komma

196 380 31 27 sig
244 379 31 22 till
290 379 48 21 last.
368 379 47 21 Den
434 379 121 26 föreslagna
573 377 156 26 uteslutningen
749 376 39 21 har
806 375 61 22 äfven
883 375 23 21 af
920 381 27 15 en

196 414 107 21 minoritet
321 413 56 21 inom
397 413 111 21 Utskottet
526 412 107 21 förordats
653 411 27 26 på
699 411 40 20 den
759 410 68 27 grund
842 413 32 18 att
889 409 57 22 stad-

196 449 78 26 gandet
289 448 47 21 icke
352 453 50 16 vore
417 447 100 26 förenligt
536 446 46 21 med
599 445 40 22 den
655 445 6 21 i
677 451 81 15 samma
773 444 30 28 $:s
820 445 10 20 1
848 450 61 15 mom.
925 444 23 21 ät

197 482 235 27 stadsmyndigheterna
456 481 95 21 lemnade
578 479 127 27 befogenhet
728 480 31 20 att
782 479 33 21 för
837 479 35 21 två
895 479 23 20 är
940 479 7 20 i

197 517 76 21 sender
295 516 118 21 bestämma
434 516 35 21 till
489 515 79 21 hvilket
587 514 58 22 antal
664 514 72 27 dylika
754 513 126 27 rättigheter
895 513 53 22 böra

197 552 104 27 upplätas,
317 551 8 21 i
340 551 35 21 det
390 552 32 19 att
439 551 62 20 dessa
516 549 146 28 myndigheter
678 549 121 26 derigenom
814 548 86 21 hindras
917 550 31 19 att

196 586 116 21 inskränka
335 585 81 21 antalet
438 585 90 27 tidigare
551 583 106 27 beviljade
679 583 132 27 rättigheter.
842 582 106 22 Särskildt

197 621 38 20 har
249 620 33 21 för
297 626 26 15 en
335 619 124 26 utvidgning
471 619 23 20 af
503 617 309 27 kommunalmyndigheternas
824 617 125 26 befogenhet

198 655 126 20 härutinnan
339 653 134 25 framhällits,
483 654 31 20 att
529 653 62 20 dessa
606 652 46 21 icke
668 651 123 22 derförutan
804 651 70 21 kunna
885 651 64 27 stäfja

199 689 40 21 den
255 689 48 20 med
325 688 112 21 allehanda
457 687 87 27 färgade
567 686 200 28 spritblandningar,
790 692 45 15 som
851 685 47 22 med
915 686 33 21 vin

197 723 63 21 hafva
273 723 109 26 ingenting
393 723 64 20 annat
468 723 130 25 gemensamt
610 723 25 19 än
649 722 93 25 namnet,
754 720 97 21 bedrifna
863 720 85 26 handel,

198 757 84 22 hvilken
305 758 6 20 i
334 757 65 26 nägra
426 757 73 20 städer
525 755 114 28 uppgifvits
666 755 63 21 hafva
755 755 73 21 vunnit
850 757 44 19 stor
916 756 33 19 ut-

199 791 122 27 sträckning
344 791 38 22 och
406 791 68 26 spridt
495 791 46 21 sina
562 789 122 28 förderfliga
707 789 127 27 verkningar
853 789 33 22 till
906 796 43 14 om-

199 826 98 27 gifvande
312 825 102 22 landsort.
445 825 120 21 Utskottets
583 824 69 21 flertal
671 824 63 27 hyser
751 824 65 21 likväl
836 824 40 21 den
895 824 54 27 äsig-

199 863 34 18 ten
257 862 31 19 att
310 860 159 26 uteslutningen
491 859 22 21 af
531 861 13 20 3
562 865 64 15 mom.
650 861 90 19 tvärtom
760 859 68 20 skulle
851 859 99 20 befordra

199 895 90 21 handeln
309 895 47 20 med
377 894 72 27 dylika
461 894 200 27 spritblandningar,
684 895 51 19 enär
758 899 26 15 en
806 893 43 21 reel
872 893 78 21 handel

199 929 48 21 med
272 929 128 24 naturviner,
424 928 72 21 hvilka
523 928 72 21 fordra
618 927 108 26 mängärig
750 927 131 27 lagringstid,
903 927 47 22 icke

199 964 41 20 kan
267 963 60 21 bestä
352 964 51 19 utan
430 963 41 20 den
493 963 90 26 garanti,
607 968 44 15 som
674 961 161 27 ifrägavarande
857 964 93 19 moment

199 997 94 22 innebär.
327 997 33 21 Dä
390 997 234 27 stadsmyndigheterna
648 997 35 20 vid
709 996 125 27 utgifvande
860 996 22 21 af
905 997 45 20 vin-

199 1031 239 28 1örsäljningsrättighet
457 1031 46 21 icke
519 1031 90 21 allenast
624 1031 59 21 skola
699 1033 50 24 taga
771 1031 121 21 kännedom
908 1037 42 20 om,

199 1066 105 21 huruvida
326 1065 93 22 sökande
442 1066 56 27 gjort
520 1066 31 26 sig
574 1065 56 22 känd
651 1065 31 21 för
702 1065 87 21 redbart
810 1065 139 26 förhällande,

200 1104 50 18 utan
271 1100 39 21 ock
329 1107 39 20 ega
387 1101 43 20 rätt
449 1102 30 19 att
498 1101 7 20 i
524 1100 63 27 öfrigt
605 1099 73 28 pröfva
701 1099 53 22 hans
774 1099 125 28 lämplighet
918 1099 32 21 till

200 1135 105 21 rörelsens
323 1134 122 27 utöfvande,
461 1137 56 18 samt
530 1135 35 20 vid
582 1134 98 21 anhällan
700 1140 34 15 om
749 1134 106 27 förnyelse
870 1133 23 22 af
907 1134 43 21 för-

200 1169 205 28 säljningsrättighet
427 1171 36 19 äro
487 1169 132 26 berättigade
642 1169 31 20 att
692 1168 98 21 meddela
811 1168 74 27 afslag,
904 1168 46 21 ifall

201 1205 64 25 nägot
285 1209 44 15 som
348 1203 55 21 helst
422 1203 73 22 oskick
514 1203 34 21 vid
567 1203 105 22 rörelsens
691 1202 139 22 bedrifvande
844 1203 105 21 förekom-

200 1239 39 20 mit
254 1239 38 20 och
306 1233 110 25 dessutom
431 1238 63 20 hafva
509 1240 43 19 rätt
568 1240 30 18 att
610 1237 117 21 bestämma
743 1237 39 21 den
806 1237 64 26 trakt,
892 1237 58 21 inom

200 1271 84 22 hvilken
307 1271 160 21 minuthandeln
490 1271 34 20 mä
545 1271 68 26 idkas,
637 1271 23 20 sä
681 1271 69 20 håller
772 1270 111 21 Utskottet
905 1271 45 20 före

201 1308 31 19 att
247 1305 235 27 stadsmyndigheterna
500 1305 114 26 ingalunda
630 1307 36 18 äro
682 1305 7 21 i
703 1305 81 20 saknad
799 1304 23 21 af
834 1305 65 26 laglig
914 1305 36 20 be-

201 1339 100 28 fogenhet
323 1340 32 21 att
377 1339 94 26 aflägsna
489 1339 92 28 antydda
600 1339 206 22 missförhållanden.
835 1339 116 22 Förekom-

201 1374 75 22 mande
296 1374 73 22 oskick
388 1375 7 20 i
414 1374 92 21 nämnda
525 1374 97 22 afseende
640 1374 67 22 mäste
727 1374 89 28 säledes,
836 1375 38 20 der
889 1374 26 21 de
929 1374 22 21 fä

200 1409 76 27 fortgä,
299 1409 52 21 bero
370 1409 27 28 pä
420 1409 184 27 myndigheternas
628 1409 154 27 efterlätenhet,
806 1409 38 22 och
867 1409 83 23 komme

200 1444 47 22 icke
270 1446 32 20 att
324 1444 106 27 afhjelpas
453 1450 75 21 genom
552 1450 25 15 en
600 1444 126 28 utvidgning
748 1444 22 21 af
788 1444 72 22 dessas
882 1445 68 21 makt-

201 1479 133 26 befogenhet.

268 1525 178 17 Ekonomiutskottets
460 1525 111 17 betänkande
585 1524 36 18 N:o
635 1524 17 18 9.
