1086 1742
249 184 41 20 176
405 183 274 23 Petitionsbetänkande
694 183 45 23 N:o
754 183 36 23 14.

219 246 103 26 Joensuu,
335 245 100 21 behöfver
445 245 46 21 icke
502 245 101 22 betviflas.
628 246 138 21 Undersöker
778 252 48 15 man
839 248 14 19 t.
867 252 31 15 ex.
914 246 57 21 huru

220 282 45 19 stor
280 281 77 25 anpart
376 280 104 21 hvardera
502 280 74 21 staden
599 282 50 25 äger
673 280 6 21 i
703 280 84 21 landets
800 280 172 27 järnvägstrafik,

218 313 60 22 faller
293 313 115 22 företrädet
423 313 138 28 ovilkorligen
584 314 110 21 Sortavala
708 314 32 21 till
756 314 39 27 del,
810 314 71 21 såsom
897 313 22 22 af
931 314 41 21 föl-

217 348 65 27 jande
292 355 26 14 ur
327 348 222 27 Järnvägsstyrelsens
560 349 114 21 berättelse
684 348 33 22 för
728 349 24 21 är
764 349 54 21 1898
829 349 75 26 gjorda
914 355 57 15 sam-

218 383 152 26 manställning
384 382 101 27 framgär:

490 473 18 22 I.
540 473 153 28 Persontrafik.

413 524 91 23 Afgängna
514 525 31 17 och
553 530 30 12 an-
606 524 124 18 Personkilom.
749 525 27 18 för
810 525 98 18 Inkomster
922 525 40 17 från

427 547 51 18 lända
490 553 81 17 passage-
605 547 87 23 afgångna
703 548 33 17 och
745 553 31 12 an-
792 543 11 31 —
817 548 140 22 persontrafiken.

475 576 44 12 rare.
605 570 52 18 lända
664 576 112 17 passagerare
856 571 55 18 Mark.

218 605 118 22 Sortavala.
365 622 5 4 .
400 622 4 4 .
434 622 4 5 .
467 605 76 26 56,754
645 606 109 25 6,222,023
825 606 94 26 102,851:
928 606 30 21 35;

217 640 96 21 Joensuu
329 656 5 5 .
364 656 4 5 .
398 657 5 3 .
433 657 4 3 .
466 640 76 26 42179
646 640 110 26 4,563,099
838 641 80 25 76,098:
928 641 31 20 14

494 731 32 22 II.
561 732 129 27 Godstrafik.

451 783 74 17 Afsändt
537 783 32 17 och
578 789 31 11 an-
627 783 93 18 Tonkilom.
736 783 18 18 af
771 783 26 18 af-
817 783 98 18 Inkomster
927 783 18 18 af

477 805 48 18 ländt
537 806 47 22 gods.
644 806 50 17 sändt
706 806 31 17 och
750 811 31 12 an-
800 802 11 31 —
824 806 120 23 godstrafiken.

514 829 39 17 Ton.
661 829 48 17 ländt
720 829 47 22 gods.
855 829 54 18 Mark.

217 862 108 22 Sortavala
335 869 18 15 o.
362 863 108 21 Sortav.h.
492 864 76 26 44,215
655 864 111 26 5,656,694
824 865 94 25 231,790:
926 865 30 20 62

215 897 97 21 Joensuu
330 914 5 4 .
365 914 4 4 .
399 914 4 4 .
433 915 4 3 .
468 915 4 4 .
496 899 73 21 12315
656 894 110 36 4,088,903
825 898 94 26 149,078:
927 899 30 21 70

284 972 43 21 Det
347 972 41 21 kan
406 972 119 28 anmärkas,
540 974 31 20 att
586 973 35 21 det
633 972 157 28 jämförelsevis
805 973 83 21 mindre
903 974 63 26 gods-

216 1006 83 27 belopp,
316 1006 102 22 hvarmed
439 1007 103 26 Joensuu,
563 1008 70 21 såsom
649 1006 135 22 förestående
799 1007 72 22 siffror
890 1008 75 25 utvisa,

216 1040 66 22 deltar
304 1041 8 21 i
332 1041 83 21 landets
434 1041 170 27 järnvägstrafik,
619 1042 70 20 måste
704 1048 62 15 anses
781 1042 52 21 bero
848 1042 71 27 därpå,
935 1045 31 19 att

216 1075 86 21 stadens
317 1077 75 25 export
406 1075 40 21 och
460 1076 80 26 import
551 1076 177 27 hufvudsakligen
738 1076 108 27 begagnar
857 1079 108 19 vattenvä-

216 1115 70 21 garna.
316 1109 49 21 Men
386 1109 61 21 äfven
468 1116 35 14 om
519 1110 64 21 saken
599 1110 88 21 sålunda
702 1110 38 21 har
755 1110 33 21 sin
804 1111 105 26 naturliga
923 1110 46 22 för-

214 1142 89 28 klaring,
318 1143 51 21 ökas
385 1144 122 26 därigenom
522 1144 46 21 icke
583 1144 118 26 utsigterna
710 1144 33 20 för
754 1146 31 19 att
794 1145 97 21 Joensuu
902 1144 63 22 fram-

214 1176 58 22 deles
294 1178 8 20 i
316 1177 130 27 betydligare
468 1178 48 21 mån
538 1178 53 21 skall
605 1178 86 21 komma
705 1180 32 19 att
751 1178 89 27 bidraga
854 1179 32 21 till
901 1179 62 27 gods-

214 1210 100 22 trafikens
337 1211 121 27 utveckling
480 1212 12 21 å
504 1212 147 27 järnvägarna.
682 1212 70 21 Också
766 1212 32 21 får
813 1213 35 21 det
862 1213 45 21 icke
922 1212 42 22 för-

214 1245 63 27 bises,
300 1247 31 19 att
353 1245 23 21 af
397 1246 25 21 de
445 1246 188 27 godsgvantiteter,
655 1246 71 22 hvilka
749 1247 23 21 &
794 1247 55 21 1898
864 1246 99 22 afsändes

213 1279 47 21 frän
282 1280 51 20 eller
355 1282 121 24 emottogos
498 1281 7 19 i
523 1281 103 24 Joensuu,
641 1280 106 26 knappast
762 1287 40 14 ena
817 1280 79 21 hälften
912 1282 55 20 eller

213 1312 76 21 endast
310 1313 62 25 3,762
387 1314 37 20 ton
439 1315 147 25 representera
604 1314 86 20 stadens
706 1313 109 21 samtrafik
829 1314 49 21 med
893 1314 71 22 lands-

213 1346 73 22 delens
308 1346 68 28 öfriga
394 1347 206 27 järnvägsstationer
619 1347 88 21 emellan
722 1348 97 21 Joensuu
836 1348 39 21 och
891 1348 76 22 Sorta-.

212 1380 52 27 vala,
287 1383 54 19 samt
362 1383 32 19 att
414 1380 22 22 af
450 1381 58 21 detta
522 1381 67 22 tontal
603 1381 48 21 hela
666 1381 62 27 3,258
744 1384 38 19 ton
798 1382 51 22 falla
864 1382 28 28 pä
906 1389 56 15 sam-

212 1414 89 23 trafiken
317 1416 47 21 med
384 1416 98 21 Värtsilä.
512 1416 110 27 Antagligt
643 1418 24 18 är
682 1416 130 28 visserligen,
828 1418 32 20 att
874 1423 26 15 en
915 1417 46 21 frän

212 1450 97 21 Joensuu
323 1449 49 22 ledd
386 1450 90 27 järnväg
490 1450 68 21 skulle
572 1450 86 21 komma
672 1452 31 19 att
718 1451 65 27 draga
793 1451 32 21 till
836 1451 32 27 sig
880 1458 26 15 en
917 1452 49 21 icke

212 1484 60 27 ringa
286 1483 149 28 persontrafik.
457 1484 50 21 Men
522 1484 61 21 häraf
595 1484 61 27 följer
666 1485 51 26 icke,
728 1487 30 20 att
769 1491 25 16 en
807 1485 56 28 dylik
871 1485 95 28 järnväg:

278 1530 185 23 Järnvägsutskottets
472 1531 110 17 betänkande
595 1531 37 18 N:o
645 1531 20 17 2.
