1089 1750
221 164 26 19 38
380 162 274 22 Petitionsbetänkande
670 162 42 22 N:o
726 162 38 22 14.

191 229 86 24 görande.
300 230 31 18 Då
345 229 231 23 landtdagshandlingarna
594 230 55 18 sedan
663 230 43 18 1882
718 230 91 18 innehålla
827 230 97 22 utredning
936 229 5 17 i

191 258 60 18 denna
267 258 143 23 järnvägsfråga,
428 258 24 18 då
469 258 36 18 den
522 258 19 18 af
559 259 104 23 regeringen
680 258 86 18 nedsatta
776 258 166 24 järnvägskomitén

191 287 94 23 föreslagit
303 286 64 18 Kaskö
385 287 60 18 såsom
463 286 69 19 banans
547 287 102 23 ändpunkt,
660 286 36 19 och
707 287 25 17 då
744 287 85 23 slutligen
841 286 102 19 sträcknin-

191 321 36 17 gen
238 315 60 18 blifvit
309 315 137 18 instrumentalt
459 315 105 21 undersökt,
576 315 29 18 får
613 315 30 24 jag
651 314 58 19 under
717 314 113 20 hänvisande
839 315 28 18 till
876 314 68 19 nämda

191 343 109 24 handlingar
312 343 94 19 vördsamt
418 344 75 17 föreslå:

465 409 31 16 att
514 407 110 18 Ständerna
636 407 44 18 ville
688 408 116 22 petitiomera
816 412 28 13 om
858 407 84 23 byggan-

397 436 29 17 det
443 437 26 21 af
480 441 22 12 en
513 435 81 23 järnväg
604 434 52 24 från
668 435 98 22 Seinäjoki
776 436 73 18 station
862 434 13 19 å
891 435 52 18 Vasa

397 464 64 18 banan
473 464 32 18 till
517 464 67 18 Kaskö
597 465 46 18 stad
655 465 7 16 i
674 465 35 17 den
718 464 146 18 instrumentalt
873 464 69 18 under-

397 494 55 17 sökta
468 493 110 23 riktningen
592 493 36 23 för
641 493 64 18 banan
718 493 99 23 äfvensom
830 494 68 17 anvisa
908 493 36 22 för

397 521 109 18 densamma
517 522 70 23 nödiga
599 521 63 19 medel.

260 579 121 24 Helsingfors,
394 578 34 19 den
440 579 11 17 6
460 579 80 19 februari
552 579 49 19 1900.

669 637 101 23 Johannes
786 636 90 24 Ilmanen.

260 701 10 17 I
283 700 31 18 det
325 700 131 18 ofvanstäende
468 700 62 18 förena
543 701 35 23 sig:

261 747 19 23 K.
296 747 20 23 A.
329 747 131 23 Schroderus.
701 746 24 24 Iv.
740 746 20 24 R.
776 746 99 24 Forsman.

556 890 34 24 23.

337 965 53 19 Till
410 965 143 23 vällofliga
573 964 234 24 Borgareständet.

262 1034 61 18 Sedan
339 1034 45 18 1882
396 1034 30 18 års
438 1033 89 24 landtdag
538 1034 34 18 har
584 1033 31 19 vid
626 1034 37 18 alla
674 1033 143 23 ständermöten,
829 1034 57 23 enligt
896 1034 48 18 före-

193 1063 72 23 fintliga
276 1062 214 24 landtdagshandlingar,
502 1062 106 24 betydelsen
620 1062 19 18 af
651 1068 22 12 en
685 1068 65 17 genom
763 1062 55 19 södra
827 1058 118 23 Österbotten

193 1091 68 24 dragen
277 1091 76 24 järnväg
364 1091 59 18 blifvit
434 1091 110 18 framhällen
556 1091 34 18 och
602 1091 77 18 allmänt
691 1091 75 19 erkänd.
789 1092 11 17 TI
812 1090 79 24 enlighet
903 1090 42 19 med

192 1120 20 18 af
229 1120 104 18 Ständerna
349 1119 70 19 fattadt
434 1119 62 19 beslut
509 1120 57 18 hafva
577 1120 23 18 de
611 1119 29 19 för
652 1119 140 23 ifrägavarande
803 1119 141 24 syd-österbott-

192 1148 54 18 niska
265 1148 48 19 bana
332 1149 104 23 föreslagna
459 1149 151 23 sträckningarna
633 1144 254 27 Östermyra—Kristinestad
911 1148 35 18 och

193 1173 195 27 Östermyra--Kaskö
403 1177 60 18 blifvit
475 1177 50 18 såväl
537 1177 137 18 instrumentalt
686 1183 41 12 som
738 1177 35 18 ock
784 1177 116 18 ekonomiskt
912 1183 33 12 un-

193 1205 92 19 dersökta.
307 1206 89 18 Komit&n
412 1206 30 17 för
460 1205 136 18 värkställande
612 1205 20 18 af
651 1205 107 18 ekonomisk
776 1205 138 24 undersökning
926 1206 20 17 af

193 1233 90 20 särskilda
294 1235 215 23 järnvägssträckningar
520 1235 6 17 i
538 1234 62 19 landet
611 1234 35 18 har
657 1234 7 17 i
675 1234 77 23 afgifvet
760 1234 116 19 betänkande
885 1237 61 16 varmt

193 1263 84 19 förordat
293 1263 70 18 banans
380 1263 93 23 dragande
488 1263 42 18 frän
542 1259 107 27 Östermyra
661 1263 68 18 station
740 1263 29 18 till
781 1263 64 18 Kaskö
857 1263 42 18 stad
911 1263 35 18 och

193 1293 42 16 näst
253 1291 193 21 Idensalmi—Kajana
463 1291 61 18 banan
536 1292 44 17 stält
591 1291 35 18 den
638 1297 40 12 som
690 1291 35 17 den
736 1291 79 18 främsta
826 1291 6 17 i
844 1291 101 22 ordningen

193 1318 56 19 bland
267 1319 36 18 alla
318 1319 20 17 af
349 1318 106 18 densamma
466 1318 104 23 föreslagna
581 1318 172 23 bansträckningar;
766 1318 35 18 och
813 1318 57 23 vägar
880 1318 31 24 jag
922 1320 24 22 pä

193 1347 61 24 grund
270 1347 54 18 häraf
339 1346 136 20 vördsammast
486 1347 74 18 anhälla
572 1352 30 13 om
613 1346 93 24 vällofliga
718 1346 166 24 Borgareständets
896 1346 49 19 med-

193 1376 70 18 värkan
274 1376 28 18 till
313 1382 24 12 en
348 1376 75 24 petition
435 1382 30 12 om

466 1442 30 16 att
509 1440 111 18 Ständerna
631 1439 45 19 ville
688 1440 74 18 besluta
772 1440 108 23 byggandet
890 1440 26 23 af
924 1446 22 12 en

397 1469 80 23 järnväg
487 1470 36 22 för
534 1469 130 19 statsvärkets
676 1470 83 23 räkning
770 1467 51 25 från
831 1465 113 27 Östermyra

263 1510 201 22 Järnvägsutskottets
477 1509 119 19 betänkande
608 1509 38 19 N:o
658 1510 18 18 2.
