1061 1714
233 156 25 21 10
390 156 267 22 Petitionsbetänkande
671 155 41 21 N:o
727 154 34 22 20.

202 220 28 15 att
241 218 83 18 beräkna
336 217 68 19 folkets
417 218 77 22 utgifter
506 218 27 18 för
542 217 249 24 rusdrycksförbrukningen
804 216 34 18 och
850 216 102 23 dymedelst

203 246 87 22 klargöra
304 246 63 18 hvilka
383 246 89 23 ofantliga
486 246 121 19 ekonomiska
622 247 93 17 intressen
728 245 57 18 saken
798 245 64 23 gäller.

271 356 33 16 Att
316 360 23 13 en
351 355 53 23 dylik
417 356 52 22 fråga
481 355 78 19 sålunda
571 355 78 18 lemnats
659 357 45 16 utan
714 354 90 19 afseende
814 354 62 18 kunde
884 353 69 19 förkla-

203 388 30 13 ras
246 384 34 17 och
293 384 91 18 försvaras
397 384 66 18 endast
475 385 7 17 i
494 384 36 18 den
541 384 88 17 händelse
639 385 27 15 att
675 383 130 18 erfarenheten
816 382 61 18 skulle
886 382 66 22 ådaga-

204 412 43 22 lagt,
263 414 26 16 att
305 413 24 22 på
343 412 163 23 lagstiftningsväg
521 413 46 17 intet
580 412 36 18 kan
629 412 135 18 åstadkommas
776 411 31 18 till
819 410 134 24 rusdrycksflo-

204 441 46 18 dens
268 442 115 20 hämmande,
402 441 47 18 eller
464 444 27 15 att
506 441 92 18 allmänna
616 441 33 17 och
666 440 72 23 sedliga
753 440 144 23 rättsprinciper
911 440 42 17 icke

204 470 60 18 tilläte
280 476 23 12 en
318 470 117 23 lagstiftning
448 476 36 17 nog
496 472 63 21 sträng
571 470 29 18 för
612 472 27 16 att
651 470 111 22 möjliggöra
775 469 51 18 detta
838 468 116 19 hämmande.

204 499 23 17 Vi
242 501 32 15 äro
290 498 63 18 derför
368 498 85 23 skyldiga
470 501 26 16 att
511 499 79 23 granska
605 499 58 17 saken
675 498 53 18 äfven
742 498 41 18 från
796 498 54 18 dessa
862 498 92 23 synpunk-

204 530 34 19 ter,
250 528 57 18 innan
323 528 17 17 vi
356 528 121 18 efterkomma
490 528 43 18 våra
545 528 82 17 valmäns
640 527 33 18 och
687 526 59 23 öfriga
758 527 102 18 tusendens
873 526 19 18 af
905 526 49 18 med-

204 557 78 23 borgare
295 557 119 22 önskningar.

273 586 23 17 Vi
309 586 93 22 uppställa
415 586 23 17 då
450 586 29 17 till
488 585 47 19 först
544 585 64 23 frågan
618 585 92 18 huruvida
722 585 31 18 det
762 585 119 18 försvårande
890 585 21 18 af
917 585 38 18 till-

204 615 73 22 gången
295 615 28 17 till
340 614 119 23 rusdrycker,
475 615 70 18 hvilket
560 614 69 23 åsyftas
644 619 65 18 genom
725 614 137 23 inskränkning
877 613 20 18 af
910 613 46 18 eller

205 644 67 18 förbud
285 644 29 17 för
326 644 81 17 handeln
420 644 41 17 med
474 644 75 21 sådana,
562 644 53 17 äfven
628 644 34 17 har
674 643 71 18 kunnat
752 643 103 18 förminska
866 643 53 18 deras
929 643 26 17 åt-

205 674 53 22 gång.
282 673 36 18 För
331 675 26 15 att
367 673 63 22 belysa
440 673 51 18 detta
501 673 60 18 införa
572 673 17 17 vi
599 673 33 17 här
643 678 23 12 en
673 672 69 23 grafisk
751 672 62 21 tabell,
823 672 74 18 hvilken
906 673 50 16 visar

205 702 89 23 beloppet
306 702 20 17 af
337 702 97 17 bränvins-
447 702 35 17 oeh
495 701 258 24 maltdryckstillverkningen
766 701 22 18 fr.
801 707 15 12 o.
830 707 23 12 m.
863 701 43 18 1871
917 703 12 15 t.
940 706 10 12 o

205 736 23 12 m.
248 731 20 17 år
286 731 44 18 1894
351 730 113 18 beträffande
480 730 148 23 maltdryekernä
644 731 35 16 och
693 732 13 15 t.
722 736 15 12 o.
754 736 23 11 m.
793 731 21 16 är
829 730 43 17 1897
888 729 68 18 beträf-

205 759 55 18 fande
277 759 104 18 bränvinet.
405 759 51 18 Enär
472 759 146 23 förbrukningen
634 759 18 17 af
668 759 46 22 sprit
729 759 29 18 för
770 759 89 18 tekniska
870 758 86 18 ändamål

206 789 49 17 intill
271 793 66 13 senare
352 788 27 17 tid
392 789 47 16 varit
456 788 99 23 obetydlig,
572 788 35 18 och
623 788 22 17 dä
661 788 59 22 nägon
735 790 66 21 export
814 787 20 18 af
844 787 113 24 rusdrycker

205 818 58 22 knapt
276 823 32 14 ens
321 817 29 18 till
363 820 75 15 namnet
450 818 96 21 existerar,
559 818 20 17 sä
591 817 52 18 torde
656 822 41 13 man
710 817 64 18 kunna
782 819 72 20 antaga,
864 819 26 16 att
898 817 58 18 varia-

205 848 87 17 tionerna
307 847 7 17 i
330 847 217 22 tillverkningsbeloppet
563 846 121 19 öfverhufvud
697 846 53 18 äfven
764 846 60 18 utvisa
836 846 120 22 vexlingarna

205 875 27 18 uti
247 876 147 18 konsumtionen,
410 881 28 12 om
455 875 34 18 ock
504 875 23 18 de
542 876 42 17 icke
600 875 53 18 alltid
669 877 44 20 göra
729 875 31 18 det
776 877 90 20 noggrant
882 874 41 18 frän
936 875 20 17 är

204 905 29 17 till
246 905 25 17 år.

200 1487 22 16 6
274 1486 21 17 7
350 1486 21 17 79
424 1486 21 17 8
498 1485 21 18 8
571 1485 22 18 8
645 1486 22 17 87
720 1486 22 18 89
798 1486 21 17 M
869 1475 22 29 9
946 1487 22 16 IH

232 1518 178 18 Ekonomiutskottets
424 1518 111 18 betänkande
549 1517 38 19 N:o
603 1518 16 19 8.

1014 1487 15 16 9!
