1061 1706
232 157 13 20 4
407 155 251 23 Motionsbetänkande
673 155 41 23 N:o
730 156 20 21 4.

202 231 38 21 gar
256 225 6 21 i
278 224 90 22 handeln
388 224 48 22 med
456 225 58 20 viner
533 225 38 21 och
587 224 66 21 andra
669 230 88 20 svagare
773 224 126 27 rusdrycker
915 226 36 18 äro

202 259 176 26 hufvudsakligen
395 258 103 28 följande:

271 295 31 20 att
322 293 145 22 minuthandel
485 294 48 20 med
553 292 139 22 nästnämnda
712 292 89 28 drycker
817 292 68 22 skulle
903 299 50 15 vara

202 328 83 21 tillåten
308 328 6 21 i
337 328 48 20 stad
407 328 75 20 endast
505 327 71 22 såvida
599 327 138 21 kommunens
759 327 136 21 medlemmar
919 327 34 21 vid

203 362 170 22 rådhusstämma
389 362 70 21 dertill
478 362 96 21 lemnade
590 362 37 20 sitt
642 362 119 26 samtycke;

272 398 38 23 att,
327 397 6 20 i
353 396 37 22 fall
409 396 235 28 stadsmyndigheterna
664 395 131 22 beträffande
814 396 140 22 bestämman-

204 432 35 21 det
256 431 22 21 af
291 430 303 27 försäljningsrättigheternas
610 431 55 20 antal
682 430 103 22 stannade
797 430 6 22 i
816 430 57 23 olika
885 431 69 22 beslut

204 466 38 21 och
262 465 88 22 ärendet
370 465 54 27 förty
447 465 83 22 komme
550 467 31 19 att
599 465 141 22 öfverlemnas
758 465 33 22 till
811 467 143 26 guvernörens

204 500 122 27 afgörande,
345 500 74 21 endast
443 502 29 19 ett
495 500 200 26 försäljningsställe
719 500 64 21 måtte
802 500 87 25 tillåtas,
909 501 46 21 ifall

204 535 138 26 magistraten
357 534 32 21 för
405 534 31 21 sin
454 534 33 21 del
503 534 90 27 afstyrkt
605 534 28 21 all
645 534 77 21 handel
735 535 47 20 med
794 534 161 27 ifrågavarande

204 569 98 26 drycker;
320 571 55 19 samt

272 605 32 19 att
326 603 91 21 nämnda
440 603 77 21 handel
540 603 69 21 blefve
632 603 44 20 helt
700 603 37 21 och
758 603 65 22 hållet
842 603 112 27 förbjuden

203 637 27 28 på
246 637 77 22 landet.

273 671 74 22 Såsom
372 671 109 22 Utskottet
503 672 5 21 i
532 672 45 21 sina
599 672 91 26 tidigare
708 672 150 21 betänkanden
877 672 45 21 N:is
943 672 10 21 7

204 706 39 22 och
260 707 12 21 8
288 706 122 26 framhållit,
429 706 60 21 delar
507 706 59 21 äfven
588 707 108 21 Utskottet
715 706 167 21 motionärernas
901 713 53 20 upp-

204 741 91 26 fattning
310 741 72 21 derom
401 743 32 18 att
452 741 136 26 enhetlighet,
608 741 69 21 såvidt
696 741 87 27 möjligt,
800 741 66 21 borde
881 741 50 21 råda
948 741 7 21 i

205 775 158 26 lagstiftningen
389 775 90 22 rörande
509 776 57 21 olika
593 776 45 26 slag
666 775 22 21 af
712 775 131 27 rusdrycker.
881 775 74 22 Denna

204 810 136 26 uppfattning
358 810 38 21 har
411 809 106 22 föranledt
532 810 111 21 Utskottet
658 811 39 25 att,
712 810 35 21 vid
763 810 154 27 behandlingen
934 810 23 21 af

205 844 41 21 den
264 844 78 27 nädiga
357 844 155 27 propositionen
530 844 144 22 innefattande
689 844 79 28 förslag
784 845 30 20 till
832 845 123 26 förändring

205 879 23 20 af
248 879 175 26 förordningarna
443 879 107 27 angäende
570 879 124 26 försäljning
713 879 39 21 och
772 879 143 26 utskänkning
934 879 23 21 af

205 912 148 27 maltdrycker,
370 913 44 20 deri
434 913 86 26 vidtaga
536 913 114 26 ändringar
670 912 32 21 för
721 913 117 26 bringande
854 913 22 21 af
889 913 66 26 sagda

204 946 150 27 förordningar
377 947 4 20 i
405 948 96 19 närmare
524 947 218 21 öfverensstämmelse
765 947 48 22 med
836 947 119 21 förordnin-

204 987 67 20 garna
290 981 90 21 rörande
398 981 88 21 bränvin
507 983 54 19 samt
580 981 58 21 viner
660 981 39 21 och
718 981 67 22 andra
803 987 88 21 svagare
910 987 45 15 rus-

205 1015 95 27 drycker.
324 1016 31 20 En
369 1015 121 27 jemförelse
506 1016 76 21 mellan
595 1015 122 22 Utskottets
729 1015 136 22 förenämnda
875 1015 80 27 förslag

206 1050 38 21 och
254 1050 105 21 motionen
368 1049 67 27 gifver
451 1050 115 21 emellertid
582 1050 34 21 vid
624 1050 90 25 handen,
723 1052 32 19 att
767 1056 74 21 genom
855 1050 100 21 motions-

205 1084 112 26 förslagets
340 1084 119 27 antagande
482 1085 47 20 dess
549 1084 192 22 ofvanframhällna
759 1084 55 27 syfte
833 1085 31 20 att
884 1085 70 20 ästad-

204 1118 85 21 komma
306 1117 130 28 enhetlighet
447 1118 8 20 i
466 1119 158 26 lagstiftningen
634 1119 109 25 angäende
751 1118 141 27 maltdrycker
901 1121 54 18 samt

204 1153 59 21 viner
282 1152 40 22 och
340 1152 66 29 andra
425 1159 87 20 svagare
532 1153 125 26 rusdrycker
672 1153 115 26 ingalunda
802 1153 68 21 skulle
886 1153 68 20 ernäs.

273 1187 73 27 Enligt
365 1186 102 27 förslaget
486 1187 31 20 till
537 1187 89 26 ändring
646 1187 22 20 af
681 1187 150 26 förordningen
846 1187 109 27 angäende

204 1221 125 27 försäljning
352 1221 39 21 och
414 1221 144 27 utskänkning
580 1220 22 22 af
624 1221 142 26 maltdrycker
789 1221 79 21 erhölle
887 1222 68 20 stads-

205 1256 100 19 kommun
328 1255 43 20 rätt
389 1256 37 23 att,
446 1255 7 20 i
468 1255 68 20 likhet
551 1255 47 20 med
614 1254 55 21 hvad
689 1254 108 27 angäende
815 1253 76 22 handel
908 1254 47 21 med

205 1289 59 21 viner
287 1291 23 19 är
332 1287 106 28 stadgadt,
457 1288 115 21 inskränka
591 1288 81 21 antalet
694 1287 23 22 af
734 1287 221 28 försäljningsställen,

205 1329 45 16 men
274 1323 46 22 icke
343 1324 32 20 att
397 1323 98 26 förbjuda
517 1323 28 20 all
565 1322 132 28 försäljning.
719 1323 33 21 En
768 1323 108 21 minoritet
897 1323 57 21 inom

204 1358 111 23 Utskottet
337 1357 38 22 har
397 1357 131 22 beträffande
550 1357 91 22 handeln
665 1357 48 22 med
736 1358 57 21 säväl
813 1357 142 28 maltdrycker

205 1399 44 16 som
270 1393 58 22 viner
343 1392 40 23 och
401 1392 66 22 andra
483 1399 86 21 svagare
586 1392 125 27 rusdrycker
727 1393 97 28 päyrkat,
839 1394 32 20 att
886 1393 69 21 stads-

205 1429 100 20 kommun
323 1427 127 22 härutinnan
467 1427 64 21 borde
547 1427 116 28 medgifvas
683 1427 53 22 total
752 1427 138 27 förbudsrätt,
907 1434 47 15 men

204 1463 122 22 Utskottets
345 1462 68 21 flertal
432 1461 37 22 har
488 1462 27 26 pä
530 1462 52 25 skäl,
599 1467 45 16 som
660 1462 81 21 anförts
757 1463 7 20 i
781 1462 120 21 Utskottets
917 1462 37 21 be-

271 1508 178 19 Ekonomiutskottets
463 1508 112 18 betänkande
589 1507 37 22 N;o
639 1507 21 19 9.
