1700 1870
530 249 12 21 8
739 247 250 23 Petitionsbetänkande
1003 247 38 23 N:o
1057 247 20 22 8.

530 310 166 27 filialafdelning,
719 311 48 20 med
789 310 84 22 hvilken
893 311 88 21 filialens
997 311 66 26 öfrige
1079 309 137 22 medlemmar
1231 315 52 15 voro

530 351 55 20 ense,
605 345 117 22 besvarade
740 345 67 22 likaså
825 345 72 27 frågan
914 344 99 28 jakande,
1033 344 117 22 anförande
1165 344 29 21 bl.
1209 351 19 14 a.
1244 345 38 25 att,

530 379 27 21 då
572 379 144 26 vintersjöfart
730 379 106 22 härintills
850 379 23 22 af
884 379 133 27 lagstiftaren
1028 380 80 20 ansetts
1117 379 111 25 otänkbar,
1240 380 43 19 rät-

530 413 68 27 tighet
616 413 32 22 till
666 413 65 22 sådan
748 413 75 27 sjöfart
837 413 46 22 icke
897 413 121 22 förefunnes
1033 414 7 21 i
1055 419 81 15 samma
1151 408 137 27 bemärkelse

530 454 45 15 som
590 449 43 20 rätt
648 447 33 22 till
697 448 74 27 sjöfart
786 448 67 21 under
868 448 97 26 årstider,
981 448 27 21 då
1023 447 69 27 någon
1107 447 106 26 forcering
1228 447 24 21 af
1265 447 18 22 is

529 482 46 22 icke
591 484 24 19 är
629 482 100 27 behöflig,
747 482 39 21 och
801 482 40 21 slik
855 482 75 27 sjöfart
939 482 56 26 förty
1005 482 24 21 så
1039 481 83 27 mycket
1134 481 82 22 mindre
1227 480 57 28 finge

530 516 124 27 uppehållas
669 516 27 27 på
705 516 120 22 bekostnad
836 516 23 21 af
866 522 25 16 en
901 516 64 22 sedan
976 516 109 21 urminnes
1095 516 56 21 tider
1160 515 123 27 bestående,

530 550 123 27 obestridlig
668 552 52 20 rätt.
749 546 67 26 Äfven
832 550 56 22 Vasa
903 550 159 27 filialafdelning
1077 550 116 22 besvarade
1208 549 76 29 frågan

527 585 100 27 jakande.
658 585 10 21 I
681 585 92 27 Viborgs
791 585 158 27 filialafdelning
964 585 96 21 däremot
1073 591 38 16 var
1126 584 121 22 referenten
1262 584 23 22 af

530 620 40 21 den
585 619 90 27 äsikten,
686 621 32 20 att
733 620 12 21 ä
760 626 40 16 ena
813 620 60 21 sidan
883 619 144 28 stadgandena
1038 625 34 16 om
1082 619 122 26 kungsädra
1214 619 69 22 mäste

529 660 62 16 anses
605 653 58 28 gifva
676 654 35 21 vid
726 654 89 25 handen,
831 656 33 19 att
878 654 7 22 i
901 654 42 21 alla
957 654 134 27 vattendrag,
1107 660 45 15 som
1163 653 73 22 kunna
1245 660 37 15 an-

529 689 80 21 vändas
624 688 33 22 till
672 688 75 26 farled,
763 688 57 28 dylik
835 688 38 22 bör
888 689 80 21 lemnas
983 690 68 25 öppen
1065 688 40 22 och
1120 688 33 22 fär
1168 688 23 21 af
1205 689 79 21 enhvar

530 723 76 21 anlitas
624 722 34 22 för
677 722 74 28 sjöfart
769 725 50 19 utan
837 723 140 27 begränsning
992 723 33 20 till
1038 724 43 20 viss
1097 722 73 26 ärstid,
1187 722 97 22 hvarför-

529 758 60 20 utom
603 758 8 20 i
626 757 89 27 saltsjön
729 757 56 21 vissa
803 757 106 22 allmänna
923 757 91 21 farleder
1029 763 50 15 vore
1094 757 33 21 till
1142 756 138 28 begagnande

529 791 114 27 päbjudna,
658 791 76 21 medan
749 791 12 22 &
776 792 67 21 andra
858 791 60 22 sidan
933 791 108 22 hällandet
1056 791 23 21 af
1092 792 109 26 vinterväg
1211 792 69 21 mäste

530 832 61 15 anses
612 832 51 15 vara
685 832 26 14 en
729 825 64 27 laglig
811 826 102 26 rättighet
927 826 34 20 för
976 826 47 21 dem
1039 832 45 15 som
1100 825 63 22 hafva
1178 826 68 22 fördel
1262 826 23 21 af

530 862 73 25 vägen,
626 862 52 19 utan
701 861 32 20 att
756 860 54 22 dock
832 860 87 22 därmed
936 866 51 16 vore
1001 861 68 26 sagdt,
1085 862 32 19 att
1132 862 68 26 vägen
1215 860 68 22 under

529 895 43 21 alla
586 894 147 22 förhällanden
749 895 68 21 skulle
831 894 22 22 fä
867 895 58 21 ledas
940 896 7 20 i
963 900 80 17 samma
1057 895 123 27 sträckning
1194 896 40 20 och
1244 895 39 21 där

530 930 36 20 det
588 929 49 21 bäst
659 930 97 25 lämpade
778 930 33 26 sig
832 930 33 20 för
884 930 26 21 de
928 929 139 27 vägfarande;
1083 930 83 21 hvadan
1182 930 100 21 kommun

529 969 50 16 vore
595 963 82 28 skyldig
693 965 32 19 att
739 964 28 27 pä
781 964 38 21 bro
835 964 47 21 leda
895 964 108 27 vinterväg
1019 963 59 22 öfver
1093 965 73 26 ränna,
1182 970 45 16 som
1238 964 49 21 före.

528 1001 78 24 vägens
628 998 131 27 anläggande
783 998 53 21 efter
857 998 143 27 isläggningen
1023 1000 90 25 öppnats
1133 999 7 21 i
1160 999 68 21 farled
1244 999 39 21 och

528 1033 121 21 sedermera
664 1033 141 25 regelbundet
819 1033 118 26 trafikeras,
953 1034 50 19 utan
1019 1034 32 19 att
1061 1033 32 20 för
1104 1033 26 21 de
1141 1032 141 27 tilläfventyrs

530 1067 67 22 ökade
612 1066 143 21 kostnaderna
770 1066 72 21 härför
857 1067 112 21 bekomma
985 1067 116 26 ersättning
1117 1067 23 21 af
1153 1067 36 21 det
1204 1068 78 21 vinter-

529 1101 75 27 sjöfart
619 1101 92 22 idkande
726 1101 97 26 rederiet,
840 1107 47 15 men
902 1101 69 21 rederi
987 1107 49 16 vore
1051 1101 94 27 skyldigt
1160 1101 32 22 till
1208 1102 75 21 skade-

530 1136 122 26 ersättning,
669 1135 72 22 därest
755 1138 81 19 rännan
846 1136 100 27 uppgätts
957 1135 54 22 efter
1022 1136 138 21 utstakandet
1171 1136 23 21 af
1204 1137 80 20 vinter-

528 1172 47 24 väg.
604 1169 30 22 Af
647 1169 91 22 filialens
752 1170 137 21 medlemmar
904 1175 49 16 voro
970 1170 44 20 lika
1029 1170 76 26 mänga
1120 1170 23 21 af
1152 1170 132 22 referentens

529 1204 84 27 mening
627 1209 46 16 som
689 1204 31 26 de,
736 1203 72 21 hvilka
823 1203 48 22 ville
886 1204 89 21 besvara
987 1203 74 27 frägan
1071 1204 101 26 jakande;
1188 1211 26 14 en
1225 1205 60 21 med-

528 1239 42 21 lem
585 1239 47 20 äter
647 1238 117 21 besvarade
779 1238 121 21 densamma
915 1237 33 22 till
962 1238 42 21 alla
1021 1238 58 21 delar
1095 1239 104 20 nekande.

597 1273 33 20 De
645 1272 57 21 olika
716 1272 85 27 åsikter,
817 1273 33 20 till
865 1272 72 21 hvilka
952 1279 55 19 man,
1019 1271 68 22 såsom
1098 1272 24 21 af
1130 1273 153 22 ofvanstäende

528 1307 79 22 referat
630 1306 99 27 framgär,
753 1307 26 26 pä
801 1307 65 21 basen
889 1306 23 21 af
928 1306 116 22 bestäende
1064 1307 35 27 lag
1117 1307 41 21 kan
1175 1307 106 22 komma
1265 1302 18 36 i

528 1341 69 21 denna
619 1339 66 28 fråga,
708 1340 129 27 ädagalägga
860 1339 97 27 nogsamt
975 1339 156 28 behöfligheten
1150 1340 22 21 af
1186 1347 47 20 nya,
1248 1343 35 18 ut-

527 1374 104 28 tryckliga
650 1374 194 27 lagbestämmelser
859 1375 7 20 i
880 1375 76 20 ämnet.
990 1373 127 27 Uppenbart
1132 1377 24 18 är
1171 1375 64 21 ocksä
1250 1377 32 18 att

528 1415 43 20 »nu
593 1408 98 28 gällande
713 1408 131 26 stadganden
861 1408 108 26 angående
984 1408 13 21 ä
1012 1414 40 15 ena
1071 1408 60 22 sidan
1147 1408 136 28 vintervägar

528 1445 55 20 samt
600 1443 13 21 &
631 1443 68 21 andra
720 1442 60 22 sidan
802 1442 120 28 kungsädra
941 1442 39 22 och
995 1442 69 22 farled
1079 1442 64 22 hafva
1158 1443 126 22 tillkommit

525 1479 30 27 pä
573 1484 26 15 en
621 1478 38 26 tid,
683 1477 27 21 dä
731 1483 49 16 man
803 1478 37 21 hos
860 1483 35 15 oss
909 1478 47 20 icke
971 1477 68 22 kände
1055 1478 33 21 till
1103 1478 71 27 nägon
1189 1478 93 27 egentlig

527 1512 152 28 vintersjöfart,
701 1512 46 22 icke
769 1512 70 22 kunde
857 1512 65 22 tänka
937 1512 31 27 sig
984 1512 136 28 möjligheten
1136 1512 22 22 af
1172 1514 109 26 isbelagda

528 1550 83 20 vattens
634 1547 142 21 trafikerande
799 1547 106 27 samtidigt
927 1548 48 20 med
996 1547 71 28 fartyg
1086 1548 39 22 och
1140 1548 71 22 äkdon
1227 1551 56 19 samt

595 1588 102 18 Allmänna
708 1586 173 20 Besvärsutskottets
894 1587 111 18 betänkande
1016 1587 34 19 N:o
1065 1588 14 18 7.
