1092 1748
246 171 23 20 10
395 169 276 24 Petitionsbetänkande
686 169 45 23 N:o
747 169 34 22 14.

284 225 105 18 Sistnämda
409 225 140 24 omständighet,
568 226 35 18 och
621 226 50 17 öfver
689 225 74 18 hufvud
787 225 30 18 det
830 225 60 18 lokala
903 225 64 18 trafik-

214 253 90 22 behofvet,
316 254 25 17 ha
355 254 53 18 äfven
423 254 107 18 framkallat
545 254 51 23 fråga
612 253 70 22 därom,
694 256 33 19 att,
740 253 62 18 såvida
815 253 102 18 Ständerna
927 253 39 18 icke

214 289 32 11 ens
257 282 30 19 vid
300 282 60 19 denna
372 281 88 24 landtdag
472 283 59 18 skulle
542 289 45 12 anse
599 283 27 22 sig
637 283 63 17 kunna
713 282 64 23 bevilja
789 282 66 23 nödiga
867 281 59 19 medel
937 283 31 16 för

214 311 140 24 ifrågavarande
362 311 84 23 järnvägs
456 311 97 23 byggande
562 312 61 17 såsom
632 311 101 22 statsbana,
743 311 66 23 åtgärd
817 311 57 18 borde
883 310 83 23 vidtagas

215 340 29 17 för
256 340 40 17 dess
309 339 164 19 åstadkommande
497 341 48 17 såsom
558 339 113 24 privatbana,
683 340 55 17 likväl
752 339 58 18 under
823 339 34 18 den
870 340 96 17 förutsätt-

215 369 48 22 ning,
281 371 28 15 att
328 368 102 19 Ständerna
448 369 29 17 för
495 369 104 18 ändamålet
619 368 88 23 beviljade
726 369 105 22 tillräckligt
850 369 116 22 statsanslag.

215 397 50 18 Utan
284 399 26 16 ett
328 397 66 18 sådant
413 403 42 12 vore
472 397 31 18 det
521 398 98 23 nämligen,
637 397 41 18 med
696 397 72 24 hänsyn
784 398 26 17 till
824 397 68 18 banans
905 397 61 22 längd,

215 426 82 23 omöjligt
309 427 28 16 att
349 426 19 17 få
380 425 106 18 densamma
499 426 26 17 till
538 426 59 18 stånd.

283 455 62 22 Enligt
364 454 30 18 det
412 454 165 24 kostnadsförslag,
595 460 38 13 som
647 455 80 22 ingeniör
740 455 24 18 H.
777 455 92 18 Norrmén
881 455 86 23 uppgjort

214 483 30 18 för
262 489 22 12 en
302 483 108 23 smalspårig
427 483 46 18 bana
492 483 69 23 gående
579 484 24 23 pä
619 489 54 12 norra
691 483 50 18 sidan
758 489 30 12 om
800 484 47 17 Uleä
859 484 31 21 älf,
902 483 35 18 och
949 484 19 17 af

215 511 69 19 hvilket
302 518 21 12 en
335 512 55 23 kopia
402 512 34 18 här
448 512 76 23 bifogas,
537 512 72 18 komme
621 512 99 23 järnvägen
733 512 67 18 mellan
811 512 102 24 Uleåborgs
926 512 41 18 stad

217 540 34 18 och
263 541 47 18 Uleå
323 541 51 17 träsk
386 543 28 15 att
426 540 54 18 kosta
492 541 92 20 3,977,630
597 541 57 17 mark.
679 536 59 22 Äfven
751 546 29 12 om
793 541 19 17 af
824 541 59 18 denna
895 546 73 12 summa

215 569 40 18 icke
273 569 62 18 kunde
350 570 74 22 heviljas
442 575 21 12 en
482 570 19 17 sä
514 572 39 16 stor
565 569 28 18 del
606 575 39 12 som
657 570 20 16 af
688 570 180 22 järnvägsutskotten
882 568 29 19 vid
925 570 42 17 1877

215 598 35 18 och
265 598 44 18 1882
322 599 29 17 års
363 598 110 23 landtdagar
485 599 94 23 föreslogs,
592 598 42 18 eller
647 599 29 17 två
690 598 107 22 tredjedelar
812 598 19 18 af
842 597 125 19 kostnadsför-

215 628 63 22 slaget,
293 627 35 18 har
345 633 42 12 man
401 627 53 18 likväl
466 627 44 23 hyst
522 627 35 18 den
570 628 47 17 vissa
629 627 127 24 förhoppning,
769 629 28 16 att
809 627 110 18 åtminstone
931 632 37 12 om-

215 656 54 23 kring
283 656 71 18 hälften
370 656 20 17 af
404 656 200 23 byggnadskostnaden
619 656 59 18 skulle
692 656 74 22 beviljas
779 656 60 18 såsom
851 655 117 24 statsbidrag.

284 685 66 17 Denna
367 684 124 24 förboppning
509 686 20 16 är
546 685 56 23 enligt
620 686 37 17 min
672 686 73 22 mening
760 685 26 18 till
803 685 46 18 fullo
860 685 109 23 berättigad,

217 713 25 19 då
260 719 42 13 man
321 715 51 21 tager
387 714 4 16 i
404 713 126 22 betraktande,
548 716 34 17 att,
597 714 114 18 oberäknadt
724 714 35 18 den
771 716 54 21 nytta
837 714 59 18 banan
909 714 60 18 skulle

215 741 83 19 medföra
316 742 29 18 för
362 748 23 12 en
402 742 102 18 vidsträckt
522 741 93 19 landsdels
633 743 110 23 utveckling,
762 744 60 16 staten
838 743 53 18 äfven
909 743 60 17 skulle

216 770 57 23 draga
290 770 60 18 direkt
367 776 48 18 gagn
430 771 20 17 af
462 770 111 23 densamma,
586 771 39 18 icke
637 772 48 17 blott
696 777 66 17 genom
775 772 70 22 ökning
856 772 5 17 i
874 772 94 22 statsjärn-

217 800 87 22 vägarnes
321 800 61 21 trafik,
399 802 46 15 utan
458 800 58 22 äfven,
529 800 35 18 och
576 801 5 17 i
593 800 78 18 främsta
683 802 84 19 rummet,
780 806 65 17 genom
857 801 82 22 stegring
950 800 19 18 af

216 828 60 23 prisen
293 829 23 21 på
334 829 83 17 trävaror
435 828 5 18 i
452 828 84 18 området
548 828 54 24 kring
614 828 46 19 Uleå
673 831 138 20 vattensystem,
822 828 74 18 hvarest
908 830 60 16 staten

216 858 43 21 äger
265 856 78 23 ungefär
352 856 91 22 1,500,000
451 856 90 19 tunnland
548 857 115 24 skogsmark.
680 857 66 18 Denna
755 857 71 18 direkta
834 859 65 22 nyttan
910 858 59 17 skulle

215 885 135 22 otvifvelaktigt
371 885 28 18 till
420 885 46 18 fullo
487 888 93 16 motsvara
601 887 52 16 ränta
675 886 33 17 och
729 887 112 22 amortering
860 887 23 23 på
901 886 68 19 nämda

216 915 70 22 anslag.

286 943 64 18 Under
362 943 124 23 förhoppning
498 945 28 16 att
538 943 114 24 högvördiga
664 943 137 19 Presteständet
814 945 88 23 välvilligt
912 945 57 18 måtte

215 971 92 19 behandla
324 972 139 22 ifrågavarande
476 972 74 24 förslag,
563 972 82 19 anhåller
656 973 31 22 jag
724 973 80 23 ödmjukast
817 975 27 16 att
856 973 113 24 högvördiga

216 1000 78 18 Ståndet
307 1001 119 17 tillsammans
440 1000 41 18 med
491 1001 60 23 öfriga
560 1000 55 19 stånd
624 1002 42 17 ville
674 1002 27 17 till
712 1002 53 18 Hans
774 1002 100 23 Kejserliga
884 1002 85 22 Majestät

215 1029 56 18 aflåta
285 1035 21 12 en
320 1028 115 24 underdånig
447 1030 77 22 petition
536 1029 72 19 därom:

489 1078 26 15 att
530 1082 22 12 en
563 1076 81 22 järnväg
656 1076 44 22 från
718 1076 96 23 Uleaborys
827 1078 41 16 stad
879 1077 30 18 till
925 1077 44 18 Uleå

421 1104 51 18 träsk
497 1104 54 18 måtte
575 1106 58 17 under
654 1106 167 17 nästinstundande
842 1106 128 22 finansperiod

420 1134 41 16 med
478 1133 24 21 af
517 1133 105 18 Ständerna
639 1134 90 22 anslagna
749 1134 55 17 medel
819 1134 72 22 utföras
907 1134 62 18 såsom

420 1161 105 17 statsbana;

284 1200 48 20 eller,
350 1206 29 12 om
398 1200 102 18 Ständerna
519 1201 40 18 icke
577 1201 60 18 skulle
655 1207 43 12 anse
717 1202 26 22 sig
761 1202 48 17 ännu
829 1202 63 18 kunna
904 1201 65 23 bevilja

215 1228 63 23 nödigt
291 1228 64 23 anslag
366 1228 30 18 för
407 1228 108 24 järnvägens
528 1229 97 23 byggande
637 1230 59 17 såsom
709 1230 103 18 statsbana:

489 1270 26 16 att
533 1269 20 17 åt
575 1270 98 22 Uleåborgs
691 1270 46 19 stad,
756 1270 71 18 enskild
843 1276 65 16 person
927 1271 42 17 eller

420 1297 56 21 bolag,
490 1303 38 10 som
550 1303 39 17 finge
601 1297 107 17 koncession
720 1298 11 16 &
744 1298 98 22 byggandet
853 1298 19 22 af
884 1304 19 12 en
911 1300 57 16 smal-

501 1326 72 22 järnväg
585 1326 67 17 mellan
670 1326 88 22 Uleåborg
770 1326 31 17 och
819 1326 45 18 Uleå
873 1327 56 17 träsk.
940 1327 29 17 till

517 1354 54 21 ljande
589 1354 24 22 af
627 1354 68 18 sådant
711 1354 76 23 företag,
806 1355 94 23 beviljades
913 1361 24 12 ur
948 1356 21 17 de

420 1382 56 19 medel
495 1383 102 18 Ständerna
619 1384 72 17 komma
709 1385 27 17 att
753 1384 31 23 för
801 1384 59 23 dylikt
880 1385 90 17 ändamål

420 1411 59 22 anslå,
492 1413 24 16 ett
528 1412 112 23 statsbidrag
653 1412 24 22 af
688 1413 102 18 1,900.000
803 1414 57 17 mark.

284 1445 122 23 Helsingfors,
418 1445 35 18 den
465 1445 11 18 6
488 1446 81 18 februari
582 1446 49 19 1900.

754 1481 57 24 Wald.
828 1481 71 24 Wallin.

283 1520 185 23 Järnvägsutskottets
481 1521 110 18 betänkande
604 1521 37 17 N:o
657 1523 10 10 2.
