1084 1745
232 175 42 21 170
387 174 276 23 Petitionsbetänkande
678 173 44 23 N:o
737 174 37 22 14.

273 248 112 21 Utskottet
398 247 39 22 har
451 247 46 22 icke
512 248 70 27 dragit
595 248 8 21 i
617 247 134 22 betänkande
772 249 32 20 att
817 247 87 22 förorda
918 253 38 15 un-

203 281 113 27 derdänigt
337 281 81 27 förslag
440 288 34 15 om
496 281 66 28 nädig
579 281 132 28 proposition
727 281 31 22 till
773 283 61 20 nästa
855 281 102 27 landtdag

203 316 111 27 angående
335 316 110 27 byggande
460 315 22 22 af
495 323 25 15 en
534 316 91 27 järnväg
642 315 46 22 från
701 316 63 21 Kemi
780 315 31 22 till
826 315 131 26 Rovaniemi,

203 350 104 22 ehuruväl
322 350 89 22 trafiken
429 351 38 21 här
489 351 106 27 knappast
617 351 41 21 kan
676 356 50 15 vara
741 352 69 20 större
825 352 27 20 än
868 349 88 23 emellan

203 385 136 27 Björneborg
353 385 40 21 och
408 385 149 28 Kankaanpää,
573 384 40 22 och
628 383 136 28 landskapets
780 386 73 20 natur-
869 385 39 21 och
920 385 37 21 od-

204 419 202 27 lingsförhällanden
422 419 109 21 dessutom
546 419 46 22 icke
602 419 67 21 tilläta
690 419 71 26 nägon
776 419 124 27 jämförelse
910 419 47 21 med

203 453 49 22 dem
267 453 8 22 i
289 453 98 27 nordliga
403 453 86 21 delarna
509 452 23 23 af
544 447 49 28 Äbo
609 452 38 22 och
668 452 145 28 Björneborgs
835 453 43 21 län.
907 453 51 21 Men

203 487 46 22 icke
264 493 45 21 nog
318 487 93 22 härmed.
427 487 111 22 Utskottet
560 487 38 22 har
611 487 61 21 äfven
682 487 95 21 förordat
786 487 84 22 teknisk
880 487 77 22 under-

204 521 92 28 sökning
304 521 23 22 af
333 528 26 15 en
364 521 158 28 järnvägslinje,
530 521 85 22 hvilken
626 520 53 22 ifrän
689 521 108 22 Ylivieska
808 521 78 22 station
897 521 62 27 längs

204 555 98 28 Kalajoki
310 555 63 22 älfdal
381 555 69 22 skulle
458 555 27 28 gå
491 556 33 21 till
531 555 135 28 Haapajärvi,
679 555 87 22 oaktadt
774 556 69 21 denna
850 555 50 28 linje
906 555 51 26 icke,

205 589 71 22 såsom
291 589 58 22 fallet
364 596 52 15 vore
432 590 48 21 med
495 590 69 21 banan
580 589 155 28 Björneborg—
747 585 147 36 Kankaanpää,
904 589 54 22 hade

204 626 31 20 att
251 625 70 27 stödja
335 625 34 27 sig
383 625 28 26 pä
429 626 31 20 ett
482 625 69 21 starkt
570 624 164 27 trafikeentrum,
750 625 39 21 och
805 624 45 22 icke
865 624 71 26 heller,
951 625 8 20 i

203 659 67 22 likhet
285 659 48 22 med
356 659 74 26 denna,
453 659 71 22 kunde
539 658 95 28 päräkna
653 658 154 22 trafiktillskott
822 659 54 21 ifrån
892 659 67 21 ett.ät

204 693 41 22 alla
259 693 44 22 häll
319 694 91 26 utbredt,
426 694 117 21 vidsträckt
557 693 110 28 landskap.

273 728 117 28 Angående
412 728 123 22 Utskottets
558 727 79 28 förslag
653 727 129 22 beträffande
798 728 159 22 Kemi—Rova-

204 762 65 22 niemi
284 763 69 21 banan
368 763 38 20 har
418 763 39 26 jag
471 763 90 27 tidigare
576 761 45 23 haft
636 764 51 19 äran
702 763 67 20 uttala
783 763 50 26 mig.
855 763 104 21 Däremot

203 797 43 21 kan
265 796 38 28 jag
325 797 46 21 icke
395 797 71 26 undgä
480 799 31 19 att
526 797 38 21 här
579 796 100 23 särskildt
694 797 82 26 päpeka
791 797 40 20 den
847 797 61 27 ringa
922 797 35 21 be-

204 831 82 27 tydelse
299 831 69 21 banan
381 826 107 36 Ylivieska
515 826 137 36 Haapajärvi,
662 830 93 28 jämförd
763 831 49 21 med
820 831 69 21 banan
898 830 60 27 Björ-

204 865 104 27 neborg—
317 861 150 36 Kankaanpää,
473 865 41 22 kan
530 865 85 22 komma
625 867 32 19 att
667 865 84 21 erhålla.
780 865 42 27 Jag
836 865 123 21 missunnar

203 898 47 22 icke
264 899 157 21 kommunerna
435 900 7 20 i
457 900 98 26 Kalajoki
577 899 63 22 älfdal
663 899 26 22 de
713 899 191 27 framtidsutsigter
919 899 39 22 Ut-

205 933 92 22 skottets
312 933 81 28 förslag
406 933 42 22 kan
464 933 78 23 tillföra
557 934 54 26 dem,
627 940 48 15 men
688 933 37 28 jag
740 934 69 21 mäste
821 933 97 27 vidhälla,
928 936 31 19 att

205 968 69 22 banan
289 968 156 27 Björneborg—
457 963 137 38 Kankaanpää
612 968 46 22 icke
666 968 63 22 bordt
736 967 129 23 fränkännas
876 974 27 15 en
915 967 43 22 för-

205 1002 55 28 män,
268 1002 85 22 hvilken
363 1003 123 27 obetingadt
495 1003 100 22 tilldelats
607 1003 40 21 den
659 1002 84 28 mycket
753 1009 89 20 svagare
852 1002 107 22 Ylivieska

205 1037 158 28 Haapajärvi
379 1037 74 27 banan,
469 1038 39 21 och
519 1038 65 27 vågar
591 1037 38 28 jag
645 1036 69 23 därför
732 1037 118 27 hemställa,
858 1039 31 19 att
898 1037 60 22 Stän-

205 1072 65 22 derna
292 1073 49 21 med
363 1072 157 22 åsidosättande
542 1072 23 22 af
585 1072 121 22 Utskottets
732 1072 112 27 afböjande
873 1072 84 27 förslag,

205 1106 80 22 täcktes
300 1106 54 22 fatta
368 1106 71 22 beslut
462 1106 83 22 derom:

478 1194 34 20 att
521 1193 71 21 under
601 1192 149 22 instundande
763 1192 153 29 finansperiod
923 1193 35 21 in-

409 1227 133 21 strumental
561 1227 163 27 undersökning
746 1227 64 21 måtte
828 1227 129 21 värkställas

410 1261 36 27 för
452 1268 27 14 en
481 1261 99 28 järnväg
587 1261 54 28 från
649 1260 134 28 Björneborg
790 1261 35 21 till
834 1261 123 21 Kankaan-

407 1297 46 24 pää
466 1295 38 20 och
518 1295 67 27 nädig
595 1295 136 27 proposition
747 1295 111 26 angäende
874 1294 85 21 banans

410 1328 110 27 byggande
547 1328 92 27 derefter
667 1330 90 19 snarast
780 1328 87 27 möjligt
892 1328 65 21 Stän-

410 1361 68 22 derna
492 1361 128 28 föreläggas.

270 1521 186 24 Järnvägsutskottets
466 1521 111 19 betänkande
589 1521 37 20 N:o
638 1522 19 19 2.
