1098 1750
269 165 40 20 110
424 158 277 28 Petitionsbetänkande
717 163 42 23 N:o
774 163 36 21 14.

239 232 66 18 kunna
316 232 104 23 framlägga
431 232 83 23 vägande
526 232 40 18 skäl
578 232 30 18 för
619 231 127 23 förbigäendet
757 231 20 18 af
788 231 59 18 denna
859 230 134 24 järnvägslinje.

240 259 29 19 De
281 261 120 23 synpunkter,
413 266 40 13 som
465 261 82 23 betingat
556 262 83 17 Joensuu
649 262 61 16 såsom
720 260 142 23 utgångspunkt
870 260 30 18 för
908 259 86 19 karelska

239 288 71 19 banans
322 290 125 22 fortsättning,
459 291 32 17 äro
503 290 74 18 alldeles
588 288 106 20 föråldrade
705 289 34 18 och
752 289 58 18 sakna
818 289 27 17 till
853 288 35 18 och
896 288 42 18 med
946 288 47 19 häll-

240 318 34 18 bar
289 318 69 23 grund.
381 318 88 18 Komit6n
486 318 58 18 häller
562 319 24 23 pä
603 318 34 18 den
650 318 75 23 princip,
737 320 29 16 att
778 318 78 18 trafiken
868 323 65 18 genom
945 318 48 22 järn-

237 348 83 22 Vägarna
331 347 15 22 ej
359 347 30 18 får
400 346 50 19 föras
462 347 18 17 in
492 347 5 17 i
510 353 36 17 nya
557 348 63 17 banor.
637 347 42 17 Har
691 352 43 12 man
745 347 48 17 först
805 352 26 12 nu
840 346 78 19 kommit
927 345 67 19 under-

240 376 47 18 fund
299 375 84 19 därmed!
402 376 41 18 Den
455 376 85 18 karelska
552 376 61 18 banan
624 376 35 17 har
670 376 19 22 ju
703 375 60 24 dragit
772 377 52 17 östra
832 374 89 19 Finlands
927 375 68 17 handel

239 404 41 18 från
294 404 28 18 S:t
334 404 112 24 Petersburg
458 405 28 17 till
498 405 89 17 Finlands
600 410 46 18 egna
658 403 66 23 städer,
738 404 69 23 Hangö
818 404 62 18 banan
891 404 34 17 har
936 404 59 18 riktat

237 433 83 25 örelsen
333 435 39 16 mot
384 433 89 18 utlandet.
498 433 75 19 Samma
584 433 88 18 invärkan
685 433 34 18 har
730 433 63 23 hvarje
804 433 49 18 bana
865 434 4 16 i
882 432 31 19 det
925 433 39 17 inre
976 432 20 18 af

240 461 62 18 landet
317 461 47 22 haft,
379 462 25 18 dä
414 462 20 21 ju
446 462 23 18 de
480 462 62 23 gamla
554 462 150 18 trafiksträtarna
716 462 24 22 gå
752 462 52 23 längs
817 461 130 23 vattendragen
960 461 35 18 och

240 490 43 17 man
295 490 70 18 säledes
377 490 81 22 följande
469 490 42 18 dem
523 490 57 18 borde
591 491 62 22 bygga
665 490 65 18 endast
743 490 107 18 kustbanor.

309 518 61 18 Innan
386 518 84 19 Joensuu
486 519 41 18 stad
543 520 38 17 blef
593 518 72 24 anlagd,
678 518 47 18 hade
737 519 95 18 trakterna
844 518 84 23 omkring
940 518 54 18 Pielis

241 547 26 22 sjö
283 548 29 17 sin
330 547 114 23 handelsväg
461 548 51 18 öfver
523 548 40 18 Eno
575 553 65 18 genom
654 547 71 18 Kovero
737 548 35 17 och
784 547 115 23 Tohmajärvi
912 547 27 18 till
952 547 43 18 Sor-

241 575 70 20 davala.
957 571 2 3 |

308 605 31 18 Då
355 605 82 18 komitén
453 605 30 18 för
494 606 32 17 det
538 606 57 17 andra
609 607 3 2 i
626 606 31 17 sitt
670 605 116 18 betänkande
797 605 36 18 N:o
846 606 8 17 1
868 605 53 18 sidan
933 606 22 17 74
968 611 27 12 er-

239 633 76 22 känner,
328 635 28 16 att
368 639 22 12 en
401 634 77 23 järnväg
489 634 41 18 från
545 634 80 18 Värtsilä
636 639 66 18 genom
714 634 87 18 Tlomants
810 634 28 18 till
846 634 67 18 Lieksa
921 633 76 19 komme

240 664 29 16 att
288 662 63 18 beröra
370 662 74 21 trakter,
460 662 63 18 hvilka
536 663 3 16 i
552 663 67 23 högsta
631 662 45 23 grad
689 669 43 12 vore
744 663 4 16 i
760 663 57 18 behof
829 663 19 17 af
859 663 81 22 järnväg,
952 669 43 12 men

241 690 106 19 densamma
364 692 4 17 i
381 691 65 22 själfva
458 691 64 18 värket
533 691 75 19 komme
620 691 26 18 till
659 697 49 18 gagn
719 692 29 17 för
760 694 49 15 orter
820 691 42 18 med
874 692 38 23 gles
925 691 70 19 befolk-

241 720 50 23 ning,
308 721 59 17 måste
385 722 26 15 ett
429 719 67 18 sådant
508 719 149 19 sakförhållande
670 726 43 12 vara
724 720 68 23 egnadt
804 722 28 16 att
845 720 95 23 uppväcka
953 721 42 17 tvif-

241 749 81 21 velsmål,
340 749 106 22 isynnerhet
464 749 24 17 då
506 749 53 18 dessa
576 751 49 16 orter
641 749 59 18 sakna
715 749 109 23 betingelser
838 749 30 18 för
879 755 23 12 en
913 750 83 22 naturlig

241 778 110 23 utveckling.
369 777 67 18 Denna
447 777 137 24 omständighet
595 778 34 17 har
641 783 39 12 mer
692 779 21 16 är
724 777 58 18 andra
794 777 107 19 framkallat
909 784 21 12 en
940 778 56 23 afvog

242 806 143 25 sinnestämning
397 806 34 18 hos
442 806 128 24 befolkningen
584 807 5 17 i
601 806 23 18 de
635 805 68 23 näjder,
716 812 40 12 som
769 807 47 22 ligga
828 806 50 18 invid
890 807 104 18 Värtsilä—

240 835 100 22 Pielisjärvi
351 835 129 21 bansträckan,
492 835 24 18 då
528 835 19 22 ju
560 835 41 18 dess
613 835 90 18 dödsdom
715 835 105 23 härigenom
833 836 59 17 måste
903 836 7 17 i
921 835 73 18 betrak-

240 864 57 19 tande
314 865 19 18 af
350 864 184 19 förhandenvarande
549 863 165 20 tidsförhållanden
726 870 53 12 anses
792 870 43 12 vara
846 863 44 19 fäld.
915 864 37 19 För
964 863 33 20 det

242 892 57 24 tredje
310 893 53 18 anför
375 898 49 17 man,
433 895 29 16 att
474 892 59 19 denna
544 893 49 18 bana
605 893 59 18 blefve
675 892 72 24 dyrare,
760 892 69 19 hvilket
841 893 105 24 medgifves,
953 898 41 13 men

241 924 67 22 nyttan
323 923 20 18 af
355 922 107 18 densamma
474 922 59 18 skulle
545 922 103 23 mångfaldt
660 923 70 18 ersätta
742 922 94 19 skilnaden
848 923 5 17 i
866 922 129 19 kostnaderna.

241 952 49 18 Ville
305 958 43 11 man
360 952 60 23 bygga
432 951 35 18 den
479 951 91 24 billigaste
581 952 48 17 bana
642 952 26 17 till
681 952 87 21 Nurmes,
781 952 20 17 så
813 951 56 19 borde
880 951 36 18 den
928 951 67 24 dragas

241 981 41 18 från
294 981 83 18 Joensuu
390 985 66 18 genom
468 980 74 22 Juuka;
555 986 41 12 men
609 979 23 19 då
642 980 99 22 Pielisjärvi
748 980 98 18 kommuns
851 980 96 19 förseende
953 980 41 18 med

240 1010 75 23 järnväg
327 1009 35 18 har
373 1009 92 18 föranledt
474 1009 81 18 komitén
567 1011 28 16 att
606 1009 69 18 föreslå
687 1015 21 12 en
720 1009 67 23 dyrare
798 1009 43 22 linje
852 1015 66 18 genom
927 1009 70 18 nämda

241 1039 95 20 kommun,
354 1039 21 17 så
392 1037 67 24 frågas,
477 1038 76 18 hvarför
571 1043 41 13 man
631 1038 14 22 ej
663 1038 46 23 tagit
725 1038 74 23 hänsyn
811 1038 28 18 till
851 1038 90 18 Ilomants
953 1038 41 18 med

241 1066 40 19 dess
293 1066 91 23 betydligt
396 1067 58 17 större
467 1066 55 17 trafik
535 1070 48 14 samt
594 1066 96 23 föreslagit
701 1072 22 12 en
735 1067 43 22 linje
789 1066 41 18 från
838 1067 82 18 Värtsilä
929 1072 66 18 genom

241 1095 89 18 Tlomants
349 1095 27 18 till
393 1094 105 23 Pielisjärvi,
516 1095 27 17 till
560 1095 73 18 hvilken
649 1095 204 22 kommunikationsled,
865 1095 82 18 förutom
959 1095 36 18 Tlo-

240 1125 62 17 mants
313 1124 100 17 kommuns
424 1123 36 18 och
471 1123 71 18 Möhkö
554 1124 57 17 bruks
624 1126 50 15 stora
686 1123 62 22 trafik,
761 1123 94 18 dessutom
864 1124 81 18 rörelsen
953 1124 42 18 från

241 1152 114 24 Korpiselkä,
373 1151 84 23 Suojärvi
475 1152 35 18 och
527 1151 23 19 de
568 1152 56 23 ryska
638 1152 156 23 gränsmarkerna
806 1152 59 19 skulle
877 1152 74 18 ansluta
962 1153 33 23 sig.

309 1181 132 23 Befolkningen
459 1181 7 17 i
483 1180 23 18 de
524 1183 53 19 orter,
596 1186 40 13 som
654 1181 49 23 ligga
720 1180 32 18 vid
769 1181 36 18 den
820 1181 19 17 af
850 1187 30 12 oss
892 1181 104 24 föreslagna

241 1210 92 22 banlinjen
348 1210 35 18 har
395 1209 53 19 äfven
462 1209 45 18 efter
519 1209 84 24 förmåga
614 1209 73 18 försökt
700 1209 119 23 understödja
830 1209 116 19 densammas
959 1211 37 17 till-

240 1239 67 18 komst.
326 1238 25 18 Sä
362 1238 35 18 har
409 1240 13 16 t.
434 1244 28 12 ex.
475 1238 89 18 Ilomants
575 1238 96 22 kommun,
682 1238 83 18 förutom
777 1242 29 14 att
814 1238 35 18 den
858 1238 77 24 deltagit
944 1240 5 17 i
957 1245 39 13 om-

240 1266 124 19 kostnaderna
385 1267 30 18 för
435 1266 107 18 förenämda
560 1266 85 18 tekniska
662 1266 142 24 undersökning,
822 1267 63 18 hvilka
902 1268 94 22 uppgingo

241 1296 26 16 till
283 1296 83 16 närmare
381 1295 63 20 15,000
456 1295 58 20 mark,
527 1294 94 18 dessutom
633 1294 31 17 vid
676 1295 188 17 kommunalstämma
875 1296 36 16 den
924 1296 21 16 21
958 1296 37 17 De-

241 1323 72 17 cember
330 1323 45 17 1896
387 1322 81 18 utlofvat
479 1322 52 21 4,000
542 1322 65 23 slipers
619 1322 34 18 och
665 1322 24 18 all
702 1322 105 23 ouppodlad
820 1323 53 17 mark
885 1323 29 18 för
925 1323 73 17 banans

240 1351 61 18 behof.

309 1380 66 18 Denna
392 1379 76 23 järnväg
479 1379 74 18 komme
565 1379 5 17 i
582 1379 42 18 hela
636 1379 27 17 sin
676 1379 56 24 längd
744 1381 28 16 att
784 1380 42 24 löpa
838 1378 66 25 genom
915 1380 80 18 inlands-

240 1408 78 22 trakter,
329 1408 64 18 hvilka
405 1408 32 18 äro
448 1408 42 17 rika
501 1408 23 22 pä
536 1407 61 18 forsar
609 1408 35 18 och
658 1408 110 22 råmaterial,
778 1408 24 18 dä
811 1408 83 18 däremot
903 1403 36 24 den
948 1408 48 23 linje,

238 1442 42 14 'som
293 1437 76 23 utginge
379 1436 42 18 från
433 1436 89 22 Joensuu,
534 1436 87 18 komme
610 1428 13 37 i
633 1436 42 18 hela
687 1436 27 18 sin
728 1432 107 28 sträckning
847 1439 28 16 att
886 1438 24 23 gå
922 1437 74 19 alldeles

239 1463 52 21 invid
302 1464 120 20 vattenleden.

309 1506 186 22 Järnvägsutskottets
508 1506 109 18 betänkande
630 1506 37 18 N:o
680 1506 18 18 2.
