1061 1703
193 172 13 18 2
352 170 71 22 Ständ.
441 170 43 22 Pet.
502 184 22 2 —
542 170 143 22 Petitionsbet.
702 170 34 22 N:o
751 170 30 22 10.

262 231 176 29 Ifrägavarande
453 232 97 29 sällskap
565 232 41 21 har
616 232 34 21 till
661 232 103 21 ändamål
775 234 33 19 att
818 231 124 22 motarbeta

193 266 82 21 bruket
297 266 26 21 af
342 265 125 22 berusande
489 266 95 28 drycker
607 268 73 19 säsom
702 266 101 28 närings-
821 265 42 22 och
883 265 59 29 njut-

193 300 147 29 ningsmedel,
355 300 69 21 verka
439 300 37 22 för
490 300 122 29 nykterhet
627 300 150 21 befordrande
793 301 70 25 seder,
872 299 70 22 rädda

193 335 7 20 i
219 334 157 29 dryckenskap
399 334 70 21 fallne
492 335 42 21 och
556 335 101 27 aflägsna
679 335 27 21 de
723 333 218 25 missförhällanden,

193 376 48 14 som
263 368 52 22 leda
336 368 34 21 till
392 368 75 22 denna
488 368 48 22 last.
567 369 75 21 Sedan
662 368 121 29 sällskapet
799 370 24 19 är
840 370 54 19 1883
910 375 32 14 er-

192 402 65 22 hällit
279 403 35 21 sin
335 403 132 21 nuvarande
489 404 159 27 organisation,
663 402 91 23 utöfvar
772 403 38 21 det
828 403 34 21 sin
878 402 64 22 verk-

193 436 86 22 samhet
293 436 193 29 hufvudsakligen
501 444 82 21 genom
598 437 198 28 lokalföreningar,
811 436 77 22 hvilka
903 439 38 19 äro

192 470 105 22 inbördes
319 470 138 29 fullkomligt
479 471 129 26 fristående,
622 479 53 13 men
697 471 172 21 underordnade
891 470 50 22 en
925 466 20 38 i

192 504 143 29 Helsingfors
351 505 103 28 befintlig
473 505 94 22 ledande
583 505 219 29 hufvudbestyrelse.
833 505 44 21 För
891 507 51 19 när-

191 539 99 21 varande
312 541 35 19 stä
370 541 40 19 139
432 539 192 29 lokalföreningar
639 540 7 20 i
661 539 137 22 förbindelse
820 539 52 21 med
892 538 50 22 säll-

192 573 85 28 skapet.
307 573 194 21 Medlemsantalet
517 576 49 26 steg
582 576 23 19 år
622 576 54 18 1899
692 574 34 20 till
743 575 81 23 10,547.

261 607 137 29 Sällskapets
424 608 112 21 intensiva
562 608 42 22 och
626 608 150 28 uppoffrande
801 608 76 21 arbete
902 607 40 21 har

191 642 115 20 verksamt
329 642 97 28 bidragit
449 642 34 21 till
505 642 43 22 den
571 645 59 19 stora
653 642 139 28 förändring,
808 649 48 14 som
870 642 72 21 under

192 678 88 19 senaste
302 676 33 21 tid
356 676 123 28 försiggått
494 676 7 21 i
516 676 83 22 folkets
619 676 149 29 uppfattning
786 683 36 14 om
839 676 103 28 rusdryc-

191 709 76 23 kerna.

259 744 51 21 Den
332 744 165 28 förtjenstfulla
520 745 144 22 verksamhet
685 745 182 28 ,Nykterhetens
883 745 58 21 Vän-

190 781 53 18 ner"
259 778 91 22 utöfvat
372 779 41 20 har
436 779 68 21 äfven
526 779 109 28 tilldragit
658 779 34 28 sig
709 779 157 28 Regeringens
886 786 55 21 upp-

190 812 152 21 märksamhet
356 813 42 21 och
413 813 119 21 förskaffat
548 813 121 28 sällskapet
684 813 124 21 understöd
823 813 25 21 af
862 815 79 23 staten,

191 847 134 28 uppgäende
346 847 72 21 under
437 849 53 20 ären
507 849 111 20 1886-—89
633 847 34 21 till
682 849 64 24 3,000
760 847 70 26 mark,
847 849 24 19 är
887 849 54 19 1890

190 881 35 20 till
248 883 77 23 15,000
347 881 69 26 mark,
433 883 24 20 är
481 884 53 19 1891
553 882 35 21 till
604 883 62 24 8,500
682 881 63 22 mark
761 883 57 20 samt
833 881 51 22 frän
899 881 43 22 och

190 915 51 22 med
257 917 24 20 är
299 918 54 19 1892
368 916 34 21 till
418 919 63 23 8,000
496 917 63 21 mark
575 924 36 15 om
626 918 54 19 äret.

259 950 128 22 Sistnämda
409 951 83 28 belopp
515 951 40 22 har
578 951 123 22 emellertid
723 958 93 14 numera
833 951 58 21 visat
907 951 34 28 sig

190 985 49 21 icke
264 992 54 14 vara
339 985 132 29 tillräckligt
493 985 36 22 för
552 988 32 19 att
606 985 52 22 fullt
680 986 78 21 kunna
776 985 120 28 tillgodose
913 986 28 20 de

190 1019 60 21 olika
265 1026 112 21 grenarna
392 1019 26 21 af
431 1020 132 28 sällskapets
582 1020 150 22 verksamhet.
762 1020 135 28 Anspräken
912 1022 29 26 pä

189 1053 134 29 sällskapets
345 1053 94 29 förlags-
455 1054 42 22 och
515 1054 261 28 föredragsverksamhet
797 1054 69 22 hafva
880 1056 61 19 näm-

189 1087 61 28 ligen
267 1088 72 20 under
354 1088 38 21 det
407 1091 88 18 senaste
511 1089 111 21 ärtiondet
637 1088 113 28 betydligt
761 1088 69 28 stigit,
843 1088 42 21 och
895 1096 46 20 nya

188 1121 185 22 arbetsomräden
394 1122 36 21 för
453 1122 121 28 sällskapet
598 1124 102 26 öppnats.
731 1122 80 28 Enligt
825 1122 115 28 kassarap-

187 1157 109 26 porterna
307 1156 117 28 uppgingo
436 1156 79 21 endast
526 1156 27 21 de
564 1156 50 22 med
625 1156 261 28 förlagsverksamheten
896 1155 44 22 för-

188 1189 70 21 enade
272 1189 124 29 utgifterna
406 1190 72 21 under
490 1192 52 19 ären
552 1192 139 20 1896—1899
702 1190 33 21 till
746 1190 106 28 omkring
864 1192 76 23 70,000

188 1224 69 25 mark,
279 1223 117 22 hvaremot
419 1224 127 22 inkomsten
569 1224 26 22 af
615 1224 129 22 densamma
766 1224 72 22 under
859 1224 82 21 nämda

187 1257 33 21 tid
239 1256 108 29 utgjorde
369 1258 79 20 endast
470 1260 76 23 45,000
569 1258 70 21 mark.
669 1258 98 21 Krafvet
781 1260 30 26 pä
826 1265 28 13 en
869 1258 71 20 inten-

188 1291 73 21 sivare
278 1290 262 29 föredragsverksamhet
554 1292 41 20 har
610 1292 69 20 äfven
694 1293 23 19 är
732 1291 36 21 för
784 1293 24 19 år
823 1292 98 28 tilltagit,
933 1292 7 20 i

187 1332 84 14 samma
295 1327 53 19 män
370 1326 121 28 opinionen
514 1326 34 21 till
569 1326 90 22 förmän
681 1326 35 21 för
736 1326 203 28 nykterhetssaken

186 1360 84 21 vunnit
287 1362 71 19 större
374 1360 144 29 utbredning.
547 1361 37 20 En
599 1363 46 19 stor
660 1360 36 22 del
711 1360 26 22 af
750 1360 28 22 de
794 1367 81 21 genom
890 1361 49 21 säll-

187 1393 92 29 skapets
296 1393 90 29 försorg
400 1395 129 21 anordnade
543 1395 137 28 föredragen
694 1395 40 21 har
748 1395 134 28 visserligen
893 1395 46 21 häl-

186 1428 37 21 lits
246 1431 54 19 utan
324 1429 131 28 ersättning,
471 1436 52 14 men
544 1429 36 22 för
602 1429 136 28 uppnäende
758 1429 26 21 af
796 1429 143 29 varaktipare

184 1462 95 21 resultat
297 1462 42 21 har
361 1463 122 28 sällskapet
506 1466 43 19 sett
571 1464 35 27 sig
626 1463 122 22 föranlätet
763 1466 33 19 att
812 1465 29 26 pä
856 1466 32 19 ett
903 1471 35 20 sy-
