1092 1756
248 165 25 19 16
401 162 274 23 Petitionsbetänkande
690 161 43 22 N:o
748 161 36 22 14.

219 221 59 16 större
294 219 34 18 bro
345 220 12 17 &
372 219 70 18 Torneå
457 219 80 24 järnväg.
562 219 56 19 Skola
634 219 47 18 Uleå
697 219 35 18 älfs
750 219 60 18 forsar
827 219 6 17 i
845 219 60 18 större
918 218 53 18 skala

217 248 94 19 användas
323 249 6 17 i
341 248 102 18 industrins
456 248 61 22 tjänst,
530 248 52 18 torde
590 248 23 18 då
622 248 114 18 sannolikare
745 253 49 16 vara,
804 249 28 16 att
841 247 68 18 värken
919 247 51 18 skola

219 278 92 23 förläggas
328 277 26 18 till
370 277 93 24 Uleåborg
475 277 41 18 stad
529 278 41 17 eller
582 277 41 18 dess
636 277 76 22 omnejd.
725 287 22 2 —
760 277 72 23 Bygges
843 276 127 22 Vaalabanan,

218 308 22 17 är
251 306 31 19 det
294 306 74 18 därföre
379 307 68 23 troligt,
460 308 27 16 att
499 306 42 19 dess
552 306 144 25 hufvudsakliga
708 307 141 22 sysselsättning
861 306 73 17 komme
943 308 28 15 att

219 336 53 18 bestå
289 336 5 17 i
311 337 94 22 transport
422 335 19 18 af
459 335 46 22 tjära
523 335 34 18 och
572 332 54 21 bark
634 335 28 17 till
678 335 98 23 Uleåborg,
792 345 22 2 —
826 334 35 18 den
872 334 35 18 har
919 335 51 17 alltid

220 365 98 23 uppburite
333 365 66 17 främst
418 365 19 17 af
449 366 26 16 ett
487 364 58 18 lokalt
556 364 190 23 köpmannaintresse;
759 363 34 19 den
806 363 73 19 komme
891 363 39 18 icke
942 365 29 16 att

219 395 61 22 öppna
297 393 70 18 tillfälle
380 393 25 18 till
417 399 38 17 nya
467 393 95 22 impulser;
575 393 35 17 den
621 393 73 17 komme
706 391 59 24 aldrig
776 394 28 16 att
816 393 20 17 få
848 392 70 23 värklig
930 392 41 17 kul-

220 423 53 17 turell
291 421 93 24 betydelse
400 422 29 18 för
445 421 32 18 det
493 422 38 18 inre
547 422 61 17 landet
620 421 35 18 och
666 421 35 18 den
714 421 60 18 skulle
784 421 40 18 icke
836 421 83 18 medföra
931 427 40 16 syn-

219 451 58 23 nerlig
292 451 112 23 förbättring
420 451 19 18 af
454 450 138 24 befolkningens
609 450 146 18 utkomstmedel.
780 450 38 18 För
830 450 71 22 Kajana
912 450 58 18 härad

221 480 59 18 skulle
298 479 34 19 den
350 479 82 19 medföra
445 479 96 23 kännbart,
554 479 93 24 varaktigt
659 485 53 18 gagn,
724 479 66 18 endast
802 485 30 12 om
844 479 35 18 den
890 479 81 23 förläng-

219 509 34 18 des
268 509 43 18 från
322 509 61 18 Vaala
398 509 27 18 till
437 509 76 22 Kajana,
526 509 34 18 och
572 508 64 19 endast
648 508 58 19 under
718 508 59 19 denna
789 508 134 24 förutsättning
934 508 37 18 kan

220 538 36 18 den
271 538 73 19 därföre
361 539 45 22 göra
423 539 81 22 anspråk
520 539 24 22 på
560 539 76 16 allmänt
652 537 106 18 understöd.
782 537 43 18 Men
838 537 45 18 skall
896 537 77 24 järnväg

220 567 71 24 byggas
303 567 42 18 från
358 567 58 18 Vaala
429 567 26 18 till
468 567 76 22 Kajana,
556 568 64 21 måste,
632 573 31 12 om
675 573 43 11 man
730 567 15 22 ej
758 566 114 19 fortfarande
882 567 30 18 vill
922 567 51 18 hålla

221 597 24 22 på
263 595 40 22 den,
321 597 55 22 enligt
392 596 38 17 min
446 596 123 23 uppfattning,
586 597 29 17 för
630 595 30 18 det
672 595 114 18 närvarande
797 596 23 23 på
832 595 47 24 goda
891 595 39 18 skäl
943 598 28 15 ut-

221 625 69 18 dömda
301 625 61 18 banan
373 631 74 12 norrom
459 625 104 22 Uleåträsk,
576 624 224 23 Tisalmi—Kajanabanan
812 625 58 22 gifvas
880 630 22 12 en
911 625 61 18 västli-

220 660 44 17 gare
281 654 107 23 sträckning
404 655 22 16 än
445 653 34 18 den
495 653 19 18 af
529 650 145 27 Öfverstyrelsen
687 653 29 18 för
728 655 41 21 väg-
782 653 35 18 och
828 654 144 23 vattenbyggna-

221 683 56 18 derna
293 683 108 23 föreslagna,
415 683 35 17 och
461 682 32 18 det
504 683 36 17 kan
553 683 15 22 ej
581 682 84 19 förefalla
678 684 56 16 annat
746 683 23 17 än
781 682 191 24 anmärkningsvärdt,

221 714 29 16 att
270 712 130 18 Vaalabanans
416 712 80 22 ifrigaste
513 712 101 18 förfäktare
632 712 32 18 äro
682 712 20 17 sä
720 711 66 18 nitiske
804 711 125 18 motståndare
946 712 26 17 till

221 740 61 18 denna
299 740 78 23 västliga
395 740 106 23 sträckning
515 740 34 18 och
562 741 20 17 sä
593 741 54 21 Ijumt
659 740 78 18 omfatta
750 740 66 18 tanken
829 741 23 22 pä
864 746 22 12 en
898 740 75 23 järnväg

222 769 41 18 frän
276 769 59 18 Vaala
347 770 76 17 österut.

291 797 41 19 Och
344 797 47 19 dock
403 799 20 16 är
435 798 75 23 frågans
523 797 119 24 tyngdpunkt
654 800 27 15 att
694 797 55 19 sökas
760 797 38 23 just
810 797 45 23 däri,
865 800 27 15 att
902 797 72 23 Kajana

222 826 58 18 härad
296 827 59 17 förses
371 826 42 18 med
428 826 77 24 järnväg
519 826 39 18 icke
574 827 47 17 blott
637 827 27 17 till
676 828 76 16 namnet
764 828 45 16 utan
821 827 35 17 ock
868 827 27 18 till
907 828 66 22 gagnet

223 855 83 22 sålunda,
325 857 27 17 att
370 856 107 18 Uleäträsks
496 858 49 16 stora
563 855 74 19 område
654 855 106 24 därigenom
777 856 56 18 sättes
846 856 6 17 i
864 856 71 18 tillfälle
947 857 28 17 att

222 885 110 23 omgestalta
347 885 27 17 sin
387 884 84 19 ekonomi
482 884 76 22 därhän,
570 886 28 16 att
610 884 102 18 detsamma
724 884 39 18 icke
775 890 39 12 mer
826 886 20 16 är
859 887 75 21 tvunget
947 887 28 16 att

223 913 31 18 vid
271 914 59 18 första
347 914 90 17 missväxt
454 912 53 23 vädja
524 914 26 17 till
563 914 31 17 det
606 913 59 23 öfriga
677 914 77 21 landets,
767 914 104 22 visserligen
883 913 91 19 otillräek-

222 943 42 22 liga,
280 942 145 23 barmhertighet
441 942 43 18 eller
501 942 97 23 styrelsens
615 941 142 24 landsfaderliga
768 948 78 17 omsorg.
871 942 40 18 Och
923 942 52 18 detta

223 972 42 21 kan,
282 973 45 16 utan
343 972 28 16 att
387 970 100 18 förfördela
502 971 42 18 eller
556 970 92 24 oskäligen
660 976 61 18 gynna
733 971 59 23 nägon
805 970 77 19 särskild
895 973 34 19 ort,
943 971 32 17 ske

223 1000 42 18 med
277 1000 73 18 relativt
361 999 67 23 lindrig
439 999 85 18 kostnad.

291 1028 38 18 Det
344 1030 50 16 stora
409 1028 35 18 och
458 1028 113 24 berättigade
582 1028 77 18 intresse
671 1028 63 18 staden
746 1028 103 18 Brahestad
861 1028 34 18 har
907 1028 30 18 vid
947 1030 27 16 att

222 1058 120 23 järnvägarne
358 1058 50 18 inom
424 1056 73 19 stadens
514 1058 81 23 värkliga
611 1057 35 19 och
658 1057 73 23 möjliga
742 1056 152 20 handelsomräde
906 1057 69 18 erhälla

223 1092 22 12 en
261 1086 76 23 lämplig
353 1086 111 23 sträckning,
475 1086 36 18 har
521 1086 77 18 förmått
611 1085 167 24 stadsfullmäktige
790 1085 94 19 därstädes
896 1088 28 16 att
936 1086 38 18 låta

223 1115 138 18 instrumentalt
377 1114 104 18 undersöka
493 1114 22 18 de
527 1115 57 23 linjer,
595 1115 63 18 hvilka
670 1117 52 21 synts
735 1120 26 12 nu
773 1115 45 18 böra
830 1114 66 19 främst
908 1115 66 23 ifråga-

223 1144 75 18 komma
314 1144 35 18 och
365 1144 19 17 af
400 1144 62 17 hvilka
477 1145 69 17 största
558 1144 56 18 effekt
627 1144 5 17 i
644 1144 55 18 ofvan
711 1144 82 22 antydda
805 1144 85 18 afseende
902 1144 29 18 för
943 1144 32 18 det

222 1173 40 17 inre
277 1172 62 18 landet
355 1172 108 18 förmodats.
486 1172 37 24 Jag
540 1174 19 16 är
575 1173 73 18 därföre
662 1173 6 17 i
681 1173 70 18 tillfälle
762 1175 33 19 att,
808 1173 5 17 i
825 1172 86 19 händelse
923 1173 51 18 detta

223 1202 42 17 mitt
277 1202 92 18 memorial
382 1202 101 17 remitteras
496 1202 27 17 till
534 1202 182 22 järnvägsutskottet,
728 1202 27 17 dit
767 1202 81 18 inlämna
856 1202 68 22 kartor,
933 1208 41 17 pro-

222 1230 111 23 filritaingar
347 1230 35 18 och
393 1229 160 25 kostnadsförslag
565 1230 50 18 såväl
626 1230 30 18 för
668 1236 21 12 en
701 1231 133 23 normalspårig
845 1230 76 24 järnväg
932 1230 42 18 från

224 1259 69 18 Tisalmi
311 1258 46 23 stad,
376 1260 49 17 öster
441 1264 30 13 om
488 1259 53 18 Tivesi
553 1259 32 22 sjö,
597 1258 43 19 med
650 1258 102 19 berörande
764 1259 19 18 af
796 1259 89 18 Soinlahti
897 1259 76 23 lastage-

223 1288 48 23 plats
288 1287 34 18 och
340 1287 82 18 Salahmi
439 1287 54 22 bruk,
509 1288 28 17 till
552 1288 69 17 Nissilä
636 1287 86 18 hemman
739 1288 6 17 i
757 1287 109 18 nordvästra
878 1288 66 17 hörnet
956 1289 19 16 af

223 1315 69 17 Tisalmi
305 1315 65 17 socken
383 1317 48 15 samt
443 1315 81 17 därifrån
537 1315 50 17 öfver
596 1315 125 22 Mainuanjoki
730 1315 21 18 ås
760 1315 89 23 mynning
857 1315 31 18 vid
894 1315 79 18 Vuotto-

223 1343 47 17 Jahti
286 1342 103 18 benämnda
407 1343 30 16 vik
455 1343 20 17 af
489 1343 99 18 Uleåträsk
604 1343 28 17 till
648 1343 71 22 Kajana
734 1343 47 22 stad,
794 1349 40 12 som
846 1343 54 18 äfven
911 1344 29 17 för
953 1349 21 12 en

222 1371 134 24 normalspårig
371 1371 49 18 bana
435 1371 42 18 från
493 1371 59 18 denna
566 1371 76 24 järnväg
660 1371 33 18 och
705 1371 126 24 nyssnämnda
844 1372 67 18 Nissilä
923 1373 50 18 hem-

223 1406 43 12 man
281 1405 63 18 genom
361 1399 87 24 Siikajoki
461 1399 60 23 elfdal,
534 1400 83 19 söderom
629 1401 65 21 elfven,
706 1401 28 17 till
746 1401 58 24 Lappi
816 1401 68 18 station
896 1402 11 17 &
919 1402 54 18 Uleå-

222 1429 123 24 borgsbanan.

293 1458 64 19 Skulle
373 1458 52 18 dessa
436 1458 97 23 järnvägar
545 1459 74 18 komma
631 1459 27 18 till
670 1459 104 22 utförande,
787 1465 69 12 vunnes
869 1459 105 24 därigenom

223 1487 148 18 beaktansvärda
382 1487 85 18 fördelar.

291 1522 186 23 Järnvägsutskottets
489 1522 109 17 betänkande
611 1522 36 17 N:o
660 1522 18 17 2.
