<?xml version="1.0" encoding="UTF-8"?>
<alto xmlns="http://www.loc.gov/standards/alto/ns-v3#" xmlns:xlink="http://www.w3.org/1999/xlink" xmlns:xsi="http://www.w3.org/2001/XMLSchema-instance" xsi:schemaLocation="http://www.loc.gov/standards/alto/ns-v3# http://www.loc.gov/alto/v3/alto-3-0.xsd">
	<Description>
		<MeasurementUnit>pixel</MeasurementUnit>
		<sourceImageInformation>
			<fileName>/tmp/tess_38nr2cjj_input.PNG</fileName>
		</sourceImageInformation>
		<OCRProcessing ID="OCR_0">
			<ocrProcessingStep>
				<processingSoftware>
					<softwareName>tesseract 5.3.4</softwareName>
				</processingSoftware>
			</ocrProcessingStep>
		</OCRProcessing>
	</Description>
	<Layout>
		<Page WIDTH="1061" HEIGHT="1714" PHYSICAL_IMG_NR="0" ID="page_0">
			<PrintSpace HPOS="0" VPOS="0" WIDTH="1061" HEIGHT="1714">
				<ComposedBlock ID="cblock_0" HPOS="300" VPOS="175" WIDTH="552" HEIGHT="24">
					<TextBlock ID="block_0" HPOS="300" VPOS="175" WIDTH="552" HEIGHT="24">
						<TextLine ID="line_0" HPOS="300" VPOS="175" WIDTH="552" HEIGHT="24">
							<String ID="string_0" HPOS="300" VPOS="175" WIDTH="247" HEIGHT="24" WC="0.91" CONTENT="Petitionsbetänkande"/><SP WIDTH="17" VPOS="175" HPOS="547"/>
							<String ID="string_1" HPOS="564" VPOS="176" WIDTH="37" HEIGHT="23" WC="0.96" CONTENT="N:o"/><SP WIDTH="17" VPOS="176" HPOS="601"/>
							<String ID="string_2" HPOS="618" VPOS="177" WIDTH="32" HEIGHT="22" WC="0.96" CONTENT="14."/><SP WIDTH="189" VPOS="177" HPOS="650"/>
							<String ID="string_3" HPOS="839" VPOS="180" WIDTH="13" HEIGHT="19" WC="0.95" CONTENT="3"/>
						</TextLine>
					</TextBlock>
				</ComposedBlock>
				<ComposedBlock ID="cblock_1" HPOS="106" VPOS="240" WIDTH="746" HEIGHT="58">
					<TextBlock ID="block_1" HPOS="106" VPOS="240" WIDTH="746" HEIGHT="58">
						<TextLine ID="line_1" HPOS="108" VPOS="240" WIDTH="744" HEIGHT="30">
							<String ID="string_4" HPOS="108" VPOS="245" WIDTH="45" HEIGHT="16" WC="0.96" CONTENT="ena"/><SP WIDTH="27" VPOS="245" HPOS="153"/>
							<String ID="string_5" HPOS="180" VPOS="240" WIDTH="38" HEIGHT="28" WC="0.96" CONTENT="sig"/><SP WIDTH="26" VPOS="240" HPOS="218"/>
							<String ID="string_6" HPOS="244" VPOS="246" WIDTH="37" HEIGHT="16" WC="0.95" CONTENT="om"/><SP WIDTH="24" VPOS="246" HPOS="281"/>
							<String ID="string_7" HPOS="305" VPOS="240" WIDTH="102" HEIGHT="29" WC="0.95" CONTENT="följande"/><SP WIDTH="24" VPOS="240" HPOS="407"/>
							<String ID="string_8" HPOS="431" VPOS="240" WIDTH="139" HEIGHT="23" WC="0.96" CONTENT="förändrade"/><SP WIDTH="16" VPOS="240" HPOS="570"/>
							<String ID="string_9" HPOS="586" VPOS="241" WIDTH="87" HEIGHT="29" WC="0.96" CONTENT="lydelse"/><SP WIDTH="17" VPOS="241" HPOS="673"/>
							<String ID="string_10" HPOS="690" VPOS="242" WIDTH="23" HEIGHT="22" WC="0.96" CONTENT="af"/><SP WIDTH="16" VPOS="242" HPOS="713"/>
							<String ID="string_11" HPOS="729" VPOS="242" WIDTH="46" HEIGHT="22" WC="0.96" CONTENT="den"/><SP WIDTH="15" VPOS="242" HPOS="775"/>
							<String ID="string_12" HPOS="790" VPOS="241" WIDTH="62" HEIGHT="23" WC="0.96" CONTENT="förra"/>
						</TextLine>
						<TextLine ID="line_2" HPOS="106" VPOS="274" WIDTH="280" HEIGHT="24">
							<String ID="string_13" HPOS="106" VPOS="274" WIDTH="121" HEIGHT="23" WC="0.92" CONTENT="klämmen"/><SP WIDTH="17" VPOS="274" HPOS="227"/>
							<String ID="string_14" HPOS="244" VPOS="275" WIDTH="13" HEIGHT="23" WC="0.92" CONTENT="ä"/><SP WIDTH="16" VPOS="275" HPOS="257"/>
							<String ID="string_15" HPOS="273" VPOS="276" WIDTH="42" HEIGHT="22" WC="0.96" CONTENT="sid."/><SP WIDTH="19" VPOS="276" HPOS="315"/>
							<String ID="string_16" HPOS="334" VPOS="279" WIDTH="52" HEIGHT="19" WC="0.92" CONTENT="133:"/>
						</TextLine>
					</TextBlock>
				</ComposedBlock>
				<ComposedBlock ID="cblock_2" HPOS="318" VPOS="330" WIDTH="534" HEIGHT="136">
					<TextBlock ID="block_2" HPOS="318" VPOS="330" WIDTH="534" HEIGHT="136">
						<TextLine ID="line_3" HPOS="390" VPOS="330" WIDTH="461" HEIGHT="28">
							<String ID="string_17" HPOS="390" VPOS="332" WIDTH="31" HEIGHT="20" WC="0.93" CONTENT="att"/><SP WIDTH="16" VPOS="332" HPOS="421"/>
							<String ID="string_18" HPOS="437" VPOS="330" WIDTH="173" HEIGHT="22" WC="0.55" CONTENT="bansträckorna"/><SP WIDTH="8" VPOS="330" HPOS="610"/>
							<String ID="string_19" HPOS="618" VPOS="330" WIDTH="168" HEIGHT="22" WC="0.34" CONTENT="Ylivieska"/><SP WIDTH="-1" VPOS="330" HPOS="786"/>
							<String ID="string_20" HPOS="785" VPOS="338" WIDTH="66" HEIGHT="20" WC="0.24" CONTENT="—-Haapa-"/>
						</TextLine>
						<TextLine ID="line_4" HPOS="318" VPOS="365" WIDTH="534" HEIGHT="29">
							<String ID="string_21" HPOS="318" VPOS="365" WIDTH="59" HEIGHT="27" WC="0.91" CONTENT="järvi"/><SP WIDTH="31" VPOS="365" HPOS="377"/>
							<String ID="string_22" HPOS="408" VPOS="366" WIDTH="38" HEIGHT="22" WC="0.94" CONTENT="och"/><SP WIDTH="31" VPOS="366" HPOS="446"/>
							<String ID="string_23" HPOS="477" VPOS="366" WIDTH="80" HEIGHT="22" WC="0.91" CONTENT="Gamla"/><SP WIDTH="25" VPOS="366" HPOS="557"/>
							<String ID="string_24" HPOS="582" VPOS="366" WIDTH="270" HEIGHT="28" WC="0.77" CONTENT="Karleby—Karstula—"/>
						</TextLine>
						<TextLine ID="line_5" HPOS="319" VPOS="401" WIDTH="532" HEIGHT="23">
							<String ID="string_25" HPOS="319" VPOS="401" WIDTH="102" HEIGHT="23" WC="0.86" CONTENT="Suolahti"/><SP WIDTH="30" VPOS="401" HPOS="421"/>
							<String ID="string_26" HPOS="451" VPOS="402" WIDTH="68" HEIGHT="22" WC="0.96" CONTENT="måtte"/><SP WIDTH="28" VPOS="402" HPOS="519"/>
							<String ID="string_27" HPOS="547" VPOS="403" WIDTH="72" HEIGHT="21" WC="0.88" CONTENT="under"/><SP WIDTH="30" VPOS="403" HPOS="619"/>
							<String ID="string_28" HPOS="649" VPOS="402" WIDTH="202" HEIGHT="22" WC="0.88" CONTENT="nästinstundande"/>
						</TextLine>
						<TextLine ID="line_6" HPOS="318" VPOS="438" WIDTH="493" HEIGHT="28">
							<String ID="string_29" HPOS="318" VPOS="438" WIDTH="154" HEIGHT="28" WC="0.76" CONTENT="finansperiod"/><SP WIDTH="16" VPOS="438" HPOS="472"/>
							<String ID="string_30" HPOS="488" VPOS="438" WIDTH="166" HEIGHT="22" WC="0.95" CONTENT="instrumentalt"/><SP WIDTH="15" VPOS="438" HPOS="654"/>
							<String ID="string_31" HPOS="669" VPOS="439" WIDTH="142" HEIGHT="21" WC="0.96" CONTENT="undersökas."/>
						</TextLine>
					</TextBlock>
				</ComposedBlock>
				<ComposedBlock ID="cblock_3" HPOS="101" VPOS="491" WIDTH="751" HEIGHT="1003">
					<TextBlock ID="block_3" HPOS="101" VPOS="491" WIDTH="751" HEIGHT="211">
						<TextLine ID="line_7" HPOS="176" VPOS="491" WIDTH="674" HEIGHT="30">
							<String ID="string_32" HPOS="176" VPOS="491" WIDTH="45" HEIGHT="23" WC="0.96" CONTENT="Vid"/><SP WIDTH="25" VPOS="491" HPOS="221"/>
							<String ID="string_33" HPOS="246" VPOS="492" WIDTH="174" HEIGHT="29" WC="0.96" CONTENT="behandlingen"/><SP WIDTH="16" VPOS="492" HPOS="420"/>
							<String ID="string_34" HPOS="436" VPOS="492" WIDTH="24" HEIGHT="22" WC="0.96" CONTENT="af"/><SP WIDTH="16" VPOS="492" HPOS="460"/>
							<String ID="string_35" HPOS="476" VPOS="492" WIDTH="39" HEIGHT="23" WC="0.93" CONTENT="det"/><SP WIDTH="16" VPOS="492" HPOS="515"/>
							<String ID="string_36" HPOS="531" VPOS="492" WIDTH="13" HEIGHT="23" WC="0.91" CONTENT="å"/><SP WIDTH="16" VPOS="492" HPOS="544"/>
							<String ID="string_37" HPOS="560" VPOS="492" WIDTH="42" HEIGHT="22" WC="0.95" CONTENT="sid."/><SP WIDTH="19" VPOS="492" HPOS="602"/>
							<String ID="string_38" HPOS="621" VPOS="496" WIDTH="41" HEIGHT="19" WC="0.96" CONTENT="188"/><SP WIDTH="17" VPOS="496" HPOS="662"/>
							<String ID="string_39" HPOS="679" VPOS="492" WIDTH="24" HEIGHT="23" WC="0.93" CONTENT="af"/><SP WIDTH="16" VPOS="492" HPOS="703"/>
							<String ID="string_40" HPOS="719" VPOS="492" WIDTH="131" HEIGHT="23" WC="0.91" CONTENT="betänkan-"/>
						</TextLine>
						<TextLine ID="line_8" HPOS="106" VPOS="522" WIDTH="744" HEIGHT="36">
							<String ID="string_41" HPOS="106" VPOS="528" WIDTH="39" HEIGHT="22" WC="0.96" CONTENT="det"/><SP WIDTH="23" VPOS="528" HPOS="145"/>
							<String ID="string_42" HPOS="168" VPOS="527" WIDTH="149" HEIGHT="24" WC="0.96" CONTENT="beträffande"/><SP WIDTH="23" VPOS="527" HPOS="317"/>
							<String ID="string_43" HPOS="340" VPOS="534" WIDTH="28" HEIGHT="17" WC="0.96" CONTENT="en"/><SP WIDTH="20" VPOS="534" HPOS="368"/>
							<String ID="string_44" HPOS="388" VPOS="529" WIDTH="104" HEIGHT="29" WC="0.93" CONTENT="järnväg"/><SP WIDTH="15" VPOS="529" HPOS="492"/>
							<String ID="string_45" HPOS="507" VPOS="522" WIDTH="165" HEIGHT="35" WC="0.91" CONTENT="Åbo—Nystad"/><SP WIDTH="16" VPOS="522" HPOS="672"/>
							<String ID="string_46" HPOS="688" VPOS="528" WIDTH="82" HEIGHT="30" WC="0.93" CONTENT="gjorda"/><SP WIDTH="16" VPOS="528" HPOS="770"/>
							<String ID="string_47" HPOS="786" VPOS="528" WIDTH="64" HEIGHT="23" WC="0.92" CONTENT="afbö-"/>
						</TextLine>
						<TextLine ID="line_9" HPOS="101" VPOS="563" WIDTH="750" HEIGHT="31">
							<String ID="string_48" HPOS="101" VPOS="563" WIDTH="73" HEIGHT="30" WC="0.91" CONTENT="jande"/><SP WIDTH="23" VPOS="563" HPOS="174"/>
							<String ID="string_49" HPOS="197" VPOS="563" WIDTH="120" HEIGHT="30" WC="0.96" CONTENT="förslaget,"/><SP WIDTH="23" VPOS="563" HPOS="317"/>
							<String ID="string_50" HPOS="340" VPOS="564" WIDTH="42" HEIGHT="23" WC="0.96" CONTENT="har"/><SP WIDTH="24" VPOS="564" HPOS="382"/>
							<String ID="string_51" HPOS="406" VPOS="564" WIDTH="73" HEIGHT="23" WC="0.93" CONTENT="sådan"/><SP WIDTH="18" VPOS="564" HPOS="479"/>
							<String ID="string_52" HPOS="497" VPOS="565" WIDTH="197" HEIGHT="28" WC="0.91" CONTENT="meningsolikhet"/><SP WIDTH="15" VPOS="565" HPOS="694"/>
							<String ID="string_53" HPOS="709" VPOS="565" WIDTH="91" HEIGHT="29" WC="0.91" CONTENT="yppats,"/><SP WIDTH="16" VPOS="565" HPOS="800"/>
							<String ID="string_54" HPOS="816" VPOS="566" WIDTH="35" HEIGHT="21" WC="0.96" CONTENT="att"/>
						</TextLine>
						<TextLine ID="line_10" HPOS="104" VPOS="600" WIDTH="746" HEIGHT="30">
							<String ID="string_55" HPOS="104" VPOS="600" WIDTH="133" HEIGHT="23" WC="0.96" CONTENT="Utskottets"/><SP WIDTH="24" VPOS="600" HPOS="237"/>
							<String ID="string_56" HPOS="261" VPOS="600" WIDTH="65" HEIGHT="23" WC="0.96" CONTENT="kläm"/><SP WIDTH="24" VPOS="600" HPOS="326"/>
							<String ID="string_57" HPOS="350" VPOS="600" WIDTH="24" HEIGHT="23" WC="0.96" CONTENT="af"/><SP WIDTH="20" VPOS="600" HPOS="374"/>
							<String ID="string_58" HPOS="394" VPOS="600" WIDTH="75" HEIGHT="29" WC="0.96" CONTENT="öfriga"/><SP WIDTH="16" VPOS="600" HPOS="469"/>
							<String ID="string_59" HPOS="485" VPOS="600" WIDTH="68" HEIGHT="23" WC="0.96" CONTENT="stånd"/><SP WIDTH="16" VPOS="600" HPOS="553"/>
							<String ID="string_60" HPOS="569" VPOS="601" WIDTH="58" HEIGHT="22" WC="0.96" CONTENT="utan"/><SP WIDTH="16" VPOS="601" HPOS="627"/>
							<String ID="string_61" HPOS="643" VPOS="601" WIDTH="136" HEIGHT="29" WC="0.93" CONTENT="förändring"/><SP WIDTH="16" VPOS="601" HPOS="779"/>
							<String ID="string_62" HPOS="795" VPOS="601" WIDTH="55" HEIGHT="28" WC="0.89" CONTENT="god-"/>
						</TextLine>
						<TextLine ID="line_11" HPOS="105" VPOS="636" WIDTH="747" HEIGHT="29">
							<String ID="string_63" HPOS="105" VPOS="636" WIDTH="78" HEIGHT="27" WC="0.96" CONTENT="känts,"/><SP WIDTH="16" VPOS="636" HPOS="183"/>
							<String ID="string_64" HPOS="199" VPOS="636" WIDTH="86" HEIGHT="23" WC="0.93" CONTENT="medan"/><SP WIDTH="16" VPOS="636" HPOS="285"/>
							<String ID="string_65" HPOS="301" VPOS="636" WIDTH="175" HEIGHT="23" WC="0.92" CONTENT="Presteståndet"/><SP WIDTH="16" VPOS="636" HPOS="476"/>
							<String ID="string_66" HPOS="492" VPOS="637" WIDTH="104" HEIGHT="22" WC="0.96" CONTENT="däremot"/><SP WIDTH="16" VPOS="637" HPOS="596"/>
							<String ID="string_67" HPOS="612" VPOS="636" WIDTH="91" HEIGHT="23" WC="0.96" CONTENT="förenat"/><SP WIDTH="15" VPOS="636" HPOS="703"/>
							<String ID="string_68" HPOS="718" VPOS="637" WIDTH="37" HEIGHT="28" WC="0.96" CONTENT="sig"/><SP WIDTH="16" VPOS="637" HPOS="755"/>
							<String ID="string_69" HPOS="771" VPOS="643" WIDTH="38" HEIGHT="16" WC="0.96" CONTENT="om"/><SP WIDTH="8" VPOS="643" HPOS="809"/>
							<String ID="string_70" HPOS="817" VPOS="637" WIDTH="35" HEIGHT="22" WC="0.96" CONTENT="ett"/>
						</TextLine>
						<TextLine ID="line_12" HPOS="105" VPOS="671" WIDTH="401" HEIGHT="31">
							<String ID="string_71" HPOS="105" VPOS="673" WIDTH="27" HEIGHT="22" WC="0.96" CONTENT="så"/><SP WIDTH="15" VPOS="673" HPOS="132"/>
							<String ID="string_72" HPOS="147" VPOS="671" WIDTH="101" HEIGHT="30" WC="0.90" CONTENT="lydande"/><SP WIDTH="16" VPOS="671" HPOS="248"/>
							<String ID="string_73" HPOS="264" VPOS="672" WIDTH="242" HEIGHT="30" WC="0.91" CONTENT="resolutionsförslag"/><SP WIDTH="-11" VPOS="672" HPOS="506"/>
							<String ID="string_74" HPOS="495" VPOS="667" WIDTH="14" HEIGHT="39" WC="0.92" CONTENT=":"/>
						</TextLine>
					</TextBlock>
					<TextBlock ID="block_4" HPOS="104" VPOS="707" WIDTH="746" HEIGHT="212">
						<TextLine ID="line_13" HPOS="179" VPOS="707" WIDTH="671" HEIGHT="31">
							<String ID="string_75" HPOS="179" VPOS="708" WIDTH="164" HEIGHT="27" WC="0.91" CONTENT="»erkännande"/><SP WIDTH="20" VPOS="708" HPOS="343"/>
							<String ID="string_76" HPOS="363" VPOS="707" WIDTH="181" HEIGHT="30" WC="0.93" CONTENT="ifrågavarande"/><SP WIDTH="13" VPOS="707" HPOS="544"/>
							<String ID="string_77" HPOS="557" VPOS="709" WIDTH="219" HEIGHT="29" WC="0.92" CONTENT="järnvägsföretags"/><SP WIDTH="16" VPOS="709" HPOS="776"/>
							<String ID="string_78" HPOS="792" VPOS="708" WIDTH="58" HEIGHT="23" WC="0.95" CONTENT="fulla"/>
						</TextLine>
						<TextLine ID="line_14" HPOS="105" VPOS="744" WIDTH="745" HEIGHT="30">
							<String ID="string_79" HPOS="105" VPOS="745" WIDTH="165" HEIGHT="29" WC="0.96" CONTENT="berättigande"/><SP WIDTH="24" VPOS="745" HPOS="270"/>
							<String ID="string_80" HPOS="294" VPOS="744" WIDTH="43" HEIGHT="23" WC="0.91" CONTENT="har"/><SP WIDTH="23" VPOS="744" HPOS="337"/>
							<String ID="string_81" HPOS="360" VPOS="745" WIDTH="180" HEIGHT="27" WC="0.91" CONTENT="Presteståndet,"/><SP WIDTH="20" VPOS="745" HPOS="540"/>
							<String ID="string_82" HPOS="560" VPOS="745" WIDTH="8" HEIGHT="22" WC="0.96" CONTENT="i"/><SP WIDTH="21" VPOS="745" HPOS="568"/>
							<String ID="string_83" HPOS="589" VPOS="744" WIDTH="154" HEIGHT="23" WC="0.96" CONTENT="betraktande"/><SP WIDTH="25" VPOS="744" HPOS="743"/>
							<String ID="string_84" HPOS="768" VPOS="745" WIDTH="24" HEIGHT="22" WC="0.96" CONTENT="af"/><SP WIDTH="24" VPOS="745" HPOS="792"/>
							<String ID="string_85" HPOS="816" VPOS="746" WIDTH="34" HEIGHT="21" WC="0.96" CONTENT="att"/>
						</TextLine>
						<TextLine ID="line_15" HPOS="104" VPOS="780" WIDTH="746" HEIGHT="31">
							<String ID="string_86" HPOS="104" VPOS="780" WIDTH="64" HEIGHT="23" WC="0.96" CONTENT="detta"/><SP WIDTH="22" VPOS="780" HPOS="168"/>
							<String ID="string_87" HPOS="190" VPOS="781" WIDTH="91" HEIGHT="28" WC="0.96" CONTENT="företag"/><SP WIDTH="16" VPOS="781" HPOS="281"/>
							<String ID="string_88" HPOS="297" VPOS="781" WIDTH="73" HEIGHT="22" WC="0.96" CONTENT="under"/><SP WIDTH="15" VPOS="781" HPOS="370"/>
							<String ID="string_89" HPOS="385" VPOS="781" WIDTH="135" HEIGHT="23" WC="0.96" CONTENT="nuvarande"/><SP WIDTH="19" VPOS="781" HPOS="520"/>
							<String ID="string_90" HPOS="539" VPOS="780" WIDTH="160" HEIGHT="24" WC="0.96" CONTENT="förhållanden"/><SP WIDTH="16" VPOS="780" HPOS="699"/>
							<String ID="string_91" HPOS="715" VPOS="781" WIDTH="135" HEIGHT="30" WC="0.96" CONTENT="lämpligast"/>
						</TextLine>
						<TextLine ID="line_16" HPOS="104" VPOS="816" WIDTH="745" HEIGHT="30">
							<String ID="string_92" HPOS="104" VPOS="816" WIDTH="65" HEIGHT="23" WC="0.93" CONTENT="torde"/><SP WIDTH="20" VPOS="816" HPOS="169"/>
							<String ID="string_93" HPOS="189" VPOS="817" WIDTH="155" HEIGHT="29" WC="0.91" CONTENT="förvärkligas"/><SP WIDTH="17" VPOS="817" HPOS="344"/>
							<String ID="string_94" HPOS="361" VPOS="817" WIDTH="79" HEIGHT="22" WC="0.96" CONTENT="såsom"/><SP WIDTH="16" VPOS="817" HPOS="440"/>
							<String ID="string_95" HPOS="456" VPOS="824" WIDTH="29" HEIGHT="15" WC="0.96" CONTENT="en"/><SP WIDTH="16" VPOS="824" HPOS="485"/>
							<String ID="string_96" HPOS="501" VPOS="817" WIDTH="99" HEIGHT="28" WC="0.96" CONTENT="enskild,"/><SP WIDTH="17" VPOS="817" HPOS="600"/>
							<String ID="string_97" HPOS="617" VPOS="817" WIDTH="24" HEIGHT="22" WC="0.95" CONTENT="af"/><SP WIDTH="16" VPOS="817" HPOS="641"/>
							<String ID="string_98" HPOS="657" VPOS="818" WIDTH="77" HEIGHT="21" WC="0.92" CONTENT="staten"/><SP WIDTH="16" VPOS="818" HPOS="734"/>
							<String ID="string_99" HPOS="750" VPOS="817" WIDTH="99" HEIGHT="23" WC="0.92" CONTENT="subven-"/>
						</TextLine>
						<TextLine ID="line_17" HPOS="104" VPOS="853" WIDTH="746" HEIGHT="29">
							<String ID="string_100" HPOS="104" VPOS="853" WIDTH="106" HEIGHT="22" WC="0.91" CONTENT="tionerad"/><SP WIDTH="24" VPOS="853" HPOS="210"/>
							<String ID="string_101" HPOS="234" VPOS="853" WIDTH="68" HEIGHT="27" WC="0.96" CONTENT="bana,"/><SP WIDTH="24" VPOS="853" HPOS="302"/>
							<String ID="string_102" HPOS="326" VPOS="853" WIDTH="52" HEIGHT="22" WC="0.96" CONTENT="icke"/><SP WIDTH="25" VPOS="853" HPOS="378"/>
							<String ID="string_103" HPOS="403" VPOS="853" WIDTH="78" HEIGHT="22" WC="0.96" CONTENT="denna"/><SP WIDTH="23" VPOS="853" HPOS="481"/>
							<String ID="string_104" HPOS="504" VPOS="853" WIDTH="64" HEIGHT="29" WC="0.96" CONTENT="gång"/><SP WIDTH="24" VPOS="853" HPOS="568"/>
							<String ID="string_105" HPOS="592" VPOS="853" WIDTH="92" HEIGHT="22" WC="0.96" CONTENT="kunnat"/><SP WIDTH="15" VPOS="853" HPOS="684"/>
							<String ID="string_106" HPOS="699" VPOS="853" WIDTH="151" HEIGHT="29" WC="0.96" CONTENT="understödja"/>
						</TextLine>
						<TextLine ID="line_18" HPOS="104" VPOS="889" WIDTH="385" HEIGHT="30">
							<String ID="string_107" HPOS="104" VPOS="889" WIDTH="151" HEIGHT="23" WC="0.93" CONTENT="förevarande"/><SP WIDTH="16" VPOS="889" HPOS="255"/>
							<String ID="string_108" HPOS="271" VPOS="889" WIDTH="218" HEIGHT="30" WC="0.90" CONTENT="petitionsförslag*."/>
						</TextLine>
					</TextBlock>
					<TextBlock ID="block_5" HPOS="105" VPOS="925" WIDTH="744" HEIGHT="103">
						<TextLine ID="line_19" HPOS="176" VPOS="925" WIDTH="672" HEIGHT="24">
							<String ID="string_109" HPOS="176" VPOS="925" WIDTH="36" HEIGHT="23" WC="0.96" CONTENT="Då"/><SP WIDTH="24" VPOS="925" HPOS="212"/>
							<String ID="string_110" HPOS="236" VPOS="927" WIDTH="35" HEIGHT="21" WC="0.93" CONTENT="tre"/><SP WIDTH="19" VPOS="927" HPOS="271"/>
							<String ID="string_111" HPOS="290" VPOS="925" WIDTH="82" HEIGHT="24" WC="0.92" CONTENT="stånds"/><SP WIDTH="16" VPOS="925" HPOS="372"/>
							<String ID="string_112" HPOS="388" VPOS="925" WIDTH="258" HEIGHT="23" WC="0.92" CONTENT="sammanstämmande"/><SP WIDTH="16" VPOS="925" HPOS="646"/>
							<String ID="string_113" HPOS="662" VPOS="925" WIDTH="77" HEIGHT="23" WC="0.93" CONTENT="beslut"/><SP WIDTH="16" VPOS="925" HPOS="739"/>
							<String ID="string_114" HPOS="755" VPOS="925" WIDTH="93" HEIGHT="23" WC="0.90" CONTENT="förefin-"/>
						</TextLine>
						<TextLine ID="line_20" HPOS="105" VPOS="961" WIDTH="744" HEIGHT="30">
							<String ID="string_115" HPOS="105" VPOS="969" WIDTH="49" HEIGHT="20" WC="0.95" CONTENT="nes,"/><SP WIDTH="24" VPOS="969" HPOS="154"/>
							<String ID="string_116" HPOS="178" VPOS="961" WIDTH="131" HEIGHT="24" WC="0.95" CONTENT="föranleder"/><SP WIDTH="22" VPOS="961" HPOS="309"/>
							<String ID="string_117" HPOS="331" VPOS="961" WIDTH="87" HEIGHT="23" WC="0.91" CONTENT="nämda"/><SP WIDTH="21" VPOS="961" HPOS="418"/>
							<String ID="string_118" HPOS="439" VPOS="961" WIDTH="199" HEIGHT="30" WC="0.91" CONTENT="meningsolikhet"/><SP WIDTH="15" VPOS="961" HPOS="638"/>
							<String ID="string_119" HPOS="653" VPOS="961" WIDTH="52" HEIGHT="23" WC="0.96" CONTENT="icke"/><SP WIDTH="16" VPOS="961" HPOS="705"/>
							<String ID="string_120" HPOS="721" VPOS="961" WIDTH="34" HEIGHT="23" WC="0.96" CONTENT="till"/><SP WIDTH="16" VPOS="961" HPOS="755"/>
							<String ID="string_121" HPOS="771" VPOS="961" WIDTH="78" HEIGHT="29" WC="0.95" CONTENT="någon"/>
						</TextLine>
						<TextLine ID="line_21" HPOS="105" VPOS="997" WIDTH="90" HEIGHT="31">
							<String ID="string_122" HPOS="105" VPOS="997" WIDTH="90" HEIGHT="31" WC="0.92" CONTENT="åtgärd."/>
						</TextLine>
					</TextBlock>
					<TextBlock ID="block_6" HPOS="103" VPOS="1033" WIDTH="747" HEIGHT="211">
						<TextLine ID="line_22" HPOS="176" VPOS="1033" WIDTH="674" HEIGHT="31">
							<String ID="string_123" HPOS="176" VPOS="1034" WIDTH="132" HEIGHT="24" WC="0.96" CONTENT="Utskottets"/><SP WIDTH="23" VPOS="1034" HPOS="308"/>
							<String ID="string_124" HPOS="331" VPOS="1034" WIDTH="42" HEIGHT="22" WC="0.96" CONTENT="sid."/><SP WIDTH="26" VPOS="1034" HPOS="373"/>
							<String ID="string_125" HPOS="399" VPOS="1038" WIDTH="41" HEIGHT="19" WC="0.93" CONTENT="153"/><SP WIDTH="17" VPOS="1038" HPOS="440"/>
							<String ID="string_126" HPOS="457" VPOS="1035" WIDTH="7" HEIGHT="21" WC="0.96" CONTENT="i"/><SP WIDTH="16" VPOS="1035" HPOS="464"/>
							<String ID="string_127" HPOS="480" VPOS="1034" WIDTH="160" HEIGHT="23" WC="0.95" CONTENT="betänkandet"/><SP WIDTH="23" VPOS="1034" HPOS="640"/>
							<String ID="string_128" HPOS="663" VPOS="1034" WIDTH="82" HEIGHT="30" WC="0.96" CONTENT="gjorda"/><SP WIDTH="16" VPOS="1034" HPOS="745"/>
							<String ID="string_129" HPOS="761" VPOS="1033" WIDTH="89" HEIGHT="30" WC="0.96" CONTENT="förslag"/>
						</TextLine>
						<TextLine ID="line_23" HPOS="106" VPOS="1070" WIDTH="743" HEIGHT="30">
							<String ID="string_130" HPOS="106" VPOS="1070" WIDTH="122" HEIGHT="30" WC="0.96" CONTENT="angående"/><SP WIDTH="24" VPOS="1070" HPOS="228"/>
							<String ID="string_131" HPOS="252" VPOS="1078" WIDTH="28" HEIGHT="16" WC="0.96" CONTENT="en"/><SP WIDTH="24" VPOS="1078" HPOS="280"/>
							<String ID="string_132" HPOS="304" VPOS="1070" WIDTH="151" HEIGHT="30" WC="0.95" CONTENT="förlängning"/><SP WIDTH="24" VPOS="1070" HPOS="455"/>
							<String ID="string_133" HPOS="479" VPOS="1071" WIDTH="27" HEIGHT="27" WC="0.96" CONTENT="af"/><SP WIDTH="16" VPOS="1071" HPOS="506"/>
							<String ID="string_134" HPOS="522" VPOS="1071" WIDTH="111" HEIGHT="22" WC="0.96" CONTENT="Karelska"/><SP WIDTH="16" VPOS="1071" HPOS="633"/>
							<String ID="string_135" HPOS="649" VPOS="1070" WIDTH="73" HEIGHT="22" WC="0.95" CONTENT="banan"/><SP WIDTH="17" VPOS="1070" HPOS="722"/>
							<String ID="string_136" HPOS="739" VPOS="1070" WIDTH="34" HEIGHT="22" WC="0.93" CONTENT="till"/><SP WIDTH="16" VPOS="1070" HPOS="773"/>
							<String ID="string_137" HPOS="789" VPOS="1070" WIDTH="60" HEIGHT="22" WC="0.92" CONTENT="Nur-"/>
						</TextLine>
						<TextLine ID="line_24" HPOS="105" VPOS="1106" WIDTH="743" HEIGHT="30">
							<String ID="string_138" HPOS="105" VPOS="1115" WIDTH="44" HEIGHT="14" WC="0.95" CONTENT="mes"/><SP WIDTH="25" VPOS="1115" HPOS="149"/>
							<String ID="string_139" HPOS="174" VPOS="1107" WIDTH="79" HEIGHT="28" WC="0.96" CONTENT="köping"/><SP WIDTH="23" VPOS="1107" HPOS="253"/>
							<String ID="string_140" HPOS="276" VPOS="1106" WIDTH="71" HEIGHT="23" WC="0.92" CONTENT="hafva"/><SP WIDTH="15" VPOS="1106" HPOS="347"/>
							<String ID="string_141" HPOS="362" VPOS="1106" WIDTH="117" HEIGHT="23" WC="0.92" CONTENT="föranledt"/><SP WIDTH="20" VPOS="1106" HPOS="479"/>
							<String ID="string_142" HPOS="499" VPOS="1106" WIDTH="45" HEIGHT="23" WC="0.92" CONTENT="den"/><SP WIDTH="15" VPOS="1106" HPOS="544"/>
							<String ID="string_143" HPOS="559" VPOS="1106" WIDTH="170" HEIGHT="30" WC="0.92" CONTENT="skiljaktighet,"/><SP WIDTH="17" VPOS="1106" HPOS="729"/>
							<String ID="string_144" HPOS="746" VPOS="1106" WIDTH="35" HEIGHT="22" WC="0.93" CONTENT="att"/><SP WIDTH="16" VPOS="1106" HPOS="781"/>
							<String ID="string_145" HPOS="797" VPOS="1106" WIDTH="51" HEIGHT="22" WC="0.92" CONTENT="Rid-"/>
						</TextLine>
						<TextLine ID="line_25" HPOS="104" VPOS="1142" WIDTH="745" HEIGHT="30">
							<String ID="string_146" HPOS="104" VPOS="1142" WIDTH="126" HEIGHT="30" WC="0.92" CONTENT="derskapet"/><SP WIDTH="16" VPOS="1142" HPOS="230"/>
							<String ID="string_147" HPOS="246" VPOS="1143" WIDTH="42" HEIGHT="23" WC="0.91" CONTENT="och"/><SP WIDTH="17" VPOS="1143" HPOS="288"/>
							<String ID="string_148" HPOS="305" VPOS="1143" WIDTH="75" HEIGHT="23" WC="0.91" CONTENT="Adeln"/><SP WIDTH="16" VPOS="1143" HPOS="380"/>
							<String ID="string_149" HPOS="396" VPOS="1143" WIDTH="97" HEIGHT="22" WC="0.91" CONTENT="beslutit"/><SP WIDTH="15" VPOS="1143" HPOS="493"/>
							<String ID="string_150" HPOS="508" VPOS="1143" WIDTH="126" HEIGHT="29" WC="0.96" CONTENT="godkänna"/><SP WIDTH="17" VPOS="1143" HPOS="634"/>
							<String ID="string_151" HPOS="651" VPOS="1142" WIDTH="46" HEIGHT="23" WC="0.95" CONTENT="den"/><SP WIDTH="8" VPOS="1142" HPOS="697"/>
							<String ID="string_152" HPOS="705" VPOS="1142" WIDTH="62" HEIGHT="22" WC="0.92" CONTENT="förra"/><SP WIDTH="8" VPOS="1142" HPOS="767"/>
							<String ID="string_153" HPOS="775" VPOS="1142" WIDTH="74" HEIGHT="22" WC="0.92" CONTENT="kläm-"/>
						</TextLine>
						<TextLine ID="line_26" HPOS="104" VPOS="1177" WIDTH="746" HEIGHT="30">
							<String ID="string_154" HPOS="104" VPOS="1186" WIDTH="53" HEIGHT="16" WC="0.96" CONTENT="men"/><SP WIDTH="18" VPOS="1186" HPOS="157"/>
							<String ID="string_155" HPOS="175" VPOS="1179" WIDTH="124" HEIGHT="27" WC="0.95" CONTENT="definitivt,"/><SP WIDTH="17" VPOS="1179" HPOS="299"/>
							<String ID="string_156" HPOS="316" VPOS="1185" WIDTH="54" HEIGHT="16" WC="0.96" CONTENT="men"/><SP WIDTH="16" VPOS="1185" HPOS="370"/>
							<String ID="string_157" HPOS="386" VPOS="1179" WIDTH="45" HEIGHT="22" WC="0.96" CONTENT="den"/><SP WIDTH="17" VPOS="1179" HPOS="431"/>
							<String ID="string_158" HPOS="448" VPOS="1185" WIDTH="82" HEIGHT="16" WC="0.93" CONTENT="senare"/><SP WIDTH="16" VPOS="1185" HPOS="530"/>
							<String ID="string_159" HPOS="546" VPOS="1178" WIDTH="125" HEIGHT="28" WC="0.91" CONTENT="eventuelt,"/><SP WIDTH="17" VPOS="1178" HPOS="671"/>
							<String ID="string_160" HPOS="688" VPOS="1177" WIDTH="116" HEIGHT="23" WC="0.96" CONTENT="beroende"/><SP WIDTH="15" VPOS="1177" HPOS="804"/>
							<String ID="string_161" HPOS="819" VPOS="1177" WIDTH="31" HEIGHT="30" WC="0.97" CONTENT="på"/>
						</TextLine>
						<TextLine ID="line_27" HPOS="103" VPOS="1214" WIDTH="404" HEIGHT="30">
							<String ID="string_162" HPOS="103" VPOS="1215" WIDTH="76" HEIGHT="29" WC="0.96" CONTENT="öfriga"/><SP WIDTH="17" VPOS="1215" HPOS="179"/>
							<String ID="string_163" HPOS="196" VPOS="1214" WIDTH="75" HEIGHT="23" WC="0.95" CONTENT="beslut"/><SP WIDTH="16" VPOS="1214" HPOS="271"/>
							<String ID="string_164" HPOS="287" VPOS="1216" WIDTH="7" HEIGHT="21" WC="0.93" CONTENT="i"/><SP WIDTH="13" VPOS="1216" HPOS="294"/>
							<String ID="string_165" HPOS="307" VPOS="1214" WIDTH="200" HEIGHT="30" WC="0.87" CONTENT="järnvägsfrågor."/>
						</TextLine>
					</TextBlock>
					<TextBlock ID="block_7" HPOS="105" VPOS="1249" WIDTH="744" HEIGHT="66">
						<TextLine ID="line_28" HPOS="176" VPOS="1249" WIDTH="673" HEIGHT="31">
							<String ID="string_166" HPOS="176" VPOS="1251" WIDTH="88" HEIGHT="23" WC="0.91" CONTENT="Preste-"/><SP WIDTH="17" VPOS="1251" HPOS="264"/>
							<String ID="string_167" HPOS="281" VPOS="1251" WIDTH="41" HEIGHT="22" WC="0.93" CONTENT="och"/><SP WIDTH="17" VPOS="1251" HPOS="322"/>
							<String ID="string_168" HPOS="339" VPOS="1250" WIDTH="204" HEIGHT="30" WC="0.92" CONTENT="Borgarestånden"/><SP WIDTH="15" VPOS="1250" HPOS="543"/>
							<String ID="string_169" HPOS="558" VPOS="1250" WIDTH="72" HEIGHT="23" WC="0.95" CONTENT="hafva"/><SP WIDTH="10" VPOS="1250" HPOS="630"/>
							<String ID="string_170" HPOS="640" VPOS="1251" WIDTH="7" HEIGHT="21" WC="0.95" CONTENT="i"/><SP WIDTH="12" VPOS="1251" HPOS="647"/>
							<String ID="string_171" HPOS="659" VPOS="1250" WIDTH="76" HEIGHT="22" WC="0.96" CONTENT="denna"/><SP WIDTH="12" VPOS="1250" HPOS="735"/>
							<String ID="string_172" HPOS="747" VPOS="1249" WIDTH="37" HEIGHT="23" WC="0.93" CONTENT="del"/><SP WIDTH="10" VPOS="1249" HPOS="784"/>
							<String ID="string_173" HPOS="794" VPOS="1249" WIDTH="55" HEIGHT="29" WC="0.92" CONTENT="god-"/>
						</TextLine>
						<TextLine ID="line_29" HPOS="105" VPOS="1286" WIDTH="541" HEIGHT="29">
							<String ID="string_174" HPOS="105" VPOS="1287" WIDTH="60" HEIGHT="23" WC="0.96" CONTENT="känt"/><SP WIDTH="14" VPOS="1287" HPOS="165"/>
							<String ID="string_175" HPOS="179" VPOS="1286" WIDTH="133" HEIGHT="23" WC="0.96" CONTENT="Utskottets"/><SP WIDTH="17" VPOS="1286" HPOS="312"/>
							<String ID="string_176" HPOS="329" VPOS="1286" WIDTH="87" HEIGHT="29" WC="0.96" CONTENT="förslag"/><SP WIDTH="14" VPOS="1286" HPOS="416"/>
							<String ID="string_177" HPOS="430" VPOS="1288" WIDTH="58" HEIGHT="20" WC="0.96" CONTENT="utan"/><SP WIDTH="17" VPOS="1288" HPOS="488"/>
							<String ID="string_178" HPOS="505" VPOS="1286" WIDTH="141" HEIGHT="29" WC="0.96" CONTENT="förändring."/>
						</TextLine>
					</TextBlock>
					<TextBlock ID="block_8" HPOS="105" VPOS="1322" WIDTH="745" HEIGHT="172">
						<TextLine ID="line_30" HPOS="176" VPOS="1322" WIDTH="674" HEIGHT="23">
							<String ID="string_179" HPOS="176" VPOS="1322" WIDTH="175" HEIGHT="23" WC="0.92" CONTENT="Bondeståndet"/><SP WIDTH="15" VPOS="1322" HPOS="351"/>
							<String ID="string_180" HPOS="366" VPOS="1322" WIDTH="42" HEIGHT="22" WC="0.91" CONTENT="har"/><SP WIDTH="16" VPOS="1322" HPOS="408"/>
							<String ID="string_181" HPOS="424" VPOS="1322" WIDTH="97" HEIGHT="22" WC="0.91" CONTENT="beslutit"/><SP WIDTH="16" VPOS="1322" HPOS="521"/>
							<String ID="string_182" HPOS="537" VPOS="1322" WIDTH="47" HEIGHT="23" WC="0.96" CONTENT="helt"/><SP WIDTH="16" VPOS="1322" HPOS="584"/>
							<String ID="string_183" HPOS="600" VPOS="1322" WIDTH="43" HEIGHT="22" WC="0.96" CONTENT="och"/><SP WIDTH="16" VPOS="1322" HPOS="643"/>
							<String ID="string_184" HPOS="659" VPOS="1322" WIDTH="72" HEIGHT="22" WC="0.96" CONTENT="hållet"/><SP WIDTH="13" VPOS="1322" HPOS="731"/>
							<String ID="string_185" HPOS="744" VPOS="1322" WIDTH="106" HEIGHT="22" WC="0.95" CONTENT="förkasta"/>
						</TextLine>
						<TextLine ID="line_31" HPOS="105" VPOS="1356" WIDTH="744" HEIGHT="30">
							<String ID="string_186" HPOS="105" VPOS="1358" WIDTH="113" HEIGHT="28" WC="0.96" CONTENT="förslaget"/><SP WIDTH="23" VPOS="1358" HPOS="218"/>
							<String ID="string_187" HPOS="241" VPOS="1364" WIDTH="37" HEIGHT="15" WC="0.96" CONTENT="om"/><SP WIDTH="17" VPOS="1364" HPOS="278"/>
							<String ID="string_188" HPOS="295" VPOS="1364" WIDTH="27" HEIGHT="15" WC="0.96" CONTENT="en"/><SP WIDTH="18" VPOS="1364" HPOS="322"/>
							<String ID="string_189" HPOS="340" VPOS="1357" WIDTH="49" HEIGHT="22" WC="0.96" CONTENT="före"/><SP WIDTH="16" VPOS="1357" HPOS="389"/>
							<String ID="string_190" HPOS="405" VPOS="1356" WIDTH="197" HEIGHT="23" WC="0.93" CONTENT="nästkommande"/><SP WIDTH="16" VPOS="1356" HPOS="602"/>
							<String ID="string_191" HPOS="618" VPOS="1356" WIDTH="113" HEIGHT="29" WC="0.91" CONTENT="landtdag"/><SP WIDTH="16" VPOS="1356" HPOS="731"/>
							<String ID="string_192" HPOS="747" VPOS="1357" WIDTH="102" HEIGHT="22" WC="0.96" CONTENT="skeende"/>
						</TextLine>
						<TextLine ID="line_32" HPOS="105" VPOS="1392" WIDTH="744" HEIGHT="30">
							<String ID="string_193" HPOS="105" VPOS="1393" WIDTH="178" HEIGHT="29" WC="0.96" CONTENT="undersökning"/><SP WIDTH="23" VPOS="1393" HPOS="283"/>
							<String ID="string_194" HPOS="306" VPOS="1392" WIDTH="35" HEIGHT="22" WC="0.96" CONTENT="för"/><SP WIDTH="23" VPOS="1392" HPOS="341"/>
							<String ID="string_195" HPOS="364" VPOS="1399" WIDTH="28" HEIGHT="15" WC="0.96" CONTENT="en"/><SP WIDTH="24" VPOS="1399" HPOS="392"/>
							<String ID="string_196" HPOS="416" VPOS="1392" WIDTH="63" HEIGHT="23" WC="0.95" CONTENT="bana"/><SP WIDTH="23" VPOS="1392" HPOS="479"/>
							<String ID="string_197" HPOS="502" VPOS="1393" WIDTH="78" HEIGHT="21" WC="0.96" CONTENT="väster"/><SP WIDTH="24" VPOS="1393" HPOS="580"/>
							<String ID="string_198" HPOS="604" VPOS="1398" WIDTH="37" HEIGHT="16" WC="0.96" CONTENT="om"/><SP WIDTH="21" VPOS="1398" HPOS="641"/>
							<String ID="string_199" HPOS="662" VPOS="1392" WIDTH="130" HEIGHT="29" WC="0.93" CONTENT="Pielisjärvi"/><SP WIDTH="16" VPOS="1392" HPOS="792"/>
							<String ID="string_200" HPOS="808" VPOS="1393" WIDTH="41" HEIGHT="28" WC="0.96" CONTENT="sjö,"/>
						</TextLine>
						<TextLine ID="line_33" HPOS="106" VPOS="1427" WIDTH="743" HEIGHT="30">
							<String ID="string_201" HPOS="106" VPOS="1430" WIDTH="69" HEIGHT="26" WC="0.96" CONTENT="samt,"/><SP WIDTH="17" VPOS="1430" HPOS="175"/>
							<String ID="string_202" HPOS="192" VPOS="1429" WIDTH="53" HEIGHT="23" WC="0.92" CONTENT="med"/><SP WIDTH="17" VPOS="1429" HPOS="245"/>
							<String ID="string_203" HPOS="262" VPOS="1428" WIDTH="152" HEIGHT="24" WC="0.90" CONTENT="förkastande"/><SP WIDTH="16" VPOS="1428" HPOS="414"/>
							<String ID="string_204" HPOS="430" VPOS="1428" WIDTH="25" HEIGHT="22" WC="0.96" CONTENT="af"/><SP WIDTH="15" VPOS="1428" HPOS="455"/>
							<String ID="string_205" HPOS="470" VPOS="1428" WIDTH="131" HEIGHT="24" WC="0.96" CONTENT="Utskottets"/><SP WIDTH="17" VPOS="1428" HPOS="601"/>
							<String ID="string_206" HPOS="618" VPOS="1434" WIDTH="82" HEIGHT="16" WC="0.96" CONTENT="senare"/><SP WIDTH="11" VPOS="1434" HPOS="700"/>
							<String ID="string_207" HPOS="711" VPOS="1427" WIDTH="72" HEIGHT="29" WC="0.93" CONTENT="kläm,"/><SP WIDTH="12" VPOS="1427" HPOS="783"/>
							<String ID="string_208" HPOS="795" VPOS="1428" WIDTH="54" HEIGHT="29" WC="0.91" CONTENT="god-"/>
						</TextLine>
						<TextLine ID="line_34" HPOS="105" VPOS="1464" WIDTH="744" HEIGHT="30">
							<String ID="string_209" HPOS="105" VPOS="1466" WIDTH="59" HEIGHT="23" WC="0.96" CONTENT="känt"/><SP WIDTH="23" VPOS="1466" HPOS="164"/>
							<String ID="string_210" HPOS="187" VPOS="1466" WIDTH="73" HEIGHT="23" WC="0.93" CONTENT="första"/><SP WIDTH="23" VPOS="1466" HPOS="260"/>
							<String ID="string_211" HPOS="283" VPOS="1466" WIDTH="185" HEIGHT="23" WC="0.91" CONTENT="reservationens"/><SP WIDTH="17" VPOS="1466" HPOS="468"/>
							<String ID="string_212" HPOS="485" VPOS="1466" WIDTH="7" HEIGHT="21" WC="0.96" CONTENT="i"/><SP WIDTH="21" VPOS="1466" HPOS="492"/>
							<String ID="string_213" HPOS="513" VPOS="1465" WIDTH="75" HEIGHT="22" WC="0.96" CONTENT="denna"/><SP WIDTH="16" VPOS="1465" HPOS="588"/>
							<String ID="string_214" HPOS="604" VPOS="1464" WIDTH="37" HEIGHT="23" WC="0.96" CONTENT="del"/><SP WIDTH="16" VPOS="1464" HPOS="641"/>
							<String ID="string_215" HPOS="657" VPOS="1464" WIDTH="82" HEIGHT="30" WC="0.96" CONTENT="gjorda"/><SP WIDTH="16" VPOS="1464" HPOS="739"/>
							<String ID="string_216" HPOS="755" VPOS="1464" WIDTH="94" HEIGHT="30" WC="0.96" CONTENT="förslag:"/>
						</TextLine>
					</TextBlock>
				</ComposedBlock>
				<GraphicalElement ID="cblock_4" HPOS="1057" VPOS="1380" WIDTH="3" HEIGHT="334"></GraphicalElement >
			</PrintSpace>
		</Page>
	</Layout>
</alto>
