1064 1709
230 156 25 21 16
395 156 276 23 Petitionsbetänkande
686 155 45 23 N:o
748 156 32 21 11.

199 235 73 20 garna
289 228 36 21 för
343 227 104 21 tillfället
465 227 41 21 hos
525 227 144 29 regeringen,
687 227 46 21 blir
751 226 97 22 sälunda
866 227 8 21 i
893 228 58 20 stort

199 261 52 22 sedt
273 269 29 14 en
322 262 210 28 bildningsfientlig
550 261 139 22 institution.
713 260 88 22 Genom
821 263 35 19 att
868 260 83 22 under-

199 296 83 28 trycka
301 296 68 21 äfven
387 304 28 13 en
433 296 57 29 lojal
509 296 42 21 och
569 296 89 21 hofsam
676 296 73 21 kritik
767 296 22 21 af
801 296 149 28 regeringens

200 330 43 22 och
270 330 293 29 embetsmyndigheternas
591 329 108 29 ätgärder
724 330 97 22 hindrar
839 336 111 15 censuren

199 365 114 28 styrelsen
332 367 35 19 att
388 365 49 22 lära
456 365 78 21 känna
550 364 85 22 folkets
654 364 142 30 önskningar
813 364 44 22 och
875 364 74 28 behof,

199 399 136 22 framkallar
353 401 34 19 ett
409 400 115 28 missnöje,
549 407 49 14 som
619 399 78 21 stöder
715 399 36 29 sig
769 400 30 28 pä
817 398 132 30 smygande,

200 434 49 22 ofta
276 434 141 22 öfverdrifna
446 434 85 28 rykten
557 434 44 22 och
626 434 85 21 väcker
737 435 34 20 ett
799 433 151 22 misstroende

198 468 83 23 mellan
306 468 28 22 de
356 468 110 29 styrande
489 469 43 22 och
554 468 27 22 de
600 468 85 29 styrde,
703 468 90 22 hvilket
811 468 139 28 omintetgör

199 503 44 22 den
262 504 30 28 pä
310 503 132 22 förtroende
466 504 120 28 grundade
609 503 154 22 vexelverkan
783 503 85 22 mellan
886 510 64 22 rege-

198 538 54 29 ring
271 538 43 22 och
332 538 56 28 folk,
407 540 24 20 sä
449 538 135 29 nödvändig
602 538 34 22 för
654 541 34 18 ett
705 538 128 28 lagbundet
851 537 98 22 samhäl-

197 573 35 21 les
259 572 93 22 ostörda
379 573 140 29 utveckling.
555 573 36 21 En
619 572 72 22 sädan
715 573 73 28 regim
807 576 24 18 är
850 572 43 22 ock
911 580 38 21 eg-

198 608 47 21 nad
263 609 35 20 att
315 608 91 22 minska
417 608 204 29 myndigheternas
635 607 249 29 ansvarighetskänsla,
895 611 55 18 enär

199 642 66 22 deras
292 642 114 28 åtgärder,
426 642 67 22 äfven
515 643 9 21 i
541 642 110 22 händelse
678 642 115 22 desamma
811 643 35 21 stä
864 642 8 21 i
890 642 59 21 strid

199 677 51 22 med
263 676 44 29 lag,
320 677 52 21 icke
385 681 38 17 äro
436 677 171 22 underkastade
619 676 167 22 allmänhetens
799 676 149 22 bedömande.

199 711 187 23 Skriftställaren
404 713 55 27 åter,
477 712 96 22 hvilken
591 712 8 21 i
617 711 199 29 tidningspressen
834 711 37 22 till
889 710 59 30 följd

199 747 23 21 af
240 748 179 28 censurtvånget
446 748 98 28 mången
571 748 64 28 gång
656 754 36 13 ser
713 746 36 29 sig
775 745 120 23 nödsakad
914 748 34 19 att

198 782 83 21 endast
311 782 178 28 antydningsvis
519 782 42 21 och
588 782 8 21 i
621 781 117 22 förtäckta
769 781 96 29 ordalag
891 780 57 22 söka

197 816 84 29 bringa
305 817 50 21 sina
377 816 84 22 tankar
483 816 37 22 till
541 816 166 22 allmänhetens
725 816 114 28 kunskap,
858 816 89 21 känner

197 852 46 21 lätt
259 859 48 21 nog
325 851 178 29 ansvarigheten
520 851 9 21 i
547 851 42 22 sitt
606 850 177 29 betydelsefulla
800 850 49 22 kall
860 850 88 22 försva-

198 886 52 30 gad.
286 886 185 28 Censurtvånget
491 886 46 22 blir
555 886 96 21 sålunda
669 886 35 21 för
721 885 90 28 honom,
829 886 60 21 huru
897 885 50 29 lag-

197 921 66 29 lydig
286 921 47 22 han
357 921 55 29 eljes
434 924 29 18 än
485 925 25 17 är
532 922 73 20 såsom
627 920 157 29 medborgare,
806 922 34 20 ett
857 920 90 28 hinder,

197 956 91 22 hvilket
314 956 47 21 han
391 956 51 21 icke
468 959 43 25 gör
537 956 36 28 sig
599 956 74 27 några
701 955 185 28 betänkligheter
912 956 36 20 att

197 990 154 28 undandraga
369 990 41 28 sig,
429 990 40 21 der
487 990 65 22 detta
570 990 60 22 blott
647 994 25 17 är
689 990 86 21 honom
791 990 98 28 möjligt.

266 1024 46 22 Vid
333 1025 63 21 1863
419 1025 36 21 års
473 1025 114 28 landtdag
608 1024 93 28 yttrade
726 1024 142 22 Ständernas
886 1024 61 28 Lag-

196 1060 100 21 utskott:
325 1059 52 29 ,vid
404 1059 45 22 den
476 1059 144 29 ståndpunkt
647 1059 23 21 af
690 1058 86 29 kultur,
795 1058 94 22 hvartill
908 1058 39 22 det

196 1094 75 22 finska
289 1094 74 22 folket
381 1094 71 22 redan
470 1094 90 28 hunnit,
573 1093 116 23 förefaller
707 1093 40 22 det
761 1093 186 30 principvidrigt,

197 1131 35 19 att
255 1128 191 29 förmynderskap
473 1128 61 22 skall
559 1128 93 22 utöfvas
679 1128 64 22 öfver
760 1135 83 21 mogne
861 1131 60 24 män,
939 1128 8 20 i

196 1163 62 21 hvad
276 1163 65 21 desse
366 1163 56 21 söka
444 1165 34 19 att
496 1170 84 22 genom
598 1162 39 21 det
654 1162 94 28 tryckta
766 1162 65 22 ordet
849 1162 73 22 verka
939 1162 8 21 i

197 1205 28 13 en
244 1198 56 21 eller
313 1205 78 14 annan
407 1198 114 28 riktning;
541 1197 43 22 och
595 1197 64 21 detta
670 1197 192 29 förmynderskap
875 1197 72 21 måste

196 1232 89 22 kännas
304 1235 63 18 ännu
385 1232 99 26 svårare,
497 1232 29 21 då
545 1232 39 21 det
601 1231 143 22 handhafves
762 1231 52 21 med
831 1231 115 29 godtycke

197 1264 42 22 och
257 1265 73 21 måste
349 1265 113 21 anförtros
480 1266 24 20 åt
522 1272 109 21 personer
649 1264 23 22 af
683 1264 68 28 ringa
763 1264 55 30 eller
830 1264 118 28 tvetydigt

195 1298 121 22 anseende.
351 1299 76 29 Begås
453 1306 83 21 genom
559 1298 67 29 tryck
649 1299 78 28 någon
744 1298 138 28 förbrytelse
899 1300 50 20 mot

195 1333 105 28 Monark,
322 1333 110 22 samhälle
458 1333 56 22 eller
537 1333 90 22 enskild
650 1340 89 22 person,
758 1334 25 20 så
801 1336 25 18 är
844 1333 40 21 det
901 1334 47 20 rätt

195 1368 44 22 och
257 1368 79 30 billigt
354 1370 35 20 att
407 1368 44 22 den
468 1368 120 30 brottslige
607 1368 100 27 straffas;
726 1376 53 14 men
797 1367 152 30 möjligheten

195 1402 65 23 deraf
279 1405 34 20 att
331 1411 28 13 en
378 1403 57 21 eller
453 1410 77 15 annan
549 1403 46 22 kan
612 1402 61 30 begå
691 1404 34 20 ett
743 1402 83 22 sådant
843 1404 67 27 brott,
923 1406 26 18 är

194 1438 39 22 väl
257 1438 21 30 ej
303 1440 35 20 ett
361 1437 139 30 tillräckligt
528 1438 51 22 skäl
606 1440 35 19 att
664 1438 70 22 ställa
758 1438 47 22 alla
827 1438 121 22 författare

184 1473 85 21 -under
286 1473 45 21 den
348 1472 137 29 preventiva
503 1479 124 15 censurens
639 1472 212 30 förmynderskap*.
874 1472 74 22 Dessa

263 1516 129 23 Lagutskottets
404 1515 111 18 betänkande
527 1515 37 18 N:o
577 1516 16 17 9.
