1061 1711
239 169 13 20 4
400 166 271 23 Petitionsbetänkande
686 166 40 22 N:o
742 165 36 24 28.

209 237 88 21 tillsatta
317 236 109 25 komitéer,
443 236 5 20 i
464 235 72 21 hvilka
551 235 70 21 såsom
637 235 135 20 medlemmer
787 234 61 21 suttit
864 233 93 21 erkända

206 271 98 21 fackmän
318 271 28 26 på
362 270 58 20 detta
435 269 93 21 område.

275 306 47 20 Den
341 304 57 22 förra
413 304 24 21 af
452 304 62 21 dessa
529 303 110 26 komitéer,
655 309 44 15 som
715 302 33 22 till
763 302 59 22 Hans
838 302 121 26 Kejserliga

211 340 102 26 Majestät
328 338 58 27 afgaf
399 338 141 27 underdånigt
548 338 133 21 betänkande
692 338 7 20 i
708 337 65 27 April
786 337 60 25 1880,
857 336 100 22 framhöll

208 374 101 21 hurusom
332 373 75 27 frågan
430 379 33 15 om
485 373 130 21 hästafvelns
638 372 146 21 förbättrande
807 378 50 14 vore
873 378 25 14 en
915 371 43 21 lifs-

212 408 61 26 fråga
291 408 33 21 för
343 407 49 21 vårt
407 408 48 20 land
471 408 39 21 och
527 407 86 26 förtjent
628 406 23 21 af
665 408 31 19 att
710 406 58 21 såväl
784 408 68 19 staten
868 412 44 15 som
929 412 35 14 en-

213 442 68 21 skilde
304 442 60 21 deråt
387 442 80 27 egnade
490 443 40 20 den
553 443 80 20 största
655 441 189 27 uppmärksamhet
863 441 38 20 och
917 440 47 21 icke

215 477 80 27 skydde
309 477 78 27 nödiga
403 476 149 28 uppoffringar.
574 475 73 28 Enligt
658 475 105 22 komiténs
774 475 54 26 åsigt
839 475 126 27 omöjliggör

214 512 108 27 nämligen
337 512 41 21 den
393 511 115 26 småväxta,
524 511 62 21 klena
602 510 39 21 och
657 508 37 23 illa
709 510 71 21 skötta
794 510 54 25 häst,
864 510 101 21 hvarmed

213 547 128 26 jordbruket
355 545 40 22 hos
410 552 35 15 oss
461 545 161 27 mängenstädes
638 545 112 26 bedrifves,
763 547 31 19 ett
805 545 49 21 fullt
867 545 99 21 rationelt

211 581 104 27 jordbruk
330 581 48 21 med
394 580 91 27 tillbjelp
501 580 22 21 af
537 580 97 26 redskap,
650 586 44 14 som
711 580 7 20 i
730 579 66 21 andra
807 579 74 21 länder
892 578 73 22 härför

215 616 114 20 användas.
361 615 102 21 Förutom
486 616 31 19 att
539 614 94 21 komiten
657 614 64 26 ansåg
744 620 26 14 en
793 613 127 26 förbättring
943 613 24 21 af

213 649 153 22 häststammen
389 649 6 21 i
418 649 73 21 landet
509 649 25 27 pä
552 648 67 27 grund
635 648 23 21 af
672 654 24 15 en
712 648 23 20 af
748 648 95 21 komiten
860 647 105 27 uppgjord

211 684 40 21 och
273 684 62 21 äfven
350 684 6 20 i
372 683 236 27 petitionsmemorialet
626 682 113 22 omnämnd
755 682 71 27 kalkyl
844 683 50 20 böra
906 682 59 21 med-

212 718 46 21 föra
273 718 48 21 icke
336 719 61 25 ringa
414 718 123 21 ekonomisk
552 718 56 20 vinst
623 716 33 22 för
671 717 79 26 landet,
762 716 99 22 framhöll
870 716 94 22 komiten

210 752 88 28 jemväl,
321 754 32 20 att
376 755 100 23 exporten
495 752 23 20 af
534 752 74 21 hästar
622 751 46 21 från
684 751 89 21 Finland
791 751 46 21 med
854 751 49 21 dess
919 751 46 21 rika

210 788 90 27 tillgång
322 787 28 27 på
372 791 58 17 torra
454 787 38 21 och
515 787 98 26 kraftiga,
637 786 33 21 till
692 786 136 27 uppfödande
850 785 22 21 af
891 786 74 20 hästar

211 822 135 27 synnerligen
362 822 81 26 egnade
458 821 150 26 betesmarker,
624 820 60 22 torde
699 819 73 22 kunna
784 820 117 27 mångfaldt
912 826 53 21 upp-

212 856 86 24 drifvas,
318 862 33 15 om
366 856 58 20 blott
440 856 152 21 häststammen
608 855 69 20 blefve
692 855 126 21 förbättrad.
848 855 38 20 Ett
901 855 23 20 af
938 861 26 14 en

211 890 143 21 framstående
378 889 126 22 österrikisk
527 889 99 28 hippolog
648 889 54 20 fäldt
724 889 99 27 yttrande
846 890 43 26 att
905 895 58 20 spar-

213 925 82 21 samhet
317 925 7 20 i
347 924 99 21 afseende
469 924 27 26 på
518 923 160 22 hästkulturens
702 923 144 26 befrämjande
868 923 5 21 i
889 923 76 28 sjelfva

211 959 74 20 verket
307 959 42 20 kan
372 965 50 14 vara
446 958 92 26 slöseri",
558 959 65 25 ansåg
648 958 94 21 komitén
758 958 71 21 derför
844 957 34 21 väl
892 959 73 20 kunna

213 993 108 26 tillämpas
343 993 27 26 på
389 992 163 22 förhållandena
567 993 6 20 i
589 993 47 20 vårt
651 993 56 20 land.
738 992 75 21 Såsom
830 992 87 21 orsaker
932 992 33 21 till

215 1027 38 21 den
269 1027 60 26 ringa
345 1027 148 27 utvecklingen
509 1027 23 21 af
545 1027 85 21 landets
644 1027 105 21 hästafvel
761 1027 97 21 framhöll
870 1027 95 21 komitén

213 1062 52 25 dels,
277 1064 32 18 att
325 1064 31 18 ett
371 1061 92 26 verkligt
479 1061 96 22 lefvande
590 1061 90 21 intresse
695 1061 34 22 för
744 1061 149 22 hästkulturen
909 1063 56 19 ännu

212 1097 81 26 ganska
312 1097 88 20 allmänt
416 1096 84 27 saknas,
517 1097 44 20 dels
577 1096 109 21 bristande
701 1096 63 27 insigt
779 1097 31 20 uti
826 1095 78 28 frågor,
920 1103 45 14 som

214 1132 49 19 röra
277 1131 87 20 hästens
379 1130 56 21 afvel
451 1131 39 20 och
506 1130 58 24 vård,
580 1131 45 20 dels
640 1130 46 21 åter
702 1130 129 27 otillräcklig
846 1130 118 21 kännedom

213 1170 34 15 om
263 1165 26 20 de
305 1164 139 22 ekonomiska
458 1164 99 27 fördelar,
573 1170 44 16 som
633 1164 90 28 härflyta
739 1164 22 22 af
775 1166 31 20 ett
821 1164 144 26 omsorgsfullt

213 1198 34 21 val
270 1199 22 21 af
313 1198 116 27 afvelsdjur
449 1199 39 21 och
506 1198 116 26 insigtsfull
639 1199 80 21 skötsel
735 1198 23 22 af
771 1199 82 27 hästen,
869 1201 54 19 samt
939 1200 26 20 än

213 1232 72 22 vidare
308 1233 109 21 bristande
437 1233 90 27 tillgång
541 1234 27 26 på
584 1233 85 26 dugliga
684 1233 136 21 hästskötare
835 1234 39 20 och
890 1234 76 20 veteri-

213 1268 62 19 närer
290 1273 48 14 men
353 1264 88 24 framför
456 1267 30 20 alt
501 1267 54 20 dock
572 1267 38 20 den
624 1268 58 19 stora
693 1267 79 21 bristen
784 1267 28 26 på
823 1266 142 22 framstående

215 1300 52 21 eller
283 1306 37 15 ens
336 1300 136 21 användbara
487 1300 169 26 afvelshingstar.
677 1301 31 20 De
724 1300 106 28 åtgärder,
846 1307 44 15 som
899 1301 67 21 borde

213 1335 97 27 vidtagas
333 1335 32 21 till
380 1334 145 28 befrämjande
544 1335 23 21 af
584 1335 124 26 hästafveln,
724 1336 66 26 ansåg
804 1335 93 22 komitén
913 1336 54 21 böra

213 1370 76 28 åsyfta:
306 1371 31 20 att
352 1370 66 21 väcka
434 1370 39 21 och
486 1369 50 23 lifva
547 1370 99 21 intresset
660 1370 32 21 för
704 1370 130 26 hästafveln;
850 1372 32 20 att
893 1371 73 26 sprida

213 1405 66 28 insigt
301 1405 39 21 och
362 1404 128 28 skicklighet
508 1405 7 21 i
534 1406 85 20 hästens
638 1405 52 21 vård
706 1406 40 21 och
762 1406 92 25 skötsel;
878 1408 31 18 att
924 1406 42 21 till-

215 1441 80 26 godose
309 1440 26 21 de
351 1439 67 22 skilda
433 1440 161 21 landsdelarnas
609 1439 66 22 behof
688 1439 22 22 af
723 1441 139 26 veterinärer;
878 1442 31 19 att
921 1440 42 21 för-

213 1475 42 20 öka
269 1475 115 27 tillgången
400 1474 26 27 på
443 1475 86 27 dugliga
540 1474 162 27 afvelshingstar
714 1475 39 21 och
764 1475 119 21 motarbeta
891 1475 74 21 dessas

280 1520 181 18 Ekonomiutskottets
474 1520 110 18 betänkande
596 1519 37 18 N:o
645 1520 27 17 13.
