1064 1703
309 150 255 24 Motionsbetänkande
579 151 40 23 N:o
634 152 21 22 4.
815 153 13 21 3

105 220 123 20 alkoholhalt
247 220 47 20 böra
317 220 30 20 för
367 220 85 26 följande
472 221 34 19 två
524 220 156 26 försäljningsår,
699 228 41 12 som
759 221 97 19 beräknas

105 248 43 19 från
165 248 35 20 och
215 248 43 20 med
275 249 35 19 den
329 249 7 18 1
355 249 53 25 Juni,
424 249 99 25 upplåtas,
538 251 50 17 samt
603 249 97 19 hurnvida
715 250 57 18 dessa
787 250 69 24 rättig-

104 276 56 20 heter
178 277 57 19 skola
253 277 111 25 medgifvas
384 277 88 19 enskilde
491 278 48 19 eller
557 277 65 25 bolag,
641 278 101 19 äfvensom
761 278 6 18 i
787 278 69 19 hvilka

104 305 76 19 trakter
195 306 22 18 af
230 306 68 19 staden
313 305 261 26 minutförsäljningsställen
590 306 30 19 för
635 306 70 24 dylika
716 306 84 25 drycker
813 306 43 19 icke

106 333 20 19 få
141 334 68 19 finnas.

172 359 30 22 Är
223 363 105 24 magistrat
349 362 43 19 med
411 362 178 25 stadsfullmäktige
609 362 50 19 eller
677 362 154 20 rådhusstämma
850 363 7 19 i

105 390 79 21 ärendet
203 397 52 19 ense,
270 391 63 20 blifve
352 391 68 20 dervid
440 391 102 20 beroende.
573 390 10 20 I
598 393 59 18 annat
676 391 35 20 fall
727 391 131 20 öfverlemnar

105 419 126 26 magistraten
255 419 79 20 ärendet
361 419 31 20 till
419 419 134 25 Guvernören,
576 426 41 13 som
640 426 46 19 eger
709 420 41 19 deri
773 420 83 19 besluta.

104 447 73 21 Likväl
196 449 30 18 må
245 449 68 19 endast
332 451 28 17 ett
379 448 186 26 försäljningsställe
585 449 81 23 tillåtas,
682 455 30 13 om
728 449 128 25 magistraten

104 477 31 20 för
151 477 29 20 sin
196 477 32 20 del
243 477 95 26 förbjudit
354 477 28 20 all
397 477 78 20 handel.

173 505 163 28 Anmärkniny.
365 505 97 20 Tillstånd
485 507 32 18 till
539 505 118 26 försäljande
680 506 22 19 af
722 506 73 20 sådana
814 505 42 20 från

104 534 89 20 utlandet
215 535 132 25 importerade
369 535 56 19 viner
443 535 22 19 af
485 535 29 19 uti
536 535 13 25 &
574 536 6 18 1
606 535 101 19 omnämnd
726 534 130 24 alkoholhalt,

104 562 71 21 hvilka
189 566 34 16 äro
240 564 111 19 inhemtade
366 563 26 25 på
402 563 85 25 buteljer
499 563 49 20 eller
559 563 5 19 i
577 563 65 19 slutna
654 562 43 20 kärl
708 562 36 20 och
753 563 60 25 säljas
826 563 31 19 till

105 594 28 17 ett
149 592 40 25 pris
206 592 21 19 af
241 592 58 19 minst
313 592 36 20 två
363 592 63 19 finska
442 592 54 20 mark
513 598 34 20 per
562 592 53 25 liter,
627 592 31 19 må
672 592 98 20 meddelas
785 592 73 19 sådana

105 626 99 20 personer,
221 628 39 12 som
280 621 25 25 på
324 620 63 26 grund
406 621 21 19 af
444 620 12 19 2
472 621 36 19 och
524 620 11 20 3
552 620 27 27 8$
598 620 6 19 i
623 620 138 26 förordningen
777 627 30 13 om
822 624 34 16 nä-

104 649 94 25 ringarna
213 650 22 18 af
249 650 35 18 den
301 650 24 19 31
348 649 52 19 Mars
422 649 59 25 1879,
498 649 120 19 sistnämnda
636 649 94 25 paragraf
744 648 59 20 sädan
820 649 36 19 den

104 677 58 26 lyder
181 678 6 18 i
207 678 139 25 förordningen
365 678 21 19 af
404 678 36 19 den
461 678 23 19 17
505 678 107 19 December
632 677 61 24 1888,
709 680 33 17 äro
762 677 95 25 behöriga

105 708 29 17 att
149 706 77 19 anmäla
241 707 30 24 sig
291 707 31 18 till
341 705 85 21 idkande
445 706 21 19 af
482 706 71 19 handel
572 705 36 20 och
627 706 52 25 gjort
698 706 30 25 sig
748 705 64 20 kända
827 706 30 19 för

105 735 80 20 redbart
200 735 124 19 förhållande
340 738 50 16 samt
404 735 81 25 pröfvas
501 735 6 19 i
523 735 61 25 öfrigt
595 734 31 19 till
642 734 97 19 rörelsens
751 734 106 20 utöfvande

105 763 95 26 lämpliga
215 770 54 13 vara.

174 826 125 25 Helsingfors
317 826 36 20 den
370 827 10 18 7
397 826 95 20 Februari
511 825 58 21 1900.

173 929 56 22 Joh.
245 928 186 28 Schwartzberg.
560 929 22 22 J.
598 928 145 23 Päivärinta.

174 957 74 22 Wald.
266 957 95 22 Wallin.
563 956 77 23 Wilh.
651 957 137 26 Malmberg.

174 986 50 21 Elis
239 985 130 28 Bergroth.

175 1180 156 22 Ofvanstäende
354 1179 171 28 motionsförslag
548 1179 39 21 har
606 1179 65 26 enligt
690 1179 168 21 motionärernas

104 1215 83 27 uppgift
210 1215 124 21 tillkommit
356 1213 34 22 för
412 1216 32 19 att
462 1213 51 28 fylla
536 1214 40 21 den
596 1213 70 26 lucka,
684 1213 85 21 hvilken
789 1213 68 21 skulle

104 1249 77 28 uppstå
196 1249 7 20 i
218 1248 167 27 lagstiftningen,
401 1248 46 21 ifall
462 1254 76 20 genom
554 1253 26 16 en
592 1247 34 22 till
636 1247 143 21 innevarande
789 1247 69 21 landt-

105 1284 42 27 dag
167 1283 112 21 förväntad
302 1283 64 26 nådig
384 1282 138 27 proposition,
542 1281 111 28 åsyftande
671 1283 31 20 ett
721 1281 69 22 bättre
810 1281 48 21 ord-

104 1318 70 21 nande
192 1317 23 20 af
236 1316 228 27 maltdryckshandeln,
490 1318 110 24 strängare
622 1315 148 22 restriktioner
789 1315 69 22 blefve

105 1351 84 21 införda
204 1351 7 20 i
226 1350 92 21 nämnda
336 1350 76 21 handel
431 1352 27 18 än
477 1350 33 24 de,
530 1349 72 21 hvilka
621 1349 33 21 för
673 1349 132 21 närvarande
821 1351 37 18 äro

105 1385 98 27 gällande
226 1384 132 22 beträffande
380 1383 92 22 handeln
494 1383 49 21 med
565 1383 58 21 viner
645 1382 39 22 och
704 1388 89 22 svagare
812 1389 46 15 rus-

105 1420 96 28 drycker.
231 1420 32 20 De
286 1419 122 27 ändringar,
427 1418 73 22 hvilka
519 1418 155 21 motionärerne
693 1417 79 22 föreslå
790 1417 7 21 i
816 1418 42 20 för-

105 1456 115 25 ordningen
240 1454 22 21 af
281 1454 40 21 den
341 1454 13 21 2
372 1453 44 27 Maj
437 1452 55 23 1895
511 1452 109 28 angående
638 1453 57 20 vissa
709 1451 150 22 inskränknin-

173 1502 180 18 Ekonomiutskottets
366 1500 112 19 betänkande
491 1499 37 18 N:o
541 1499 18 19 9.
