1070 1709
325 146 269 24 Petitionsbetänkande
610 148 41 23 N:o
666 149 36 22 20.
839 150 13 21 3

130 215 109 27 omåttliga
254 216 61 26 bruk,
330 216 88 22 anhållit
434 222 33 16 om
485 217 63 27 nådig
563 218 129 26 proposition
705 219 5 20 i
719 219 91 21 nämnda
818 218 61 27 syfte,

130 248 38 22 har
177 249 160 22 Presteståndet
353 250 87 22 beslutit
456 251 83 22 avhålla
555 258 34 15 om
604 251 106 23 aflåtande
724 253 34 21 till
773 252 107 22 nästkom-

130 284 75 21 mande
228 284 100 28 landtdag
351 285 23 21 af
395 292 24 14 en
442 285 64 28 nådig
525 287 131 26 proposition
672 293 33 15 om
721 287 123 28 utvidgning
859 287 24 21 af

129 319 40 21 den
192 318 136 22 kommunala
350 319 156 22 förbudsrätten
531 321 130 21 beträffande
681 321 141 27 tillverkning,
838 322 42 20 för-

129 353 90 28 säljning
242 354 40 21 och
305 354 143 27 utskänkning
467 355 23 20 af
504 355 127 28 rusdrycker
646 355 109 22 äfvensom
771 355 108 28 angående

129 389 86 21 dermed
240 389 204 26 sammanhängande
467 389 104 28 åtgärder,
595 392 55 19 samt
672 391 158 21 Bondeståndet
845 397 34 16 om

128 423 64 27 nädig
214 424 128 26 proposition
359 424 108 27 angående
483 425 110 21 införande
609 425 23 21 af
646 431 25 15 en
686 425 78 21 allmän
780 425 97 22 förbuds-

128 458 39 27 lag.

196 493 33 21 Då
252 493 166 28 Ridderskapets
442 494 38 21 och
504 495 79 21 Adelns
605 495 70 21 beslut
697 495 82 26 intager
795 501 25 15 en
835 495 42 21 för-

127 528 112 22 medlande
261 529 100 26 ställning
383 529 77 21 mellan
480 529 13 21 &
509 536 38 15 ena
563 529 60 22 sidan
638 529 171 22 Presteständets
825 531 54 20 samt

127 564 13 21 &
162 563 66 21 andra
246 563 59 21 sidan
325 564 170 21 Bondeständets
511 564 74 26 beslut,
602 566 50 19 enär
668 565 116 20 detsamma
800 564 79 21 lemnar

127 598 106 27 Styrelsen
257 597 39 22 full
318 598 64 21 frihet
405 599 31 20 att
455 599 86 26 vidtaga
557 598 25 22 de
598 598 107 28 ätgärder,
721 605 46 14 som
783 598 53 21 efter
852 605 25 14 en

127 639 109 20 noggrann
258 632 157 27 undersökning
437 632 22 21 af
473 633 43 21 alla
531 633 27 26 pä
574 633 66 21 saken
656 633 128 21 inverkande
799 632 78 22 förhäl-

126 667 76 22 landen
221 667 72 21 kunna
308 667 94 22 befinnas
418 667 118 28 påkallade,
552 668 39 21 och
607 668 180 26 Borgareständet
802 667 33 22 för
844 668 31 21 sin

127 702 33 22 del
176 703 88 20 motsatt
278 703 32 26 sig
326 702 72 27 hvarje
410 702 117 26 uttalande,
543 708 63 16 anser
622 702 110 22 Utskottet
748 703 31 21 att
787 702 90 22 Ridder-

127 737 85 28 skapets
236 737 38 22 och
291 737 79 22 Adelns
386 737 71 22 beslut
471 737 67 21 borde
553 738 73 27 läggas
642 737 32 22 till
689 738 68 26 grund
774 737 33 21 för
823 743 54 15 sam-

126 772 182 28 manjemkningen
331 774 56 20 samt
405 773 32 21 fär
452 773 55 27 förty
524 773 108 21 vördsamt
646 772 84 28 föreslä,
747 774 32 20 att
794 772 83 21 landets

125 807 115 27 höglofliga
256 807 90 22 Ständer
360 808 50 21 ville
426 807 88 22 omfatta
529 814 26 14 en
571 808 88 26 petition
676 808 5 20 i
698 808 36 20 det
749 807 55 27 syfte

330 886 30 19 att
382 884 53 27 frän
457 884 229 28 statsförvaltningens
708 884 50 20 sida
781 890 24 15 en
821 891 53 20 nog-

260 926 72 21 grann
356 919 190 28 uppmärksamhet
568 919 65 20 måtte
656 925 65 22 egnas
737 919 25 20 de
777 919 98 27 företeel-

261 961 40 18 ser,
317 961 74 21 genom
406 954 74 21 hvilka
495 953 123 28 erfarenhet
626 953 43 21 kan
678 955 78 20 vinnas
765 953 112 28 angående

262 989 162 28 verkningarna
448 989 24 27 af
490 989 79 20 hittills
584 988 105 28 stadgade
705 988 172 28 inskräkningar

262 1025 7 20 i
292 1024 94 21 handeln
410 1024 47 21 med
478 1024 115 27 rusrycker
617 1023 38 21 och
673 1023 28 27 af
713 1023 26 20 de
754 1022 122 21 restriktio-

261 1065 39 15 ner
322 1059 34 20 det
375 1059 37 20 vid
428 1059 70 20 denna
519 1058 107 27 landtdag
642 1057 134 22 behandlade
791 1057 85 28 lagför-

260 1094 68 27 slaget
351 1094 111 27 angående
480 1093 97 21 handeln
592 1093 48 21 med
655 1092 145 28 maltdrycker
816 1092 59 27 afser

260 1130 32 19 att
305 1128 125 28 ytterligare
445 1128 82 27 införa,
542 1130 56 19 samt

328 1165 38 22 att,
390 1163 68 20 derest
474 1162 148 28 erfarenheten
636 1169 39 21 ger
690 1163 36 20 vid
741 1161 86 22 handen
843 1164 32 19 att

260 1199 28 19 ett
309 1197 75 20 vidare
406 1197 128 27 fortgående
555 1197 8 20 i
587 1197 40 20 den
650 1197 94 20 sålunda
760 1197 53 27 från
828 1197 46 26 lag-

260 1231 139 28 stiftningens
425 1231 49 20 sida
497 1231 102 28 inslagna
622 1231 126 27 riktningen
771 1237 48 15 vore
841 1231 33 20 be-

260 1265 75 29 höfligt
350 1265 36 28 för
402 1267 28 19 ett
445 1266 106 21 verksamt
567 1265 147 28 bekämpande
722 1265 28 28 af
758 1265 116 28 rusdryck-

260 1300 48 20 kers
334 1300 113 28 omåttliga
463 1300 60 26 bruk,
538 1300 69 28 nådig
619 1300 137 28 proposition
772 1300 8 20 i
795 1300 80 20 sådant

260 1335 56 27 syfte
330 1335 65 19 måtte
410 1335 36 19 till
462 1335 123 20 Ständerna
601 1335 86 25 aflåtas.

194 1504 176 18 Ekonomiutskottets
384 1504 111 18 betänkande
508 1504 37 18 N:o
559 1504 16 18 8.
