1061 1717
290 140 266 23 Petitionsbetänkande
572 141 40 23 N:o
627 142 35 22 28.
820 143 13 20 5

112 208 114 22 utförande
249 208 44 22 från
318 209 80 26 landet;
421 212 54 18 samt
499 212 31 19 att
552 210 105 22 förbättra
680 210 75 27 sjelfva
771 211 35 21 det
820 211 42 21 för-

112 242 178 22 handenvarande
305 243 191 21 afvelsmaterialet.

180 278 47 20 Den
244 284 74 14 senare
334 278 23 20 af
371 278 155 22 ofvannämnda
541 279 103 21 komitéer
659 278 99 22 framhöll
773 279 6 20 i
795 280 43 25 sitt,
854 280 6 20 i

111 312 117 21 December
249 312 53 21 1891
319 312 31 20 till
367 312 58 21 Hans
441 312 118 28 Kejserliga
576 313 98 26 Majestät
690 313 80 27 afgifna
785 314 76 20 under-

111 347 77 26 dåniga
210 346 140 26 betänkande,
375 349 37 23 att,
436 353 33 15 om
493 348 64 21 också
572 348 143 27 uppfödandet
730 347 23 21 af
767 348 72 20 hästar
854 348 7 20 i

111 382 47 21 vårt
180 381 50 21 land
249 381 77 21 hittills
345 381 46 21 icke
407 384 80 19 ansetts
503 382 71 22 kunna
590 382 93 22 medföra
698 382 69 27 någon
783 382 77 21 ekono-

111 416 54 22 misk
181 417 55 21 vinst
252 416 38 21 och
306 416 27 27 på
349 417 40 20 den
404 416 68 26 grund
487 417 45 21 icke
548 417 112 27 uppburits
672 417 22 21 af
704 418 39 20 den
755 417 106 21 allmänna

111 452 111 27 opinionen
246 451 38 21 och
307 451 46 21 icke
376 451 66 21 heller
465 452 5 20 i
494 452 130 27 betydligare
648 452 51 26 grad
723 452 137 20 understödts

110 486 48 21 med
174 486 106 21 allmänna
296 486 75 24 medel,
387 487 36 20 det
434 486 53 21 dock
499 487 115 26 ingalunda
623 493 49 15 vore
683 487 78 24 säkert,
773 488 30 19 att
814 486 46 21 icke

110 521 68 21 denna
200 527 51 20 gren
271 520 22 21 af
312 520 222 27 landthushållningen
557 522 84 26 mycket
660 521 33 21 väl
707 521 70 21 kunde
794 520 66 22 blifva

109 556 97 26 lönande,
220 555 22 27 ja
262 555 32 21 för
314 555 56 21 vissa
389 555 60 21 delar
465 556 22 20 af
501 556 70 20 landet
586 558 16 18 t.
618 562 18 14 o.
653 562 26 14 m.
696 562 58 14 mera
768 556 91 20 lönande

109 592 26 20 än
159 590 216 26 ladugårdsskötseln.
405 590 99 21 Tvärtom
524 590 66 22 måste
610 597 48 15 man
674 590 66 26 enligt
755 590 104 21 komiténs

110 626 54 26 åsigt
186 625 34 21 vid
237 625 121 27 jemförelse
378 625 22 21 af
415 625 25 21 de
456 626 71 21 lokala
541 625 159 21 förhållandena
716 626 38 20 hos
770 632 34 14 oss
820 625 39 21 och

109 660 50 21 flere
182 660 66 21 andra
268 660 72 21 länder
359 660 84 21 komma
458 660 33 21 till
507 660 39 21 den
562 660 94 26 slutsats,
672 662 32 19 att
718 660 138 26 hästuppföd-

109 695 77 27 ningen
206 696 33 20 väl
258 695 65 20 borde
343 695 69 27 lämpa
429 695 31 26 sig
476 695 33 21 för
525 695 45 21 vårt
585 695 49 21 land
651 695 38 21 och
705 695 66 20 blifva
786 701 24 14 en
826 694 33 21 rik

109 729 58 21 källa
182 729 32 21 till
230 729 97 21 inkomst.
352 729 95 21 Orsaken
463 730 31 20 till
511 732 30 18 att
554 729 207 27 hästuppfödningen
777 729 82 27 intager

109 766 30 19 ett
155 764 81 21 mindre
251 764 142 21 framstående
409 770 46 14 rum
471 764 7 20 i
489 764 96 26 Finland,
597 764 63 21 hvars
672 764 120 26 högländta,
801 766 58 18 torra

109 799 39 21 och
167 799 81 25 steniga
268 798 145 21 betesmarker
432 798 47 21 med
499 799 36 21 sitt
550 798 92 27 kraftiga
657 800 48 24 gräs
721 800 36 18 äro
773 804 86 20 synner-

109 833 55 26 ligen
180 833 80 26 egnade
276 835 32 19 att
323 832 130 27 frambringa
469 839 25 15 en
510 834 40 26 god
566 833 110 23 häststam,
688 833 65 25 ansåg
764 832 94 20 komitén

109 867 75 21 främst
207 868 50 20 böra
281 867 63 21 sökas
363 867 30 21 uti
413 868 24 20 de
458 867 48 27 låga
522 868 49 26 pris,
590 874 44 14 som
650 867 61 21 äfven
726 868 43 20 rätt
785 866 73 21 värde-

108 901 52 22 fulla
182 902 72 20 hästar
277 902 86 26 betinga
381 902 31 26 sig
432 902 6 20 i
457 902 48 21 vårt
525 902 55 21 land.
610 902 33 20 Då
661 901 117 21 emellertid
793 902 62 20 dessa

109 936 47 27 låga
178 937 43 26 pris
240 938 36 20 äro
297 936 104 22 beroende
420 936 27 27 på
466 937 40 21 den
525 937 59 27 ringa
604 936 137 27 efterfrågan,
757 942 44 15 som
817 936 41 20 den

107 970 70 22 finska
192 971 74 21 hästen
282 973 62 19 röner
359 972 26 26 på
401 972 40 20 den
458 972 113 20 utländska
586 972 135 24 marknaden,
738 971 70 27 borde,
825 970 33 22 för

108 1008 32 19 att
159 1006 66 26 priset
244 1006 26 26 på
290 1006 25 21 de
335 1006 68 21 finska
421 1006 100 22 hästarne
537 1006 127 21 nämnvärdt
679 1006 54 21 skall
749 1006 61 26 stiga,
824 1004 34 22 för

108 1044 74 22 export
205 1040 97 27 lämpade
321 1041 73 20 hästar
409 1041 6 20 i
431 1042 68 20 större
519 1041 76 26 mängd
614 1041 127 26 produceras
756 1040 7 20 i
779 1040 77 20 landet.

107 1074 42 21 För
165 1077 31 19 att
211 1075 27 21 nå
254 1075 58 21 detta
327 1075 41 21 mål
385 1075 67 21 måste
468 1075 53 21 dock
536 1076 40 20 den
592 1075 68 21 finska
674 1075 75 21 hästen
763 1074 95 26 undergå

108 1115 25 15 en
157 1109 18 27 ej
199 1109 106 27 obetydlig
328 1109 122 27 förändring
471 1110 32 20 till
523 1110 31 20 sin
574 1110 97 20 exteriör.
701 1110 32 19 En
753 1108 104 26 väsentlig

107 1143 128 27 förbättring
250 1144 22 21 af
285 1144 84 20 landets
384 1144 102 21 häststam
503 1146 24 19 är
541 1144 54 21 dock
608 1144 66 26 enligt
685 1143 105 21 komiténs
801 1143 55 26 åsigt

107 1178 46 21 icke
176 1178 72 27 möjlig
269 1180 51 20 utan
340 1178 106 28 betydliga
464 1179 144 26 uppoffringar
628 1178 39 21 och
685 1178 85 21 kräfver
786 1177 71 21 säker-

108 1213 55 26 ligen
179 1214 68 20 större
262 1213 115 21 understöd
393 1215 25 19 än
435 1213 26 21 de
477 1214 34 20 vid
523 1214 57 20 tiden
594 1213 32 21 för
636 1212 105 22 komiténs
752 1218 104 15 samman-

108 1248 110 26 trädande,
244 1248 32 21 till
299 1248 77 27 38,000
398 1248 60 21 mark
481 1255 33 15 om
536 1248 46 21 året
597 1248 130 27 uppgående,
743 1247 33 21 för
798 1247 58 21 detta

107 1282 98 22 ändamål
221 1284 100 26 anslagna
336 1282 90 22 medlen.
456 1283 98 21 Rörande
570 1283 26 21 de
611 1282 104 27 åtgärder,
731 1288 44 14 som
791 1281 66 21 borde

107 1317 95 28 vidtagas
218 1318 32 20 för
266 1318 129 20 hästafvelns
411 1318 90 26 höjande
516 1318 38 21 har
570 1318 68 20 denna
652 1317 80 21 komité
748 1317 7 20 i
767 1316 88 21 hufvud-

107 1351 39 20 sak
167 1351 98 21 omfattat
288 1352 35 19 det
346 1352 22 20 af
389 1352 40 19 den
453 1352 145 19 förstnämnda
619 1352 94 19 komitén
736 1350 120 26 föreslagna

106 1386 148 25 programmet.
285 1385 48 20 Med
350 1384 120 26 anslutning
487 1385 32 20 till
534 1385 40 20 den
590 1384 58 20 förra
663 1384 105 20 komiténs
785 1384 72 20 betän-

106 1418 69 22 kande
198 1418 92 28 föreslog
312 1419 40 21 den
375 1425 74 15 senare
472 1418 92 22 komiten
589 1418 95 27 följande
707 1417 99 27 åtgärder
825 1417 33 21 till

107 1454 129 21 hästafvelns
251 1454 155 26 befrämjande:

175 1499 181 18 Ekonomiutskotteis
369 1499 110 17 betänkande
491 1498 34 18 N:o
536 1499 29 17 13.
