1061 1709
323 154 248 23 Petitionsbetänkande
586 155 37 23 N:o
639 154 35 23 26.
829 157 11 19 3

118 223 60 19 dessa
188 223 94 20 läroverk
297 224 37 19 har
349 224 72 20 staden
436 224 147 20 kostnadsfritt
598 225 73 19 afstått
685 225 73 20 inalles
769 226 12 20 9
793 228 75 17 tomter

117 251 33 20 till
165 258 52 19 egen
231 252 55 20 lokal
301 252 32 20 för
348 253 52 19 dem.
430 252 78 20 Finska
523 253 127 20 samskolans
666 254 38 19 och
717 253 149 21 fruntimmers-

117 280 84 20 skolans
216 280 122 26 byggnader
352 284 34 16 äro
401 281 64 19 redan
480 282 65 19 under
573 282 127 26 uppförande
725 282 39 19 och
786 283 81 19 komma

118 311 31 17 att
163 309 60 19 kosta
237 309 74 19 inalles
326 310 94 24 omkring
436 310 90 24 550,000
541 310 63 20 mark.
631 310 92 20 Svenska
738 311 129 19 samskolans

117 337 190 26 byggnadsföretag
321 338 58 20 torde
394 338 54 20 inom
462 338 48 20 kort
524 339 139 25 päbegynnas.

185 366 66 20 Dessa
261 367 96 25 ätgärder
367 366 38 20 och
416 366 141 27 uppoffringar
567 367 22 20 af
601 368 94 19 enskilda
702 374 97 19 personer
807 367 62 20 hafva

117 395 53 20 dock
186 395 17 25 ej
219 394 85 21 förmått
325 395 94 26 aflägsna
433 396 79 19 bristen
527 397 26 25 pä
567 396 76 20 skolor.
674 396 40 20 Till
729 396 138 20 Tammerfors

116 424 95 20 läroverk
221 425 80 19 anmäla
311 424 32 25 sig
354 424 70 26 hvarje
435 424 48 20 höst
492 424 48 20 flere
551 424 182 20 inträdessökande
745 428 24 16 än
781 425 35 19 det
826 424 41 20 fins

116 453 78 26 platser
208 452 7 20 i
231 453 78 19 skolan.
326 453 88 20 Stadens
429 453 81 25 hastiga
525 454 172 20 tillväxt
625 448 18 36 —
655 448 42 36 med
712 460 43 13 mer
766 457 25 16 än
803 454 64 26 3,000

116 488 97 19 personer
236 488 31 13 om
285 482 44 19 året
346 494 26 3 —
386 482 39 20 och
440 481 34 21 det
490 482 6 19 i
512 482 118 20 landsorten
646 482 93 20 vaknade
750 482 118 26 bildnings-

115 510 99 20 intresset
229 510 145 24 ästadkomma,
390 514 32 16 att
436 510 26 20 de
480 511 194 20 inträdessökandes
690 511 55 20 antal
760 512 36 19 vid
807 512 60 19 Tam-

116 539 86 20 merfors
217 539 95 20 läroverk
326 538 128 21 fortfarande
469 540 49 19 ökas
533 540 38 20 och
587 542 30 17 att
632 540 32 19 till
674 539 51 27 följd
741 540 60 19 däraf
810 543 56 17 anta-

116 568 29 20 let
160 568 23 20 af
195 567 102 21 föräldrar
319 568 38 20 och
380 568 106 24 mälsmän,
508 568 71 21 hvilka
594 568 18 26 ej
628 571 48 17 veta
699 569 50 19 hvar
767 568 25 20 de
807 569 60 19 skola

117 597 74 20 bereda
202 598 45 18 sina
261 598 51 19 barn
327 596 82 21 tillfälle
425 598 32 19 till
472 597 107 26 skolgäng,
594 598 23 19 är
632 596 32 21 för
679 598 22 19 är
716 598 71 25 stiger.

185 626 160 25 Svärigheterna
360 626 34 19 vid
410 626 125 20 inrättandet
551 626 38 20 och
604 626 170 20 underhällandet
789 626 24 20 af
825 626 41 26 pri-

116 654 130 21 vatläroverk
261 655 7 19 i
283 655 118 20 landsorten
417 658 35 16 äro
467 655 23 20 sä
505 658 61 22 stora,
582 658 30 17 att
627 655 35 19 det
676 662 49 13 vore
740 655 81 25 obilligt
836 658 31 17 att

116 683 97 21 &hvälfva
236 684 202 20 Tammerforsborna
460 684 145 26 skyldigheten
624 686 30 17 att
669 684 76 20 inrätta
760 684 49 19 flere
824 684 42 26 pri-

115 712 137 21 vatläroverk.
275 713 107 25 Skickliga
396 713 72 24 lärare,
485 713 70 19 hvilka
569 712 47 20 frän
631 712 152 21 hufvudstaden
799 712 67 20 öfver-

116 741 61 26 flytta
198 742 32 19 till
252 742 126 23 landsorten,
400 742 82 19 inträda
497 742 63 20 hellre
575 742 5 19 i
597 742 125 24 statstjenst,
739 741 38 21 och
793 742 74 19 endast

115 777 72 19 genom
211 770 68 20 anbud
301 778 32 12 om
355 771 63 25 högre
436 771 58 19 löner
509 771 69 19 kunna
593 771 25 19 de
632 770 76 20 förmäs
723 774 31 16 att
769 773 48 23 taga
832 777 33 13 an-

116 800 99 25 ställning
236 799 35 20 vid
286 800 81 25 privata
381 799 101 20 läroverk.
506 799 62 20 Detta
583 799 85 20 oaktadt
683 802 59 23 utgör
757 800 35 19 det
805 802 62 17 stats-

115 828 79 26 bidrag,
210 835 45 13 som
268 829 81 25 privata
363 829 94 19 läroverk
471 829 69 19 kunna
554 828 112 24 bekomma,
682 828 61 26 högst
757 835 24 13 en
790 828 75 26 tredje-

116 858 33 20 del
165 857 64 25 däraf,
245 857 54 20 hvad
314 860 79 18 statens
409 864 52 19 egna
476 857 93 21 läroverk
580 858 78 26 ärligen
668 857 81 21 komma
758 860 31 18 att
799 857 68 21 kosta.

115 887 12 19 I
141 886 202 21 landsortsstäderna
358 890 22 16 är
395 886 35 20 det
452 887 92 25 omöjligt
559 890 31 16 att
604 886 78 20 erhälla
697 887 98 25 lämpliga
810 886 55 20 skol-

115 916 84 24 lokaler,
215 916 82 20 säsnart
311 916 73 19 skolan
400 915 96 20 omfattar
510 916 49 19 flere
574 916 86 24 klasser,
675 915 84 20 hvarför
769 915 96 21 stiftarne

115 944 24 20 af
151 944 164 26 privatläroverk
337 948 33 16 äro
394 947 92 23 tvungna
504 947 30 17 att
549 944 54 20 inom
619 945 47 19 kort
681 944 71 20 skrida
767 945 32 19 till
815 951 51 19 upp-

115 974 86 19 förande
217 973 23 20 af
253 973 90 20 särskild
364 973 151 25 skolbyggnad.
546 973 72 20 Staten
641 972 87 26 beviljar
742 972 123 26 visserligen

116 1002 87 26 ungefär
217 1002 28 26 3/,
261 1002 24 20 af
297 1002 213 26 byggnadssummans
531 1002 84 24 storlek,
638 1008 46 13 men
706 1001 27 20 då
756 1002 57 20 detta
832 1002 34 19 län

115 1032 55 19 inom
186 1032 26 19 20
228 1032 22 18 år
265 1032 38 18 bör
317 1030 123 21 återbetalas
456 1031 46 19 med
516 1033 66 22 ränta,
597 1034 23 16 är
636 1030 38 20 den
686 1030 61 20 däraf
755 1030 111 26 betingade

115 1060 106 20 lättnaden
235 1060 80 25 ganska
329 1059 64 26 ringa.

183 1088 32 20 Då
226 1091 68 17 staten
303 1088 74 26 drager
386 1088 81 25 försorg
476 1094 31 13 om
518 1087 172 27 tillgodoseendet
698 1086 22 20 af
726 1088 64 19 andra
798 1091 65 16 orters

116 1116 111 25 skolbehof
241 1118 37 19 och
294 1116 27 20 då
335 1117 65 25 enligt
414 1117 46 19 vårt
474 1116 130 20 förmenande
620 1116 7 19 i
642 1116 137 20 Tammerfors
789 1123 75 19 genom

116 1146 91 20 enskildt
221 1146 90 20 initiativ
330 1146 62 19 redan
408 1146 7 19 i
430 1146 23 19 sä
468 1146 40 24 hög
522 1144 51 27 grad
588 1144 70 20 blifvit
672 1144 67 26 sörjät
753 1144 32 20 för
800 1145 63 19 inrät-

115 1174 73 20 tandet
204 1174 23 19 af
244 1174 101 24 läroverk,
360 1181 63 18 synes
439 1174 35 19 det
488 1180 34 14 oss
537 1174 32 20 för
585 1176 68 17 staten
668 1180 49 13 vara
731 1174 41 24 hög
787 1174 30 18 tid
833 1176 32 17 att

115 1202 106 26 bispringa
243 1203 46 19 med
313 1202 112 20 understöd
447 1209 73 18 genom
542 1205 31 17 att
587 1201 45 20 frän
648 1205 59 17 nästa
722 1202 47 19 höst
783 1202 82 25 grunda

115 1234 30 17 ett
160 1231 101 20 klassiskt
276 1231 80 26 lyseum
370 1231 8 19 i
393 1230 143 21 Tammerfors.

184 1260 31 19 De
231 1260 60 20 flesta
301 1260 97 22 alumner,
408 1266 44 14 som
462 1260 119 25 genomgätt
589 1258 136 21 Tammerfors
733 1259 131 25 reallyceum,

116 1288 62 20 hafva
199 1288 85 20 fortsatt
305 1289 45 19 sina
372 1288 79 20 studier
469 1288 5 19 i
491 1288 161 26 polyteknikum,
675 1294 46 13 men
737 1287 25 19 de
777 1287 28 24 fä,
821 1294 44 13 som

115 1317 35 19 vid
165 1317 144 20 universitetet
322 1316 63 21 hafva
400 1320 62 22 egnat
476 1317 32 25 sig
523 1318 22 18 åt
558 1316 117 25 filologiska
690 1316 50 20 eller
749 1316 116 25 teologiska

115 1346 85 23 studier,
224 1345 62 20 hafva
300 1345 71 20 blifvit
384 1345 152 19 underkastade
547 1351 26 13 en
588 1344 94 24 betydlig
696 1344 133 24 förlängning
844 1344 23 19 af

115 1374 106 19 studierna
235 1374 7 18 i
259 1374 38 19 och
318 1373 33 20 för
365 1373 142 19 inhemtandet
522 1372 22 20 af
557 1373 25 19 de
596 1372 69 25 gamla
680 1372 95 25 spräken,
791 1372 73 19 latinet

116 1402 39 20 och
176 1402 118 26 grekiskan,
313 1401 84 21 hvarför
412 1401 98 21 behofvet
524 1400 23 21 af
559 1407 25 13 en
598 1400 91 20 klassisk
704 1400 123 20 läroanstalt
842 1402 23 18 är

116 1431 133 20 kännbarare.
280 1431 48 20 Med
350 1430 46 21 stöd
412 1430 23 20 af
447 1430 55 21 hvad
516 1430 21 20 vi
552 1430 37 20 här
603 1428 76 26 anfört,
702 1430 52 25 väga
774 1429 21 20 vi
809 1428 56 27 förty

184 1500 104 18 Allmänna
301 1499 176 19 Besvärsutskottets
489 1498 115 18 betänkande
616 1499 37 17 N:o
666 1499 26 17 15.
