1059 1706
308 147 274 23 Petitionsbetänkande
597 148 46 23 N:o
657 148 40 22 30.
847 149 26 19 13

191 204 99 27 Slutligen
304 206 77 20 afviker
395 206 40 20 den
450 206 33 20 del
497 206 20 20 af
531 206 33 20 det
579 206 30 20 för
623 206 122 20 närvarande
759 206 60 24 följda
833 206 40 19 för-

122 233 207 25 valtningssystemet,
347 240 44 14 som
405 236 32 18 rör
451 234 79 20 landets
545 234 154 26 tidningspress,
713 234 66 20 alltför
795 234 79 24 mycket

121 260 45 21 från
181 264 25 17 én
221 262 94 25 regelrätt
331 262 186 26 sambällsordning,
531 263 29 19 för
574 264 29 18 att
617 262 68 20 kunna
695 262 68 25 undgå
773 264 30 18 att
813 262 60 20 väcka

120 289 101 25 allvarligt
235 290 100 25 ogillande
349 291 54 19 inom
417 290 39 20 alla
471 291 156 25 samhällslager.
648 291 42 19 Den
700 290 173 25 omständigheten

121 320 31 18 att
166 324 25 14 en
207 318 84 26 tidning,
306 324 43 14 som
364 318 79 20 erhållit
458 319 146 20 vederbörande
615 319 201 25 pressombudsmans
826 319 48 25 god-

122 346 110 25 kännande,
250 347 61 20 likväl
333 347 40 20 kan
390 347 93 26 indragas
501 348 30 19 för
545 348 78 20 kortare
637 347 49 20 eller
699 347 69 25 längre
783 347 30 19 tid
827 347 48 20 eller

122 374 30 20 till
174 375 38 20 och
229 376 45 19 med
292 376 30 19 för
339 376 63 25 alltid,
417 378 51 18 samt
483 378 29 18 att
526 376 31 20 för
571 376 55 20 detta
640 376 91 20 ändamål
747 382 82 13 numera
843 376 30 19 in-

120 405 73 19 rättats
211 409 26 14 en
254 406 57 18 extra
326 404 98 20 ordinarie
442 404 91 24 domstol,
548 405 19 19 af
584 405 60 19 hvars
660 404 128 20 medlemmar
802 410 25 14 en
841 404 33 20 del

122 432 44 20 icke
187 436 36 17 ens
244 434 35 18 äro
294 433 65 19 finska
373 432 133 26 medborgare,
521 439 61 19 synes
597 435 70 23 utgöra
681 438 26 14 en
721 433 94 19 afvikelse
830 432 44 20 från

121 460 41 20 den
183 460 127 27 lagstiftning
331 462 82 19 rörande
435 462 34 19 det
491 461 156 26 medborgerliga
665 461 110 23 samhället,
793 461 80 19 hvilken

122 489 95 21 Finlands
235 490 41 19 folk
295 492 48 18 vant
357 490 32 25 sig
403 492 29 18 att
447 490 89 20 betrakta
551 496 43 14 som
609 490 32 20 sin
655 490 86 25 dyrbara
755 490 38 20 och
808 489 65 26 heliga

122 518 104 25 egendom.

189 546 52 20 Vårt
261 547 42 19 folk
324 549 22 17 är
367 548 126 24 öfvertygadt
510 554 32 13 om
560 549 29 18 att
609 547 59 20 dessa
682 547 192 24 missförhållanden,

121 575 68 19 hvilka
210 576 32 19 för
263 576 124 19 närvarande
410 576 69 25 tyckas
502 576 135 20 åstadkomma
655 576 77 25 störing
747 576 20 19 af
784 576 33 20 det
831 576 43 18 inre

122 604 70 24 lugnet
213 604 54 19 inom
290 604 45 20 vårt
357 604 122 25 samhällslif,
498 604 91 26 uppstått
611 604 109 20 oberoende
737 605 20 18 af
776 604 36 20 vår
827 604 47 19 käre

122 632 109 20 Herskares
253 632 88 26 verkliga
360 632 87 26 afsigter,
462 634 37 18 och
513 639 48 13 anse
577 634 19 18 vi
611 634 30 18 för
655 633 40 19 den
710 633 54 20 skull
778 633 35 19 det
828 638 46 13 vara

121 660 21 20 af
155 660 93 20 behofvet
263 660 101 26 påkalladt
378 663 30 17 att
423 662 34 19 det
466 662 127 20 Hedervärda
607 661 164 20 Bondeståndet
762 656 12 35 i
782 661 92 24 förening

122 689 46 20 med
184 689 63 25 öfriga
265 689 59 20 stånd
342 690 75 19 vänder
432 690 31 25 sig
477 690 30 20 till
522 690 55 20 Hans
592 690 92 25 Majestät
698 690 46 20 med
759 696 25 13 en
799 689 73 20 under-

122 717 61 25 dånig
198 718 83 25 petition
297 718 74 24 derom,

397 777 27 17 att
433 775 58 20 Hans
501 775 106 26 Kejserliga
616 775 92 26 Majestät
718 775 68 20 täcktes
795 775 9 19 i
813 774 60 20 nåder

327 804 53 24 fästa
390 804 32 19 sin
431 804 170 26 uppmärksamhet
610 804 33 19 vid
652 804 22 19 de
681 803 191 26 missförhållanden,

327 832 64 20 hvilka
412 832 59 26 hafva
488 833 32 19 sin
537 834 30 18 rot
584 832 30 20 uti
631 833 30 19 det
677 838 44 20 nya,
736 833 9 19 i
763 832 62 20 landet
842 832 31 19 in-

327 860 68 26 slagna
416 861 222 25 förvaliningssystemet,
660 863 51 17 samt
732 860 44 20 med
793 860 81 26 faderlig

328 889 64 19 kärlek
405 889 77 25 vidtaga
495 890 71 25 nödiga
581 890 106 24 ändringar
701 889 9 19 i
717 889 53 20 detta
779 889 94 25 afseende.

190 952 45 19 Ifall
250 952 34 20 det
299 952 130 20 Hedervärda
440 952 79 21 ståndet
530 953 34 19 vill
575 952 120 21 understöda
705 953 54 20 detta
768 952 106 26 petitions-

122 981 81 25 förslag,
217 980 22 20 få
254 981 20 19 vi
290 980 63 20 tillika
369 981 101 20 vördsamt
484 982 79 19 anhålla
578 983 29 18 att
621 982 110 19 detsamma
745 981 63 20 måtte
823 981 5 19 i
845 982 28 18 af-

123 1010 72 20 seende
211 1008 12 20 å
239 1010 66 19 vidare
321 1010 131 20 förberedelse
467 1010 110 20 remitteras
591 1010 30 20 till
637 1010 146 26 Lagutskottet.

191 1066 125 26 Helsingfors
332 1067 39 19 den
387 1068 12 19 9
415 1067 91 20 Februari
523 1068 60 19 1900.

193 1128 63 23 Pekka
271 1128 103 23 Kakkinen.
654 1129 53 23 Matti
723 1129 66 23 Rossi.

192 1163 20 22 E.
228 1162 123 25 Tensikkala.
653 1163 77 24 Wihtori
747 1163 65 24 Hosio.

193 1196 50 23 Antti
259 1196 95 24 Punttala.
653 1197 20 23 A.
689 1197 113 28 Kilpiäinen.

192 1231 75 28 August
283 1231 68 23 Perho.
654 1231 18 23 K.
689 1231 96 24 Ruhanen.

195 1499 134 23 Lagutskottets
342 1499 109 18 betänkande
463 1499 38 18 N:o
514 1500 28 17 17.
