1061 1711
217 160 14 21 4
358 169 5 3 >
380 159 269 22 Petitionsbetänkande
664 159 41 22 N:o
720 159 35 22 27.

190 227 61 22 ofvan
275 227 137 21 föreskrifvet
439 229 43 19 sätt
504 227 180 27 fortsättningsvis
707 227 109 27 förvaltas,
833 230 53 19 samt
911 230 30 18 att

191 261 114 22 berättelse
329 261 39 22 och
392 262 134 26 redovisning
548 261 59 22 öfver
629 262 94 21 medlens
745 261 138 22 användande
902 261 39 22 och

192 296 128 26 förvaltning
335 296 80 26 ärligen
432 296 54 20 skall
502 296 32 20 till
549 296 136 21 Guvernören
702 296 94 26 afgifvas.

260 330 33 22 Dä
315 330 63 21 dessa
400 330 33 21 län
459 330 26 27 pä
507 330 69 27 grund
598 330 23 21 af
642 330 26 21 de
682 330 35 21 vid
733 331 47 20 dem
796 330 82 22 fästade
894 336 48 22 syn-

191 365 95 26 nerligen
321 365 125 26 förmånliga
479 366 95 20 —vilkoren
603 365 55 21 hade
686 366 75 20 vunnit
788 372 24 14 en
839 365 24 21 sä
891 364 51 28 liflig

191 400 128 27 efterfrägan
347 402 32 18 att
405 400 66 21 redan
497 400 34 20 vid
557 400 107 26 utgängen
690 400 22 19 af
737 400 24 20 är
788 400 53 21 1887
867 400 74 21 inalles

191 434 113 27 1,964,400
326 434 60 21 mark
408 434 23 21 af
453 433 160 27 ifrägavarande
635 433 73 28 anslag
730 433 96 27 utgifvits
851 433 31 21 till
899 433 44 22 300

191 468 130 26 kommuner,
344 469 118 20 hemstälde
485 469 118 21 Ständerna
626 468 34 21 vid
685 468 54 21 1888
762 469 34 20 års
815 468 101 27 landtdag
935 468 6 21 i

191 503 131 26 underdänig
344 503 90 26 petition
453 505 32 18 att
504 503 40 21 den
564 503 152 26 odisponerade
738 503 122 20 äterstoden
879 503 22 20 af
916 503 25 21 de

191 537 36 21 tvä
242 537 97 27 miljoner
355 538 66 23 mark,
437 537 73 22 hvilka
525 537 23 22 är
566 537 53 22 1884
634 543 26 15 ur
674 537 81 28 Fattig-
766 537 39 22 och
816 537 127 22 Arbetshus-

190 572 90 21 fondens
303 572 113 26 tillgångar
439 572 101 28 anslagits
564 572 31 21 till
615 572 33 21 län
669 572 33 20 för
721 572 167 26 odlingsföretag
903 572 39 21 och

191 606 153 28 förbättringar
367 607 6 20 i
396 607 222 27 landthushällningen
646 606 51 21 eller
723 607 69 27 nägon
820 607 33 21 del
877 606 65 25 deraf,

191 641 66 21 måtte
280 644 43 18 mot
346 643 61 19 ränta
422 642 83 20 utlänas
528 642 30 20 till
580 642 158 25 kommunerna,
758 641 32 21 för
810 643 32 19 att
856 641 24 21 af
895 642 47 20 dem

192 676 107 21 användas
315 676 30 21 till
362 676 125 26 utgifvande
503 676 23 21 af
540 676 33 21 län
589 676 27 26 pä
632 676 48 20 kort
695 676 31 20 tid
742 675 33 21 för
786 682 81 15 samma
879 676 64 21 ända-

192 710 41 21 mål
250 710 22 21 ät
291 710 81 21 mindre
388 710 149 26 jordbrukare.
567 710 10 21 I
593 710 114 27 anledning
726 710 22 21 af
767 711 69 20 denna
854 711 89 26 petition

192 745 85 26 anslogs
300 750 74 21 genom
398 744 65 26 nådig
485 744 128 26 kungörelse
636 744 23 21 af
677 744 40 21 den
742 745 26 21 14
787 744 43 28 Maj
852 745 55 21 1890
922 744 23 22 af

192 779 125 21 förberörda
332 780 24 20 år
373 779 52 21 1887
443 780 32 20 till
491 779 139 21 statsverkets
646 778 165 28 Utlåningsfond
823 780 120 21 öfverförda

191 814 67 21 medel
278 814 113 26 1,600,000
410 814 60 20 mark
491 816 32 18 att
538 814 33 21 för
586 813 100 21 bildande
702 814 22 21 af
737 814 135 21 kommunala
887 814 56 21 låne-

191 848 74 21 fonder
281 848 84 21 utlånas
385 848 22 21 åt
425 848 159 21 vederbörande
603 848 124 21 kommuner
746 850 44 19 mot
805 849 138 21 kommunens

192 889 159 20 gemensamma
373 883 136 27 ansvarighet
530 883 38 21 och
592 882 121 27 skyldighet
735 883 19 27 ej
776 883 82 20 mindre
881 885 30 19 att
931 883 12 21 å

192 917 89 22 erhållet
305 917 33 21 lån
359 917 86 26 erlägga
467 918 13 21 3
502 917 112 27 procent
605 913 17 35 i
637 919 61 19 ränta
724 919 27 19 än
775 918 39 21 ock
837 919 33 20 att
887 918 6 21 i
913 917 30 22 af-

192 952 77 21 seende
291 951 12 21 å
322 951 138 21 lånefondens
479 952 128 26 förvaltning
629 952 39 20 och
691 952 156 21 lånerörelsens
866 952 77 21 bedrif-

191 986 68 21 vande
283 986 63 21 ställa
368 985 32 28 sig
422 985 33 21 till
479 986 142 21 efterrättelse
643 986 26 20 de
690 988 98 19 närmare
810 986 133 21 föreskrifter

191 1020 58 27 Kejs.
266 1020 98 26 Senaten,
380 1019 6 21 i
402 1020 150 27 hufvudsaklig
570 1020 218 21 öfverensstämmelse
808 1021 47 20 med
871 1020 72 21 ofvan-

193 1054 92 21 nämnda
301 1054 142 21 cirkulärbref
457 1055 22 20 af
492 1055 40 21 den
547 1055 27 21 26
590 1055 50 21 Juni
657 1055 61 26 1885,
734 1055 52 26 egde
801 1055 91 21 utfärda.

261 1089 28 21 Af
303 1089 62 20 dessa
380 1089 70 21 medel
467 1089 53 21 hade
535 1089 55 21 intill
605 1089 75 21 hösten
694 1089 54 22 1899
760 1089 96 26 utgifvits
868 1089 74 22 inalles

192 1123 115 25 1,201,000
331 1123 66 25 mark,
421 1123 109 21 fördelade
551 1123 76 21 mellan
647 1123 25 21 de
692 1123 68 21 skilda
778 1124 62 20 länen
859 1124 27 26 på
903 1123 40 21 föl-

189 1157 64 27 jande
269 1159 53 19 sätt:

259 1191 94 28 Nylands
370 1191 33 20 län
422 1207 4 4 .
457 1206 4 4 .
493 1207 4 4 .
601 1207 3 4 <
637 1207 3 3 <
672 1208 5 4 +
721 1192 78 26 52,500
815 1192 59 21 mark

259 1220 46 27 Åbo
321 1225 40 21 och
376 1225 142 27 Björneborgs
530 1207 39 39 län
603 1241 4 4 2
645 1242 1 4 0
675 1241 4 4 +
711 1226 91 22 132.500
838 1242 10 10 ,

259 1255 130 32 Tavastehus
542 1276 9 8 -
604 1275 4 5 <
639 1274 5 6 <
675 1275 5 5 0.
712 1260 90 24 100,000
839 1275 11 8 ,,

259 1292 92 26 Viborgs
541 1308 9 10 n
602 1308 5 6 <
638 1308 4 4 +
673 1308 5 6 +»
710 1294 92 22 130,000
838 1308 9 11 ,

260 1326 30 22 St.
306 1326 88 22 Michels
540 1344 8 8 E
601 1343 39 5 «+
671 1343 4 5 +
720 1328 78 25 38,000
835 1343 9 12 oh

259 1362 84 27 Kuopio
540 1379 9 9 n
602 1377 4 5 +
638 1378 4 5 -
673 1378 4 5 .
709 1362 92 26 120,000
838 1380 8 9 ,

259 1397 56 21 Vasa
541 1413 8 9 ”
602 1413 4 5 <
638 1413 4 5 <
674 1412 4 5 «
708 1397 93 25 261,500
838 1414 9 9 ,

260 1431 116 27 Uleåborgs
540 1447 8 10 ;
707 1431 92 24 366,500
836 1447 10 12 ,

581 1447 95 46 Samma
684 1473 114 25 1,201,000
812 1473 59 20 mark

259 1511 181 18 Ekonomiutskottets
453 1511 109 18 betänkande
575 1511 35 18 N:o
624 1512 24 17 12.
