<?xml version="1.0" encoding="UTF-8"?>
<alto xmlns="http://www.loc.gov/standards/alto/ns-v3#" xmlns:xlink="http://www.w3.org/1999/xlink" xmlns:xsi="http://www.w3.org/2001/XMLSchema-instance" xsi:schemaLocation="http://www.loc.gov/standards/alto/ns-v3# http://www.loc.gov/alto/v3/alto-3-0.xsd">
	<Description>
		<MeasurementUnit>pixel</MeasurementUnit>
		<sourceImageInformation>
			<fileName>/tmp/tess_awzkvt6b_input.PNG</fileName>
		</sourceImageInformation>
		<OCRProcessing ID="OCR_0">
			<ocrProcessingStep>
				<processingSoftware>
					<softwareName>tesseract 5.3.4</softwareName>
				</processingSoftware>
			</ocrProcessingStep>
		</OCRProcessing>
	</Description>
	<Layout>
		<Page WIDTH="1095" HEIGHT="1753" PHYSICAL_IMG_NR="0" ID="page_0">
			<PrintSpace HPOS="0" VPOS="0" WIDTH="1095" HEIGHT="1753">
				<ComposedBlock ID="cblock_0" HPOS="252" VPOS="171" WIDTH="541" HEIGHT="23">
					<TextBlock ID="block_0" HPOS="252" VPOS="171" WIDTH="541" HEIGHT="23">
						<TextLine ID="line_0" HPOS="252" VPOS="171" WIDTH="541" HEIGHT="23">
							<String ID="string_0" HPOS="252" VPOS="173" WIDTH="25" HEIGHT="19" WC="0.89" CONTENT="92"/><SP WIDTH="137" VPOS="173" HPOS="277"/>
							<String ID="string_1" HPOS="414" VPOS="171" WIDTH="276" HEIGHT="23" WC="0.89" CONTENT="Petitiousbetänkande"/><SP WIDTH="15" VPOS="171" HPOS="690"/>
							<String ID="string_2" HPOS="705" VPOS="172" WIDTH="42" HEIGHT="22" WC="0.88" CONTENT="N:o"/><SP WIDTH="13" VPOS="172" HPOS="747"/>
							<String ID="string_3" HPOS="760" VPOS="172" WIDTH="33" HEIGHT="21" WC="0.88" CONTENT="14."/>
						</TextLine>
					</TextBlock>
				</ComposedBlock>
				<ComposedBlock ID="cblock_1" HPOS="220" VPOS="238" WIDTH="755" HEIGHT="748">
					<TextBlock ID="block_1" HPOS="220" VPOS="238" WIDTH="752" HEIGHT="80">
						<TextLine ID="line_1" HPOS="221" VPOS="238" WIDTH="751" HEIGHT="23">
							<String ID="string_4" HPOS="221" VPOS="238" WIDTH="34" HEIGHT="18" WC="0.96" CONTENT="bar"/><SP WIDTH="16" VPOS="238" HPOS="255"/>
							<String ID="string_5" HPOS="271" VPOS="238" WIDTH="46" HEIGHT="22" WC="0.96" CONTENT="jord,"/><SP WIDTH="18" VPOS="238" HPOS="317"/>
							<String ID="string_6" HPOS="335" VPOS="239" WIDTH="61" HEIGHT="17" WC="0.96" CONTENT="såsom"/><SP WIDTH="18" VPOS="239" HPOS="396"/>
							<String ID="string_7" HPOS="414" VPOS="239" WIDTH="57" HEIGHT="22" WC="0.96" CONTENT="ängar"/><SP WIDTH="17" VPOS="239" HPOS="471"/>
							<String ID="string_8" HPOS="488" VPOS="238" WIDTH="41" HEIGHT="18" WC="0.93" CONTENT="med"/><SP WIDTH="17" VPOS="238" HPOS="529"/>
							<String ID="string_9" HPOS="546" VPOS="239" WIDTH="88" HEIGHT="18" WC="0.92" CONTENT="lerbotten"/><SP WIDTH="15" VPOS="239" HPOS="634"/>
							<String ID="string_10" HPOS="649" VPOS="238" WIDTH="35" HEIGHT="18" WC="0.93" CONTENT="och"/><SP WIDTH="11" VPOS="238" HPOS="684"/>
							<String ID="string_11" HPOS="695" VPOS="238" WIDTH="123" HEIGHT="22" WC="0.90" CONTENT="kärrmarker,"/><SP WIDTH="12" VPOS="238" HPOS="818"/>
							<String ID="string_12" HPOS="830" VPOS="244" WIDTH="39" HEIGHT="13" WC="0.96" CONTENT="som"/><SP WIDTH="12" VPOS="244" HPOS="869"/>
							<String ID="string_13" HPOS="881" VPOS="244" WIDTH="43" HEIGHT="12" WC="0.93" CONTENT="vore"/><SP WIDTH="11" VPOS="244" HPOS="924"/>
							<String ID="string_14" HPOS="935" VPOS="238" WIDTH="37" HEIGHT="18" WC="0.93" CONTENT="för-"/>
						</TextLine>
						<TextLine ID="line_2" HPOS="220" VPOS="266" WIDTH="752" HEIGHT="24">
							<String ID="string_15" HPOS="220" VPOS="267" WIDTH="82" HEIGHT="23" WC="0.89" CONTENT="mänliga"/><SP WIDTH="11" VPOS="267" HPOS="302"/>
							<String ID="string_16" HPOS="313" VPOS="267" WIDTH="30" HEIGHT="18" WC="0.96" CONTENT="för"/><SP WIDTH="11" VPOS="267" HPOS="343"/>
							<String ID="string_17" HPOS="354" VPOS="267" WIDTH="156" HEIGHT="23" WC="0.95" CONTENT="boskapsskötsel,"/><SP WIDTH="12" VPOS="267" HPOS="510"/>
							<String ID="string_18" HPOS="522" VPOS="273" WIDTH="41" HEIGHT="12" WC="0.96" CONTENT="men"/><SP WIDTH="11" VPOS="273" HPOS="563"/>
							<String ID="string_19" HPOS="574" VPOS="268" WIDTH="62" HEIGHT="18" WC="0.96" CONTENT="hvilka"/><SP WIDTH="11" VPOS="268" HPOS="636"/>
							<String ID="string_20" HPOS="647" VPOS="273" WIDTH="26" HEIGHT="11" WC="0.96" CONTENT="nu"/><SP WIDTH="11" VPOS="273" HPOS="673"/>
							<String ID="string_21" HPOS="684" VPOS="267" WIDTH="7" HEIGHT="17" WC="0.96" CONTENT="i"/><SP WIDTH="11" VPOS="267" HPOS="691"/>
							<String ID="string_22" HPOS="702" VPOS="267" WIDTH="47" HEIGHT="18" WC="0.96" CONTENT="brist"/><SP WIDTH="11" VPOS="267" HPOS="749"/>
							<String ID="string_23" HPOS="760" VPOS="268" WIDTH="24" HEIGHT="22" WC="0.96" CONTENT="på"/><SP WIDTH="11" VPOS="268" HPOS="784"/>
							<String ID="string_24" HPOS="795" VPOS="266" WIDTH="115" HEIGHT="20" WC="0.92" CONTENT="förbättrade"/><SP WIDTH="11" VPOS="266" HPOS="910"/>
							<String ID="string_25" HPOS="921" VPOS="266" WIDTH="51" HEIGHT="18" WC="0.91" CONTENT="kom-"/>
						</TextLine>
						<TextLine ID="line_3" HPOS="221" VPOS="296" WIDTH="213" HEIGHT="22">
							<String ID="string_26" HPOS="221" VPOS="296" WIDTH="135" HEIGHT="17" WC="0.91" CONTENT="munikationer"/><SP WIDTH="9" VPOS="296" HPOS="356"/>
							<String ID="string_27" HPOS="365" VPOS="296" WIDTH="69" HEIGHT="22" WC="0.93" CONTENT="aftyna."/>
						</TextLine>
					</TextBlock>
					<TextBlock ID="block_2" HPOS="221" VPOS="324" WIDTH="753" HEIGHT="139">
						<TextLine ID="line_4" HPOS="289" VPOS="324" WIDTH="684" HEIGHT="24">
							<String ID="string_28" HPOS="289" VPOS="324" WIDTH="44" HEIGHT="18" WC="0.95" CONTENT="Men"/><SP WIDTH="13" VPOS="324" HPOS="333"/>
							<String ID="string_29" HPOS="346" VPOS="324" WIDTH="31" HEIGHT="18" WC="0.93" CONTENT="det"/><SP WIDTH="11" VPOS="324" HPOS="377"/>
							<String ID="string_30" HPOS="388" VPOS="324" WIDTH="69" HEIGHT="18" WC="0.92" CONTENT="kännes"/><SP WIDTH="11" VPOS="324" HPOS="457"/>
							<String ID="string_31" HPOS="468" VPOS="324" WIDTH="79" HEIGHT="18" WC="0.92" CONTENT="ledsamt"/><SP WIDTH="11" VPOS="324" HPOS="547"/>
							<String ID="string_32" HPOS="558" VPOS="327" WIDTH="28" HEIGHT="15" WC="0.97" CONTENT="att"/><SP WIDTH="12" VPOS="327" HPOS="586"/>
							<String ID="string_33" HPOS="598" VPOS="326" WIDTH="57" HEIGHT="17" WC="0.96" CONTENT="tänka"/><SP WIDTH="12" VPOS="326" HPOS="655"/>
							<String ID="string_34" HPOS="667" VPOS="325" WIDTH="27" HEIGHT="23" WC="0.96" CONTENT="sig"/><SP WIDTH="11" VPOS="325" HPOS="694"/>
							<String ID="string_35" HPOS="705" VPOS="325" WIDTH="5" HEIGHT="17" WC="0.88" CONTENT="i"/><SP WIDTH="9" VPOS="325" HPOS="710"/>
							<String ID="string_36" HPOS="719" VPOS="331" WIDTH="22" HEIGHT="12" WC="0.88" CONTENT="en"/><SP WIDTH="10" VPOS="331" HPOS="741"/>
							<String ID="string_37" HPOS="751" VPOS="324" WIDTH="57" HEIGHT="18" WC="0.93" CONTENT="sädan"/><SP WIDTH="9" VPOS="324" HPOS="808"/>
							<String ID="string_38" HPOS="817" VPOS="324" WIDTH="108" HEIGHT="24" WC="0.92" CONTENT="belägenhet"/><SP WIDTH="9" VPOS="324" HPOS="925"/>
							<String ID="string_39" HPOS="934" VPOS="330" WIDTH="39" HEIGHT="12" WC="0.96" CONTENT="som"/>
						</TextLine>
						<TextLine ID="line_5" HPOS="221" VPOS="352" WIDTH="753" HEIGHT="25">
							<String ID="string_40" HPOS="221" VPOS="352" WIDTH="59" HEIGHT="23" WC="0.93" CONTENT="deras,"/><SP WIDTH="11" VPOS="352" HPOS="280"/>
							<String ID="string_41" HPOS="291" VPOS="353" WIDTH="63" HEIGHT="18" WC="0.90" CONTENT="hvilka"/><SP WIDTH="12" VPOS="353" HPOS="354"/>
							<String ID="string_42" HPOS="366" VPOS="353" WIDTH="20" HEIGHT="18" WC="0.93" CONTENT="af"/><SP WIDTH="10" VPOS="353" HPOS="386"/>
							<String ID="string_43" HPOS="396" VPOS="353" WIDTH="89" HEIGHT="24" WC="0.92" CONTENT="gammalt"/><SP WIDTH="11" VPOS="353" HPOS="485"/>
							<String ID="string_44" HPOS="496" VPOS="353" WIDTH="82" HEIGHT="18" WC="0.92" CONTENT="hvarken"/><SP WIDTH="12" VPOS="353" HPOS="578"/>
							<String ID="string_45" HPOS="590" VPOS="359" WIDTH="80" HEIGHT="13" WC="0.92" CONTENT="sommar"/><SP WIDTH="9" VPOS="359" HPOS="670"/>
							<String ID="string_46" HPOS="679" VPOS="353" WIDTH="43" HEIGHT="18" WC="0.93" CONTENT="eller"/><SP WIDTH="8" VPOS="353" HPOS="722"/>
							<String ID="string_47" HPOS="730" VPOS="353" WIDTH="60" HEIGHT="18" WC="0.93" CONTENT="vinter"/><SP WIDTH="7" VPOS="353" HPOS="790"/>
							<String ID="string_48" HPOS="797" VPOS="353" WIDTH="57" HEIGHT="18" WC="0.92" CONTENT="hafva"/><SP WIDTH="9" VPOS="353" HPOS="854"/>
							<String ID="string_49" HPOS="863" VPOS="353" WIDTH="41" HEIGHT="18" WC="0.96" CONTENT="dess"/><SP WIDTH="9" VPOS="353" HPOS="904"/>
							<String ID="string_50" HPOS="913" VPOS="353" WIDTH="61" HEIGHT="18" WC="0.96" CONTENT="bättre"/>
						</TextLine>
						<TextLine ID="line_6" HPOS="221" VPOS="381" WIDTH="752" HEIGHT="24">
							<String ID="string_51" HPOS="221" VPOS="381" WIDTH="226" HEIGHT="19" WC="0.41" CONTENT="kommunikationsmede]"/><SP WIDTH="18" VPOS="381" HPOS="447"/>
							<String ID="string_52" HPOS="465" VPOS="383" WIDTH="23" HEIGHT="16" WC="0.92" CONTENT="än"/><SP WIDTH="18" VPOS="383" HPOS="488"/>
							<String ID="string_53" HPOS="506" VPOS="382" WIDTH="71" HEIGHT="23" WC="0.96" CONTENT="vanliga"/><SP WIDTH="17" VPOS="382" HPOS="577"/>
							<String ID="string_54" HPOS="594" VPOS="382" WIDTH="115" HEIGHT="23" WC="0.96" CONTENT="landsvägar,"/><SP WIDTH="18" VPOS="382" HPOS="709"/>
							<String ID="string_55" HPOS="727" VPOS="381" WIDTH="35" HEIGHT="18" WC="0.93" CONTENT="och"/><SP WIDTH="16" VPOS="381" HPOS="762"/>
							<String ID="string_56" HPOS="778" VPOS="382" WIDTH="29" HEIGHT="17" WC="0.96" CONTENT="uti"/><SP WIDTH="14" VPOS="382" HPOS="807"/>
							<String ID="string_57" HPOS="821" VPOS="384" WIDTH="26" HEIGHT="15" WC="0.93" CONTENT="ett"/><SP WIDTH="13" VPOS="384" HPOS="847"/>
							<String ID="string_58" HPOS="860" VPOS="381" WIDTH="66" HEIGHT="19" WC="0.93" CONTENT="sådant"/><SP WIDTH="12" VPOS="381" HPOS="926"/>
							<String ID="string_59" HPOS="938" VPOS="381" WIDTH="35" HEIGHT="18" WC="0.90" CONTENT="till-"/>
						</TextLine>
						<TextLine ID="line_7" HPOS="221" VPOS="410" WIDTH="752" HEIGHT="23">
							<String ID="string_60" HPOS="221" VPOS="410" WIDTH="55" HEIGHT="19" WC="0.93" CONTENT="ständ"/><SP WIDTH="16" VPOS="410" HPOS="276"/>
							<String ID="string_61" HPOS="292" VPOS="411" WIDTH="83" HEIGHT="18" WC="0.96" CONTENT="kommer"/><SP WIDTH="16" VPOS="411" HPOS="375"/>
							<String ID="string_62" HPOS="391" VPOS="411" WIDTH="122" HEIGHT="18" WC="0.96" CONTENT="Hankasalmi"/><SP WIDTH="12" VPOS="411" HPOS="513"/>
							<String ID="string_63" HPOS="525" VPOS="411" WIDTH="67" HEIGHT="18" WC="0.96" CONTENT="socken"/><SP WIDTH="12" VPOS="411" HPOS="592"/>
							<String ID="string_64" HPOS="604" VPOS="413" WIDTH="28" HEIGHT="16" WC="0.97" CONTENT="att"/><SP WIDTH="11" VPOS="413" HPOS="632"/>
							<String ID="string_65" HPOS="643" VPOS="412" WIDTH="30" HEIGHT="17" WC="0.93" CONTENT="för"/><SP WIDTH="12" VPOS="412" HPOS="673"/>
							<String ID="string_66" HPOS="685" VPOS="411" WIDTH="47" HEIGHT="18" WC="0.93" CONTENT="allan"/><SP WIDTH="13" VPOS="411" HPOS="732"/>
							<String ID="string_67" HPOS="745" VPOS="411" WIDTH="27" HEIGHT="18" WC="0.93" CONTENT="tid"/><SP WIDTH="12" VPOS="411" HPOS="772"/>
							<String ID="string_68" HPOS="784" VPOS="411" WIDTH="92" HEIGHT="22" WC="0.91" CONTENT="förblifva,"/><SP WIDTH="12" VPOS="411" HPOS="876"/>
							<String ID="string_69" HPOS="888" VPOS="417" WIDTH="31" HEIGHT="12" WC="0.93" CONTENT="om"/><SP WIDTH="12" VPOS="417" HPOS="919"/>
							<String ID="string_70" HPOS="931" VPOS="410" WIDTH="42" HEIGHT="19" WC="0.91" CONTENT="den-"/>
						</TextLine>
						<TextLine ID="line_8" HPOS="221" VPOS="439" WIDTH="433" HEIGHT="24">
							<String ID="string_71" HPOS="221" VPOS="445" WIDTH="70" HEIGHT="12" WC="0.96" CONTENT="samma"/><SP WIDTH="12" VPOS="445" HPOS="291"/>
							<String ID="string_72" HPOS="303" VPOS="439" WIDTH="60" HEIGHT="18" WC="0.93" CONTENT="denna"/><SP WIDTH="11" VPOS="439" HPOS="363"/>
							<String ID="string_73" HPOS="374" VPOS="440" WIDTH="49" HEIGHT="23" WC="0.92" CONTENT="gäng"/><SP WIDTH="11" VPOS="440" HPOS="423"/>
							<String ID="string_74" HPOS="434" VPOS="440" WIDTH="71" HEIGHT="18" WC="0.85" CONTENT="lämnas"/><SP WIDTH="12" VPOS="440" HPOS="505"/>
							<String ID="string_75" HPOS="517" VPOS="441" WIDTH="44" HEIGHT="16" WC="0.93" CONTENT="utan"/><SP WIDTH="11" VPOS="441" HPOS="561"/>
							<String ID="string_76" HPOS="572" VPOS="440" WIDTH="82" HEIGHT="23" WC="0.89" CONTENT="järnväg."/>
						</TextLine>
					</TextBlock>
					<TextBlock ID="block_3" HPOS="220" VPOS="463" WIDTH="754" HEIGHT="262">
						<TextLine ID="line_9" HPOS="289" VPOS="463" WIDTH="684" HEIGHT="28">
							<String ID="string_77" HPOS="289" VPOS="463" WIDTH="27" HEIGHT="23" WC="0.90" CONTENT="Är"/><SP WIDTH="14" VPOS="463" HPOS="316"/>
							<String ID="string_78" HPOS="330" VPOS="469" WIDTH="45" HEIGHT="18" WC="0.93" CONTENT="1899"/><SP WIDTH="12" VPOS="469" HPOS="375"/>
							<String ID="string_79" HPOS="387" VPOS="469" WIDTH="74" HEIGHT="18" WC="0.91" CONTENT="anhöllo"/><SP WIDTH="11" VPOS="469" HPOS="461"/>
							<String ID="string_80" HPOS="472" VPOS="469" WIDTH="114" HEIGHT="18" WC="0.96" CONTENT="Pieksämäki"/><SP WIDTH="12" VPOS="469" HPOS="586"/>
							<String ID="string_81" HPOS="598" VPOS="469" WIDTH="34" HEIGHT="18" WC="0.96" CONTENT="och"/><SP WIDTH="12" VPOS="469" HPOS="632"/>
							<String ID="string_82" HPOS="644" VPOS="469" WIDTH="123" HEIGHT="18" WC="0.97" CONTENT="Hankasalmi"/><SP WIDTH="11" VPOS="469" HPOS="767"/>
							<String ID="string_83" HPOS="778" VPOS="469" WIDTH="110" HEIGHT="18" WC="0.96" CONTENT="kommuner"/><SP WIDTH="11" VPOS="469" HPOS="888"/>
							<String ID="string_84" HPOS="899" VPOS="469" WIDTH="20" HEIGHT="18" WC="0.97" CONTENT="af"/><SP WIDTH="12" VPOS="469" HPOS="919"/>
							<String ID="string_85" HPOS="931" VPOS="469" WIDTH="42" HEIGHT="22" WC="0.90" CONTENT="Sty-"/>
						</TextLine>
						<TextLine ID="line_10" HPOS="221" VPOS="497" WIDTH="752" HEIGHT="24">
							<String ID="string_86" HPOS="221" VPOS="498" WIDTH="64" HEIGHT="21" WC="0.91" CONTENT="relsen,"/><SP WIDTH="12" VPOS="498" HPOS="285"/>
							<String ID="string_87" HPOS="297" VPOS="499" WIDTH="29" HEIGHT="16" WC="0.96" CONTENT="att"/><SP WIDTH="11" VPOS="499" HPOS="326"/>
							<String ID="string_88" HPOS="337" VPOS="497" WIDTH="60" HEIGHT="18" WC="0.93" CONTENT="denna"/><SP WIDTH="10" VPOS="497" HPOS="397"/>
							<String ID="string_89" HPOS="407" VPOS="497" WIDTH="128" HEIGHT="24" WC="0.91" CONTENT="järnvägslinje"/><SP WIDTH="11" VPOS="497" HPOS="535"/>
							<String ID="string_90" HPOS="546" VPOS="498" WIDTH="58" HEIGHT="17" WC="0.92" CONTENT="mätte"/><SP WIDTH="11" VPOS="498" HPOS="604"/>
							<String ID="string_91" HPOS="615" VPOS="498" WIDTH="139" HEIGHT="18" WC="0.91" CONTENT="instrumentalt"/><SP WIDTH="11" VPOS="498" HPOS="754"/>
							<String ID="string_92" HPOS="765" VPOS="497" WIDTH="118" HEIGHT="23" WC="0.93" CONTENT="undersökas,"/><SP WIDTH="7" VPOS="497" HPOS="883"/>
							<String ID="string_93" HPOS="890" VPOS="498" WIDTH="35" HEIGHT="18" WC="0.92" CONTENT="och"/><SP WIDTH="11" VPOS="498" HPOS="925"/>
							<String ID="string_94" HPOS="936" VPOS="498" WIDTH="37" HEIGHT="18" WC="0.92" CONTENT="för-"/>
						</TextLine>
						<TextLine ID="line_11" HPOS="220" VPOS="526" WIDTH="754" HEIGHT="25">
							<String ID="string_95" HPOS="220" VPOS="526" WIDTH="64" HEIGHT="19" WC="0.88" CONTENT="bundo"/><SP WIDTH="17" VPOS="526" HPOS="284"/>
							<String ID="string_96" HPOS="301" VPOS="527" WIDTH="27" HEIGHT="22" WC="0.93" CONTENT="sig"/><SP WIDTH="14" VPOS="527" HPOS="328"/>
							<String ID="string_97" HPOS="342" VPOS="526" WIDTH="68" HEIGHT="18" WC="0.96" CONTENT="nämda"/><SP WIDTH="14" VPOS="526" HPOS="410"/>
							<String ID="string_98" HPOS="424" VPOS="527" WIDTH="110" HEIGHT="18" WC="0.96" CONTENT="kommuner"/><SP WIDTH="12" VPOS="527" HPOS="534"/>
							<String ID="string_99" HPOS="546" VPOS="529" WIDTH="27" HEIGHT="16" WC="0.93" CONTENT="att"/><SP WIDTH="12" VPOS="529" HPOS="573"/>
							<String ID="string_100" HPOS="585" VPOS="528" WIDTH="60" HEIGHT="17" WC="0.96" CONTENT="såsom"/><SP WIDTH="12" VPOS="528" HPOS="645"/>
							<String ID="string_101" HPOS="657" VPOS="527" WIDTH="65" HEIGHT="24" WC="0.96" CONTENT="bidrag"/><SP WIDTH="12" VPOS="527" HPOS="722"/>
							<String ID="string_102" HPOS="734" VPOS="527" WIDTH="28" HEIGHT="18" WC="0.93" CONTENT="till"/><SP WIDTH="13" VPOS="527" HPOS="762"/>
							<String ID="string_103" HPOS="775" VPOS="527" WIDTH="160" HEIGHT="24" WC="0.92" CONTENT="undersökningen"/><SP WIDTH="12" VPOS="527" HPOS="935"/>
							<String ID="string_104" HPOS="947" VPOS="533" WIDTH="27" HEIGHT="12" WC="0.93" CONTENT="er-"/>
						</TextLine>
						<TextLine ID="line_12" HPOS="221" VPOS="555" WIDTH="753" HEIGHT="24">
							<String ID="string_105" HPOS="221" VPOS="555" WIDTH="53" HEIGHT="24" WC="0.95" CONTENT="lägga"/><SP WIDTH="11" VPOS="555" HPOS="274"/>
							<String ID="string_106" HPOS="285" VPOS="555" WIDTH="52" HEIGHT="22" WC="0.95" CONTENT="2,000"/><SP WIDTH="11" VPOS="555" HPOS="337"/>
							<String ID="string_107" HPOS="348" VPOS="555" WIDTH="59" HEIGHT="22" WC="0.96" CONTENT="mark,"/><SP WIDTH="12" VPOS="555" HPOS="407"/>
							<String ID="string_108" HPOS="419" VPOS="561" WIDTH="42" HEIGHT="12" WC="0.96" CONTENT="men"/><SP WIDTH="12" VPOS="561" HPOS="461"/>
							<String ID="string_109" HPOS="473" VPOS="556" WIDTH="56" HEIGHT="18" WC="0.96" CONTENT="saken"/><SP WIDTH="12" VPOS="556" HPOS="529"/>
							<String ID="string_110" HPOS="541" VPOS="555" WIDTH="40" HEIGHT="23" WC="0.97" CONTENT="gick"/><SP WIDTH="13" VPOS="555" HPOS="581"/>
							<String ID="string_111" HPOS="594" VPOS="555" WIDTH="59" HEIGHT="18" WC="0.93" CONTENT="denna"/><SP WIDTH="11" VPOS="555" HPOS="653"/>
							<String ID="string_112" HPOS="664" VPOS="556" WIDTH="49" HEIGHT="23" WC="0.92" CONTENT="gäng"/><SP WIDTH="12" VPOS="556" HPOS="713"/>
							<String ID="string_113" HPOS="725" VPOS="562" WIDTH="31" HEIGHT="12" WC="0.92" CONTENT="om"/><SP WIDTH="12" VPOS="562" HPOS="756"/>
							<String ID="string_114" HPOS="768" VPOS="556" WIDTH="50" HEIGHT="18" WC="0.90" CONTENT="intet."/><SP WIDTH="18" VPOS="556" HPOS="818"/>
							<String ID="string_115" HPOS="836" VPOS="556" WIDTH="71" HEIGHT="18" WC="0.96" CONTENT="Därför"/><SP WIDTH="11" VPOS="556" HPOS="907"/>
							<String ID="string_116" HPOS="918" VPOS="556" WIDTH="56" HEIGHT="18" WC="0.96" CONTENT="borde"/>
						</TextLine>
						<TextLine ID="line_13" HPOS="221" VPOS="584" WIDTH="753" HEIGHT="24">
							<String ID="string_117" HPOS="221" VPOS="584" WIDTH="56" HEIGHT="24" WC="0.96" CONTENT="enligt"/><SP WIDTH="14" VPOS="584" HPOS="277"/>
							<String ID="string_118" HPOS="291" VPOS="584" WIDTH="33" HEIGHT="18" WC="0.96" CONTENT="vär"/><SP WIDTH="12" VPOS="584" HPOS="324"/>
							<String ID="string_119" HPOS="336" VPOS="584" WIDTH="61" HEIGHT="21" WC="0.93" CONTENT="tanke,"/><SP WIDTH="13" VPOS="584" HPOS="397"/>
							<String ID="string_120" HPOS="410" VPOS="584" WIDTH="55" HEIGHT="18" WC="0.93" CONTENT="innan"/><SP WIDTH="11" VPOS="584" HPOS="465"/>
							<String ID="string_121" HPOS="476" VPOS="585" WIDTH="62" HEIGHT="17" WC="0.94" CONTENT="beslut"/><SP WIDTH="11" VPOS="585" HPOS="538"/>
							<String ID="string_122" HPOS="549" VPOS="584" WIDTH="56" HEIGHT="18" WC="0.96" CONTENT="fattas"/><SP WIDTH="13" VPOS="584" HPOS="605"/>
							<String ID="string_123" HPOS="618" VPOS="590" WIDTH="30" HEIGHT="12" WC="0.96" CONTENT="om"/><SP WIDTH="11" VPOS="590" HPOS="648"/>
							<String ID="string_124" HPOS="659" VPOS="584" WIDTH="106" HEIGHT="24" WC="0.96" CONTENT="byggandet"/><SP WIDTH="12" VPOS="584" HPOS="765"/>
							<String ID="string_125" HPOS="777" VPOS="584" WIDTH="19" HEIGHT="18" WC="0.93" CONTENT="af"/><SP WIDTH="11" VPOS="584" HPOS="796"/>
							<String ID="string_126" HPOS="807" VPOS="585" WIDTH="59" HEIGHT="23" WC="0.93" CONTENT="nägon"/><SP WIDTH="13" VPOS="585" HPOS="866"/>
							<String ID="string_127" HPOS="879" VPOS="585" WIDTH="95" HEIGHT="22" WC="0.92" CONTENT="tvärbana,"/>
						</TextLine>
						<TextLine ID="line_14" HPOS="221" VPOS="612" WIDTH="752" HEIGHT="25">
							<String ID="string_128" HPOS="221" VPOS="613" WIDTH="59" HEIGHT="19" WC="0.96" CONTENT="denna"/><SP WIDTH="16" VPOS="613" HPOS="280"/>
							<String ID="string_129" HPOS="296" VPOS="612" WIDTH="42" HEIGHT="23" WC="0.92" CONTENT="linje"/><SP WIDTH="11" VPOS="612" HPOS="338"/>
							<String ID="string_130" HPOS="349" VPOS="613" WIDTH="138" HEIGHT="19" WC="0.92" CONTENT="instrumentalt"/><SP WIDTH="12" VPOS="613" HPOS="487"/>
							<String ID="string_131" HPOS="499" VPOS="613" WIDTH="118" HEIGHT="22" WC="0.92" CONTENT="undersökas,"/><SP WIDTH="12" VPOS="613" HPOS="617"/>
							<String ID="string_132" HPOS="629" VPOS="614" WIDTH="24" HEIGHT="23" WC="0.96" CONTENT="pä"/><SP WIDTH="12" VPOS="614" HPOS="653"/>
							<String ID="string_133" HPOS="665" VPOS="613" WIDTH="32" HEIGHT="19" WC="0.96" CONTENT="det"/><SP WIDTH="12" VPOS="613" HPOS="697"/>
							<String ID="string_134" HPOS="709" VPOS="614" WIDTH="61" HEIGHT="18" WC="0.93" CONTENT="bättre"/><SP WIDTH="11" VPOS="614" HPOS="770"/>
							<String ID="string_135" HPOS="781" VPOS="614" WIDTH="73" HEIGHT="18" WC="0.93" CONTENT="klarhet"/><SP WIDTH="11" VPOS="614" HPOS="854"/>
							<String ID="string_136" HPOS="865" VPOS="614" WIDTH="58" HEIGHT="18" WC="0.93" CONTENT="mätte"/><SP WIDTH="12" VPOS="614" HPOS="923"/>
							<String ID="string_137" HPOS="935" VPOS="614" WIDTH="38" HEIGHT="18" WC="0.92" CONTENT="vin-"/>
						</TextLine>
						<TextLine ID="line_15" HPOS="220" VPOS="642" WIDTH="754" HEIGHT="25">
							<String ID="string_138" HPOS="220" VPOS="648" WIDTH="34" HEIGHT="12" WC="0.95" CONTENT="nas"/><SP WIDTH="12" VPOS="648" HPOS="254"/>
							<String ID="string_139" HPOS="266" VPOS="649" WIDTH="35" HEIGHT="16" WC="0.93" CONTENT="om,"/><SP WIDTH="12" VPOS="649" HPOS="301"/>
							<String ID="string_140" HPOS="313" VPOS="642" WIDTH="74" HEIGHT="18" WC="0.92" CONTENT="hvilken"/><SP WIDTH="13" VPOS="642" HPOS="387"/>
							<String ID="string_141" HPOS="400" VPOS="643" WIDTH="18" HEIGHT="17" WC="0.96" CONTENT="af"/><SP WIDTH="12" VPOS="643" HPOS="418"/>
							<String ID="string_142" HPOS="430" VPOS="642" WIDTH="54" HEIGHT="19" WC="0.93" CONTENT="dessa"/><SP WIDTH="11" VPOS="642" HPOS="484"/>
							<String ID="string_143" HPOS="495" VPOS="644" WIDTH="58" HEIGHT="18" WC="0.92" CONTENT="banor"/><SP WIDTH="11" VPOS="644" HPOS="553"/>
							<String ID="string_144" HPOS="564" VPOS="648" WIDTH="44" HEIGHT="13" WC="0.93" CONTENT="vore"/><SP WIDTH="8" VPOS="648" HPOS="608"/>
							<String ID="string_145" HPOS="616" VPOS="642" WIDTH="140" HEIGHT="24" WC="0.92" CONTENT="fördelaktigast"/><SP WIDTH="10" VPOS="642" HPOS="756"/>
							<String ID="string_146" HPOS="766" VPOS="642" WIDTH="14" HEIGHT="23" WC="0.91" CONTENT="ej"/><SP WIDTH="10" VPOS="642" HPOS="780"/>
							<String ID="string_147" HPOS="790" VPOS="643" WIDTH="77" HEIGHT="18" WC="0.91" CONTENT="allenast"/><SP WIDTH="8" VPOS="643" HPOS="867"/>
							<String ID="string_148" HPOS="875" VPOS="644" WIDTH="30" HEIGHT="17" WC="0.93" CONTENT="för"/><SP WIDTH="8" VPOS="644" HPOS="905"/>
							<String ID="string_149" HPOS="913" VPOS="644" WIDTH="61" HEIGHT="23" WC="0.93" CONTENT="nägon"/>
						</TextLine>
						<TextLine ID="line_16" HPOS="221" VPOS="672" WIDTH="753" HEIGHT="24">
							<String ID="string_150" HPOS="221" VPOS="672" WIDTH="78" HEIGHT="18" WC="0.96" CONTENT="särskild"/><SP WIDTH="12" VPOS="672" HPOS="299"/>
							<String ID="string_151" HPOS="311" VPOS="674" WIDTH="29" HEIGHT="16" WC="0.96" CONTENT="ort"/><SP WIDTH="12" VPOS="674" HPOS="340"/>
							<String ID="string_152" HPOS="352" VPOS="674" WIDTH="45" HEIGHT="16" WC="0.96" CONTENT="utan"/><SP WIDTH="12" VPOS="674" HPOS="397"/>
							<String ID="string_153" HPOS="409" VPOS="672" WIDTH="29" HEIGHT="18" WC="0.96" CONTENT="för"/><SP WIDTH="12" VPOS="672" HPOS="438"/>
							<String ID="string_154" HPOS="450" VPOS="672" WIDTH="42" HEIGHT="18" WC="0.96" CONTENT="hela"/><SP WIDTH="10" VPOS="672" HPOS="492"/>
							<String ID="string_155" HPOS="502" VPOS="672" WIDTH="68" HEIGHT="22" WC="0.97" CONTENT="landet,"/><SP WIDTH="12" VPOS="672" HPOS="570"/>
							<String ID="string_156" HPOS="582" VPOS="674" WIDTH="21" HEIGHT="21" WC="0.93" CONTENT="ty"/><SP WIDTH="12" VPOS="674" HPOS="603"/>
							<String ID="string_157" HPOS="615" VPOS="672" WIDTH="126" HEIGHT="18" WC="0.92" CONTENT="erfarenheten"/><SP WIDTH="8" VPOS="672" HPOS="741"/>
							<String ID="string_158" HPOS="749" VPOS="673" WIDTH="35" HEIGHT="17" WC="0.97" CONTENT="har"/><SP WIDTH="9" VPOS="673" HPOS="784"/>
							<String ID="string_159" HPOS="793" VPOS="672" WIDTH="47" HEIGHT="18" WC="0.96" CONTENT="visat"/><SP WIDTH="6" VPOS="672" HPOS="840"/>
							<String ID="string_160" HPOS="846" VPOS="674" WIDTH="28" HEIGHT="16" WC="0.92" CONTENT="att"/><SP WIDTH="6" VPOS="674" HPOS="874"/>
							<String ID="string_161" HPOS="880" VPOS="674" WIDTH="94" HEIGHT="22" WC="0.92" CONTENT="omvägar,"/>
						</TextLine>
						<TextLine ID="line_17" HPOS="220" VPOS="701" WIDTH="562" HEIGHT="24">
							<String ID="string_162" HPOS="220" VPOS="701" WIDTH="47" HEIGHT="18" WC="0.91" CONTENT="fulla"/><SP WIDTH="11" VPOS="701" HPOS="267"/>
							<String ID="string_163" HPOS="278" VPOS="701" WIDTH="42" HEIGHT="18" WC="0.93" CONTENT="med"/><SP WIDTH="12" VPOS="701" HPOS="320"/>
							<String ID="string_164" HPOS="332" VPOS="701" WIDTH="119" HEIGHT="23" WC="0.93" CONTENT="krökningar,"/><SP WIDTH="12" VPOS="701" HPOS="451"/>
							<String ID="string_165" HPOS="463" VPOS="702" WIDTH="47" HEIGHT="17" WC="0.97" CONTENT="varit"/><SP WIDTH="10" VPOS="702" HPOS="510"/>
							<String ID="string_166" HPOS="520" VPOS="707" WIDTH="51" HEIGHT="12" WC="0.96" CONTENT="mera"/><SP WIDTH="12" VPOS="707" HPOS="571"/>
							<String ID="string_167" HPOS="583" VPOS="702" WIDTH="28" HEIGHT="17" WC="0.96" CONTENT="till"/><SP WIDTH="12" VPOS="702" HPOS="611"/>
							<String ID="string_168" HPOS="623" VPOS="701" WIDTH="58" HEIGHT="18" WC="0.96" CONTENT="skada"/><SP WIDTH="12" VPOS="701" HPOS="681"/>
							<String ID="string_169" HPOS="693" VPOS="703" WIDTH="23" HEIGHT="16" WC="0.93" CONTENT="än"/><SP WIDTH="12" VPOS="703" HPOS="716"/>
							<String ID="string_170" HPOS="728" VPOS="707" WIDTH="54" HEIGHT="18" WC="0.92" CONTENT="gagn."/>
						</TextLine>
					</TextBlock>
					<TextBlock ID="block_4" HPOS="220" VPOS="730" WIDTH="755" HEIGHT="197">
						<TextLine ID="line_18" HPOS="289" VPOS="730" WIDTH="685" HEIGHT="24">
							<String ID="string_171" HPOS="289" VPOS="731" WIDTH="66" HEIGHT="17" WC="0.92" CONTENT="Denna"/><SP WIDTH="14" VPOS="731" HPOS="355"/>
							<String ID="string_172" HPOS="369" VPOS="730" WIDTH="49" HEIGHT="18" WC="0.92" CONTENT="bana"/><SP WIDTH="11" VPOS="730" HPOS="418"/>
							<String ID="string_173" HPOS="429" VPOS="730" WIDTH="73" HEIGHT="19" WC="0.93" CONTENT="komme"/><SP WIDTH="12" VPOS="730" HPOS="502"/>
							<String ID="string_174" HPOS="514" VPOS="733" WIDTH="28" HEIGHT="16" WC="0.93" CONTENT="att"/><SP WIDTH="11" VPOS="733" HPOS="542"/>
							<String ID="string_175" HPOS="553" VPOS="731" WIDTH="23" HEIGHT="23" WC="0.92" CONTENT="gä"/><SP WIDTH="12" VPOS="731" HPOS="576"/>
							<String ID="string_176" HPOS="588" VPOS="731" WIDTH="41" HEIGHT="17" WC="0.91" CONTENT="frän"/><SP WIDTH="12" VPOS="731" HPOS="629"/>
							<String ID="string_177" HPOS="641" VPOS="731" WIDTH="104" HEIGHT="22" WC="0.96" CONTENT="Jyväskylä"/><SP WIDTH="12" VPOS="731" HPOS="745"/>
							<String ID="string_178" HPOS="757" VPOS="731" WIDTH="27" HEIGHT="18" WC="0.96" CONTENT="till"/><SP WIDTH="13" VPOS="731" HPOS="784"/>
							<String ID="string_179" HPOS="797" VPOS="731" WIDTH="121" HEIGHT="23" WC="0.96" CONTENT="Haapakoski"/><SP WIDTH="11" VPOS="731" HPOS="918"/>
							<String ID="string_180" HPOS="929" VPOS="731" WIDTH="45" HEIGHT="22" WC="0.96" CONTENT="fors,"/>
						</TextLine>
						<TextLine ID="line_19" HPOS="220" VPOS="759" WIDTH="754" HEIGHT="24">
							<String ID="string_181" HPOS="220" VPOS="759" WIDTH="33" HEIGHT="18" WC="0.92" CONTENT="vid"/><SP WIDTH="18" VPOS="759" HPOS="253"/>
							<String ID="string_182" HPOS="271" VPOS="759" WIDTH="121" HEIGHT="18" WC="0.92" CONTENT="Oravinsalmi"/><SP WIDTH="18" VPOS="759" HPOS="392"/>
							<String ID="string_183" HPOS="410" VPOS="759" WIDTH="51" HEIGHT="18" WC="0.92" CONTENT="öfver"/><SP WIDTH="15" VPOS="759" HPOS="461"/>
							<String ID="string_184" HPOS="476" VPOS="760" WIDTH="98" HEIGHT="23" WC="0.92" CONTENT="Leppävesi"/><SP WIDTH="13" VPOS="760" HPOS="574"/>
							<String ID="string_185" HPOS="587" VPOS="759" WIDTH="31" HEIGHT="22" WC="0.93" CONTENT="sjö,"/><SP WIDTH="11" VPOS="759" HPOS="618"/>
							<String ID="string_186" HPOS="629" VPOS="759" WIDTH="96" HEIGHT="24" WC="0.92" CONTENT="längsmed"/><SP WIDTH="13" VPOS="759" HPOS="725"/>
							<String ID="string_187" HPOS="738" VPOS="760" WIDTH="55" HEIGHT="18" WC="0.93" CONTENT="södra"/><SP WIDTH="12" VPOS="760" HPOS="793"/>
							<String ID="string_188" HPOS="805" VPOS="759" WIDTH="87" HEIGHT="19" WC="0.92" CONTENT="stranden"/><SP WIDTH="12" VPOS="759" HPOS="892"/>
							<String ID="string_189" HPOS="904" VPOS="760" WIDTH="19" HEIGHT="18" WC="0.93" CONTENT="af"/><SP WIDTH="12" VPOS="760" HPOS="923"/>
							<String ID="string_190" HPOS="935" VPOS="760" WIDTH="39" HEIGHT="18" WC="0.92" CONTENT="Lie-"/>
						</TextLine>
						<TextLine ID="line_20" HPOS="221" VPOS="788" WIDTH="754" HEIGHT="24">
							<String ID="string_191" HPOS="221" VPOS="790" WIDTH="84" HEIGHT="16" WC="0.88" CONTENT="vestuore"/><SP WIDTH="17" VPOS="790" HPOS="305"/>
							<String ID="string_192" HPOS="322" VPOS="789" WIDTH="32" HEIGHT="22" WC="0.88" CONTENT="sjö,"/><SP WIDTH="18" VPOS="789" HPOS="354"/>
							<String ID="string_193" HPOS="372" VPOS="788" WIDTH="93" HEIGHT="18" WC="0.92" CONTENT="hvarefter"/><SP WIDTH="17" VPOS="788" HPOS="465"/>
							<String ID="string_194" HPOS="482" VPOS="788" WIDTH="36" HEIGHT="19" WC="0.96" CONTENT="den"/><SP WIDTH="18" VPOS="788" HPOS="518"/>
							<String ID="string_195" HPOS="536" VPOS="789" WIDTH="59" HEIGHT="18" WC="0.96" CONTENT="skulle"/><SP WIDTH="17" VPOS="789" HPOS="595"/>
							<String ID="string_196" HPOS="612" VPOS="789" WIDTH="55" HEIGHT="17" WC="0.93" CONTENT="skära"/><SP WIDTH="16" VPOS="789" HPOS="667"/>
							<String ID="string_197" HPOS="683" VPOS="791" WIDTH="79" HEIGHT="21" WC="0.88" CONTENT="yttersta"/><SP WIDTH="12" VPOS="791" HPOS="762"/>
							<String ID="string_198" HPOS="774" VPOS="789" WIDTH="60" HEIGHT="18" WC="0.91" CONTENT="ändan"/><SP WIDTH="12" VPOS="789" HPOS="834"/>
							<String ID="string_199" HPOS="846" VPOS="789" WIDTH="19" HEIGHT="18" WC="0.93" CONTENT="af"/><SP WIDTH="12" VPOS="789" HPOS="865"/>
							<String ID="string_200" HPOS="877" VPOS="789" WIDTH="98" HEIGHT="23" WC="0.93" CONTENT="Kynsivesi"/>
						</TextLine>
						<TextLine ID="line_21" HPOS="221" VPOS="817" WIDTH="753" HEIGHT="23">
							<String ID="string_201" HPOS="221" VPOS="817" WIDTH="27" HEIGHT="22" WC="0.91" CONTENT="sjö"/><SP WIDTH="16" VPOS="817" HPOS="248"/>
							<String ID="string_202" HPOS="264" VPOS="818" WIDTH="24" HEIGHT="22" WC="0.96" CONTENT="pä"/><SP WIDTH="17" VPOS="818" HPOS="288"/>
							<String ID="string_203" HPOS="305" VPOS="819" WIDTH="26" HEIGHT="16" WC="0.93" CONTENT="ett"/><SP WIDTH="12" VPOS="819" HPOS="331"/>
							<String ID="string_204" HPOS="343" VPOS="817" WIDTH="55" HEIGHT="18" WC="0.92" CONTENT="smalt"/><SP WIDTH="12" VPOS="817" HPOS="398"/>
							<String ID="string_205" HPOS="410" VPOS="817" WIDTH="53" HEIGHT="18" WC="0.92" CONTENT="ställe"/><SP WIDTH="11" VPOS="817" HPOS="463"/>
							<String ID="string_206" HPOS="474" VPOS="817" WIDTH="34" HEIGHT="18" WC="0.96" CONTENT="och"/><SP WIDTH="12" VPOS="817" HPOS="508"/>
							<String ID="string_207" HPOS="520" VPOS="818" WIDTH="87" HEIGHT="18" WC="0.96" CONTENT="fortsätta"/><SP WIDTH="11" VPOS="818" HPOS="607"/>
							<String ID="string_208" HPOS="618" VPOS="818" WIDTH="27" HEIGHT="17" WC="0.95" CONTENT="till"/><SP WIDTH="13" VPOS="818" HPOS="645"/>
							<String ID="string_209" HPOS="658" VPOS="817" WIDTH="55" HEIGHT="19" WC="0.93" CONTENT="södra"/><SP WIDTH="12" VPOS="817" HPOS="713"/>
							<String ID="string_210" HPOS="725" VPOS="818" WIDTH="61" HEIGHT="18" WC="0.93" CONTENT="ändan"/><SP WIDTH="13" VPOS="818" HPOS="786"/>
							<String ID="string_211" HPOS="799" VPOS="819" WIDTH="19" HEIGHT="17" WC="0.93" CONTENT="af"/><SP WIDTH="11" VPOS="819" HPOS="818"/>
							<String ID="string_212" HPOS="829" VPOS="818" WIDTH="145" HEIGHT="18" WC="0.91" CONTENT="Kuuhankavesi"/>
						</TextLine>
						<TextLine ID="line_22" HPOS="221" VPOS="845" WIDTH="753" HEIGHT="25">
							<String ID="string_213" HPOS="221" VPOS="845" WIDTH="27" HEIGHT="23" WC="0.89" CONTENT="sjö"/><SP WIDTH="17" VPOS="845" HPOS="248"/>
							<String ID="string_214" HPOS="265" VPOS="846" WIDTH="51" HEIGHT="18" WC="0.93" CONTENT="öfver"/><SP WIDTH="18" VPOS="846" HPOS="316"/>
							<String ID="string_215" HPOS="334" VPOS="846" WIDTH="104" HEIGHT="18" WC="0.92" CONTENT="Niinisalmi"/><SP WIDTH="18" VPOS="846" HPOS="438"/>
							<String ID="string_216" HPOS="456" VPOS="846" WIDTH="52" HEIGHT="22" WC="0.93" CONTENT="sund,"/><SP WIDTH="17" VPOS="846" HPOS="508"/>
							<String ID="string_217" HPOS="525" VPOS="847" WIDTH="94" HEIGHT="18" WC="0.92" CONTENT="hvarifrän"/><SP WIDTH="18" VPOS="847" HPOS="619"/>
							<String ID="string_218" HPOS="637" VPOS="845" WIDTH="35" HEIGHT="19" WC="0.93" CONTENT="den"/><SP WIDTH="18" VPOS="845" HPOS="672"/>
							<String ID="string_219" HPOS="690" VPOS="847" WIDTH="53" HEIGHT="23" WC="0.92" CONTENT="ginge"/><SP WIDTH="17" VPOS="847" HPOS="743"/>
							<String ID="string_220" HPOS="760" VPOS="853" WIDTH="74" HEIGHT="12" WC="0.92" CONTENT="norrom"/><SP WIDTH="14" VPOS="853" HPOS="834"/>
							<String ID="string_221" HPOS="848" VPOS="847" WIDTH="126" HEIGHT="22" WC="0.92" CONTENT="Virmasjärvi,"/>
						</TextLine>
						<TextLine ID="line_23" HPOS="222" VPOS="874" WIDTH="753" HEIGHT="25">
							<String ID="string_222" HPOS="222" VPOS="874" WIDTH="112" HEIGHT="23" WC="0.89" CONTENT="Sauvajärvi,"/><SP WIDTH="21" VPOS="874" HPOS="334"/>
							<String ID="string_223" HPOS="355" VPOS="875" WIDTH="195" HEIGHT="22" WC="0.91" CONTENT="Venettekemänjärvi,"/><SP WIDTH="17" VPOS="875" HPOS="550"/>
							<String ID="string_224" HPOS="567" VPOS="875" WIDTH="98" HEIGHT="24" WC="0.96" CONTENT="Pyhäjärvi"/><SP WIDTH="18" VPOS="875" HPOS="665"/>
							<String ID="string_225" HPOS="683" VPOS="875" WIDTH="34" HEIGHT="18" WC="0.96" CONTENT="och"/><SP WIDTH="17" VPOS="875" HPOS="717"/>
							<String ID="string_226" HPOS="734" VPOS="876" WIDTH="108" HEIGHT="22" WC="0.93" CONTENT="Naarajärvi"/><SP WIDTH="18" VPOS="876" HPOS="842"/>
							<String ID="string_227" HPOS="860" VPOS="875" WIDTH="48" HEIGHT="22" WC="0.93" CONTENT="sjöar"/><SP WIDTH="19" VPOS="875" HPOS="908"/>
							<String ID="string_228" HPOS="927" VPOS="878" WIDTH="48" HEIGHT="15" WC="0.96" CONTENT="samt"/>
						</TextLine>
						<TextLine ID="line_24" HPOS="220" VPOS="904" WIDTH="609" HEIGHT="23">
							<String ID="string_229" HPOS="220" VPOS="905" WIDTH="52" HEIGHT="22" WC="0.92" CONTENT="längs"/><SP WIDTH="13" VPOS="905" HPOS="272"/>
							<String ID="string_230" HPOS="285" VPOS="904" WIDTH="54" HEIGHT="18" WC="0.93" CONTENT="södra"/><SP WIDTH="12" VPOS="904" HPOS="339"/>
							<String ID="string_231" HPOS="351" VPOS="904" WIDTH="60" HEIGHT="18" WC="0.93" CONTENT="ändan"/><SP WIDTH="12" VPOS="904" HPOS="411"/>
							<String ID="string_232" HPOS="423" VPOS="904" WIDTH="20" HEIGHT="17" WC="0.93" CONTENT="af"/><SP WIDTH="11" VPOS="904" HPOS="443"/>
							<String ID="string_233" HPOS="454" VPOS="905" WIDTH="123" HEIGHT="22" WC="0.91" CONTENT="Vankasjärvi"/><SP WIDTH="12" VPOS="905" HPOS="577"/>
							<String ID="string_234" HPOS="589" VPOS="905" WIDTH="28" HEIGHT="18" WC="0.97" CONTENT="till"/><SP WIDTH="12" VPOS="905" HPOS="617"/>
							<String ID="string_235" HPOS="629" VPOS="905" WIDTH="115" HEIGHT="18" WC="0.96" CONTENT="Pieksämäki"/><SP WIDTH="13" VPOS="905" HPOS="744"/>
							<String ID="string_236" HPOS="757" VPOS="906" WIDTH="72" HEIGHT="18" WC="0.96" CONTENT="station."/>
						</TextLine>
					</TextBlock>
					<TextBlock ID="block_5" HPOS="221" VPOS="932" WIDTH="753" HEIGHT="54">
						<TextLine ID="line_25" HPOS="290" VPOS="932" WIDTH="684" HEIGHT="25">
							<String ID="string_237" HPOS="290" VPOS="933" WIDTH="26" HEIGHT="18" WC="0.92" CONTENT="Pä"/><SP WIDTH="18" VPOS="933" HPOS="316"/>
							<String ID="string_238" HPOS="334" VPOS="933" WIDTH="62" HEIGHT="23" WC="0.96" CONTENT="grund"/><SP WIDTH="17" VPOS="933" HPOS="396"/>
							<String ID="string_239" HPOS="413" VPOS="933" WIDTH="19" HEIGHT="18" WC="0.93" CONTENT="af"/><SP WIDTH="16" VPOS="933" HPOS="432"/>
							<String ID="string_240" HPOS="448" VPOS="932" WIDTH="48" HEIGHT="19" WC="0.91" CONTENT="hvad"/><SP WIDTH="12" VPOS="932" HPOS="496"/>
							<String ID="string_241" HPOS="508" VPOS="933" WIDTH="35" HEIGHT="18" WC="0.93" CONTENT="här"/><SP WIDTH="11" VPOS="933" HPOS="543"/>
							<String ID="string_242" HPOS="554" VPOS="933" WIDTH="56" HEIGHT="19" WC="0.90" CONTENT="ofvan"/><SP WIDTH="12" VPOS="933" HPOS="610"/>
							<String ID="string_243" HPOS="622" VPOS="933" WIDTH="70" HEIGHT="18" WC="0.91" CONTENT="anförts"/><SP WIDTH="13" VPOS="933" HPOS="692"/>
							<String ID="string_244" HPOS="705" VPOS="934" WIDTH="47" HEIGHT="23" WC="0.91" CONTENT="väga"/><SP WIDTH="11" VPOS="934" HPOS="752"/>
							<String ID="string_245" HPOS="763" VPOS="934" WIDTH="18" HEIGHT="17" WC="0.97" CONTENT="vi"/><SP WIDTH="12" VPOS="934" HPOS="781"/>
							<String ID="string_246" HPOS="793" VPOS="934" WIDTH="95" HEIGHT="18" WC="0.93" CONTENT="vördsamt"/><SP WIDTH="12" VPOS="934" HPOS="888"/>
							<String ID="string_247" HPOS="900" VPOS="934" WIDTH="74" HEIGHT="18" WC="0.92" CONTENT="anhälla"/>
						</TextLine>
						<TextLine ID="line_26" HPOS="221" VPOS="962" WIDTH="555" HEIGHT="24">
							<String ID="string_248" HPOS="221" VPOS="964" WIDTH="28" HEIGHT="16" WC="0.93" CONTENT="att"/><SP WIDTH="12" VPOS="964" HPOS="249"/>
							<String ID="string_249" HPOS="261" VPOS="962" WIDTH="114" HEIGHT="18" WC="0.91" CONTENT="hedervärda"/><SP WIDTH="12" VPOS="962" HPOS="375"/>
							<String ID="string_250" HPOS="387" VPOS="962" WIDTH="137" HEIGHT="19" WC="0.92" CONTENT="Bondeständet"/><SP WIDTH="11" VPOS="962" HPOS="524"/>
							<String ID="string_251" HPOS="535" VPOS="963" WIDTH="42" HEIGHT="18" WC="0.93" CONTENT="ville"/><SP WIDTH="11" VPOS="963" HPOS="577"/>
							<String ID="string_252" HPOS="588" VPOS="963" WIDTH="107" HEIGHT="23" WC="0.93" CONTENT="petitionera"/><SP WIDTH="11" VPOS="963" HPOS="695"/>
							<String ID="string_253" HPOS="706" VPOS="962" WIDTH="70" HEIGHT="22" WC="0.92" CONTENT="därom,"/>
						</TextLine>
					</TextBlock>
				</ComposedBlock>
				<ComposedBlock ID="cblock_2" HPOS="426" VPOS="1030" WIDTH="550" HEIGHT="167">
					<TextBlock ID="block_6" HPOS="426" VPOS="1030" WIDTH="550" HEIGHT="109">
						<TextLine ID="line_27" HPOS="496" VPOS="1030" WIDTH="479" HEIGHT="24">
							<String ID="string_254" HPOS="496" VPOS="1034" WIDTH="29" HEIGHT="16" WC="0.96" CONTENT="att"/><SP WIDTH="13" VPOS="1034" HPOS="525"/>
							<String ID="string_255" HPOS="538" VPOS="1038" WIDTH="21" HEIGHT="12" WC="0.93" CONTENT="en"/><SP WIDTH="13" VPOS="1038" HPOS="559"/>
							<String ID="string_256" HPOS="572" VPOS="1033" WIDTH="95" HEIGHT="17" WC="0.58" CONTENT="tvärdana"/><SP WIDTH="11" VPOS="1033" HPOS="667"/>
							<String ID="string_257" HPOS="678" VPOS="1030" WIDTH="51" HEIGHT="23" WC="0.96" CONTENT="från"/><SP WIDTH="14" VPOS="1030" HPOS="729"/>
							<String ID="string_258" HPOS="743" VPOS="1033" WIDTH="105" HEIGHT="21" WC="0.95" CONTENT="Jyväskylä"/><SP WIDTH="9" VPOS="1033" HPOS="848"/>
							<String ID="string_259" HPOS="857" VPOS="1033" WIDTH="46" HEIGHT="17" WC="0.96" CONTENT="stad"/><SP WIDTH="7" VPOS="1033" HPOS="903"/>
							<String ID="string_260" HPOS="910" VPOS="1038" WIDTH="65" HEIGHT="16" WC="0.96" CONTENT="genom"/>
						</TextLine>
						<TextLine ID="line_28" HPOS="428" VPOS="1060" WIDTH="548" HEIGHT="23">
							<String ID="string_261" HPOS="428" VPOS="1060" WIDTH="130" HEIGHT="17" WC="0.95" CONTENT="Hankasalmi"/><SP WIDTH="18" VPOS="1060" HPOS="558"/>
							<String ID="string_262" HPOS="576" VPOS="1060" WIDTH="30" HEIGHT="17" WC="0.96" CONTENT="till"/><SP WIDTH="18" VPOS="1060" HPOS="606"/>
							<String ID="string_263" HPOS="624" VPOS="1061" WIDTH="122" HEIGHT="17" WC="0.95" CONTENT="Pieksämäki"/><SP WIDTH="18" VPOS="1061" HPOS="746"/>
							<String ID="string_264" HPOS="764" VPOS="1061" WIDTH="31" HEIGHT="17" WC="0.96" CONTENT="vid"/><SP WIDTH="14" VPOS="1061" HPOS="795"/>
							<String ID="string_265" HPOS="809" VPOS="1061" WIDTH="69" HEIGHT="22" WC="0.93" CONTENT="första"/><SP WIDTH="16" VPOS="1061" HPOS="878"/>
							<String ID="string_266" HPOS="894" VPOS="1060" WIDTH="82" HEIGHT="23" WC="0.96" CONTENT="tillfälle"/>
						</TextLine>
						<TextLine ID="line_29" HPOS="426" VPOS="1087" WIDTH="548" HEIGHT="20">
							<String ID="string_267" HPOS="426" VPOS="1087" WIDTH="59" HEIGHT="19" WC="0.96" CONTENT="måtte"/><SP WIDTH="17" VPOS="1087" HPOS="485"/>
							<String ID="string_268" HPOS="502" VPOS="1089" WIDTH="118" HEIGHT="17" WC="0.96" CONTENT="undersökas"/><SP WIDTH="17" VPOS="1089" HPOS="620"/>
							<String ID="string_269" HPOS="637" VPOS="1089" WIDTH="33" HEIGHT="17" WC="0.96" CONTENT="och"/><SP WIDTH="13" VPOS="1089" HPOS="670"/>
							<String ID="string_270" HPOS="683" VPOS="1090" WIDTH="29" HEIGHT="15" WC="0.96" CONTENT="att"/><SP WIDTH="12" VPOS="1090" HPOS="712"/>
							<String ID="string_271" HPOS="724" VPOS="1089" WIDTH="58" HEIGHT="17" WC="0.93" CONTENT="medel"/><SP WIDTH="13" VPOS="1089" HPOS="782"/>
							<String ID="string_272" HPOS="795" VPOS="1089" WIDTH="67" HEIGHT="18" WC="0.96" CONTENT="därtill"/><SP WIDTH="11" VPOS="1089" HPOS="862"/>
							<String ID="string_273" HPOS="873" VPOS="1087" WIDTH="60" HEIGHT="20" WC="0.93" CONTENT="måtte"/><SP WIDTH="13" VPOS="1087" HPOS="933"/>
							<String ID="string_274" HPOS="946" VPOS="1089" WIDTH="28" HEIGHT="18" WC="0.91" CONTENT="be-"/>
						</TextLine>
						<TextLine ID="line_30" HPOS="427" VPOS="1117" WIDTH="180" HEIGHT="22">
							<String ID="string_275" HPOS="427" VPOS="1117" WIDTH="68" HEIGHT="22" WC="0.69" CONTENT="viljas;"/><SP WIDTH="13" VPOS="1117" HPOS="495"/>
							<String ID="string_276" HPOS="508" VPOS="1118" WIDTH="99" HEIGHT="21" WC="0.86" CONTENT="äfvensom"/>
						</TextLine>
					</TextBlock>
					<TextBlock ID="block_7" HPOS="428" VPOS="1144" WIDTH="546" HEIGHT="53">
						<TextLine ID="line_31" HPOS="496" VPOS="1144" WIDTH="478" HEIGHT="24">
							<String ID="string_277" HPOS="496" VPOS="1147" WIDTH="30" HEIGHT="16" WC="0.96" CONTENT="att"/><SP WIDTH="19" VPOS="1147" HPOS="526"/>
							<String ID="string_278" HPOS="545" VPOS="1144" WIDTH="58" HEIGHT="23" WC="0.95" CONTENT="nådig"/><SP WIDTH="14" VPOS="1144" HPOS="603"/>
							<String ID="string_279" HPOS="617" VPOS="1147" WIDTH="118" HEIGHT="21" WC="0.89" CONTENT="proposition"/><SP WIDTH="18" VPOS="1147" HPOS="735"/>
							<String ID="string_280" HPOS="753" VPOS="1146" WIDTH="31" HEIGHT="17" WC="0.93" CONTENT="till"/><SP WIDTH="14" VPOS="1146" HPOS="784"/>
							<String ID="string_281" HPOS="798" VPOS="1146" WIDTH="176" HEIGHT="18" WC="0.90" CONTENT="nästinstundande"/>
						</TextLine>
						<TextLine ID="line_32" HPOS="428" VPOS="1172" WIDTH="405" HEIGHT="25">
							<String ID="string_282" HPOS="428" VPOS="1174" WIDTH="95" HEIGHT="22" WC="0.85" CONTENT="landtdag"/><SP WIDTH="12" VPOS="1174" HPOS="523"/>
							<String ID="string_283" HPOS="535" VPOS="1172" WIDTH="59" HEIGHT="19" WC="0.95" CONTENT="måtte"/><SP WIDTH="11" VPOS="1172" HPOS="594"/>
							<String ID="string_284" HPOS="605" VPOS="1175" WIDTH="8" HEIGHT="15" WC="0.96" CONTENT="i"/><SP WIDTH="12" VPOS="1175" HPOS="613"/>
							<String ID="string_285" HPOS="625" VPOS="1175" WIDTH="62" HEIGHT="16" WC="0.96" CONTENT="denna"/><SP WIDTH="12" VPOS="1175" HPOS="687"/>
							<String ID="string_286" HPOS="699" VPOS="1175" WIDTH="37" HEIGHT="16" WC="0.93" CONTENT="sak"/><SP WIDTH="13" VPOS="1175" HPOS="736"/>
							<String ID="string_287" HPOS="749" VPOS="1172" WIDTH="84" HEIGHT="25" WC="0.92" CONTENT="aflätas."/>
						</TextLine>
					</TextBlock>
				</ComposedBlock>
				<ComposedBlock ID="cblock_3" HPOS="292" VPOS="1241" WIDTH="354" HEIGHT="23">
					<TextBlock ID="block_8" HPOS="292" VPOS="1241" WIDTH="354" HEIGHT="23">
						<TextLine ID="line_33" HPOS="292" VPOS="1241" WIDTH="354" HEIGHT="23">
							<String ID="string_288" HPOS="292" VPOS="1241" WIDTH="120" HEIGHT="23" WC="0.96" CONTENT="Helsingfors,"/><SP WIDTH="13" VPOS="1241" HPOS="412"/>
							<String ID="string_289" HPOS="425" VPOS="1241" WIDTH="35" HEIGHT="18" WC="0.96" CONTENT="den"/><SP WIDTH="12" VPOS="1241" HPOS="460"/>
							<String ID="string_290" HPOS="472" VPOS="1242" WIDTH="11" HEIGHT="17" WC="0.96" CONTENT="6"/><SP WIDTH="12" VPOS="1242" HPOS="483"/>
							<String ID="string_291" HPOS="495" VPOS="1242" WIDTH="89" HEIGHT="18" WC="0.96" CONTENT="Februari"/><SP WIDTH="13" VPOS="1242" HPOS="584"/>
							<String ID="string_292" HPOS="597" VPOS="1242" WIDTH="49" HEIGHT="17" WC="0.96" CONTENT="1900."/>
						</TextLine>
					</TextBlock>
				</ComposedBlock>
				<ComposedBlock ID="cblock_4" HPOS="292" VPOS="1308" WIDTH="615" HEIGHT="63">
					<TextBlock ID="block_9" HPOS="292" VPOS="1308" WIDTH="615" HEIGHT="63">
						<TextLine ID="line_34" HPOS="292" VPOS="1308" WIDTH="615" HEIGHT="29">
							<String ID="string_293" HPOS="292" VPOS="1309" WIDTH="19" HEIGHT="22" WC="0.91" CONTENT="D."/><SP WIDTH="16" VPOS="1309" HPOS="311"/>
							<String ID="string_294" HPOS="327" VPOS="1308" WIDTH="95" HEIGHT="29" WC="0.89" CONTENT="Nykänen."/><SP WIDTH="311" VPOS="1308" HPOS="422"/>
							<String ID="string_295" HPOS="733" VPOS="1309" WIDTH="56" HEIGHT="24" WC="0.90" CONTENT="Ferd."/><SP WIDTH="15" VPOS="1309" HPOS="789"/>
							<String ID="string_296" HPOS="804" VPOS="1309" WIDTH="103" HEIGHT="24" WC="0.96" CONTENT="Taskinen."/>
						</TextLine>
						<TextLine ID="line_35" HPOS="535" VPOS="1347" WIDTH="131" HEIGHT="24">
							<String ID="string_297" HPOS="535" VPOS="1348" WIDTH="18" HEIGHT="23" WC="0.91" CONTENT="K."/><SP WIDTH="17" VPOS="1348" HPOS="553"/>
							<String ID="string_298" HPOS="570" VPOS="1347" WIDTH="96" HEIGHT="24" WC="0.92" CONTENT="Ruhanen."/>
						</TextLine>
					</TextBlock>
				</ComposedBlock>
				<ComposedBlock ID="cblock_5" HPOS="290" VPOS="1521" WIDTH="385" HEIGHT="23">
					<TextBlock ID="block_10" HPOS="290" VPOS="1521" WIDTH="385" HEIGHT="23">
						<TextLine ID="line_36" HPOS="290" VPOS="1521" WIDTH="385" HEIGHT="23">
							<String ID="string_299" HPOS="290" VPOS="1521" WIDTH="186" HEIGHT="23" WC="0.90" CONTENT="Järnvägsutskottets"/><SP WIDTH="9" VPOS="1521" HPOS="476"/>
							<String ID="string_300" HPOS="485" VPOS="1521" WIDTH="110" HEIGHT="18" WC="0.96" CONTENT="betänkande"/><SP WIDTH="12" VPOS="1521" HPOS="595"/>
							<String ID="string_301" HPOS="607" VPOS="1521" WIDTH="37" HEIGHT="18" WC="0.96" CONTENT="N:o"/><SP WIDTH="14" VPOS="1521" HPOS="644"/>
							<String ID="string_302" HPOS="658" VPOS="1523" WIDTH="17" HEIGHT="16" WC="0.95" CONTENT="2."/>
						</TextLine>
					</TextBlock>
				</ComposedBlock>
			</PrintSpace>
		</Page>
	</Layout>
</alto>
