<?xml version="1.0" encoding="UTF-8"?>
<alto xmlns="http://www.loc.gov/standards/alto/ns-v3#" xmlns:xlink="http://www.w3.org/1999/xlink" xmlns:xsi="http://www.w3.org/2001/XMLSchema-instance" xsi:schemaLocation="http://www.loc.gov/standards/alto/ns-v3# http://www.loc.gov/alto/v3/alto-3-0.xsd">
	<Description>
		<MeasurementUnit>pixel</MeasurementUnit>
		<sourceImageInformation>
			<fileName>/tmp/tess_09wirfiz_input.PNG</fileName>
		</sourceImageInformation>
		<OCRProcessing ID="OCR_0">
			<ocrProcessingStep>
				<processingSoftware>
					<softwareName>tesseract 5.3.4</softwareName>
				</processingSoftware>
			</ocrProcessingStep>
		</OCRProcessing>
	</Description>
	<Layout>
		<Page WIDTH="1092" HEIGHT="1756" PHYSICAL_IMG_NR="0" ID="page_0">
			<PrintSpace HPOS="0" VPOS="0" WIDTH="1092" HEIGHT="1756">
				<ComposedBlock ID="cblock_0" HPOS="241" VPOS="168" WIDTH="552" HEIGHT="23">
					<TextBlock ID="block_0" HPOS="241" VPOS="168" WIDTH="552" HEIGHT="23">
						<TextLine ID="line_0" HPOS="241" VPOS="168" WIDTH="552" HEIGHT="23">
							<String ID="string_0" HPOS="241" VPOS="171" WIDTH="26" HEIGHT="20" WC="0.93" CONTENT="80"/><SP WIDTH="140" VPOS="171" HPOS="267"/>
							<String ID="string_1" HPOS="407" VPOS="168" WIDTH="276" HEIGHT="23" WC="0.91" CONTENT="Petitionsbetänkande"/><SP WIDTH="16" VPOS="168" HPOS="683"/>
							<String ID="string_2" HPOS="699" VPOS="168" WIDTH="44" HEIGHT="22" WC="0.96" CONTENT="N:o"/><SP WIDTH="16" VPOS="168" HPOS="743"/>
							<String ID="string_3" HPOS="759" VPOS="168" WIDTH="34" HEIGHT="22" WC="0.95" CONTENT="14."/>
						</TextLine>
					</TextBlock>
				</ComposedBlock>
				<ComposedBlock ID="cblock_1" HPOS="212" VPOS="236" WIDTH="755" HEIGHT="139">
					<TextBlock ID="block_1" HPOS="212" VPOS="236" WIDTH="755" HEIGHT="139">
						<TextLine ID="line_1" HPOS="281" VPOS="236" WIDTH="685" HEIGHT="24">
							<String ID="string_4" HPOS="281" VPOS="237" WIDTH="125" HEIGHT="19" WC="0.91" CONTENT="Alldenstund"/><SP WIDTH="17" VPOS="237" HPOS="406"/>
							<String ID="string_5" HPOS="423" VPOS="236" WIDTH="120" HEIGHT="24" WC="0.92" CONTENT="fullständiga"/><SP WIDTH="11" VPOS="236" HPOS="543"/>
							<String ID="string_6" HPOS="554" VPOS="237" WIDTH="94" HEIGHT="23" WC="0.93" CONTENT="ritningar,"/><SP WIDTH="12" VPOS="237" HPOS="648"/>
							<String ID="string_7" HPOS="660" VPOS="236" WIDTH="165" HEIGHT="24" WC="0.93" CONTENT="kostnadsförslag,"/><SP WIDTH="12" VPOS="236" HPOS="825"/>
							<String ID="string_8" HPOS="837" VPOS="236" WIDTH="129" HEIGHT="19" WC="0.92" CONTENT="rentabilitets-"/>
						</TextLine>
						<TextLine ID="line_2" HPOS="212" VPOS="264" WIDTH="754" HEIGHT="25">
							<String ID="string_9" HPOS="212" VPOS="266" WIDTH="63" HEIGHT="23" WC="0.96" CONTENT="kalkyl"/><SP WIDTH="13" VPOS="266" HPOS="275"/>
							<String ID="string_10" HPOS="288" VPOS="269" WIDTH="49" HEIGHT="15" WC="0.95" CONTENT="samt"/><SP WIDTH="11" VPOS="269" HPOS="337"/>
							<String ID="string_11" HPOS="348" VPOS="266" WIDTH="59" HEIGHT="18" WC="0.95" CONTENT="andra"/><SP WIDTH="11" VPOS="266" HPOS="407"/>
							<String ID="string_12" HPOS="418" VPOS="266" WIDTH="61" HEIGHT="18" WC="0.93" CONTENT="denna"/><SP WIDTH="10" VPOS="266" HPOS="479"/>
							<String ID="string_13" HPOS="489" VPOS="266" WIDTH="49" HEIGHT="18" WC="0.96" CONTENT="bana"/><SP WIDTH="12" VPOS="266" HPOS="538"/>
							<String ID="string_14" HPOS="550" VPOS="265" WIDTH="79" HEIGHT="19" WC="0.95" CONTENT="rörande"/><SP WIDTH="11" VPOS="265" HPOS="629"/>
							<String ID="string_15" HPOS="640" VPOS="264" WIDTH="109" HEIGHT="25" WC="0.96" CONTENT="handlingar"/><SP WIDTH="11" VPOS="264" HPOS="749"/>
							<String ID="string_16" HPOS="760" VPOS="266" WIDTH="61" HEIGHT="18" WC="0.96" CONTENT="finnas"/><SP WIDTH="12" VPOS="266" HPOS="821"/>
							<String ID="string_17" HPOS="833" VPOS="267" WIDTH="29" HEIGHT="16" WC="0.93" CONTENT="att"/><SP WIDTH="10" VPOS="267" HPOS="862"/>
							<String ID="string_18" HPOS="872" VPOS="265" WIDTH="51" HEIGHT="23" WC="0.95" CONTENT="tillgå"/><SP WIDTH="8" VPOS="265" HPOS="923"/>
							<String ID="string_19" HPOS="931" VPOS="264" WIDTH="35" HEIGHT="18" WC="0.96" CONTENT="och"/>
						</TextLine>
						<TextLine ID="line_3" HPOS="213" VPOS="294" WIDTH="754" HEIGHT="24">
							<String ID="string_20" HPOS="213" VPOS="295" WIDTH="64" HEIGHT="18" WC="0.96" CONTENT="kunna"/><SP WIDTH="17" VPOS="295" HPOS="277"/>
							<String ID="string_21" HPOS="294" VPOS="296" WIDTH="19" HEIGHT="16" WC="0.93" CONTENT="af"/><SP WIDTH="16" VPOS="296" HPOS="313"/>
							<String ID="string_22" HPOS="329" VPOS="296" WIDTH="92" HEIGHT="18" WC="0.91" CONTENT="utskottet"/><SP WIDTH="12" VPOS="296" HPOS="421"/>
							<String ID="string_23" HPOS="433" VPOS="295" WIDTH="101" HEIGHT="21" WC="0.93" CONTENT="användas,"/><SP WIDTH="13" VPOS="295" HPOS="534"/>
							<String ID="string_24" HPOS="547" VPOS="295" WIDTH="46" HEIGHT="23" WC="0.91" CONTENT="väga"/><SP WIDTH="12" VPOS="295" HPOS="593"/>
							<String ID="string_25" HPOS="605" VPOS="295" WIDTH="17" HEIGHT="17" WC="0.96" CONTENT="vi"/><SP WIDTH="12" VPOS="295" HPOS="622"/>
							<String ID="string_26" HPOS="634" VPOS="294" WIDTH="42" HEIGHT="18" WC="0.93" CONTENT="med"/><SP WIDTH="12" VPOS="294" HPOS="676"/>
							<String ID="string_27" HPOS="688" VPOS="294" WIDTH="110" HEIGHT="24" WC="0.92" CONTENT="hänvisning"/><SP WIDTH="12" VPOS="294" HPOS="798"/>
							<String ID="string_28" HPOS="810" VPOS="295" WIDTH="28" HEIGHT="17" WC="0.96" CONTENT="till"/><SP WIDTH="13" VPOS="295" HPOS="838"/>
							<String ID="string_29" HPOS="851" VPOS="294" WIDTH="58" HEIGHT="21" WC="0.96" CONTENT="dessa,"/><SP WIDTH="12" VPOS="294" HPOS="909"/>
							<String ID="string_30" HPOS="921" VPOS="295" WIDTH="46" HEIGHT="17" WC="0.96" CONTENT="utan"/>
						</TextLine>
						<TextLine ID="line_4" HPOS="212" VPOS="323" WIDTH="754" HEIGHT="24">
							<String ID="string_31" HPOS="212" VPOS="326" WIDTH="29" HEIGHT="16" WC="0.95" CONTENT="att"/><SP WIDTH="16" VPOS="326" HPOS="241"/>
							<String ID="string_32" HPOS="257" VPOS="324" WIDTH="62" HEIGHT="18" WC="0.96" CONTENT="vidare"/><SP WIDTH="18" VPOS="324" HPOS="319"/>
							<String ID="string_33" HPOS="337" VPOS="324" WIDTH="46" HEIGHT="18" WC="0.96" CONTENT="orda"/><SP WIDTH="16" VPOS="324" HPOS="383"/>
							<String ID="string_34" HPOS="399" VPOS="324" WIDTH="4" HEIGHT="18" WC="0.96" CONTENT="i"/><SP WIDTH="19" VPOS="324" HPOS="403"/>
							<String ID="string_35" HPOS="422" VPOS="324" WIDTH="61" HEIGHT="21" WC="0.96" CONTENT="saken,"/><SP WIDTH="14" VPOS="324" HPOS="483"/>
							<String ID="string_36" HPOS="497" VPOS="323" WIDTH="95" HEIGHT="19" WC="0.93" CONTENT="vördsamt"/><SP WIDTH="12" VPOS="323" HPOS="592"/>
							<String ID="string_37" HPOS="604" VPOS="323" WIDTH="73" HEIGHT="18" WC="0.92" CONTENT="anhälla"/><SP WIDTH="13" VPOS="323" HPOS="677"/>
							<String ID="string_38" HPOS="690" VPOS="328" WIDTH="30" HEIGHT="13" WC="0.97" CONTENT="om"/><SP WIDTH="11" VPOS="328" HPOS="720"/>
							<String ID="string_39" HPOS="731" VPOS="323" WIDTH="31" HEIGHT="18" WC="0.93" CONTENT="det"/><SP WIDTH="13" VPOS="323" HPOS="762"/>
							<String ID="string_40" HPOS="775" VPOS="324" WIDTH="92" HEIGHT="23" WC="0.90" CONTENT="vällofliga"/><SP WIDTH="12" VPOS="324" HPOS="867"/>
							<String ID="string_41" HPOS="879" VPOS="324" WIDTH="87" HEIGHT="22" WC="0.93" CONTENT="Borgare-"/>
						</TextLine>
						<TextLine ID="line_5" HPOS="212" VPOS="351" WIDTH="571" HEIGHT="24">
							<String ID="string_42" HPOS="212" VPOS="352" WIDTH="84" HEIGHT="18" WC="0.92" CONTENT="ständets"/><SP WIDTH="14" VPOS="352" HPOS="296"/>
							<String ID="string_43" HPOS="310" VPOS="352" WIDTH="112" HEIGHT="18" WC="0.92" CONTENT="medvärkan"/><SP WIDTH="13" VPOS="352" HPOS="422"/>
							<String ID="string_44" HPOS="435" VPOS="353" WIDTH="27" HEIGHT="17" WC="0.96" CONTENT="till"/><SP WIDTH="11" VPOS="353" HPOS="462"/>
							<String ID="string_45" HPOS="473" VPOS="352" WIDTH="81" HEIGHT="23" WC="0.93" CONTENT="följande"/><SP WIDTH="12" VPOS="352" HPOS="554"/>
							<String ID="string_46" HPOS="566" VPOS="351" WIDTH="125" HEIGHT="24" WC="0.82" CONTENT="underdäniga"/><SP WIDTH="13" VPOS="351" HPOS="691"/>
							<String ID="string_47" HPOS="704" VPOS="352" WIDTH="79" HEIGHT="23" WC="0.96" CONTENT="petition,"/>
						</TextLine>
					</TextBlock>
				</ComposedBlock>
				<ComposedBlock ID="cblock_2" HPOS="416" VPOS="418" WIDTH="551" HEIGHT="201">
					<TextBlock ID="block_2" HPOS="416" VPOS="418" WIDTH="551" HEIGHT="201">
						<TextLine ID="line_6" HPOS="487" VPOS="418" WIDTH="480" HEIGHT="26">
							<String ID="string_48" HPOS="487" VPOS="424" WIDTH="29" HEIGHT="16" WC="0.94" CONTENT="att"/><SP WIDTH="19" VPOS="424" HPOS="516"/>
							<String ID="string_49" HPOS="535" VPOS="422" WIDTH="57" HEIGHT="18" WC="0.93" CONTENT="Hans"/><SP WIDTH="20" VPOS="422" HPOS="592"/>
							<String ID="string_50" HPOS="612" VPOS="421" WIDTH="108" HEIGHT="23" WC="0.92" CONTENT="Keiserliga"/><SP WIDTH="13" VPOS="421" HPOS="720"/>
							<String ID="string_51" HPOS="733" VPOS="422" WIDTH="94" HEIGHT="21" WC="0.96" CONTENT="Majestät"/><SP WIDTH="12" VPOS="422" HPOS="827"/>
							<String ID="string_52" HPOS="839" VPOS="422" WIDTH="73" HEIGHT="18" WC="0.97" CONTENT="täcktes"/><SP WIDTH="13" VPOS="422" HPOS="912"/>
							<String ID="string_53" HPOS="925" VPOS="418" WIDTH="42" HEIGHT="21" WC="0.96" CONTENT="låta"/>
						</TextLine>
						<TextLine ID="line_7" HPOS="419" VPOS="450" WIDTH="548" HEIGHT="24">
							<String ID="string_54" HPOS="419" VPOS="450" WIDTH="90" HEIGHT="19" WC="0.71" CONTENT="utarbeta"/><SP WIDTH="9" VPOS="450" HPOS="509"/>
							<String ID="string_55" HPOS="518" VPOS="451" WIDTH="33" HEIGHT="18" WC="0.93" CONTENT="och"/><SP WIDTH="6" VPOS="451" HPOS="551"/>
							<String ID="string_56" HPOS="557" VPOS="450" WIDTH="105" HEIGHT="24" WC="0.93" CONTENT="förelägga"/><SP WIDTH="9" VPOS="450" HPOS="662"/>
							<String ID="string_57" HPOS="671" VPOS="450" WIDTH="229" HEIGHT="19" WC="0.91" CONTENT="nästsammanirädande"/><SP WIDTH="9" VPOS="450" HPOS="900"/>
							<String ID="string_58" HPOS="909" VPOS="450" WIDTH="58" HEIGHT="18" WC="0.92" CONTENT="Stän-"/>
						</TextLine>
						<TextLine ID="line_8" HPOS="419" VPOS="477" WIDTH="546" HEIGHT="26">
							<String ID="string_59" HPOS="419" VPOS="481" WIDTH="33" HEIGHT="16" WC="0.92" CONTENT="der"/><SP WIDTH="12" VPOS="481" HPOS="452"/>
							<String ID="string_60" HPOS="464" VPOS="477" WIDTH="60" HEIGHT="26" WC="0.90" CONTENT="nädig"/><SP WIDTH="12" VPOS="477" HPOS="524"/>
							<String ID="string_61" HPOS="536" VPOS="479" WIDTH="117" HEIGHT="23" WC="0.96" CONTENT="proposition"/><SP WIDTH="13" VPOS="479" HPOS="653"/>
							<String ID="string_62" HPOS="666" VPOS="484" WIDTH="28" HEIGHT="13" WC="0.96" CONTENT="om"/><SP WIDTH="13" VPOS="484" HPOS="694"/>
							<String ID="string_63" HPOS="707" VPOS="479" WIDTH="99" HEIGHT="23" WC="0.95" CONTENT="byggande"/><SP WIDTH="12" VPOS="479" HPOS="806"/>
							<String ID="string_64" HPOS="818" VPOS="481" WIDTH="27" HEIGHT="21" WC="0.96" CONTENT="af"/><SP WIDTH="8" VPOS="481" HPOS="845"/>
							<String ID="string_65" HPOS="853" VPOS="485" WIDTH="21" HEIGHT="12" WC="0.93" CONTENT="en"/><SP WIDTH="9" VPOS="485" HPOS="874"/>
							<String ID="string_66" HPOS="883" VPOS="479" WIDTH="82" HEIGHT="18" WC="0.92" CONTENT="normal-"/>
						</TextLine>
						<TextLine ID="line_9" HPOS="417" VPOS="506" WIDTH="549" HEIGHT="26">
							<String ID="string_67" HPOS="417" VPOS="506" WIDTH="69" HEIGHT="26" WC="0.91" CONTENT="spärig"/><SP WIDTH="20" VPOS="506" HPOS="486"/>
							<String ID="string_68" HPOS="506" VPOS="509" WIDTH="51" HEIGHT="18" WC="0.96" CONTENT="bana"/><SP WIDTH="11" VPOS="509" HPOS="557"/>
							<String ID="string_69" HPOS="568" VPOS="507" WIDTH="50" HEIGHT="23" WC="0.93" CONTENT="från"/><SP WIDTH="14" VPOS="507" HPOS="618"/>
							<String ID="string_70" HPOS="632" VPOS="508" WIDTH="115" HEIGHT="23" WC="0.96" CONTENT="Kangasala"/><SP WIDTH="12" VPOS="508" HPOS="747"/>
							<String ID="string_71" HPOS="759" VPOS="510" WIDTH="74" HEIGHT="16" WC="0.92" CONTENT="station"/><SP WIDTH="19" VPOS="510" HPOS="833"/>
							<String ID="string_72" HPOS="852" VPOS="507" WIDTH="6" HEIGHT="20" WC="0.65" CONTENT="ä"/><SP WIDTH="15" VPOS="507" HPOS="858"/>
							<String ID="string_73" HPOS="873" VPOS="509" WIDTH="93" HEIGHT="17" WC="0.79" CONTENT="Tammer-"/>
						</TextLine>
						<TextLine ID="line_10" HPOS="416" VPOS="535" WIDTH="551" HEIGHT="26">
							<String ID="string_74" HPOS="416" VPOS="539" WIDTH="69" HEIGHT="21" WC="0.14" CONTENT="fors"/><SP WIDTH="7" VPOS="539" HPOS="485"/>
							<String ID="string_75" HPOS="492" VPOS="538" WIDTH="50" HEIGHT="17" WC="0.44" CONTENT="Vasa"/><SP WIDTH="10" VPOS="538" HPOS="542"/>
							<String ID="string_76" HPOS="552" VPOS="538" WIDTH="83" HEIGHT="23" WC="0.96" CONTENT="järnväg"/><SP WIDTH="13" VPOS="538" HPOS="635"/>
							<String ID="string_77" HPOS="648" VPOS="537" WIDTH="30" HEIGHT="18" WC="0.95" CONTENT="till"/><SP WIDTH="13" VPOS="537" HPOS="678"/>
							<String ID="string_78" HPOS="691" VPOS="537" WIDTH="61" HEIGHT="18" WC="0.93" CONTENT="Lahti"/><SP WIDTH="11" VPOS="537" HPOS="752"/>
							<String ID="string_79" HPOS="763" VPOS="539" WIDTH="74" HEIGHT="16" WC="0.92" CONTENT="siation"/><SP WIDTH="14" VPOS="539" HPOS="837"/>
							<String ID="string_80" HPOS="851" VPOS="535" WIDTH="12" HEIGHT="20" WC="0.92" CONTENT="&amp;"/><SP WIDTH="14" VPOS="535" HPOS="863"/>
							<String ID="string_81" HPOS="877" VPOS="537" WIDTH="90" HEIGHT="23" WC="0.92" CONTENT="Helsing-"/>
						</TextLine>
						<TextLine ID="line_11" HPOS="416" VPOS="566" WIDTH="550" HEIGHT="23">
							<String ID="string_82" HPOS="416" VPOS="562" WIDTH="46" HEIGHT="31" WC="0.1" CONTENT="fors"/><SP WIDTH="24" VPOS="562" HPOS="462"/>
							<String ID="string_83" HPOS="486" VPOS="566" WIDTH="29" HEIGHT="18" WC="0.1" CONTENT="St."/><SP WIDTH="8" VPOS="566" HPOS="515"/>
							<String ID="string_84" HPOS="523" VPOS="567" WIDTH="126" HEIGHT="22" WC="0.93" CONTENT="Petersburgs"/><SP WIDTH="13" VPOS="567" HPOS="649"/>
							<String ID="string_85" HPOS="662" VPOS="566" WIDTH="64" HEIGHT="18" WC="0.96" CONTENT="banan"/><SP WIDTH="12" VPOS="566" HPOS="726"/>
							<String ID="string_86" HPOS="738" VPOS="568" WIDTH="51" HEIGHT="16" WC="0.96" CONTENT="samt"/><SP WIDTH="13" VPOS="568" HPOS="789"/>
							<String ID="string_87" HPOS="802" VPOS="568" WIDTH="30" HEIGHT="17" WC="0.93" CONTENT="att"/><SP WIDTH="13" VPOS="568" HPOS="832"/>
							<String ID="string_88" HPOS="845" VPOS="567" WIDTH="68" HEIGHT="17" WC="0.93" CONTENT="anvisa"/><SP WIDTH="8" VPOS="567" HPOS="913"/>
							<String ID="string_89" HPOS="921" VPOS="566" WIDTH="45" HEIGHT="18" WC="0.90" CONTENT="här-"/>
						</TextLine>
						<TextLine ID="line_12" HPOS="416" VPOS="596" WIDTH="194" HEIGHT="23">
							<String ID="string_90" HPOS="416" VPOS="597" WIDTH="36" HEIGHT="21" WC="0.96" CONTENT="för"/><SP WIDTH="11" VPOS="597" HPOS="452"/>
							<String ID="string_91" HPOS="463" VPOS="596" WIDTH="71" HEIGHT="23" WC="0.71" CONTENT="nödiga"/><SP WIDTH="13" VPOS="596" HPOS="534"/>
							<String ID="string_92" HPOS="547" VPOS="596" WIDTH="63" HEIGHT="18" WC="0.93" CONTENT="medel."/>
						</TextLine>
					</TextBlock>
				</ComposedBlock>
				<ComposedBlock ID="cblock_3" HPOS="282" VPOS="664" WIDTH="356" HEIGHT="24">
					<TextBlock ID="block_3" HPOS="282" VPOS="664" WIDTH="356" HEIGHT="24">
						<TextLine ID="line_13" HPOS="282" VPOS="664" WIDTH="356" HEIGHT="24">
							<String ID="string_93" HPOS="282" VPOS="664" WIDTH="123" HEIGHT="24" WC="0.95" CONTENT="Helsingfors,"/><SP WIDTH="12" VPOS="664" HPOS="405"/>
							<String ID="string_94" HPOS="417" VPOS="664" WIDTH="34" HEIGHT="19" WC="0.96" CONTENT="den"/><SP WIDTH="13" VPOS="664" HPOS="451"/>
							<String ID="string_95" HPOS="464" VPOS="665" WIDTH="11" HEIGHT="17" WC="0.97" CONTENT="8"/><SP WIDTH="13" VPOS="665" HPOS="475"/>
							<String ID="string_96" HPOS="488" VPOS="665" WIDTH="88" HEIGHT="18" WC="0.96" CONTENT="Februari"/><SP WIDTH="14" VPOS="665" HPOS="576"/>
							<String ID="string_97" HPOS="590" VPOS="665" WIDTH="48" HEIGHT="18" WC="0.96" CONTENT="1900."/>
						</TextLine>
					</TextBlock>
				</ComposedBlock>
				<ComposedBlock ID="cblock_4" HPOS="282" VPOS="722" WIDTH="616" HEIGHT="116">
					<TextBlock ID="block_4" HPOS="282" VPOS="722" WIDTH="616" HEIGHT="116">
						<TextLine ID="line_14" HPOS="283" VPOS="722" WIDTH="615" HEIGHT="24">
							<String ID="string_98" HPOS="283" VPOS="722" WIDTH="53" HEIGHT="23" WC="0.90" CONTENT="Gust."/><SP WIDTH="16" VPOS="722" HPOS="336"/>
							<String ID="string_99" HPOS="352" VPOS="722" WIDTH="45" HEIGHT="23" WC="0.92" CONTENT="Rud."/><SP WIDTH="16" VPOS="722" HPOS="397"/>
							<String ID="string_100" HPOS="413" VPOS="722" WIDTH="70" HEIGHT="23" WC="0.91" CONTENT="Idman."/><SP WIDTH="254" VPOS="722" HPOS="483"/>
							<String ID="string_101" HPOS="737" VPOS="723" WIDTH="52" HEIGHT="22" WC="0.88" CONTENT="Arth."/><SP WIDTH="16" VPOS="723" HPOS="789"/>
							<String ID="string_102" HPOS="805" VPOS="723" WIDTH="93" HEIGHT="23" WC="0.94" CONTENT="Sommer."/>
						</TextLine>
						<TextLine ID="line_15" HPOS="283" VPOS="762" WIDTH="615" HEIGHT="29">
							<String ID="string_103" HPOS="283" VPOS="762" WIDTH="18" HEIGHT="23" WC="0.94" CONTENT="H."/><SP WIDTH="16" VPOS="762" HPOS="301"/>
							<String ID="string_104" HPOS="317" VPOS="762" WIDTH="104" HEIGHT="29" WC="0.91" CONTENT="Liljeroos."/><SP WIDTH="309" VPOS="762" HPOS="421"/>
							<String ID="string_105" HPOS="730" VPOS="763" WIDTH="17" HEIGHT="23" WC="0.84" CONTENT="J."/><SP WIDTH="15" VPOS="763" HPOS="747"/>
							<String ID="string_106" HPOS="762" VPOS="763" WIDTH="20" HEIGHT="23" WC="0.84" CONTENT="A."/><SP WIDTH="13" VPOS="763" HPOS="782"/>
							<String ID="string_107" HPOS="795" VPOS="763" WIDTH="103" HEIGHT="23" WC="0.82" CONTENT="Pelkonen."/>
						</TextLine>
						<TextLine ID="line_16" HPOS="282" VPOS="803" WIDTH="585" HEIGHT="35">
							<String ID="string_108" HPOS="282" VPOS="803" WIDTH="19" HEIGHT="24" WC="0.92" CONTENT="K."/><SP WIDTH="16" VPOS="803" HPOS="301"/>
							<String ID="string_109" HPOS="317" VPOS="803" WIDTH="130" HEIGHT="29" WC="0.82" CONTENT="Wiljakainen."/><SP WIDTH="287" VPOS="803" HPOS="447"/>
							<String ID="string_110" HPOS="734" VPOS="803" WIDTH="57" HEIGHT="23" WC="0.90" CONTENT="Henr."/><SP WIDTH="15" VPOS="803" HPOS="791"/>
							<String ID="string_111" HPOS="806" VPOS="803" WIDTH="61" HEIGHT="35" WC="0.95" CONTENT="Solin."/>
						</TextLine>
					</TextBlock>
				</ComposedBlock>
				<ComposedBlock ID="cblock_5" HPOS="508" VPOS="843" WIDTH="172" HEIGHT="30">
					<TextBlock ID="block_5" HPOS="508" VPOS="843" WIDTH="172" HEIGHT="30">
						<TextLine ID="line_17" HPOS="508" VPOS="843" WIDTH="172" HEIGHT="30">
							<String ID="string_112" HPOS="508" VPOS="844" WIDTH="45" HEIGHT="23" WC="0.90" CONTENT="Axel"/><SP WIDTH="17" VPOS="844" HPOS="553"/>
							<String ID="string_113" HPOS="570" VPOS="843" WIDTH="110" HEIGHT="30" WC="0.81" CONTENT="Holmberg."/>
						</TextLine>
					</TextBlock>
				</ComposedBlock>
				<ComposedBlock ID="cblock_6" HPOS="575" VPOS="983" WIDTH="323" HEIGHT="80">
					<TextBlock ID="block_6" HPOS="575" VPOS="983" WIDTH="323" HEIGHT="80">
						<TextLine ID="line_18" HPOS="575" VPOS="983" WIDTH="35" HEIGHT="24">
							<String ID="string_114" HPOS="575" VPOS="983" WIDTH="35" HEIGHT="24" WC="0.61" CONTENT="44."/>
						</TextLine>
						<TextLine ID="line_19" HPOS="738" VPOS="1036" WIDTH="160" HEIGHT="27">
							<String ID="string_115" HPOS="738" VPOS="1036" WIDTH="160" HEIGHT="27" WC="0.52" CONTENT="(Öfversättning)."/>
						</TextLine>
					</TextBlock>
				</ComposedBlock>
				<ComposedBlock ID="cblock_7" HPOS="360" VPOS="1092" WIDTH="457" HEIGHT="19">
					<TextBlock ID="block_7" HPOS="360" VPOS="1092" WIDTH="457" HEIGHT="19">
						<TextLine ID="line_20" HPOS="360" VPOS="1092" WIDTH="457" HEIGHT="19">
							<String ID="string_116" HPOS="360" VPOS="1093" WIDTH="52" HEIGHT="17" WC="0.93" CONTENT="Till"/><SP WIDTH="17" VPOS="1093" HPOS="412"/>
							<String ID="string_117" HPOS="429" VPOS="1092" WIDTH="166" HEIGHT="19" WC="0.92" CONTENT="hedervärda"/><SP WIDTH="17" VPOS="1092" HPOS="595"/>
							<String ID="string_118" HPOS="612" VPOS="1092" WIDTH="205" HEIGHT="19" WC="0.90" CONTENT="Bondeständet."/>
						</TextLine>
					</TextBlock>
				</ComposedBlock>
				<ComposedBlock ID="cblock_8" HPOS="210" VPOS="1167" WIDTH="757" HEIGHT="338">
					<TextBlock ID="block_8" HPOS="210" VPOS="1167" WIDTH="757" HEIGHT="338">
						<TextLine ID="line_21" HPOS="281" VPOS="1167" WIDTH="686" HEIGHT="24">
							<String ID="string_119" HPOS="281" VPOS="1167" WIDTH="49" HEIGHT="18" WC="0.91" CONTENT="Värt"/><SP WIDTH="18" VPOS="1167" HPOS="330"/>
							<String ID="string_120" HPOS="348" VPOS="1167" WIDTH="53" HEIGHT="18" WC="0.91" CONTENT="lands"/><SP WIDTH="19" VPOS="1167" HPOS="401"/>
							<String ID="string_121" HPOS="420" VPOS="1167" WIDTH="70" HEIGHT="18" WC="0.95" CONTENT="snabba"/><SP WIDTH="18" VPOS="1167" HPOS="490"/>
							<String ID="string_122" HPOS="508" VPOS="1167" WIDTH="105" HEIGHT="24" WC="0.96" CONTENT="utveckling"/><SP WIDTH="16" VPOS="1167" HPOS="613"/>
							<String ID="string_123" HPOS="629" VPOS="1167" WIDTH="5" HEIGHT="18" WC="0.96" CONTENT="i"/><SP WIDTH="17" VPOS="1167" HPOS="634"/>
							<String ID="string_124" HPOS="651" VPOS="1167" WIDTH="115" HEIGHT="18" WC="0.93" CONTENT="ekonomiskt"/><SP WIDTH="12" VPOS="1167" HPOS="766"/>
							<String ID="string_125" HPOS="778" VPOS="1167" WIDTH="84" HEIGHT="18" WC="0.93" CONTENT="afseende"/><SP WIDTH="12" VPOS="1167" HPOS="862"/>
							<String ID="string_126" HPOS="874" VPOS="1167" WIDTH="58" HEIGHT="18" WC="0.96" CONTENT="under"/><SP WIDTH="12" VPOS="1167" HPOS="932"/>
							<String ID="string_127" HPOS="944" VPOS="1167" WIDTH="23" HEIGHT="18" WC="0.97" CONTENT="de"/>
						</TextLine>
						<TextLine ID="line_22" HPOS="214" VPOS="1195" WIDTH="752" HEIGHT="24">
							<String ID="string_128" HPOS="214" VPOS="1198" WIDTH="71" HEIGHT="16" WC="0.95" CONTENT="senaste"/><SP WIDTH="18" VPOS="1198" HPOS="285"/>
							<String ID="string_129" HPOS="303" VPOS="1196" WIDTH="108" HEIGHT="18" WC="0.95" CONTENT="årtiondena"/><SP WIDTH="11" VPOS="1196" HPOS="411"/>
							<String ID="string_130" HPOS="422" VPOS="1196" WIDTH="35" HEIGHT="18" WC="0.96" CONTENT="har"/><SP WIDTH="12" VPOS="1196" HPOS="457"/>
							<String ID="string_131" HPOS="469" VPOS="1196" WIDTH="28" HEIGHT="17" WC="0.96" CONTENT="sin"/><SP WIDTH="12" VPOS="1196" HPOS="497"/>
							<String ID="string_132" HPOS="509" VPOS="1196" WIDTH="60" HEIGHT="23" WC="0.96" CONTENT="grund"/><SP WIDTH="12" VPOS="1196" HPOS="569"/>
							<String ID="string_133" HPOS="581" VPOS="1197" WIDTH="6" HEIGHT="16" WC="0.93" CONTENT="i"/><SP WIDTH="11" VPOS="1197" HPOS="587"/>
							<String ID="string_134" HPOS="598" VPOS="1195" WIDTH="116" HEIGHT="19" WC="0.96" CONTENT="förbättrade"/><SP WIDTH="11" VPOS="1195" HPOS="714"/>
							<String ID="string_135" HPOS="725" VPOS="1196" WIDTH="178" HEIGHT="18" WC="0.96" CONTENT="kommunikationer"/><SP WIDTH="12" VPOS="1196" HPOS="903"/>
							<String ID="string_136" HPOS="915" VPOS="1196" WIDTH="34" HEIGHT="17" WC="0.96" CONTENT="och"/><SP WIDTH="13" VPOS="1196" HPOS="949"/>
							<String ID="string_137" HPOS="962" VPOS="1196" WIDTH="4" HEIGHT="17" WC="0.96" CONTENT="i"/>
						</TextLine>
						<TextLine ID="line_23" HPOS="214" VPOS="1224" WIDTH="753" HEIGHT="24">
							<String ID="string_138" HPOS="214" VPOS="1225" WIDTH="100" HEIGHT="23" WC="0.96" CONTENT="synnerhet"/><SP WIDTH="12" VPOS="1225" HPOS="314"/>
							<String ID="string_139" HPOS="326" VPOS="1225" WIDTH="5" HEIGHT="17" WC="0.93" CONTENT="i"/><SP WIDTH="13" VPOS="1225" HPOS="331"/>
							<String ID="string_140" HPOS="344" VPOS="1225" WIDTH="109" HEIGHT="22" WC="0.93" CONTENT="utvidgning"/><SP WIDTH="12" VPOS="1225" HPOS="453"/>
							<String ID="string_141" HPOS="465" VPOS="1224" WIDTH="19" HEIGHT="18" WC="0.93" CONTENT="af"/><SP WIDTH="10" VPOS="1224" HPOS="484"/>
							<String ID="string_142" HPOS="494" VPOS="1225" WIDTH="142" HEIGHT="23" WC="0.90" CONTENT="järnvägsnätet."/><SP WIDTH="25" VPOS="1225" HPOS="636"/>
							<String ID="string_143" HPOS="661" VPOS="1225" WIDTH="72" HEIGHT="17" WC="0.88" CONTENT="Hittills"/><SP WIDTH="13" VPOS="1225" HPOS="733"/>
							<String ID="string_144" HPOS="746" VPOS="1224" WIDTH="34" HEIGHT="18" WC="0.96" CONTENT="har"/><SP WIDTH="11" VPOS="1224" HPOS="780"/>
							<String ID="string_145" HPOS="791" VPOS="1231" WIDTH="43" HEIGHT="11" WC="0.96" CONTENT="man"/><SP WIDTH="11" VPOS="1231" HPOS="834"/>
							<String ID="string_146" HPOS="845" VPOS="1225" WIDTH="46" HEIGHT="18" WC="0.93" CONTENT="dock"/><SP WIDTH="9" VPOS="1225" HPOS="891"/>
							<String ID="string_147" HPOS="900" VPOS="1225" WIDTH="67" HEIGHT="18" WC="0.92" CONTENT="nästan"/>
						</TextLine>
						<TextLine ID="line_24" HPOS="212" VPOS="1253" WIDTH="754" HEIGHT="23">
							<String ID="string_148" HPOS="212" VPOS="1253" WIDTH="117" HEIGHT="18" WC="0.92" CONTENT="uteslutande"/><SP WIDTH="17" VPOS="1253" HPOS="329"/>
							<String ID="string_149" HPOS="346" VPOS="1253" WIDTH="42" HEIGHT="18" WC="0.92" CONTENT="haft"/><SP WIDTH="17" VPOS="1253" HPOS="388"/>
							<String ID="string_150" HPOS="405" VPOS="1253" WIDTH="6" HEIGHT="17" WC="0.93" CONTENT="i"/><SP WIDTH="12" VPOS="1253" HPOS="411"/>
							<String ID="string_151" HPOS="423" VPOS="1253" WIDTH="47" HEIGHT="18" WC="0.93" CONTENT="sikte"/><SP WIDTH="11" VPOS="1253" HPOS="470"/>
							<String ID="string_152" HPOS="481" VPOS="1253" WIDTH="106" HEIGHT="23" WC="0.96" CONTENT="byggandet"/><SP WIDTH="11" VPOS="1253" HPOS="587"/>
							<String ID="string_153" HPOS="598" VPOS="1253" WIDTH="20" HEIGHT="18" WC="0.93" CONTENT="af"/><SP WIDTH="12" VPOS="1253" HPOS="618"/>
							<String ID="string_154" HPOS="630" VPOS="1253" WIDTH="110" HEIGHT="20" WC="0.92" CONTENT="stambanor,"/><SP WIDTH="13" VPOS="1253" HPOS="740"/>
							<String ID="string_155" HPOS="753" VPOS="1259" WIDTH="41" HEIGHT="12" WC="0.96" CONTENT="men"/><SP WIDTH="12" VPOS="1259" HPOS="794"/>
							<String ID="string_156" HPOS="806" VPOS="1253" WIDTH="25" HEIGHT="18" WC="0.96" CONTENT="dä"/><SP WIDTH="12" VPOS="1253" HPOS="831"/>
							<String ID="string_157" HPOS="843" VPOS="1253" WIDTH="53" HEIGHT="18" WC="0.96" CONTENT="dessa"/><SP WIDTH="11" VPOS="1253" HPOS="896"/>
							<String ID="string_158" HPOS="907" VPOS="1253" WIDTH="6" HEIGHT="18" WC="0.93" CONTENT="i"/><SP WIDTH="11" VPOS="1253" HPOS="913"/>
							<String ID="string_159" HPOS="924" VPOS="1255" WIDTH="42" HEIGHT="16" WC="0.89" CONTENT="när-"/>
						</TextLine>
						<TextLine ID="line_25" HPOS="213" VPOS="1281" WIDTH="754" HEIGHT="23">
							<String ID="string_160" HPOS="213" VPOS="1284" WIDTH="58" HEIGHT="15" WC="0.90" CONTENT="maste"/><SP WIDTH="17" VPOS="1284" HPOS="271"/>
							<String ID="string_161" HPOS="288" VPOS="1281" WIDTH="77" HEIGHT="18" WC="0.90" CONTENT="framtid"/><SP WIDTH="18" VPOS="1281" HPOS="365"/>
							<String ID="string_162" HPOS="383" VPOS="1282" WIDTH="62" HEIGHT="17" WC="0.91" CONTENT="närma"/><SP WIDTH="20" VPOS="1282" HPOS="445"/>
							<String ID="string_163" HPOS="465" VPOS="1282" WIDTH="28" HEIGHT="22" WC="0.96" CONTENT="sig"/><SP WIDTH="19" VPOS="1282" HPOS="493"/>
							<String ID="string_164" HPOS="512" VPOS="1282" WIDTH="27" HEIGHT="17" WC="0.93" CONTENT="sin"/><SP WIDTH="17" VPOS="1282" HPOS="539"/>
							<String ID="string_165" HPOS="556" VPOS="1281" WIDTH="110" HEIGHT="21" WC="0.92" CONTENT="fullbordan,"/><SP WIDTH="16" VPOS="1281" HPOS="666"/>
							<String ID="string_166" HPOS="682" VPOS="1281" WIDTH="26" HEIGHT="18" WC="0.96" CONTENT="ha"/><SP WIDTH="16" VPOS="1281" HPOS="708"/>
							<String ID="string_167" HPOS="724" VPOS="1281" WIDTH="32" HEIGHT="18" WC="0.93" CONTENT="allt"/><SP WIDTH="13" VPOS="1281" HPOS="756"/>
							<String ID="string_168" HPOS="769" VPOS="1282" WIDTH="83" HEIGHT="17" WC="0.91" CONTENT="starkare"/><SP WIDTH="12" VPOS="1282" HPOS="852"/>
							<String ID="string_169" HPOS="864" VPOS="1281" WIDTH="103" HEIGHT="23" WC="0.92" CONTENT="fordringar"/>
						</TextLine>
						<TextLine ID="line_26" HPOS="213" VPOS="1308" WIDTH="753" HEIGHT="23">
							<String ID="string_170" HPOS="213" VPOS="1309" WIDTH="92" HEIGHT="22" WC="0.92" CONTENT="uppstälts"/><SP WIDTH="16" VPOS="1309" HPOS="305"/>
							<String ID="string_171" HPOS="321" VPOS="1310" WIDTH="23" HEIGHT="21" WC="0.93" CONTENT="pä"/><SP WIDTH="13" VPOS="1310" HPOS="344"/>
							<String ID="string_172" HPOS="357" VPOS="1308" WIDTH="165" HEIGHT="17" WC="0.91" CONTENT="ästadkommande"/><SP WIDTH="12" VPOS="1308" HPOS="522"/>
							<String ID="string_173" HPOS="534" VPOS="1309" WIDTH="19" HEIGHT="16" WC="0.93" CONTENT="af"/><SP WIDTH="11" VPOS="1309" HPOS="553"/>
							<String ID="string_174" HPOS="564" VPOS="1308" WIDTH="188" HEIGHT="23" WC="0.91" CONTENT="sammanbindnings-"/><SP WIDTH="13" VPOS="1308" HPOS="752"/>
							<String ID="string_175" HPOS="765" VPOS="1309" WIDTH="35" HEIGHT="17" WC="0.93" CONTENT="och"/><SP WIDTH="10" VPOS="1309" HPOS="800"/>
							<String ID="string_176" HPOS="810" VPOS="1309" WIDTH="83" HEIGHT="17" WC="0.89" CONTENT="bibanor."/><SP WIDTH="24" VPOS="1309" HPOS="893"/>
							<String ID="string_177" HPOS="917" VPOS="1309" WIDTH="49" HEIGHT="17" WC="0.89" CONTENT="Här-"/>
						</TextLine>
						<TextLine ID="line_27" HPOS="212" VPOS="1335" WIDTH="754" HEIGHT="24">
							<String ID="string_178" HPOS="212" VPOS="1336" WIDTH="30" HEIGHT="18" WC="0.96" CONTENT="vid"/><SP WIDTH="18" VPOS="1336" HPOS="242"/>
							<String ID="string_179" HPOS="260" VPOS="1337" WIDTH="75" HEIGHT="17" WC="0.93" CONTENT="komma"/><SP WIDTH="17" VPOS="1337" HPOS="335"/>
							<String ID="string_180" HPOS="352" VPOS="1336" WIDTH="118" HEIGHT="23" WC="0.91" CONTENT="naturligtvis"/><SP WIDTH="18" VPOS="1336" HPOS="470"/>
							<String ID="string_181" HPOS="488" VPOS="1335" WIDTH="23" HEIGHT="18" WC="0.93" CONTENT="de"/><SP WIDTH="18" VPOS="1335" HPOS="511"/>
							<String ID="string_182" HPOS="529" VPOS="1337" WIDTH="70" HEIGHT="16" WC="0.93" CONTENT="trakter"/><SP WIDTH="16" VPOS="1337" HPOS="599"/>
							<String ID="string_183" HPOS="615" VPOS="1336" WIDTH="5" HEIGHT="18" WC="0.96" CONTENT="i"/><SP WIDTH="12" VPOS="1336" HPOS="620"/>
							<String ID="string_184" HPOS="632" VPOS="1336" WIDTH="59" HEIGHT="18" WC="0.92" CONTENT="första"/><SP WIDTH="17" VPOS="1336" HPOS="691"/>
							<String ID="string_185" HPOS="708" VPOS="1339" WIDTH="80" HEIGHT="15" WC="0.91" CONTENT="rummet"/><SP WIDTH="12" VPOS="1339" HPOS="788"/>
							<String ID="string_186" HPOS="800" VPOS="1337" WIDTH="4" HEIGHT="16" WC="0.93" CONTENT="i"/><SP WIDTH="13" VPOS="1337" HPOS="804"/>
							<String ID="string_187" HPOS="817" VPOS="1337" WIDTH="58" HEIGHT="22" WC="0.92" CONTENT="fräga,"/><SP WIDTH="16" VPOS="1337" HPOS="875"/>
							<String ID="string_188" HPOS="891" VPOS="1337" WIDTH="75" HEIGHT="18" WC="0.93" CONTENT="hvarest"/>
						</TextLine>
						<TextLine ID="line_28" HPOS="213" VPOS="1364" WIDTH="753" HEIGHT="25">
							<String ID="string_189" HPOS="213" VPOS="1364" WIDTH="140" HEIGHT="24" WC="0.91" CONTENT="folkmängdens"/><SP WIDTH="22" VPOS="1364" HPOS="353"/>
							<String ID="string_190" HPOS="375" VPOS="1364" WIDTH="58" HEIGHT="18" WC="0.96" CONTENT="täthet"/><SP WIDTH="21" VPOS="1364" HPOS="433"/>
							<String ID="string_191" HPOS="454" VPOS="1365" WIDTH="35" HEIGHT="17" WC="0.96" CONTENT="och"/><SP WIDTH="18" VPOS="1365" HPOS="489"/>
							<String ID="string_192" HPOS="507" VPOS="1365" WIDTH="119" HEIGHT="18" WC="0.91" CONTENT="ekonomiska"/><SP WIDTH="17" VPOS="1365" HPOS="626"/>
							<String ID="string_193" HPOS="643" VPOS="1365" WIDTH="91" HEIGHT="21" WC="0.95" CONTENT="välstånd,"/><SP WIDTH="19" VPOS="1365" HPOS="734"/>
							<String ID="string_194" HPOS="753" VPOS="1367" WIDTH="26" HEIGHT="16" WC="0.93" CONTENT="ett"/><SP WIDTH="17" VPOS="1367" HPOS="779"/>
							<String ID="string_195" HPOS="796" VPOS="1365" WIDTH="47" HEIGHT="24" WC="0.93" CONTENT="högt"/><SP WIDTH="17" VPOS="1365" HPOS="843"/>
							<String ID="string_196" HPOS="860" VPOS="1365" WIDTH="106" HEIGHT="18" WC="0.92" CONTENT="utveckladt"/>
						</TextLine>
						<TextLine ID="line_29" HPOS="211" VPOS="1393" WIDTH="756" HEIGHT="25">
							<String ID="string_197" HPOS="211" VPOS="1393" WIDTH="90" HEIGHT="23" WC="0.96" CONTENT="jordbruk"/><SP WIDTH="18" VPOS="1393" HPOS="301"/>
							<String ID="string_198" HPOS="319" VPOS="1393" WIDTH="35" HEIGHT="18" WC="0.92" CONTENT="och"/><SP WIDTH="18" VPOS="1393" HPOS="354"/>
							<String ID="string_199" HPOS="372" VPOS="1393" WIDTH="83" HEIGHT="18" WC="0.93" CONTENT="rationell"/><SP WIDTH="12" VPOS="1393" HPOS="455"/>
							<String ID="string_200" HPOS="467" VPOS="1394" WIDTH="149" HEIGHT="23" WC="0.96" CONTENT="boskapsskötsel"/><SP WIDTH="13" VPOS="1394" HPOS="616"/>
							<String ID="string_201" HPOS="629" VPOS="1396" WIDTH="49" HEIGHT="15" WC="0.93" CONTENT="samt"/><SP WIDTH="12" VPOS="1396" HPOS="678"/>
							<String ID="string_202" HPOS="690" VPOS="1394" WIDTH="71" HEIGHT="18" WC="0.96" CONTENT="tillfälle"/><SP WIDTH="12" VPOS="1394" HPOS="761"/>
							<String ID="string_203" HPOS="773" VPOS="1395" WIDTH="28" HEIGHT="17" WC="0.93" CONTENT="till"/><SP WIDTH="12" VPOS="1395" HPOS="801"/>
							<String ID="string_204" HPOS="813" VPOS="1395" WIDTH="122" HEIGHT="23" WC="0.96" CONTENT="anläggandet"/><SP WIDTH="12" VPOS="1395" HPOS="935"/>
							<String ID="string_205" HPOS="947" VPOS="1395" WIDTH="20" HEIGHT="18" WC="0.97" CONTENT="af"/>
						</TextLine>
						<TextLine ID="line_30" HPOS="210" VPOS="1422" WIDTH="755" HEIGHT="24">
							<String ID="string_206" HPOS="210" VPOS="1422" WIDTH="116" HEIGHT="19" WC="0.91" CONTENT="industriella"/><SP WIDTH="11" VPOS="1422" HPOS="326"/>
							<String ID="string_207" HPOS="337" VPOS="1423" WIDTH="123" HEIGHT="23" WC="0.88" CONTENT="inrättningar"/><SP WIDTH="11" VPOS="1423" HPOS="460"/>
							<String ID="string_208" HPOS="471" VPOS="1425" WIDTH="97" HEIGHT="21" WC="0.93" CONTENT="garantera"/><SP WIDTH="12" VPOS="1425" HPOS="568"/>
							<String ID="string_209" HPOS="580" VPOS="1423" WIDTH="70" HEIGHT="18" WC="0.93" CONTENT="banans"/><SP WIDTH="10" VPOS="1423" HPOS="650"/>
							<String ID="string_210" HPOS="660" VPOS="1423" WIDTH="115" HEIGHT="18" WC="0.91" CONTENT="rentabilitet."/><SP WIDTH="23" VPOS="1423" HPOS="775"/>
							<String ID="string_211" HPOS="798" VPOS="1423" WIDTH="35" HEIGHT="18" WC="0.96" CONTENT="Om"/><SP WIDTH="10" VPOS="1423" HPOS="833"/>
							<String ID="string_212" HPOS="843" VPOS="1429" WIDTH="22" HEIGHT="12" WC="0.93" CONTENT="en"/><SP WIDTH="9" VPOS="1429" HPOS="865"/>
							<String ID="string_213" HPOS="874" VPOS="1429" WIDTH="91" HEIGHT="13" WC="0.92" CONTENT="samman-"/>
						</TextLine>
						<TextLine ID="line_31" HPOS="211" VPOS="1451" WIDTH="754" HEIGHT="24">
							<String ID="string_214" HPOS="211" VPOS="1451" WIDTH="148" HEIGHT="24" WC="0.92" CONTENT="bindningsbana"/><SP WIDTH="19" VPOS="1451" HPOS="359"/>
							<String ID="string_215" HPOS="378" VPOS="1451" WIDTH="89" HEIGHT="22" WC="0.92" CONTENT="därjämte"/><SP WIDTH="17" VPOS="1451" HPOS="467"/>
							<String ID="string_216" HPOS="484" VPOS="1452" WIDTH="82" HEIGHT="17" WC="0.96" CONTENT="kommer"/><SP WIDTH="19" VPOS="1452" HPOS="566"/>
							<String ID="string_217" HPOS="585" VPOS="1453" WIDTH="28" HEIGHT="16" WC="0.96" CONTENT="att"/><SP WIDTH="17" VPOS="1453" HPOS="613"/>
							<String ID="string_218" HPOS="630" VPOS="1451" WIDTH="30" HEIGHT="18" WC="0.96" CONTENT="för"/><SP WIDTH="12" VPOS="1451" HPOS="660"/>
							<String ID="string_219" HPOS="672" VPOS="1451" WIDTH="114" HEIGHT="18" WC="0.88" CONTENT="vidsträckta"/><SP WIDTH="14" VPOS="1451" HPOS="786"/>
							<String ID="string_220" HPOS="800" VPOS="1451" WIDTH="103" HEIGHT="20" WC="0.90" CONTENT="landsdelar"/><SP WIDTH="12" VPOS="1451" HPOS="903"/>
							<String ID="string_221" HPOS="915" VPOS="1453" WIDTH="50" HEIGHT="18" WC="0.90" CONTENT="med-"/>
						</TextLine>
						<TextLine ID="line_32" HPOS="210" VPOS="1480" WIDTH="755" HEIGHT="25">
							<String ID="string_222" HPOS="210" VPOS="1481" WIDTH="42" HEIGHT="18" WC="0.92" CONTENT="föra"/><SP WIDTH="17" VPOS="1481" HPOS="252"/>
							<String ID="string_223" HPOS="269" VPOS="1487" WIDTH="48" HEIGHT="18" WC="0.89" CONTENT="gagn"/><SP WIDTH="19" VPOS="1487" HPOS="317"/>
							<String ID="string_224" HPOS="336" VPOS="1483" WIDTH="48" HEIGHT="16" WC="0.96" CONTENT="samt"/><SP WIDTH="18" VPOS="1483" HPOS="384"/>
							<String ID="string_225" HPOS="402" VPOS="1483" WIDTH="27" HEIGHT="16" WC="0.96" CONTENT="att"/><SP WIDTH="18" VPOS="1483" HPOS="429"/>
							<String ID="string_226" HPOS="447" VPOS="1480" WIDTH="91" HEIGHT="24" WC="0.93" CONTENT="betydligt"/><SP WIDTH="12" VPOS="1480" HPOS="538"/>
							<String ID="string_227" HPOS="550" VPOS="1481" WIDTH="83" HEIGHT="18" WC="0.93" CONTENT="förkorta"/><SP WIDTH="13" VPOS="1481" HPOS="633"/>
							<String ID="string_228" HPOS="646" VPOS="1482" WIDTH="152" HEIGHT="23" WC="0.92" CONTENT="transportvägen"/><SP WIDTH="11" VPOS="1482" HPOS="798"/>
							<String ID="string_229" HPOS="809" VPOS="1481" WIDTH="30" HEIGHT="19" WC="0.96" CONTENT="för"/><SP WIDTH="13" VPOS="1481" HPOS="839"/>
							<String ID="string_230" HPOS="852" VPOS="1488" WIDTH="21" HEIGHT="12" WC="0.97" CONTENT="en"/><SP WIDTH="13" VPOS="1488" HPOS="873"/>
							<String ID="string_231" HPOS="886" VPOS="1483" WIDTH="39" HEIGHT="17" WC="0.97" CONTENT="stor"/><SP WIDTH="11" VPOS="1483" HPOS="925"/>
							<String ID="string_232" HPOS="936" VPOS="1482" WIDTH="29" HEIGHT="18" WC="0.97" CONTENT="del"/>
						</TextLine>
					</TextBlock>
				</ComposedBlock>
				<ComposedBlock ID="cblock_9" HPOS="279" VPOS="1522" WIDTH="415" HEIGHT="23">
					<TextBlock ID="block_9" HPOS="279" VPOS="1522" WIDTH="415" HEIGHT="23">
						<TextLine ID="line_33" HPOS="279" VPOS="1522" WIDTH="415" HEIGHT="23">
							<String ID="string_233" HPOS="279" VPOS="1522" WIDTH="202" HEIGHT="23" WC="0.91" CONTENT="Järnvägsutskottets"/><SP WIDTH="14" VPOS="1522" HPOS="481"/>
							<String ID="string_234" HPOS="495" VPOS="1522" WIDTH="119" HEIGHT="18" WC="0.91" CONTENT="betänkande"/><SP WIDTH="12" VPOS="1522" HPOS="614"/>
							<String ID="string_235" HPOS="626" VPOS="1522" WIDTH="38" HEIGHT="18" WC="0.96" CONTENT="N:o"/><SP WIDTH="12" VPOS="1522" HPOS="664"/>
							<String ID="string_236" HPOS="676" VPOS="1523" WIDTH="18" HEIGHT="16" WC="0.96" CONTENT="2."/>
						</TextLine>
					</TextBlock>
				</ComposedBlock>
			</PrintSpace>
		</Page>
	</Layout>
</alto>
