1064 1709
256 156 83 24 Ständ.
355 158 52 22 Pet.
425 171 28 3 —
467 158 170 24 Petitionsbet.
653 158 42 23 N:o
710 159 37 23 12.
857 160 14 21 3

118 227 36 21 Då
171 228 80 22 härtill
270 232 63 18 ännu
350 229 102 21 kommer
469 229 46 22 den
527 229 208 29 omständigheten,
749 232 36 20 att
797 229 73 29 sagda

117 262 92 29 privata
227 262 280 30 fortbildningsläroverk,
524 264 71 29 jemte
612 263 40 22 det
669 263 28 21 de
715 264 100 28 förelagt
833 264 36 29 sig

116 296 125 29 uppgiften
268 299 35 19 att
329 297 91 22 utbilda
446 297 136 28 lärarinnor,
605 298 68 21 äfven
693 297 9 22 i
722 298 82 29 regeln
821 297 48 22 till-

118 330 94 23 erkänts
231 328 179 25 dimissionsrätt
427 331 37 22 till
476 331 168 29 universitetet,
656 331 71 23 hafva
739 332 131 22 Ständerna

118 367 77 20 ansett
213 365 52 22 dem
281 365 53 22 med
351 367 26 21 så
394 366 95 29 mycket
506 369 73 20 större
597 366 51 22 skäl
662 367 80 22 kunna
753 366 116 22 likställas

117 399 53 23 med
191 400 75 29 öfriga
287 400 9 22 i
315 400 82 22 landet
417 400 122 29 befintliga
556 400 213 29 läroinrättningar,
788 401 81 22 hvilka

118 435 93 28 åtnjuta
232 442 85 15 samma
339 435 179 22 dimissionsrätt
535 434 44 23 och
596 435 71 30 derpå
685 435 121 30 grundade
824 435 45 22 för-

117 470 86 21 måner.

186 504 71 22 Hvad
280 503 110 30 slutligen
413 505 72 28 angår
507 504 39 22 det
566 505 9 21 i
601 504 86 29 nådiga
713 504 156 29 kungörelsen

118 539 24 22 af
167 537 46 24 den
240 539 30 22 21
299 539 51 22 Juli
373 539 64 21 1898
458 539 188 22 förekommande
666 539 119 29 uttrycket
804 539 65 28 ,full-

118 573 107 29 ständigt
253 573 111 30 lyceum",
393 573 72 22 borde
495 573 132 28 detsamma,
655 574 75 29 enligt
760 573 110 22 Ständer-

118 616 42 14 nas
187 608 68 29 äsigt,
282 608 37 22 till
345 607 176 30 förebyggande
545 608 24 22 af
590 608 82 29 möjlig
704 607 166 30 misstolkning

118 643 95 29 utbytas
234 645 48 20 mot
303 643 171 28 benämningen
493 643 150 29 ,läroanstalt
661 643 52 22 med
731 642 141 22 dimissions-

118 679 49 20 rätt
183 677 38 22 till
238 677 183 28 universitetet",
441 681 55 19 enär
513 679 85 21 största
616 677 66 22 delen
696 677 23 22 af
730 676 91 23 landets
834 677 38 22 till

118 712 164 22 universitetet
299 711 98 23 ledande
413 712 184 29 privatläroverk
609 712 95 22 officielt
715 712 52 22 icke
779 711 93 22 benäm-

119 755 42 14 nas
181 747 110 29 ylyceer*,
310 747 73 22 ehuru
401 746 27 22 de
447 747 37 22 till
502 747 36 22 sin
553 747 94 29 uppgift
659 746 44 23 och
714 746 105 30 läroplan
832 750 39 18 äro

119 781 53 24 med
190 781 116 22 desamma
323 781 117 22 likstälda.

189 815 53 23 Med
263 816 108 23 afseende
393 817 14 20 &
426 816 63 23 hvad
510 816 70 22 ofvan
604 815 138 23 framhällits
760 815 24 22 fä
803 814 69 23 Stän-

120 851 72 23 derna
217 851 42 23 hos
285 851 74 22 Eders
379 851 131 30 Kejserliga
529 851 110 29 Majestät
659 850 8 22 i
686 849 188 30 underdänighet

121 886 102 23 anhålla:

394 923 32 19 att
448 929 65 14 mom.
537 923 10 19 1
570 921 10 21 i
597 921 80 28 nådiga
694 921 138 27 kungörelsen
849 920 30 27 af

328 957 41 20 den
387 957 26 20 21
430 956 49 21 Juli
496 957 65 26 1898,
579 955 108 28 angående
705 955 119 28 behörighet
841 954 34 21 till

327 991 79 21 lärare-
426 991 38 21 och
482 990 195 28 lärarinnetjenster
694 990 37 21 vid
745 989 62 28 högre
818 989 55 27 folk-

327 1026 68 21 skolor
414 1025 11 20 i
445 1025 71 22 landet
535 1027 57 20 samt
613 1025 60 20 dessa
691 1024 96 27 tjensters
805 1024 68 21 besät-

328 1060 62 21 tande
413 1059 111 28 äfvensom
551 1059 58 22 tiden
634 1059 35 28 för
688 1059 120 20 desammas
829 1057 44 21 till-

328 1095 38 21 och
386 1094 132 27 afträdande,
540 1093 65 28 blefve
625 1093 93 21 ändradt
737 1092 86 27 derhän,
844 1093 32 20 att

329 1129 46 27 den,
392 1135 47 14 som
454 1129 121 28 genomgått
593 1127 125 22 läroanstalt
734 1127 49 21 med
797 1126 77 21 dimis-

328 1164 103 20 sionsrätt
449 1163 33 21 till
497 1162 146 22 universitetet
660 1162 49 21 eller
720 1161 68 21 minst
801 1163 75 18 tvenne

329 1199 78 20 klasser
433 1197 28 28 af
478 1199 79 20 statens
577 1195 247 30 fortbildningsläroverk
841 1194 36 28 för

329 1232 147 28 fruntimmer,
494 1232 57 27 finge
568 1233 43 19 rätt
628 1232 37 25 att,
682 1230 53 28 efter
752 1229 124 28 afläggande

329 1267 29 27 af
365 1266 130 28 föreskrifna
507 1265 176 28 kompletterande
690 1264 73 28 förhör
773 1264 39 21 och
818 1263 59 28 prof,

329 1301 66 21 varda
412 1301 86 21 anstäld
514 1301 71 20 såsom
604 1299 68 21 lärare
689 1299 50 21 eller
762 1298 115 21 lärarinna

330 1335 37 21 vid
383 1335 62 26 högre
462 1335 101 26 folkskola
580 1334 9 19 i
605 1334 49 19 stad
671 1333 37 20 och
721 1333 33 26 på
772 1332 76 20 landet.

194 1401 113 29 Finlands
327 1400 100 23 Ständer
445 1399 132 24 framhärda
595 1402 42 20 etc.

194 1472 154 30 Helsingfors,
366 1470 45 23 den
430 1472 14 21 6
463 1470 69 31 April
552 1470 71 22 1900.
