1064 1709
185 147 13 20 8
316 146 84 22 Ständ.
415 145 55 23 Pet.
485 158 28 4 —
528 145 172 23 Petitionsbet.
716 144 43 23 N:o
774 144 34 22 11.

185 219 87 20 tvenne
290 216 121 28 tidningar
428 216 40 22 vid
487 216 107 28 äfventyr
611 216 24 21 af
652 215 143 29 indragning
813 214 76 30 ålagts
906 216 36 20 att

185 251 95 28 ombyta
304 250 110 28 ansvarig
434 250 124 29 utgifvare.
593 249 91 22 Härvid
702 254 25 18 är
746 251 35 20 att
798 249 88 28 märka,
906 250 36 20 att

184 285 66 22 detta
277 288 39 26 egt
342 292 51 15 rum
419 286 31 28 på
478 285 134 27 tillstyrkan
639 284 23 22 af
688 284 161 22 konsultativa
866 290 75 22 press-

184 319 105 22 komitén
316 319 43 22 och
386 318 98 23 oaktadt
509 319 109 22 tillvaron
640 319 24 21 af
688 318 253 29 censurmyndigheter,

184 356 58 20 utan
274 354 92 22 hvilkas
398 353 141 29 föregående
567 353 145 29 granskning
738 354 60 20 intet
825 353 117 28 tidnings-

184 395 106 15 nummer
307 388 46 22 fått
370 388 91 21 utdelas
476 388 71 21 bland
560 387 162 22 allmänheten.
741 387 74 21 Arten
828 387 23 22 af
864 387 78 21 denna

184 422 147 29 granskning
349 422 47 21 kan
414 422 108 22 bedömas
541 422 71 27 deraf,
625 424 36 18 att
676 421 264 29 pressombudsmännen

184 456 36 22 uti
243 456 51 22 icke
313 455 90 23 mindre
421 460 30 18 än
469 456 107 28 omkring
593 456 87 28 fyratio
698 455 115 22 särskilda
831 455 110 28 cirkulär,

186 490 72 22 sedan
275 491 83 28 början
376 491 22 21 af
417 492 26 20 år
462 490 64 22 1899
545 490 122 22 utfärdade
686 490 23 22 af
727 490 215 28 pressöfverstyrel-

184 532 41 15 sen
243 526 30 28 på
290 526 254 28 generalguvernörens
562 524 72 28 order,
654 524 78 22 blifvit
754 527 92 26 strängt
859 524 82 28 ålagdt

185 562 35 19 att
238 560 133 27 öfvervaka,
391 562 34 19 att
443 560 8 20 i
469 559 152 29 tidningarna
638 559 52 22 icke
708 560 72 21 måtte
797 559 144 22 förekomma

184 594 74 29 några
276 594 127 28 anstötliga
422 594 55 21 eller
495 594 148 22 tendensiösa
661 593 138 22 uttalanden
817 593 99 22 rörande
932 594 9 20 i

185 628 131 22 cirkulären
340 628 153 30 uppräknade
520 629 84 28 frågor.
640 628 37 28 Ja,
696 628 8 22 i
730 628 62 22 vissa
810 628 42 22 fall
870 628 70 22 hafva

184 663 38 22 till
249 663 44 22 och
314 663 53 22 med
385 663 261 29 pressombudsmännen
665 663 79 22 blifvit
762 662 123 23 anbefalda
904 665 37 19 att

184 697 85 23 hindra
293 698 222 28 offentliggörandet
540 698 9 21 i
576 697 199 29 tidningspressen
803 698 23 21 af
858 696 82 30 hvarje

185 732 122 22 uttalande
324 732 100 22 rörande
443 734 34 20 ett
495 732 56 22 eller
569 735 72 19 annat
660 736 74 18 ämne.
761 732 99 29 Följden
872 732 68 21 häraf

184 766 43 22 har
245 766 68 22 äfven
331 766 68 28 varit,
419 768 34 20 att
471 766 175 23 innehållandet
665 766 23 22 af
704 766 106 22 enskilda
824 766 117 29 tidnings-

184 808 105 15 nummer
306 808 84 22 genom
405 800 227 30 pressombudsmans
645 800 83 29 åtgärd
741 801 79 22 blifvit
832 808 29 14 en
874 803 67 20 snart

184 835 69 30 sagdt
271 836 113 29 alldaglig
402 835 117 23 händelse.

254 870 43 22 Att
320 871 250 29 indragningsmakten
594 871 39 21 det
650 870 98 22 oaktadt
766 871 61 29 tagit
844 872 36 28 sig
899 878 40 14 an-

183 905 98 29 ledning
307 908 35 20 att
369 906 8 21 i
404 906 71 21 ofvan
502 905 96 29 angifna
622 905 141 29 omfattning
780 905 160 29 undertrycka

184 940 45 21 den
246 940 134 28 periodiska
398 948 99 20 pressen,
517 940 101 28 hvilken,
637 940 103 22 frånsedt
759 941 73 27 något
847 940 92 22 mindre

183 974 139 22 välbetänkt
347 974 116 29 yttrande,
482 975 112 29 iakttagit
615 982 28 14 en
664 972 92 24 hofsam
774 974 43 22 och
835 974 104 22 måttfull

183 1008 109 29 hållning
319 1011 59 19 samt
404 1009 51 21 icke
479 1009 54 21 låtit
554 1010 36 28 sig
608 1008 64 22 ledas
691 1009 24 21 af
732 1008 206 30 vinningslystnad

184 1042 56 22 eller
262 1043 73 22 andra
361 1042 134 30 ohederliga
512 1044 79 27 motiv,
610 1044 67 20 beror
694 1043 148 22 uteslutande
860 1044 30 28 på
909 1050 30 14 en

182 1077 209 29 missuppfattning
419 1078 23 21 af
468 1078 212 29 tidningspressens
706 1078 94 28 uppgift
827 1078 43 22 och
892 1078 45 21 den

183 1111 113 29 ställning
314 1112 76 21 denna
407 1112 93 28 intager
517 1112 8 21 i
543 1112 86 22 landet.
653 1111 51 23 Den
717 1112 161 28 vexelverkan,
888 1120 49 14 som

183 1146 43 22 bör
243 1146 56 22 råda
317 1146 86 22 mellan
419 1147 110 29 regering
546 1146 44 22 och
607 1146 50 22 folk
676 1147 7 21 i
702 1149 34 19 ett
748 1146 191 22 konstitutionelt

182 1180 118 28 samhälle,
318 1181 131 27 förmedlas,
463 1182 74 21 såsom
555 1181 72 21 redan
647 1180 101 29 antydts,
761 1182 134 28 naturligen
914 1182 25 21 af

182 1222 29 14 en
229 1215 76 22 vaken
324 1215 44 21 och
383 1215 168 22 fosterländskt
563 1215 83 22 sinnad
659 1215 176 29 tidningspress.
853 1216 85 22 Denna

181 1249 95 28 uppgift
293 1249 71 20 hafva
381 1249 152 28 tidningarna
545 1250 8 20 i
565 1249 102 21 Finland
686 1250 58 20 efter
761 1250 105 28 förmåga
883 1250 55 20 sökt

182 1282 59 28 fylla
258 1282 44 21 och
320 1281 82 22 dervid
420 1282 8 21 i
445 1282 68 29 långt
530 1283 71 27 högre
619 1282 59 29 grad
696 1282 61 22 varit
775 1283 108 28 språkrör
900 1284 38 20 för

181 1315 85 22 folkets
294 1316 100 29 opinion,
415 1319 29 18 än
464 1316 78 22 ledare
567 1316 23 22 af
611 1316 83 22 denna.
729 1316 12 21 I
759 1317 179 23 öfverensstäm-

181 1350 69 22 melse
277 1350 53 22 med
358 1350 76 22 denna
461 1351 94 29 opinion
581 1350 43 22 har
645 1351 200 29 tidningspressen
866 1351 70 22 äfven

182 1385 110 22 särskildt
319 1385 8 21 i
354 1385 67 29 fråga
449 1393 36 14 om
508 1385 114 22 Finlands
640 1386 112 29 ställning
774 1386 37 22 till
828 1386 109 29 Kejsare-

182 1419 77 23 dömet
276 1419 82 23 häfdat
376 1420 45 22 den
439 1420 160 30 uppfattning,
618 1423 35 19 att
671 1421 71 28 ingen
760 1421 136 29 förändring
912 1422 25 21 af

181 1454 77 22 denna
282 1454 103 30 lagligen
406 1455 47 22 kan
475 1456 144 28 genomföras
637 1458 57 19 utan
713 1456 91 22 landets
823 1456 113 22 Ständers
