1064 1709
215 168 26 21 12
399 163 2 2 *
419 164 251 24 Petitionsbetänkande
684 165 38 22 N:o
737 164 21 23 9.

213 230 23 21 af
249 229 133 27 grundlönen
398 229 47 21 med
460 230 43 20 400
517 228 36 23 mk
567 229 34 21 för
611 228 97 26 samtliga
718 228 69 22 lärare
798 228 39 21 och
848 228 120 21 lärarinnor

212 264 68 22 skulle
302 264 82 22 således
406 263 95 22 medföra
516 263 92 27 följande
624 263 92 22 tillskott
731 263 7 21 i
752 262 213 28 folkskolebudgeten

212 298 34 22 för
260 300 61 20 nästa
336 298 151 27 finansperiod:

213 361 72 22 1901.
317 376 40 6 2.
425 377 75 5 0.0.
537 360 247 27 800,000
640 346 16 47 +
675 360 106 27 86,000—
814 360 92 26 886,000
922 360 43 21 mk.

213 396 71 21 1902.
314 412 5 5 2
422 411 75 6 0.0.
534 395 249 26 886,000
640 381 15 46 +
672 395 109 26 86,000=
812 395 92 25 972000
936 412 9 10 ,

213 430 71 22 1903.
388 447 111 4 0.0.
535 429 370 28 9T2,000
640 416 12 46 +
672 429 233 28 86,000—=1,058,000
936 430 29 25 i

214 465 72 21 194.
319 482 2 4 2
423 482 40 4 L
493 464 413 28 1,058,000
644 450 13 47 4
668 450 80 47 86,000
762 450 15 47 =
793 464 113 28 1,144,000

692 506 86 20 Summa
792 504 116 27 4,060,000
923 504 43 21 mk.

281 574 78 22 Härtill
374 574 83 22 komme
473 574 40 21 den
529 574 22 22 af
564 574 143 27 grundlönens
722 574 120 27 förhöjning
853 573 115 27 betingade

214 609 105 26 ökningen
342 609 24 20 af
386 609 152 27 statsbidraget
559 609 32 21 till
613 608 178 28 älderstilläggen,
807 614 45 16 som
868 608 97 26 approxi-

212 644 75 20 mativt
309 644 42 20 kan
375 643 126 27 uppskattas
524 643 32 21 till
578 643 28 21 60
616 643 27 26 %
659 642 42 26 (för
716 643 68 21 lärare
800 643 28 21 50
836 642 27 28 %
879 642 39 22 och
932 642 36 20 för

212 677 117 22 lärarinnor
352 677 54 27 66,67
415 677 36 27 9/,)
474 677 23 22 af
518 678 36 21 det
568 678 7 21 i
590 678 159 26 propositionen
771 676 137 27 kalkylerade
929 676 38 21 be-

212 712 79 26 loppet,
307 712 91 21 säledes:

350 775 53 21 1901
480 791 41 5 0.0
588 792 39 4 0.0.0.
658 775 114 26 108,000
786 774 42 22 mk.

350 809 56 22 1902
517 826 110 6 0.0.0.
659 810 113 25 120000
800 826 11 10 ,

350 844 55 22 1903
446 862 3 3 .
481 861 4 5 .
525 831 100 44 0.0.0.
661 831 108 44 132,00
801 862 9 9 ,

351 865 55 45 1904
657 895 4 4 .
679 879 91 26 150,000
801 896 9 10 ,

579 919 85 22 Summa
679 919 93 27 510,000
786 919 42 22 mk.

280 988 78 22 Inalles
381 988 69 22 skulle
473 989 82 21 säledes
575 989 39 21 den
629 988 24 22 af
665 989 166 27 petitionärerne
846 988 121 27 föreslagna

212 1023 197 27 löneförhöjningen
434 1022 111 23 förorsaka
570 1024 128 21 statsverket
720 1030 25 14 en
769 1023 55 21 ökad
847 1022 64 28 utgift
933 1022 34 22 för

211 1060 61 19 nästa
294 1057 144 27 finansperiod
460 1058 22 20 af
503 1058 114 26 4,570,000
639 1058 43 22 mk.
715 1058 37 21 Ett
774 1058 56 21 inom
854 1057 113 22 Utskottet

210 1092 142 22 framkastadt
362 1092 80 26 förslag
453 1098 33 16 om
497 1093 43 21 200
548 1093 45 21 mks
602 1093 167 26 löneförhöjning
777 1092 69 22 skulle
854 1092 113 27 naturligt-

211 1127 31 21 vis
264 1125 96 23 medföra
382 1133 26 15 en
431 1126 78 28 ökning
531 1127 23 21 af
575 1126 79 22 hälften
674 1127 51 21 eller
740 1126 113 27 2,285,000
868 1126 42 26 mk,
926 1126 41 22 och

211 1161 41 21 den
274 1161 24 21 af
318 1166 26 16 en
368 1162 108 20 minoritet
490 1162 7 20 i
513 1161 165 22 Statsutskottet
695 1161 35 21 vid
746 1161 54 21 1897
816 1161 34 22 ärs
864 1161 103 27 landtdag

210 1195 96 21 uttalade
329 1195 78 21 tanken
431 1194 28 28 pä
480 1202 27 15 en
527 1195 120 27 förhöjning
663 1195 23 21 af
701 1195 41 22 100
756 1196 36 20 mk
807 1202 26 15 en
849 1196 79 26 ökning
943 1195 25 21 af

212 1229 114 27 1,142,500
348 1229 41 21 mk.
420 1230 42 20 Det
484 1232 29 24 är,
529 1230 69 22 säsom
621 1235 68 21 synes,
705 1230 7 21 i
727 1230 63 26 ingen
804 1230 100 21 händelse
920 1230 46 21 smä

210 1262 93 27 utgifter,
319 1268 45 16 som
380 1269 26 15 en
421 1263 120 27 förhöjning
556 1263 23 21 af
589 1263 132 26 grundlönen
732 1262 69 22 skulle
812 1263 153 21 ästadkomma.

280 1296 38 21 Om
338 1296 111 22 Utskottet
463 1296 27 26 pä
505 1297 89 21 anförda
608 1296 47 20 skäl
670 1297 46 20 icke
732 1297 81 21 kunnat
828 1296 85 22 förorda
928 1297 36 20 nä-

210 1336 41 21 gon
274 1330 120 28 förhöjning
413 1331 23 21 af
453 1332 150 26 statsbidraget
618 1331 33 21 till
666 1331 299 27 folkskollärarepersonalens

210 1364 99 28 aflöning,
335 1365 23 22 sä
388 1366 44 21 vidt
462 1366 122 21 densamma
609 1365 88 22 innebär
722 1366 75 27 själfva
821 1366 144 27 grundlönens

210 1400 89 26 ökande,
315 1400 23 22 sä
357 1400 39 21 har
413 1400 14 21 å
441 1400 66 22 andra
523 1400 58 22 sidan
597 1402 32 20 ett
643 1401 57 21 inom
716 1400 113 22 Utskottet
843 1400 123 22 framstäldt

209 1434 79 27 förslag
306 1440 34 16 om
360 1441 25 15 en
400 1435 85 26 partiell
500 1435 121 27 förhöjning
637 1434 22 22 af
673 1435 26 21 de
714 1436 122 26 periodiska
850 1436 115 22 älderstill-

208 1470 76 25 läggen
300 1470 74 20 vunnit
390 1469 123 22 Utskottets
528 1470 162 26 godkännande.

277 1508 102 18 Allmänna
390 1508 173 19 Besvärsutskottets
576 1509 112 18 betänkande
699 1510 35 18 N:o
747 1510 17 18 8.
