1064 1709
293 150 269 24 Petitionsbetänkande
578 152 40 22 N:o
633 153 35 21 20.
820 153 13 21 3

112 224 63 17 nerna,
188 221 27 17 att
227 225 41 13 man
282 220 113 18 åtminstone
408 220 60 18 skulle
480 220 20 18 få
511 226 23 12 en
547 221 63 21 sådan,
622 221 30 17 till
664 221 36 18 alla
711 221 112 23 rusdrycker
834 222 29 22 sig

112 248 116 22 hänförande
240 248 36 23 lag,
289 248 28 18 uti
329 248 76 18 hvilken
418 249 99 18 städernas
528 250 38 16 rätt
578 251 27 16 att
617 249 47 18 efter
676 251 41 21 eget
729 249 133 23 godtfinnande

113 276 71 18 erhålla
199 278 27 16 ett
241 276 59 24 dylikt
318 276 59 23 skydd
392 276 62 19 blefve
470 277 24 23 på
510 279 27 16 ett
552 277 175 18 tillfredsställande
745 279 37 16 sätt
796 282 67 18 garan-

111 305 74 18 teradb>.

181 333 160 23 Petitionsförslag
359 334 7 17 i
382 333 66 19 sädant
463 334 47 23 syfte
525 334 116 18 inlemnades
656 334 7 18 i
678 334 37 18 alla
731 334 60 22 ständ,
805 335 34 17 och
855 335 7 17 i

114 361 136 23 Ridderskapet
268 362 35 18 och
321 362 62 18 Adeln
398 362 97 23 bifogades
511 363 101 18 detsamma
625 363 33 17 149
669 363 193 18 kommunalstämmo-

111 390 67 22 beslut,
192 391 6 17 i
211 391 64 18 hvilka
287 390 92 24 begärdes
391 391 113 23 förbudslag,
517 394 47 16 samt
576 393 28 21 25,
616 392 63 18 hvilka
691 392 64 22 afsägo
763 392 100 18 inskränk-

111 420 47 22 ning
170 419 20 18 af
200 420 194 23 rusdryckshandeln
387 415 11 32 ;
404 416 67 36 härtill
483 420 52 19 lades
548 423 49 16 ännu
605 421 7 17 i
621 425 69 13 samma
697 420 85 23 riktning
790 421 72 22 gående

112 448 108 18 uttalanden
228 448 132 18 underskrifna
368 448 21 18 af
396 449 62 21 22,162
465 449 87 19 enskilda
558 450 119 22 medborgare
683 450 7 17 i
697 448 89 19 Finlands
793 449 69 19 städer.

181 477 63 18 Såsom
260 482 23 13 en
298 477 52 18 frukt
365 477 21 18 af
399 478 61 18 denna
472 478 78 23 petition
562 478 34 18 bör
608 482 60 17 anses,
680 480 27 16 att
718 478 111 23 regeringen
841 479 22 17 år

111 506 45 19 1889
171 506 78 18 utsände
265 512 24 12 en
304 506 115 18 ämbetsman
432 506 29 18 för
473 508 28 17 att
513 507 76 18 studera
600 506 242 24 rusdryckslagstiftningen
854 508 7 17 i

111 534 100 24 Tyskland,
226 535 91 18 Schweitz
333 535 35 18 och
384 535 94 17 Danmark
491 537 47 16 samt
550 536 56 22 något
617 540 66 13 senare
695 535 86 18 nedsatte
794 540 22 12 en
829 536 32 18 ko-

111 564 50 22 mité,
174 564 75 18 hvilken
263 564 47 22 egde
323 566 27 15 att
360 564 88 18 utarbeta
456 563 69 23 förslag
533 564 29 18 till
569 569 35 18 nya
612 564 130 22 förordningar
747 564 114 18 beträffande

111 592 235 23 bränvinstillverkningen
359 592 34 18 och
406 592 90 18 -handeln
508 598 53 12 m.m.
578 593 27 17 På
612 592 63 18 denna
682 592 79 18 komités
769 592 94 19 särskilda

112 622 86 17 anhållan
213 621 133 19 införskaffade
362 622 110 22 visserligen
488 622 90 18 Handels-
591 622 34 18 och
637 622 225 22 Industri-expeditionen

111 651 24 23 på
151 650 107 23 embetsväg
274 652 48 16 samt
337 650 137 19 öfverlemnade
489 651 29 18 till
533 651 92 18 komiténs
638 650 109 23 disposition
760 650 67 23 utdrag
839 656 23 13 ur

112 680 166 22 bränvinslagarna
287 680 7 18 i
301 681 84 17 staterna
393 680 72 18 Kansas
472 680 34 18 och
513 680 63 18 Maine
584 680 28 18 uti
618 679 158 19 Nord-Amerikas
783 680 80 18 Förenta

112 710 63 16 stater.
194 708 69 18 Härtill
275 708 112 18 inskränkte
400 709 29 22 sig
441 708 23 18 de
477 709 91 23 åtgärder,
582 714 38 13 som
630 708 85 23 utgjorde
724 713 42 13 svar
777 708 25 24 på
813 710 49 17 stän-

113 738 67 18 dernas
192 738 79 22 petition
284 739 26 16 att
323 742 23 13 en
359 738 96 22 »grundlig
467 738 147 22 undersökning«
624 737 62 19 skulle
692 737 95 23 företagas
796 738 67 17 omfat-

112 766 56 18 tande
183 766 142 18 förhällandena
340 767 11 17 &
366 766 63 19 skilda
450 768 50 16 orter
514 767 7 17 i
533 767 51 17 hem-
596 766 35 18 och
649 766 90 21 utlandet,
750 766 74 18 hvarest
835 768 27 16 to-

112 795 36 18 talt
160 795 47 18 eller
218 795 77 23 partielt
306 794 68 19 förbud
386 797 38 16 mot
436 795 112 23 rusdrycker
560 800 43 13 vore
616 795 90 23 gällande.

181 824 8 18 I
202 824 191 18 öfverensstämmelse
403 824 43 18 med
456 824 47 18 hvad
514 829 42 13 man
564 824 19 18 af
592 824 54 18 dessa
654 823 136 19 förberedelser
799 823 64 19 kunde

112 854 59 21 vänta,
189 852 54 19 förde
261 853 172 22 landtdagsarbetet
450 853 22 17 år
486 853 43 18 1891
546 853 42 18 icke
604 852 7 18 i
627 852 100 18 nämnvärd
743 852 45 22 grad
804 851 59 19 folket

113 884 38 16 mot
164 882 31 18 det
207 882 141 18 eftersträfvade
361 882 63 20 mälet,
436 881 70 18 allmän
518 882 108 22 förbudslag
636 882 46 18 eller
691 881 112 18 ätminstone
812 881 51 17 kom-

112 912 63 17 munal
187 911 119 18 förbudsrätt.

182 940 64 17 Trötta
262 939 20 18 af
296 940 23 17 de
331 939 91 18 fruktlösa
434 939 179 23 ansträngningarna
625 939 24 17 ha
661 938 67 18 folkets
741 938 58 22 djupa
810 938 54 18 leder

113 968 60 18 under
185 968 32 18 det
228 968 34 18 sist
273 968 89 18 förflutna
374 968 94 18 årtiondet
478 968 44 17 icke
534 972 66 18 genom
610 967 62 18 direkt
679 966 28 18 till
717 966 100 18 ständerna
825 967 38 17 rik-

113 997 43 18 tade
172 997 151 23 masspetitioner
338 996 54 23 gifvit
407 996 74 23 uttryck
496 997 20 17 åt
530 996 29 18 sin
575 996 80 22 opinion.
683 995 43 18 Men
742 995 55 18 deras
814 995 51 23 åsigt

114 1026 35 18 och
164 1026 147 22 förhoppningar
325 1026 25 17 ha
365 1026 59 17 under
437 1025 61 18 denna
509 1025 29 18 tid
549 1025 43 17 icke
604 1024 95 19 förändrat
711 1024 33 23 sig.
768 1024 95 23 Uppmun-

113 1054 53 18 trade
179 1054 20 18 af
210 1054 22 17 de
245 1059 63 13 varma
320 1054 81 22 känslor,
414 1059 38 12 som
465 1054 23 22 på
500 1058 66 14 senare
579 1053 28 18 tid
616 1053 24 17 ha
648 1054 72 16 närmat
729 1052 134 23 medborgarne

113 1084 29 17 till
158 1083 108 21 hvarandra,
282 1083 35 17 och
333 1082 20 18 af
366 1082 32 18 det
410 1082 117 23 deltagande,
539 1087 39 13 som
591 1082 23 18 de
627 1081 58 23 djupa
696 1081 87 18 ledernas
796 1082 68 16 intres-

113 1118 33 12 sen
163 1117 54 18 synas
232 1112 24 17 ha
271 1112 54 17 väckt
340 1112 34 17 hos
389 1112 38 16 alla
442 1111 166 21 samhällsklasser,
624 1110 24 17 ha
661 1110 22 18 de
695 1110 47 22 ånyo
755 1110 55 22 vågat
821 1112 43 20 taga

114 1141 29 22 sig
155 1140 50 18 talan
218 1140 6 17 i
237 1139 61 19 denna
311 1140 37 17 sak.
373 1139 87 18 Starkare
474 1140 34 17 och
520 1144 51 13 mera
584 1138 90 22 enhälligt
685 1140 24 16 än
722 1138 92 22 någonsin
825 1137 40 18 förr

114 1170 24 17 ha
155 1168 23 18 de
197 1168 145 23 tillkännagifvit
361 1168 29 18 sin
408 1168 72 18 saknad
494 1168 20 17 af
527 1168 34 18 och
577 1168 30 17 sin
621 1166 76 19 fordran
715 1167 24 22 på
756 1166 32 18 det
805 1166 59 24 skydd

114 1200 37 15 mot
168 1198 147 22 rusdryckernas
334 1196 114 23 härjningar,
467 1202 38 12 som
524 1196 22 18 de
566 1196 20 18 så
604 1196 55 22 länge
680 1196 23 17 ha
721 1194 92 24 förgäfves
831 1195 33 17 be-

114 1228 46 21 gärt.
189 1226 9 18 I
214 1226 40 18 vårt
269 1226 55 18 stånd
342 1225 53 19 torde
415 1225 59 17 finnas
493 1226 55 21 högst
564 1224 20 18 få
601 1224 126 20 medlemmar,
741 1223 65 18 hvilka
820 1223 43 18 icke

114 1255 20 18 af
147 1255 42 18 sina
202 1255 72 18 valmän
286 1254 60 18 skulle
360 1254 76 18 erhållit
448 1259 23 12 en
483 1254 101 23 uttrycklig
596 1253 113 23 uppmaning
721 1254 27 16 att
759 1251 32 19 vid
803 1252 62 18 denna

114 1283 89 23 landtdag
222 1283 69 17 sträfva
309 1283 28 17 till
354 1282 94 18 ernående
464 1282 20 18 af
498 1282 36 18 den
548 1281 122 23 lagstiftning,
684 1286 40 12 som
739 1280 59 22 enligt
810 1280 55 18 deras

114 1312 96 23 oryggliga
227 1311 121 23 öfvertygelse
368 1312 21 17 är
403 1311 38 18 den
456 1311 48 18 enda
519 1312 49 16 rätta
582 1310 6 18 i
604 1309 89 19 afseende
705 1310 11 17 &
728 1308 82 18 handeln
822 1308 42 18 med

114 1340 121 22 rusdrycker:
252 1345 22 12 en
290 1340 67 17 allmän
370 1339 107 21 förbudslag
493 1339 47 17 hvad
556 1338 88 18 beträffar
658 1337 55 17 dessa
727 1337 89 22 dryckers
831 1342 33 12 an-

114 1368 97 18 vändande
225 1373 37 12 som
276 1366 164 24 njutningsmedel,
452 1366 54 22 eller,
518 1372 29 12 om
560 1372 24 12 en
596 1366 58 18 sådan
666 1365 30 23 lag
707 1365 42 17 icke
759 1365 38 17 kan
803 1364 62 18 åstad-

114 1397 88 21 kommas,
222 1396 112 18 åtminstone
352 1397 38 16 rätt
404 1395 30 18 för
449 1394 133 19 kommunerna
598 1396 27 16 att
640 1394 50 18 inom
702 1394 33 18 sitt
746 1392 75 19 område
833 1393 32 19 be-

115 1428 67 20 gränsa
199 1426 34 17 och
252 1424 85 24 förbjuda
351 1424 80 19 nämnda
448 1424 73 18 handel
546 1424 39 18 Och
603 1423 102 18 detsamma
722 1423 59 17 uttala
796 1422 23 18 de
831 1422 36 18 250

114 1453 278 24 kommunalstämmoprotokoll
406 1456 50 16 samt
470 1453 22 18 de
505 1452 21 20 af
535 1458 39 13 mer
586 1454 24 17 än
623 1452 73 22 140,000
707 1452 95 18 fullvuxna
814 1451 51 18 med-

183 1506 179 18 Ekonomiutskottets
375 1504 111 18 betänkande
500 1504 37 18 N:o
550 1504 18 19 8.
