1064 1720
322 155 249 24 Petitionsbetänkande
586 157 37 22 N:o
639 157 34 22 26.
815 160 24 19 19

115 230 36 13 ens
174 224 118 25 därigenom
310 225 44 20 kan
378 225 110 27 afhjälpas,
510 229 31 17 att
562 227 91 20 lärarnes
676 227 57 20 löner
754 228 60 26 höjas
834 229 34 19 till

115 254 29 18 ett
167 253 63 26 nägot
252 253 64 26 högre
338 254 74 26 belopp
428 258 26 16 än
468 255 8 19 i
491 256 181 20 statsläroverken.
702 256 74 20 Denna
790 257 76 26 förhöj-

115 281 50 26 ning
180 281 79 20 medför
274 282 92 25 äterigen
382 283 43 19 helt
440 284 100 25 naturligt
556 284 40 20 den
606 285 116 25 olägenhet,
734 287 30 17 att
774 285 26 20 de
809 286 57 19 kom-

114 310 82 19 munala
217 310 135 26 utskylderna
374 311 119 26 härigenom
511 313 50 20 ökas
577 313 38 20 och
630 313 65 20 blifva
710 313 70 20 alltför
794 314 72 20 betun-

113 338 74 26 gande.
218 339 74 20 Städer
313 339 132 25 förekomma,
469 341 7 18 i
498 341 72 20 hvilka
591 342 121 25 taxeringen
734 342 33 20 för
782 343 84 20 skolans

113 367 65 20 behof
190 369 61 24 utgör
265 370 74 18 nästan
355 375 25 13 en
394 369 101 26 tredjedel
510 369 24 20 af
546 370 47 20 hela
608 370 203 27 taxeringssumman.

181 402 46 21 Den
249 403 144 20 ledsammaste
416 404 136 26 olägenheten
574 405 32 19 för
627 405 95 20 eleverna
744 406 6 19 i
774 406 54 19 slika
843 407 22 19 4-

113 431 50 20 eller
179 431 114 26 5-klassiga
309 431 69 20 skolor
394 435 22 16 är
431 432 45 27 den,
492 435 32 17 att
538 433 26 20 de
580 433 18 26 ej
614 436 48 17 veta
676 434 26 25 pä
716 434 85 20 hvilken
811 435 54 19 bana

112 460 25 20 de
153 460 59 20 skola
227 460 67 20 vända
309 460 39 26 sig,
364 460 63 20 sedan
443 461 25 20 de
483 462 117 20 absolverat
615 462 84 20 skolans
714 462 101 26 lärokurs,
832 464 31 18 sä-

112 488 62 20 framt
190 489 25 19 de
230 489 66 19 önska
311 489 97 20 fortsätta
423 490 45 20 sina
484 490 84 21 studier.
593 490 32 20 De
640 494 34 16 äro
690 491 43 20 ofta
748 492 68 20 nödda
826 492 38 20 och

111 520 94 24 tvungna
223 520 30 18 att
272 518 83 26 afbryta
370 518 40 20 alla
425 519 133 21 sträfvanden
573 520 31 19 för
620 520 32 20 sin
667 520 69 20 vidare
751 520 112 26 förkofran,

112 546 133 21 alldenstund
259 546 137 27 fullständiga
410 548 144 20 läroanstalter
569 548 23 20 af
605 555 77 13 samma
696 552 33 17 art
740 549 7 19 i
758 550 25 20 de
798 552 66 18 större

111 576 97 20 städerna
225 576 64 20 redan
304 576 62 20 hafva
380 576 101 27 fulltaligt
496 578 108 24 elevantal,
620 578 38 19 och
674 585 32 13 om
721 578 60 20 äfven
796 579 68 25 någon

111 605 56 26 ledig
189 606 55 25 plats
267 608 54 17 ännu
343 605 74 20 funnes
440 606 7 19 i
470 606 51 25 dem,
543 608 23 19 sä
588 609 102 24 mottagas
710 607 36 20 där
762 607 18 26 ej
796 608 68 20 elever

110 634 47 20 frän
175 635 63 19 andra
257 634 76 24 skolor,
348 635 8 18 i
371 634 35 20 det
420 642 48 13 man
483 643 59 12 anser
557 635 77 20 sädana
649 637 67 19 elever
732 636 62 20 hafva
808 636 56 26 gjort

110 663 145 26 underhaltiga
269 663 100 26 framsteg
385 663 38 20 och
439 664 118 26 därigenom
572 664 64 21 blifva
647 665 153 20 vederbörande
810 665 52 20 läro-

110 692 51 20 verk
176 692 33 19 till
224 699 51 13 men.

177 728 39 18 Att
238 726 98 21 behofvet
358 727 23 19 af
400 727 144 20 läroanstalter
566 727 47 21 med
628 727 48 20 flere
691 728 81 20 klasser
787 728 7 19 i
810 729 52 19 smä-

110 755 97 20 städerna
229 759 22 17 är
273 756 121 25 trängande,
410 756 82 21 bevisas
507 757 47 20 bäst
568 757 23 20 af
605 757 39 20 den
657 757 68 26 jämnt
740 757 122 26 tilltagande

109 785 170 20 elevfrekvensen
301 785 60 20 äfven
376 786 27 25 pä
418 785 107 21 skolornas
539 785 119 22 nuvarande
673 786 134 26 ståndpunkt,
823 787 39 19 och

109 814 68 20 skulle
200 814 56 20 detta
279 814 102 20 elevantal
402 815 8 19 i
432 815 74 26 många
525 815 69 20 städer
609 815 63 20 redan
687 815 26 26 pä
728 822 28 13 nu
770 815 92 20 förefint-

109 843 43 26 liga
166 843 81 20 klasser
262 843 66 25 enligt
342 843 68 24 säkra,
426 844 26 25 pä
463 844 142 20 erfarenheten
614 844 74 20 stödda
696 844 106 26 uppgifter
812 851 50 13 vara

108 872 48 20 vida
179 875 72 22 större,
274 879 33 13 om
330 872 96 20 skolorna
448 879 48 13 vore
518 872 136 26 fullständiga
674 872 49 20 eller
739 873 121 26 8-klassiga.

107 901 51 20 Icke
173 902 65 19 heller
252 901 59 20 torde
327 908 46 12 man
388 908 56 13 mera
458 902 70 20 kunna
542 908 49 14 anse
607 902 67 19 denna
683 902 117 20 föråldrade
810 909 51 19 upp-

108 930 92 26 fattning
215 933 73 23 utgöra
303 930 47 20 stöd
365 929 32 21 för
413 930 35 20 det
458 930 176 26 äskädningssätt,
650 933 31 17 att
696 931 74 20 endast
784 932 23 19 sä
817 931 44 20 kal-

107 959 47 20 lade
180 959 129 26 goss-skolor
334 958 90 26 förtjena
445 959 123 26 fullständig
590 960 124 20 subvention
737 960 23 19 af
782 962 74 18 staten.

107 988 46 20 Den
169 988 60 20 äfven
244 989 27 25 pä
286 988 57 20 detta
358 988 82 20 omräde
455 996 70 12 vunna
539 988 142 20 erfarenheten
692 989 37 19 har
739 988 63 20 redan
813 988 46 26 tyd-

107 1016 40 27 ligt
169 1017 117 26 ädagalagt,
309 1019 31 17 att
362 1016 53 20 bäda
437 1017 79 20 könens
538 1017 167 26 samuppfostran
720 1018 40 19 och
776 1018 83 19 -under-

107 1046 84 25 visning
206 1049 23 17 är
243 1046 58 20 såväl
316 1045 72 26 möjlig
404 1052 43 14 som
463 1046 7 19 i
485 1046 43 20 lika
542 1046 52 26 grad
610 1046 96 26 behöfiig.

175 1074 33 21 Då
230 1082 47 12 man
299 1081 73 19 genom
394 1074 137 26 utvidgandet
553 1075 23 20 af
589 1075 114 20 samskolor
717 1075 7 19 i
739 1076 47 19 vårt
800 1075 60 20 lands

107 1104 79 20 mindre
202 1104 70 20 städer
286 1103 70 20 kunde
370 1104 129 26 undanrödja
514 1104 25 20 de
555 1104 81 24 brister,
652 1104 71 20 hvilka
738 1110 28 14 nu
782 1107 34 17 äro
826 1104 32 20 rä-

107 1132 67 21 dande
196 1133 7 19 i
227 1132 59 20 deras
305 1132 189 21 skolförhällanden
510 1133 38 20 och
563 1133 86 20 sälunda
664 1132 82 21 krafvet
762 1134 27 25 pä
804 1133 55 20 skol-

106 1162 95 26 bildning
224 1162 32 20 för
277 1162 67 25 bägge
366 1162 67 20 könen
452 1162 26 26 pä
494 1162 54 20 olika
563 1165 55 17 orter
632 1162 226 26 blefve"tillgodosedt,

106 1192 23 18 sä
151 1192 64 24 vägar
235 1191 37 25 jag
290 1190 106 20 vördsamt
417 1190 76 20 föreslä
508 1194 30 16 att
554 1191 107 25 Styrelsen
682 1191 64 19 mätte
762 1191 96 19 anmodas

105 1219 86 26 vidtaga
206 1220 63 19 sädan
285 1219 79 25 ätgärd,

311 1290 29 17 att
354 1288 23 19 de
392 1288 102 19 säkallade
509 1289 21 18 4-
547 1288 35 19 och
597 1288 111 25 5-klassiga
721 1288 137 19 samskolorna

241 1317 8 19 i
272 1316 43 20 värt
338 1316 58 20 lands
414 1316 77 20 mindre
506 1317 67 19 städer
587 1316 49 25 efter
650 1316 54 19 hand
718 1315 59 21 mätte
792 1317 65 19 utvid-

241 1351 42 18 gas,
305 1345 9 19 i
336 1345 45 19 män
401 1345 25 23 af
438 1345 87 23 behofvet
535 1345 31 24 pä
579 1345 68 23 hvarje
663 1346 37 22 ort,
715 1345 33 18 till
762 1344 96 19 ättaklas-

241 1373 45 24 siga
299 1373 57 19 reala
371 1373 117 24 samskolor,
505 1372 81 20 ledande
601 1372 33 19 till
648 1372 142 24 universitetet,
805 1374 53 18 samt

241 1403 30 17 att
285 1401 23 19 de
324 1401 94 25 antingen
432 1401 41 19 helt
488 1401 35 19 och
538 1400 60 20 hället
613 1400 33 20 mä
660 1400 111 26 öfvertagas
787 1400 25 25 af
817 1402 40 18 sta-

241 1432 39 23 ten,
295 1429 50 21 eller
359 1432 29 18 att
403 1430 31 20 det
447 1430 77 26 årligen
540 1430 42 20 dem
598 1429 122 25 tillfallande
734 1430 123 20 statsunder-

241 1460 44 20 stöd
307 1459 59 20 mätte
388 1459 89 25 förhöjas
500 1459 33 20 till
555 1459 63 26 5,000
639 1459 57 19 mark
718 1458 34 25 för
766 1458 68 26 hvarje
849 1458 10 20 i

172 1500 101 18 Allmänna
284 1498 174 19 Besvärsutskottets
470 1498 110 19 betänkande
591 1498 34 18 N:o
638 1498 26 18 15.
