1084 1739
235 172 39 21 172
391 170 273 24 Petitionsbetänkande
679 171 45 23 N:o
740 172 34 22 14.

204 239 76 23 Michel
292 240 40 21 321
348 240 42 26 km,
405 240 7 21 i
431 240 89 21 sednare
535 240 60 21 fallet
609 240 45 21 åter
669 239 45 22 från
725 240 115 27 Jyväskylä
850 240 32 21 till
892 240 61 21 Piek-

204 274 81 22 sämäki
300 274 27 22 93
343 274 39 22 och
397 274 31 22 till
442 274 87 28 Nyslott
552 274 41 22 203
611 274 36 22 km
663 276 55 20 samt
732 274 47 22 från
794 274 115 28 Jyväskylä
924 274 31 22 till

205 308 30 22 S:t
250 308 76 22 Michel
350 309 39 21 108
411 308 39 22 och
472 309 32 21 till
526 309 85 27 Nyslott
632 309 42 21 213
696 309 41 21 km.
767 309 75 21 Såsom
857 308 23 22 af
892 309 64 21 dessa

205 342 68 22 siffror
296 342 99 28 framgår,
418 342 67 22 skulle
508 343 65 27 linjen
590 342 256 28 Suolahti-Suonnejoki
861 342 95 23 förkorta

204 379 67 25 vägen
287 380 76 18 norrut
378 377 48 21 med
443 377 26 21 14
484 377 34 21 km
535 383 49 16 men
596 377 96 27 förlänga
703 377 123 22 densamma
837 379 47 22 mot!
893 378 62 21 söder

204 411 39 22 och
258 413 64 24 öster,
331 412 6 20 i
346 411 123 27 jämförelse
480 412 47 21 med
538 412 69 22 banan
615 412 139 27 Jyväskylä—
759 412 139 26 Pieksämäki,
908 412 47 21 med

203 446 28 20 62
253 446 36 21 km
312 446 39 21 och
366 446 7 20 i
385 445 122 28 jämförelse
528 446 48 22 med
599 446 67 21 banan
687 446 175 27 Jyväskylä—S:t
879 446 77 21 Michel

204 480 48 21 med
269 480 40 21 118
325 480 41 21 km.
389 480 61 21 Klart
466 486 62 21 synes
545 480 70 22 derför
626 486 55 20 vara,
692 482 30 19 att
734 480 221 22 Suolahti—Suonne-

201 514 48 26 joki
263 514 72 28 linjen,
351 514 61 21 äfven
427 520 35 16 om
473 514 71 22 såsom
555 514 145 27 komplement
711 514 31 22 till
752 515 124 21 densamma
888 514 68 22 skulle

203 548 85 21 komma
305 554 26 16 en
347 548 47 21 från
408 548 135 22 Pieksämäki
559 548 50 22 eller
625 548 30 22 S:t
670 548 75 22 Michel
761 549 31 21 till
807 548 85 28 Nyslott
907 549 49 21 ledd

203 583 61 26 bana,
286 583 47 21 icke
354 582 72 22 kunde
444 585 108 19 motsvara
567 584 41 21 den
624 583 159 27 genomgående
798 583 100 21 trafikens
913 582 42 22 for-

204 618 93 26 dringar.
327 616 45 22 Och
395 617 69 22 härtill
485 617 96 22 kommer
602 619 31 19 att
649 617 256 28 Suolahti—Suonnejoki
920 618 35 21 ba-

205 658 41 15 nan
267 652 62 21 äfven
346 652 48 21 med
408 652 99 21 afseende
522 652 13 21 å
550 652 41 21 den
606 651 69 22 lokala
690 652 88 21 trafiken
795 652 68 22 skulle
878 652 78 22 erhålla

200 686 159 28 jämförelsevis
373 687 62 26 ringa
449 683 114 30 betydelse.
593 687 74 21 Banan
682 687 68 21 skulle
764 687 7 20 i
786 687 121 22 hufvudsak
920 687 35 21 be-

203 721 58 27 tjäna
276 721 76 22 endast
367 721 134 27 Rautalampi
516 724 55 19 samt
585 721 8 22 i
608 721 69 26 någon
689 722 48 21 män
748 721 100 22 Vesanto.
873 721 83 22 Härvid

203 757 24 19 är
242 755 105 27 nemligen
363 757 31 19 att
408 755 78 26 märka,
502 757 31 19 att
548 755 109 22 trakterna
672 755 61 27 kring
744 755 82 22 Keitele
841 755 32 27 sjö
883 757 72 20 natur-

203 789 56 28 ligen
283 790 124 21 kombinera
427 789 49 21 med
499 789 97 22 Suolahti
614 789 84 26 station,
714 790 75 21 medan
805 789 89 22 trafiken
909 789 46 22 från

202 824 27 21 de
245 826 63 24 orter,
323 823 71 22 hvilka
407 825 37 20 äro
460 823 89 27 belägna
564 824 62 27 kring
641 823 104 22 Pielavesi
761 824 132 26 vattensträt,
908 824 47 21 dra-

205 864 38 21 ger
265 858 34 27 sig
320 858 31 21 till
373 858 76 21 Iisvesi
470 858 78 21 station
571 858 39 22 och
632 857 45 23 icke
698 858 31 21 till
751 859 70 27 någon
836 859 69 26 punkt
921 858 34 22 vid

204 893 134 27 Rautalampi
354 893 37 27 sjö,
406 892 84 22 hvilken
506 899 76 21 genom
598 893 69 22 forsar
682 895 24 19 är
720 893 92 22 isolerad
822 892 46 22 frän
879 893 77 22 nämda

205 927 133 22 vattensträt.

271 961 107 22 Jämföras
387 962 65 21 sedan
463 961 90 28 linjerna
564 962 137 27 Jyväskylä
707 962 134 22 Pieksämäki
852 974 14 3 —
869 962 87 27 Nyslott

203 997 40 21 och
253 996 174 27 Jyväskylä
396 991 35 37 S:t
437 996 76 21 Michel
532 991 10 37 —-
542 997 87 27 Nyslott
641 997 47 21 med
703 997 119 21 hvarandra
831 996 93 28 framgår
935 995 22 23 af

205 1031 36 21 det
250 1030 133 27 föregående,
391 1032 32 20 att
433 1031 48 20 med
490 1030 99 23 afseende
600 1031 130 28 ä;banornas
738 1031 66 27 längd
811 1031 63 27 ingen
886 1032 69 21 större

204 1065 85 22 skilnad
299 1065 48 21 dem
357 1065 88 21 emellan
453 1064 121 23 förefinnes.
590 1065 222 27 Anmärkningsvärdt
821 1067 23 19 är
853 1065 102 26 däremot,

203 1102 31 18 att
249 1099 61 27 längs
326 1099 40 22 den
382 1099 58 21 förra
454 1099 64 27 linjen
534 1099 145 28 vägalängden
688 1102 44 19 mot
743 1106 51 15 norr
803 1099 68 22 blefve
882 1099 26 22 86
919 1099 35 22 km

202 1133 92 26 kortare,
304 1139 49 15 men
362 1136 45 18 mot
417 1133 63 21 söder
490 1133 28 22 56
528 1134 35 21 km
574 1134 73 27 längre
658 1136 26 19 än
694 1134 61 27 längs
766 1134 41 21 den
818 1134 90 21 sednare
916 1133 39 22 lin-

200 1168 44 27 jen,
255 1167 76 22 medan
348 1167 109 22 skilnaden
472 1168 8 21 i
489 1168 119 27 vägalängd
618 1170 45 19 mot
671 1170 57 20 öster
739 1168 69 21 skulle
819 1169 76 26 utgöra
905 1168 50 21 alle-

202 1203 49 20 nast
265 1203 26 20 10
301 1201 35 22 km
349 1202 31 21 till
390 1201 82 22 förmän
482 1201 34 22 för
526 1203 42 21 den
582 1202 58 22 förra
651 1203 75 21 banan.
745 1203 70 21 Häraf
823 1203 71 21 kunde
905 1209 49 15 man

203 1236 105 22 mähända
329 1236 86 21 komma
437 1236 31 21 till
490 1237 40 20 den
553 1237 94 25 slutsats,
667 1239 32 19 att
714 1237 36 21 det
764 1237 33 21 för
812 1237 40 21 den
868 1243 86 21 genom-

203 1270 84 26 gående
303 1270 89 22 trafiken
410 1277 52 15 vore
477 1271 134 27 tämmeligen
626 1270 105 27 likgiltigt,
747 1278 35 13 om
798 1272 155 20 sammanbind-

203 1304 133 26 ningsbanan
359 1304 77 26 droges
455 1303 59 22 öfver
531 1304 134 22 Pieksämäki
682 1304 50 21 eller
752 1304 60 21 öfver
828 1304 30 22 S:t
872 1304 83 22 Michel.

202 1337 39 21 Att
263 1337 24 21 så
311 1336 116 22 emellertid
448 1337 46 21 icke
514 1344 51 14 vore
580 1337 64 26 fallet,
659 1339 23 19 är
697 1338 35 21 vid
746 1339 98 21 närmare
858 1338 96 22 öfvervä-

202 1371 69 27 gande
292 1371 23 22 af
335 1371 66 22 saken
422 1372 40 21 lätt
480 1373 31 20 att
525 1371 64 22 finna.
618 1371 35 22 Nu
673 1371 161 29 ifrågavarande
849 1378 105 16 samman-

201 1406 172 28 bindningsbana
387 1406 85 22 komme
487 1408 50 20 utan
553 1406 73 22 tvifvel
636 1408 31 20 att
677 1406 45 23 från
733 1408 58 21 Vasa
800 1407 34 22 län
847 1409 108 26 emottaga

202 1443 59 20 stora
280 1441 127 27 qvantiteter
422 1441 38 21 säd
475 1440 40 23 och
530 1440 164 28 kreatursfoder,
710 1442 71 22 hvilka
796 1442 8 22 i
819 1442 85 28 Kuopio
919 1442 34 22 län

268 1521 188 25 Järnvägsutskottets
468 1522 110 19 betänkande
588 1523 37 18 N:o
638 1522 18 19 2.
