1095 1748
327 148 276 26 Petitionsbetäakamäe
619 151 45 23 N:o
673 151 38 22 14.
817 152 46 20 99

499 218 34 25 67.

665 277 158 28 (Öfversättning).

311 339 46 17 Till
370 338 153 18 hedervärda
534 338 188 19 Bondeständet.

208 395 64 19 Redan
292 395 29 18 vid
340 397 46 17 flera
404 396 109 23 landtdagar
531 397 33 17 har
581 393 48 22 inom
647 396 103 18 Ständerna
768 396 75 17 uttalats
855 395 37 19 den

141 424 72 19 tanken,
232 425 27 17 att
277 424 23 18 de
316 430 65 17 genom
400 425 61 18 landet
477 425 42 18 frän
531 425 52 19 söder
595 425 28 18 till
634 430 44 13 norr
689 424 71 23 dragna
770 425 123 22 järnvägarna

140 452 45 19 böra
193 451 72 20 förenas
274 453 69 18 medels
352 459 22 12 en
384 453 94 22 tvärbana,
487 459 38 13 som
535 454 59 18 skulle
599 453 71 18 direkte
675 452 91 19 förmedla
772 453 119 18 samfärdseln

140 481 76 18 emellan
230 480 52 19 dessa
291 481 114 19 förstnämda
413 482 102 23 järnvägar,
525 485 20 20 ty
555 481 125 19 tidsförlusten
690 481 34 19 och
733 481 35 26 den
777 482 116 23 långsamma

140 512 116 22 transporten
271 510 56 23 jämte
343 510 23 18 de
382 511 76 23 onödigt
472 510 46 24 dyra
535 510 158 22 omkostnaderna,
710 510 64 18 hvilka
785 510 29 18 för
826 511 64 17 närva-

140 538 56 18 rande
214 539 80 23 betunga
314 539 78 18 trafiken
410 540 76 18 emellan
498 540 90 21 karelska,
601 539 89 19 Savolaks
703 539 34 18 och
750 539 142 18 österbottniska

141 567 85 22 banorna,
239 565 57 21 skada
308 568 91 18 kännbart
411 568 138 18 förhållandena
560 569 28 17 uti
597 567 81 19 inlandet
686 568 35 18 och
729 567 36 19 den
774 568 119 18 ekonomiska

140 596 127 23 utvecklingen
280 596 99 18 därstädes.
403 597 60 17 Dessa
473 596 157 24 omständigheter
642 602 54 18 synas
708 596 78 18 sålunda
797 596 50 23 gifva
859 602 32 12 an-

140 624 73 24 ledning
234 625 27 18 till
279 626 29 16 att
325 631 21 12 en
365 631 24 17 ny
402 625 85 18 trafikled
499 626 33 18 bör
543 627 70 22 öppnas
625 625 42 18 från
679 624 79 18 Karelen
770 630 66 18 genom
847 625 45 17 mel-

141 654 53 17 lersta
213 653 89 19 Savolaks
320 654 35 18 och
372 654 130 18 Keski-Suomi
520 654 27 18 till
565 650 123 23 Österbotten.
713 653 35 18 Att
764 653 59 18 denna
838 653 54 19 bana,

139 682 82 18 förutom
239 682 134 24 genomgående
391 682 61 22 trafik,
471 682 61 18 därtill
549 683 46 17 skall
611 682 77 23 rikligen
700 682 69 18 erhålla
781 682 55 17 trafik
849 682 42 17 från

140 711 22 18 de
174 711 70 18 trakter
256 711 35 17 den
303 711 121 23 genomlöper,
436 712 78 22 framgår
530 711 57 22 däraf,
597 713 27 16 att
634 710 139 24 ifrågavarande
781 710 112 24 vägsträcka

139 739 83 19 kommer
238 741 27 16 att
282 741 24 21 gå
317 745 66 18 genom
395 742 54 18 orter,
462 740 26 18 uti
500 740 63 18 hvilka
574 739 85 23 odlingen
671 738 55 19 redan
739 739 19 18 af
769 739 89 23 gammalt
870 739 23 17 är

140 769 114 23 tämmeligen
267 768 98 19 utvecklad
377 770 48 16 samt
437 768 90 19 industrin
540 769 5 17 i
557 768 36 24 god
604 768 69 23 början,
687 768 41 18 tack
738 774 43 12 vare
788 768 59 18 forsar
856 767 36 19 och

139 797 56 18 andra
208 798 152 18 näturförmäner.

209 826 37 18 Vid
258 826 109 24 föregående
378 826 109 24 landtdagar
499 827 34 17 har
542 826 59 19 denna
610 826 19 18 af
638 832 29 12 oss
676 825 83 19 uttalade
767 825 126 24 förhoppning

139 854 55 19 redan
207 855 24 18 då
243 855 34 18 och
290 855 23 18 då
325 855 101 18 framstälts
439 855 5 17 i
456 856 100 23 petitioner,
568 855 35 19 och
614 854 34 18 har
657 854 56 18 saken
725 854 54 18 äfven
787 853 105 19 fortskridit

140 885 20 17 så
177 885 57 22 långt,
251 886 27 16 att
291 883 103 20 Ständerna
406 883 31 19 vid
449 886 71 16 senaste
531 883 88 24 landtdag
631 883 79 22 anhöllo,
722 886 28 15 att
762 883 130 18 instrumentat

139 912 137 24 undersökning
293 913 19 18 af
327 919 23 12 én
361 913 127 23 järnvägslinje
499 913 75 18 emellan
587 912 108 23 Kronoborg
706 912 35 18 och
749 911 88 23 Nyslotts
849 911 42 18 stad

139 942 58 18 måtte
215 941 108 19 värkställas
341 942 95 18 äfvensom
453 943 29 17 att
499 941 28 18 till
541 941 60 19 denna
612 940 89 24 landtdag
712 940 56 24 nådig
779 940 112 24 proposition

140 971 58 18 måtte
215 970 66 18 aflåtas
299 970 93 24 angående
409 970 105 24 byggandet
530 970 19 18 af
563 970 67 18 nämda
642 969 71 19 bandel.
737 964 61 23 Äfven
809 969 34 18 har
855 968 37 18 den

139 1000 6 16 i
163 999 57 19 nåder
238 1000 76 18 tillsatta
330 999 167 23 järnvägskomitén
514 998 81 19 förordat
608 998 104 24 byggandet
724 998 19 18 af
754 997 60 18 denna
824 996 69 19 bandet

139 1028 5 17 i
153 1028 78 18 främsta
240 1030 79 16 rummet
328 1030 48 16 samt
385 1030 29 16 att
422 1027 35 19 den
467 1027 102 19 sedermera
576 1028 58 17 måtte
642 1027 96 18 fortsättas
747 1032 66 18 genom
821 1026 70 18 Ranta-

139 1058 52 17 salmi
209 1056 35 19 och
261 1057 60 19 Jorois
338 1057 78 18 socknar
433 1057 28 17 till
473 1056 114 19 Pieksämäki
599 1057 66 17 station
678 1056 35 18 och
724 1056 43 18 från
778 1055 60 18 denna
849 1055 46 22 linje

139 1086 23 17 en
173 1086 67 18 bibana
251 1086 67 23 dragas
330 1085 42 19 från
383 1086 61 18 Jorois
457 1086 27 17 till
496 1086 85 17 Varkaus
593 1085 53 18 bruk.
668 1084 9 18 I
689 1084 32 18 det
731 1084 18 18 vi
761 1090 43 12 anse
815 1084 78 22 onödigt

140 1117 28 15 att
183 1112 34 20 här
233 1114 71 19 loforda
319 1114 139 24 befolkningens
472 1115 11 17 å
499 1114 68 18 nämda
585 1116 48 16 orter
645 1113 61 18 kända
718 1112 74 24 idoghet
803 1114 24 22 på
839 1112 52 19 land-

141 1143 80 23 brukets,
239 1143 169 23 boskapsskötselns
427 1143 35 18 och
479 1142 149 23 mejerirörelsens
646 1141 75 19 område
739 1141 94 19 äfvensom
849 1141 43 19 där-

139 1172 80 18 varande
234 1175 50 15 stora
296 1172 201 23 fabriksinrättningars
509 1172 66 23 rikliga
586 1170 111 24 produktion
708 1170 35 18 och
755 1170 31 19 det
797 1170 95 23 ypperliga

140 1201 76 21 tillfälle,
233 1206 40 13 som
288 1201 5 17 i
308 1200 53 18 dessa
372 1200 72 18 trakter
454 1200 85 22 erbjuder
550 1200 27 23 sig
589 1200 29 18 för
629 1198 114 19 fortfarande
756 1199 105 24 utveckling
872 1199 21 17 af

140 1229 79 17 industri
237 1229 34 17 och
288 1228 73 22 handel,
376 1228 59 18 tillåta
453 1228 18 18 vi
535 1228 56 18 likväl
602 1228 72 20 nämna,
687 1229 29 16 att
727 1227 120 21 Rantasalmi,
859 1227 33 18 Jo-

140 1258 36 18 rois
192 1257 34 19 och
242 1257 115 18 Pieksämäki
371 1257 109 17 kommuner
491 1261 55 18 jämte
560 1257 84 17 Varkaus
656 1256 49 18 bruk
717 1255 96 19 förbundit
824 1256 28 22 sig
860 1258 32 15 att

140 1286 87 23 uppoffra
243 1286 51 18 cirka
310 1286 51 21 6,000
376 1286 52 17 mark
441 1285 29 18 för
481 1288 28 15 att
522 1285 75 18 bekosta
608 1284 159 24 undersökningen
779 1284 20 18 af
809 1290 22 12 en
843 1284 49 22 järn-

141 1314 87 24 vägslinje
246 1320 64 18 genom
326 1314 68 18 nämda
404 1311 55 21 orter.
484 1314 9 18 I
505 1312 120 20 betraktande
637 1313 20 17 af
668 1313 34 17 allt
712 1312 53 18 detta
776 1313 20 17 få
807 1313 18 17 vi
836 1312 55 18 vörd-

138 1345 91 16 sammast
246 1343 79 21 anhålla,
342 1344 28 16 att
387 1342 112 18 hedervärda
516 1341 136 19 Bondeståndet
664 1342 42 17 ville
718 1341 119 18 tillsammans
850 1340 42 18 med

134 1368 66 26 öfriga
211 1371 54 18 stånd
277 1372 78 21 benäget
366 1370 119 22 understödja
498 1372 33 16 vår
542 1370 85 22 ödmjuka
641 1370 74 23 petition
728 1370 71 17 därom:

416 1429 29 16 att
458 1433 25 12 nu
494 1428 121 22 församlade
622 1427 81 18 Ständer
708 1425 60 20 måtte
774 1426 80 20 besluta,
861 1427 31 16 att

347 1462 21 12 en
373 1455 143 24 normalspårig
521 1457 80 22 järnväg
608 1455 52 19 skall
667 1455 72 23 byggas
745 1456 8 17 i
758 1455 35 18 den
799 1455 61 18 under
864 1459 29 13 se-

209 1497 185 22 Järnvägsutskottets
407 1497 109 17 betänkande
528 1496 37 18 N:o
578 1496 18 17 2.
