1061 1706
176 151 26 21 12
363 148 276 24 Petitionsbetänkande
654 149 43 22 N:o
711 148 38 23 19.

176 218 142 27 afvittringar
339 224 28 15 en
387 218 85 26 mängd
494 218 109 20 hemman
626 217 74 21 blifvit
721 216 151 22 öfverhöfvan
890 216 37 21 be-

176 252 110 27 skattade,
309 254 59 19 samt
389 254 31 18 att
435 252 193 26 förmedlingarna
644 251 25 21 år
685 252 53 20 1833
754 250 36 22 för
804 250 124 28 nybygges-

176 287 109 21 hemman
306 286 8 21 i
330 286 130 27 Uleåborgs,
476 286 60 21 Vasa
551 286 44 22 och
610 292 28 15 en
654 286 36 20 del
705 285 25 21 af
742 279 50 27 Åbo
808 286 44 26 län,
869 288 59 18 samt

176 321 75 27 gamla
266 321 109 21 hemman
387 320 7 21 i
408 320 135 22 Korsholms
558 322 62 19 östra
629 320 79 25 härad,
719 319 85 22 skedde
814 320 30 27 på
854 320 74 26 grund

176 356 26 20 af
220 355 45 21 den
287 354 126 28 fattigdom,
429 361 50 15 som
494 354 7 21 i
517 354 55 28 följd
588 354 25 21 af
625 354 78 27 ojämn
718 354 146 26 beskattning
878 354 50 20 fun-

176 390 45 21 nits
243 389 101 21 rådande
366 389 43 21 hos
431 389 104 21 åboerne.
567 389 9 21 I
599 388 121 28 Sydvestra
743 388 99 21 Finland
859 388 69 21 hafva

176 424 69 27 enligt
260 424 52 21 nåd.
328 423 86 22 brefvet
429 424 25 20 af
466 424 44 20 den
526 424 26 20 22
568 423 120 21 december
702 423 55 21 1864
767 422 161 28 provisionella

176 458 163 27 förmedlingar
361 458 29 27 på
411 458 73 27 grund
507 458 25 20 af
544 458 78 21 fiskets
638 457 137 27 försämring
790 457 116 27 försiggått
921 456 7 21 i

177 493 84 27 Korpo,
278 492 123 27 Houtskär,
417 492 79 27 Kustö,
513 492 77 21 Kökar
602 492 44 21 och
657 492 89 20 mindre
757 492 63 20 delar
830 492 25 20 af
863 491 66 27 Nagu

176 534 30 14 m.
221 527 22 21 fl.
260 527 103 21 socknar.
390 526 109 27 Slutligen
514 526 70 28 pågår
599 533 32 14 nu
646 526 30 28 på
688 526 74 26 grund
775 526 25 21 af
808 526 52 20 nåd.
871 526 58 20 bref-

175 564 37 18 vet
235 561 25 21 af
279 560 45 22 den
347 562 24 20 11
396 561 45 27 Maj
459 562 54 20 1896
529 560 209 27 skatteförmedling
753 560 8 21 i
776 560 52 21 hela
842 554 87 27 Ålands

176 596 79 26 härad,
272 596 100 20 Wehmo
388 596 84 20 socken
488 596 43 20 och
547 595 115 21 Lokalaks
677 595 82 27 kapell,
776 594 90 22 Gustafs
882 601 47 15 soc-

176 630 52 26 ken,
252 630 93 20 Töfsala
367 630 84 20 socken
471 629 70 27 jämte
564 629 50 21 Iniö
637 630 44 20 och
702 629 98 21 Welkua
822 629 106 27 kapeller,

176 664 100 27 Nystads
292 664 200 26 landsförsamling
503 664 43 21 och
558 664 110 27 Nykyrko
680 663 95 21 sockens
787 663 59 26 skär,
858 663 70 21 Lemo

176 698 85 21 socken
276 698 44 21 och
335 698 98 21 Willnäs
449 698 81 28 kapell,
544 698 83 21 Rimito
639 698 83 20 socken
734 698 43 21 och
788 698 140 20 Merimasku

176 732 82 28 kapell,
283 732 125 21 Kakskerta
432 732 82 27 kapell,
536 732 84 27 Pargas
636 732 91 26 socken,
744 732 84 20 Kimito
844 732 84 20 socken

173 766 71 27 jämte
267 766 132 27 Dragsfjärd
421 766 44 21 och
488 766 154 28 Westanfjärd
664 766 107 28 kapeller,
786 766 142 26 Angelniemi

176 801 75 27 kapell
267 801 44 21 och
327 800 130 21 Nådendals
473 800 206 27 landsförsamling.
706 800 31 21 På
748 800 73 27 grund
832 800 25 21 af
866 800 63 22 Stän-

176 835 82 21 dernas
281 835 94 28 petition
396 835 38 21 vid
458 836 53 20 1897
528 835 36 21 års
580 835 108 27 landtdag
703 842 38 14 om
757 834 172 27 undersökning

176 870 114 21 huruvida
313 869 49 21 icke
383 870 122 21 enahanda
521 869 209 27 skatteförmedling
745 876 53 14 vore
814 870 24 20 af
850 869 79 21 behof-

176 906 36 19 vet
235 904 107 28 påkallad
357 904 67 21 äfven
439 904 7 21 i
462 904 71 21 andra
549 904 62 21 delar
626 904 25 20 af
664 904 61 20 kust-
739 904 44 20 och
799 904 129 26 skärgårds-

175 939 116 21 trakterna
314 938 63 22 inom
399 932 50 27 Åbo
467 939 44 21 och
527 938 151 28 Björneborgs
693 938 45 27 län,
754 939 42 20 har
812 938 117 21 skatteför-

176 973 100 27 medling
298 978 82 22 genom
402 973 52 21 nåd.
477 973 86 21 brefvet
584 972 26 22 af
629 972 44 21 den
702 974 13 20 2
731 972 127 28 september
874 973 54 21 1899

175 1008 127 26 ytterligare
323 1007 116 28 påbjudits
455 1007 18 27 ej
490 1007 88 21 mindre
594 1007 7 21 i
617 1007 72 27 Nagu,
706 1008 76 27 Korpo
798 1008 44 20 och
858 1007 70 21 Hout-

176 1042 65 20 skärs
257 1042 98 20 socknar
371 1042 118 20 äfvensom
506 1042 70 20 Kustö
590 1042 82 26 kapell,
685 1042 7 20 i
705 1042 79 20 hvilka
796 1042 27 20 de
834 1042 94 26 tidigare

176 1075 153 28 provisionela
336 1076 193 26 förmedlingarna
535 1075 117 21 befunnits
658 1075 269 28 icketillfyllestgörande,

177 1111 29 19 än
222 1109 82 22 äfven
296 1105 15 36 i
314 1110 92 20 Karuna
420 1110 82 27 kapell,
515 1109 75 21 Hiittis
599 1110 84 20 socken
694 1110 42 21 och
746 1109 91 28 Finnby
845 1110 82 27 kapell.

244 1143 83 21 Skälen
343 1143 35 21 för
393 1143 66 21 dessa
471 1143 97 21 sålunda
579 1143 132 21 anordnade
724 1144 110 26 generella
846 1144 82 21 skatte-

176 1177 162 27 förmedlingar
353 1177 7 20 i
377 1177 120 27 Sydvestra
513 1177 99 21 Finland
626 1177 69 21 hafva
710 1177 7 20 i
728 1177 132 22 hufvudsak
871 1178 58 21 varit

176 1213 32 18 att
230 1211 158 26 skattetungan
413 1211 35 20 för
466 1211 213 27 jordlägenheterna
695 1211 7 20 i
717 1211 67 21 dessa
798 1211 131 22 landsdelar

176 1245 74 20 blifvit
264 1245 8 19 i
287 1245 143 20 förhållande
445 1245 34 19 till
494 1245 65 20 deras
572 1245 157 25 egoförmåner
741 1246 43 19 och
794 1246 134 19 nuvarande

176 1278 177 20 inkomstkällor
367 1278 68 20 altför
456 1278 130 26 tryckande.
613 1278 50 20 Den
678 1279 60 25 höga
746 1278 120 27 jordskatt,
878 1285 50 14 som

176 1311 118 22 därstädes
309 1311 74 21 hvilar
397 1311 30 28 på
440 1311 201 27 jordegendomen,
652 1311 138 22 framträdde
802 1312 24 21 så
837 1313 91 26 mycket

177 1352 62 15 mera
254 1345 131 28 tryckande,
401 1353 50 14 som
466 1346 86 21 tillfälle
568 1346 34 21 till
613 1346 136 27 nyodlingar
759 1346 7 21 i
777 1347 66 20 dessa
853 1347 75 26 gamla

176 1381 161 27 kulturbygder
363 1381 7 20 i
392 1381 125 21 allmänhet
539 1381 91 26 saknas,
653 1381 77 27 sjöfart
752 1382 43 21 och
816 1382 64 27 fiske,
898 1382 30 27 på

176 1415 80 22 hvilka
278 1415 162 27 befolkningen
463 1415 65 28 länge
543 1415 54 28 bygt
612 1416 36 21 sin
663 1416 108 27 utkomst,
787 1417 93 20 befinna
895 1417 33 27 sig

176 1450 30 27 på
222 1450 112 27 återgång,
350 1450 44 21 och
409 1450 157 21 inkomsterna
578 1450 50 21 från
639 1450 159 27 lägenheterna
809 1451 49 22 icke
871 1451 57 22 kun-

245 1501 143 18 Statsutskottets
400 1501 111 18 betänkande
523 1502 37 18 N:o
574 1503 18 17 5.
