1061 1709
197 170 13 21 8
405 168 248 23 Petitionsbetänkande
667 167 39 23 N:o
721 166 35 23 23.

197 234 259 28 arbetareförsäkringens
470 234 54 28 syfte
545 236 24 20 är
593 240 26 16 en
642 233 57 28 dylik
720 233 150 28 pensionering
885 232 64 22 främ-

197 268 83 23 mande.

265 302 42 23 Till
325 304 62 21 dessa
406 303 131 28 principiella
556 303 154 26 invändningar
725 304 44 20 mot
784 301 165 23 ålderdomsför-

199 339 112 27 säkringen
325 339 102 26 kommer,
442 340 33 20 att
489 339 69 21 denna
573 337 121 28 försäkring
707 337 103 28 gestaltar
827 337 32 27 sig
875 336 73 27 betyd-

197 373 42 28 ligt
256 373 154 22 kostsammare
429 375 27 19 än
471 372 282 27 invaliditetsförsäkringen.
781 371 44 22 Vår
841 371 108 22 socialsta-

197 408 60 21 tistik
272 410 25 20 är
311 407 73 22 alltför
398 407 114 28 bristfällig
526 407 33 22 för
569 409 32 21 att
610 407 113 22 Utskottet
733 407 48 22 med
791 406 86 27 ledning
887 406 63 22 häraf

197 442 70 23 kunde
290 442 72 27 belysa
384 443 58 21 detta
464 441 123 28 påstående.
616 442 49 21 Men
687 442 40 21 den
750 441 25 22 år
798 441 55 22 1894
872 440 23 23 af
912 441 37 22 det

198 478 78 21 norska
301 476 119 28 Stortinget
446 477 90 22 tillsatta
557 476 273 23 arbetarekommissionens
855 476 94 22 statistik

198 511 133 23 beträffande
352 511 161 22 förhållandena
534 512 8 22 i
563 511 71 28 Norge
656 512 87 26 utvisar,
759 512 32 21 att
805 511 144 22 kostnaderna

197 547 34 21 för
253 553 25 16 en
301 545 240 29 ålderdomsförsäkring
562 547 38 21 där
623 546 69 22 skulle
713 545 64 23 ställa
795 547 31 26 sig
845 545 105 28 betydligt

197 582 66 27 högre
285 583 27 20 än
332 580 144 23 kostnaderna
490 580 34 22 för
538 587 25 16 en
579 581 99 21 rationell
692 579 257 28 invaliditetsförsäkring,

198 617 60 20 utom
275 617 34 20 att
323 615 41 22 den
379 615 114 26 aftagande
508 615 133 28 dödligheten
656 615 40 21 och
710 615 98 26 stigande
823 614 125 28 lifslängden

198 650 70 22 skulle
282 649 123 28 ytterligare
421 650 41 21 öka
477 649 26 22 de
518 649 58 22 förra
591 650 40 21 och
646 649 83 22 minska
743 649 26 22 de
779 655 81 16 senare.
876 649 74 27 Enligt

199 685 69 21 denna
289 684 138 21 kommisions
445 684 134 22 betänkande
597 684 68 21 skulle
679 684 8 21 i
701 683 71 28 Norge
787 689 26 16 en
828 683 121 28 försäkring

197 719 25 21 af
237 718 137 23 obemedlade
389 725 100 20 personer
504 719 55 26 (med
567 719 82 22 mindre
656 721 27 19 än
691 719 42 21 300
740 718 90 22 kronors
838 717 111 28 inkomst),

198 760 35 16 om
247 753 200 28 pensionsbeloppet
462 755 66 21 sättes
542 753 33 22 till
589 753 43 23 200
647 753 86 27 kronor,
748 752 96 23 medföra
858 758 26 17 en
894 753 55 27 årlig

199 788 65 28 utgift
278 788 25 22 af
315 788 81 22 inemot
412 788 124 27 16,000,000
553 788 78 22 kronor
641 788 48 22 med
700 788 29 22 60
738 788 35 22 års
783 788 167 27 pensionsålder,

197 824 23 22 af
230 822 127 28 12,700,000
367 823 80 21 kronor
458 822 48 23 med
514 823 27 22 65
549 824 34 21 års
592 822 157 29 pensionsålder
757 823 40 22 och
805 822 23 22 af
834 823 114 27 5,800,000

197 859 79 21 kronor
298 858 48 22 med
369 858 27 21 75
418 857 34 23 års
467 857 165 28 pensionsålder.
660 858 63 22 Trots
738 859 26 20 de
779 859 68 21 större
861 858 87 21 kostna-

198 893 65 21 derna
284 892 34 22 för
339 892 266 28 ålderdomsförsäkringen
623 898 51 16 vore
688 893 67 27 enligt
769 893 27 21 de
811 893 79 21 norska
905 892 43 21 för-

197 926 128 23 hållandena
343 927 25 21 de
386 927 79 21 sociala
482 927 120 22 fördelarna
617 927 61 22 däraf
691 927 105 27 betydligt
810 927 88 24 mindre,
914 926 34 23 så-

197 967 45 16 som
257 960 94 28 framgår
365 961 63 21 däraf
440 963 33 20 att
487 961 24 22 år
527 961 56 22 1894
596 961 24 22 af
633 961 77 26 80,000
725 961 137 22 obemedlade
876 967 73 22 perso-

197 1001 38 16 ner
249 995 34 22 vid
299 995 28 22 60
341 995 35 22 års
390 995 60 22 ålder
465 996 55 21 blott
534 996 78 27 39,000
627 1002 50 15 voro
693 996 109 27 invalider,
818 996 76 22 medan
908 1002 40 15 un-

198 1031 37 20 der
250 1029 69 22 denna
333 1029 60 22 ålder
408 1030 76 22 funnos
499 1031 77 26 10,000
590 1031 109 27 invalider,
714 1037 45 16 som
775 1031 56 22 lefde
847 1037 45 15 som
907 1030 41 22 fat-

197 1064 83 27 tighjon
303 1064 53 22 eller
377 1063 116 28 försörjdes
515 1065 22 22 af
557 1066 47 21 sina
622 1065 125 28 släktingar;
766 1067 32 20 att
816 1066 35 21 vid
869 1065 28 22 65
911 1065 36 22 års

197 1099 59 22 ålder
279 1098 24 23 af
323 1098 79 26 64,000
423 1099 137 23 obemedlade
583 1100 78 26 37,000
677 1107 52 15 voro
747 1100 108 27 invalider,
872 1099 74 23 medan

197 1133 68 22 under
287 1133 69 22 denna
374 1132 59 23 ålder
450 1133 77 23 funnos
546 1135 78 26 15,000
639 1135 113 26 invalider;
767 1135 40 21 och
821 1136 34 20 att
869 1135 34 21 vid
919 1134 29 22 75

197 1169 35 20 års
253 1165 60 25 ålder
335 1167 23 22 af
374 1168 79 27 29,000
468 1169 137 22 obemedlade
620 1169 78 27 20,000
712 1175 52 16 voro
779 1169 109 26 invalider,
902 1175 44 16 me-

196 1203 42 21 dan
253 1202 80 27 30,000
346 1203 104 22 invalider
464 1203 92 22 befunno
571 1204 32 26 sig
617 1204 69 21 under
700 1204 69 21 denna
784 1203 65 22 ålder.

265 1236 69 22 Också
356 1236 39 22 har
417 1243 48 15 man
488 1238 8 21 i
524 1237 49 22 flere
595 1238 80 26 länder,
698 1238 39 21 där
758 1237 75 27 planer
851 1238 97 26 uppstått

197 1270 26 26 på
245 1276 26 16 en
294 1269 240 29 ålderdomsförsäkring
555 1271 25 21 af
599 1271 121 27 arbetarne,
743 1270 120 29 öfvergifvit
885 1271 62 22 dessa

197 1304 73 28 planer
301 1304 40 22 och
369 1305 7 21 i
404 1304 78 22 stället"
506 1306 65 20 riktat
598 1306 151 21 sträfvandena
772 1306 29 28 på
825 1305 123 22 ästadkom-

197 1339 76 22 mande
295 1338 24 23 af
338 1338 256 29 invaliditetsförsäkring.
624 1340 95 22 Sålunda
741 1340 126 22 utarbetade
882 1340 41 22 den
940 1341 6 21 i

197 1374 86 27 Sverige
306 1373 24 22 år
353 1373 55 22 1884
431 1374 91 22 tillsatta
538 1374 325 29 arbetareförsäkringskomitén
882 1376 29 22 bl.
926 1382 20 15 a.

197 1409 64 22 äfven
277 1410 32 20 ett
323 1408 80 28 förslag
417 1409 33 21 till
460 1409 35 27 lag
504 1416 34 15 om
549 1409 248 29 ålderdomsförsäkring.
813 1410 133 28 Regeringen

197 1445 62 27 byste
273 1443 119 23 emellertid
406 1443 72 23 tvifvel
494 1451 34 16 om
538 1444 278 30 ålderdomsförsäkringens
827 1446 120 23 ändamäls-

197 1478 93 28 enlighet
305 1479 39 21 och
359 1479 96 27 uppdrog
470 1480 22 21 åt
507 1486 25 15 en
547 1486 28 20 ny
590 1480 80 22 komité
684 1482 31 20 att
730 1481 107 21 inkomma
852 1481 49 21 med
911 1484 35 19 ut-

263 1517 102 19 Allmänna
376 1517 173 20 Besvärsutskottets
560 1519 111 19 betänkande
682 1519 35 19 N:o
729 1521 28 17 14.
