1061 1709
889 233 18 13 n

214 281 53 29 Hära
810 285 12 12 E
867 300 17 6 E

235 286 45 18 ärad
490 289 127 18 Socken
810 297 18 40 5
867 307 18 37 E
889 302 13 38 ;

889 341 18 27 E

217 402 61 23 Äland
300 398 18 42 |
328 409 69 19 *Sund
409 410 34 18 och
456 410 70 19 Wärdö
537 425 3 3 .
812 408 22 18 70
843 404 11 39 |
863 411 60 21 37,171

329 445 8 9 +
344 445 86 18 Saltvik
422 432 11 39 .
512 459 31 4 L.
812 443 21 18 59
846 432 10 38 |
863 444 62 22 26,09

329 479 8 9 *
344 479 94 18 Finström
450 479 41 18 med
503 479 47 19 Geta
561 455 67 52 kapell
812 477 22 18 86
858 479 61 22 |37,919

329 514 8 9 >
344 513 71 18 Eckerö
427 513 35 18 och
474 513 134 18 Hammarland
625 527 2 3 .
710 527 3 2 5
812 512 21 17 67
844 508 8 31 |
863 514 61 21 43,741

329 548 9 9 *
344 547 89 18 Lemland
446 547 41 18 med
500 547 125 24 Lumparland
632 547 65 23 -kapell
710 561 4 3 .
812 546 22 18 46
843 542 12 33 |
863 547 63 22 26,998]

329 582 9 9 >
344 582 87 17 Jomala
423 576 11 31 .
540 596 3 3 a
813 580 21 18 79
845 576 10 32 |
863 582 62 22 28,633]

329 617 9 8 *
345 616 57 23 Föglö
415 616 41 18 med
469 617 91 23 Sottunga
569 596 36 38 i
617 616 64 17 Kökar
683 595 90 43 pallar
813 615 21 18 35
844 611 11 33 |
864 616 61 21 41,887

329 651 9 10 *
344 651 100 23 Kumlinge
456 651 35 18 och
503 651 73 18 Brändö
597 665 3 4 .
812 649 22 18 26
845 645 11 32 |
864 651 63 22 31,458]

849 688 2 15 |

210 752 78 18 Wehmo
305 748 15 34 |
330 755 8 8 *
347 754 76 18 Wehmo
435 754 42 18 med
489 755 82 18 Lokalax
583 755 59 22 kapell
655 768 2 3 .
803 753 33 18 156
844 749 11 32 |
864 755 62 21 43,825]

330 789 8 9 *
345 789 77 18 Gustafs
432 789 34 18 och
474 790 75 17 Töfsala
557 789 41 18 med
609 789 39 18 Iniö
657 789 34 18 och
700 789 74 18 Velkua

364 811 60 40 kapell
540 839 3 2 .
769 837 3 3 .
786 811 6 38 I
803 823 33 17 140
847 811 7 38 |
865 823 62 22 66262]

330 859 8 9 *
345 859 91 23 Nykyrko
448 859 41 18 med
501 834 83 53 Nystads
596 837 158 45 landsförsamling
769 872 3 4 .
813 857 22 18 95
843 853 12 34 |
865 858 62 22 58,292]

330 893 94 23 Pyhämaa
436 893 42 18 med
490 893 225 23 Pyhämaa"öförsamling
814 893 21 16 35
846 889 11 31 |
865 893 62 22 32,8551

214 925 71 18 Wirmo
303 921 18 35 |
330 928 72 18 "Lemo
414 928 41 18 med
468 929 76 17 Willnäs
556 929 61 23 kapell
627 942 3 3 .
814 927 22 18 68
845 921 12 33 |
866 928 61 22 16,726]

330 963 9 9 *
345 962 69 18 Rimito
426 962 41 18 med
476 963 113 18 Merimasku
600 962 59 23 kapell
814 962 22 17 64
844 958 12 32 |
865 962 62 22 33,970]

330 998 9 9 *
352 986 52 39 Nagu
514 1011 32 4 2.
814 996 22 18 64
845 985 14 39 |
865 997 62 21 42,943

330 1032 9 9 *
346 1032 64 23 Korpo
421 1032 35 17 och
468 1011 106 39 Houtskär
814 1031 22 17 63
844 1027 12 32 |
865 1031 62 22 47,616

216 1062 70 18 Piikkis
308 1058 12 35 |
331 1066 68 18 Piikkis
412 1066 41 18 med
465 1067 8 9 *
478 1067 62 18 Kustö
551 1066 60 23 kapell
627 1080 4 3 .
814 1065 22 17 79
847 1058 9 32 |
867 1065 61 21 19,766

331 1101 29 17 S:t
371 1101 69 17 Karins
452 1101 42 18 med
506 1101 114 18 *Kakskerta
632 1100 60 23 kapell
713 1114 3 3 .
814 1099 22 18 73
846 1095 11 31 |
868 1099 59 22 16,069]

331 1135 66 17 Pemar
805 1134 31 17 117
846 1130 11 29 |
866 1134 62 21 58,078;

332 1168 49 24 Sagu
393 1169 42 17 med
440 1175 10 17 2
465 1148 80 39 Karona
551 1148 80 44 Häll»
805 1168 31 17 147
843 1163 12 32 |
866 1168 63 21 51,330)

331 1203 8 9 +
346 1203 69 22 Pargas
429 1217 3 2 .
514 1217 4 3 5
805 1202 31 17 161
847 1198 9 31 |
866 1202 59 21 50,681

211 1233 82 18 Halikko
303 1229 14 33 |
331 1237 6 9 *
347 1237 64 17 Hiittis
428 1237 35 18 och
478 1213 70 51 Kimito
564 1217 41 37 med
621 1212 108 51 Dragsfjärd
740 1215 35 39 och

365 1269 120 22 Västanfjärd
496 1270 81 23 kapeller
804 1269 33 18 209
857 1269 70 22 |114,491

331 1303 67 22 Bjärnå
410 1303 41 18 med
464 1304 8 9 *
480 1303 73 24 Finnby
564 1303 61 24 kapell
806 1303 32 17 174
847 1299 9 32 |
867 1303 61 22 86,913

331 1337 82 19 Halikko
425 1337 42 18 med
480 1339 123 22 *Angelniemi
614 1337 61 24 kapell
685 1351 3 4 .
805 1338 33 17 136
846 1334 11 32 |
866 1338 62 22 43,707

216 1368 68 18 Masku
331 1372 48 18 Reso
391 1372 42 18 med
446 1373 8 9 *
461 1372 106 19 Nädendals
579 1372 162 23 landsförsamling
816 1372 22 18 83
846 1368 11 31 |
868 1373 61 21 18,316]

332 1407 27 18 S:t
372 1407 57 18 Marie
815 1407 23 17 84
861 1407 63 22 129,966

788 1485 2 8 i
