1061 1717
277 138 72 24 Ständ.
365 140 43 22 Pet.
424 153 29 3 —
468 140 142 22 Petitionsbet.
628 140 34 22 N:o
678 140 37 22 28.
864 143 13 19 3

127 204 28 26 på
170 202 171 22 hästkulturens
352 204 91 21 område
453 204 45 20 kan
509 203 126 22 emellertid
645 204 50 21 icke
707 206 97 20 emotses
815 204 63 22 inom

127 244 28 14 en
177 244 52 14 snar
243 237 99 25 framtid,
358 237 79 21 såvida
451 237 50 21 icke
517 238 39 21 det
571 238 36 21 för
621 237 172 29 ifrågavarande
810 239 67 21 ända-

126 271 45 21 mål
192 278 27 14 ur
234 271 112 21 allmänna
361 272 74 20 medel
450 271 112 28 beviljade
574 272 93 21 alldeles
678 272 151 28 otillräckliga
840 280 37 14 an-

126 305 73 29 slaget
214 305 115 28 betydligt
344 306 71 27 höjes.

194 340 70 20 Detta
272 340 79 28 anslag
358 342 67 26 utgår
435 348 32 13 nu
477 340 87 28 årligen
573 341 54 21 med
634 340 79 21 inalles
722 343 77 23 59,000
806 341 70 25 mark,

124 374 118 21 fördelade
253 376 29 26 på
290 374 109 22 särskilda
407 377 82 25 poster,
498 375 117 27 nämligen
623 374 96 29 premier
727 375 40 21 vid
775 375 102 29 täflings-

125 408 123 29 körningar
264 408 42 22 och
321 409 70 21 andra
406 409 95 28 utgifter
517 409 35 21 för
568 409 71 26 dessa,
655 409 92 29 uppköp
764 410 22 20 af
796 409 81 22 afvels-

125 443 110 28 hingstar,
245 443 138 28 premiering
394 443 23 22 af
426 444 100 21 utstälda
538 444 59 21 både
607 444 110 27 hingstar,
728 444 33 21 föl
772 444 42 21 och
825 446 52 19 ston

125 478 53 21 med
192 477 33 22 föl
239 478 40 21 vid
294 477 71 26 sidan,
381 478 126 21 understöd
522 478 22 21 af
559 479 116 21 hästväns-
687 479 42 20 och
740 478 136 28 hingstföre-

125 512 82 29 ningar
225 513 53 21 med
293 512 55 22 flere
364 513 103 21 ändamål
483 513 120 28 åsyftande
618 513 140 21 hästafvelns
774 513 103 28 upphjel-

126 547 80 29 pande,
222 549 58 20 samt
296 547 101 28 aflöning
412 547 22 22 af
450 555 28 13 en
492 547 127 22 instruktör
633 547 37 22 för
685 547 133 22 densamma.

194 582 36 21 Då
252 581 126 22 emellertid
399 582 59 21 intet
474 582 22 21 af
513 582 64 21 dessa
592 582 110 25 ändamål,
719 589 36 14 om
770 589 52 14 man
837 589 40 14 un-

127 616 109 29 dantager
254 617 253 28 täflingskörningarna,
526 617 44 21 kan
586 623 64 15 anses
666 624 54 14 vara
734 616 53 21 fullt
802 616 75 29 tillgo-

127 651 80 22 dosedt
229 652 53 21 med
304 651 29 22 de
353 651 165 28 jemförelsevis
538 651 64 28 ringa
618 651 89 28 belopp,
725 659 46 14 som
787 651 91 21 komma

126 686 113 21 desamma
254 686 34 21 till
304 686 43 26 del,
362 687 69 21 hafva
446 687 134 25 Ständerna,
596 686 77 21 hvilka
690 686 57 21 dock
758 686 50 21 icke
823 685 55 22 kun-

125 718 40 24 nat
180 724 103 25 uppgöra
298 723 70 26 något
383 721 114 21 bestämdt
512 728 106 21 program
634 721 36 21 för
685 720 139 22 hästafvelns
840 720 38 21 be-

125 755 126 28 främjande
274 756 42 21 och
339 755 20 28 ej
382 755 71 21 heller
468 755 100 22 beräkna
584 755 115 22 storleken
715 755 22 21 af
753 755 37 21 det
806 755 72 28 årliga

127 790 84 29 anslag,
227 797 48 14 som
290 790 76 21 härför
381 797 54 14 vore
451 790 22 22 af
488 791 82 24 nöden,
582 792 28 26 på
622 790 75 27 grund
708 789 22 22 af
739 789 62 22 hvad
810 789 68 22 ofvan

127 825 92 25 anförts,
235 827 76 19 ansett
326 824 35 29 sig
375 825 55 21 böra
445 825 40 21 hos
499 825 69 21 Eders
582 824 129 28 Kejserliga
721 824 106 28 Majestät
838 831 40 13 un-

128 859 132 28 derdånigst
276 859 94 26 anhålla,

401 930 31 20 att
443 929 27 27 af
477 929 120 22 statsmedel
606 928 32 22 till
645 928 134 28 hästafvelns
787 928 92 28 befräm-

329 963 70 29 jande
413 963 65 22 måtte
488 963 87 28 beviljas
583 963 68 22 minst
659 963 102 27 100,000
772 963 62 21 mark
844 962 35 22 är-

333 998 62 29 ligen,
406 998 83 28 utöfver
500 1005 32 15 nu
541 999 35 27 för
588 998 56 21 detta
656 997 105 22 ändamäl
771 997 109 28 anslagna

333 1033 71 22 medel.

196 1102 108 21 Finlands
321 1102 97 21 Ständer
433 1102 129 21 framhärda
577 1104 41 19 etc.

198 1171 149 28 Helsingfors,
364 1171 44 21 den
423 1173 27 19 28
465 1171 44 28 Maj
529 1173 59 19 1900.
