1067 1706
281 148 319 28 Petitionsbetänkande
617 150 49 26 N:o
683 150 34 26 11.

392 534 220 28 Lagutskottets
628 536 178 22 betänkande
818 536 50 22 N:o

323 568 15 22 9
353 569 55 21 med
424 569 132 28 anledning
567 569 28 22 af
603 570 121 22 särskilda
736 570 9 21 i
757 570 111 28 samtliga

325 603 70 22 stånd
411 604 138 22 inlemnuade
566 604 133 28 petitioner
713 610 40 16 om
763 604 106 28 ändring

323 637 25 22 af
363 638 112 27 gällande
491 638 224 28 pressförordning.

188 702 165 29 Lagutskottet
371 702 42 22 har
430 704 69 28 jemte
517 704 213 28 protokollsutdrag
749 704 50 22 från
812 704 56 22 Rid-

117 736 125 31 derskapet
260 737 43 21 och
321 737 75 21 Adeln
415 740 59 19 samt
491 738 196 28 Borgareståndet
703 739 24 21 af
739 738 45 22 den
798 739 12 21 7
824 739 44 21 och

118 771 51 21 från
179 771 90 21 Preste-
277 771 43 22 och
326 772 180 21 Bondestånden
512 772 24 22 af
545 772 44 22 den
600 773 30 21 10
640 772 105 22 sistlidne
755 772 111 23 Februari

117 805 46 22 fått
181 806 8 20 i
208 806 107 22 afseende
333 807 13 21 å
363 806 128 29 beredning
507 809 117 27 emottaga
636 807 103 29 följande
748 801 120 35 petitions-

118 840 128 21 memorial:

329 907 153 20 Vördsamt
503 908 153 20 memorial

187 971 39 20 Vid
241 972 46 19 flere
302 972 116 25 föregående
433 972 116 26 landtdagar
560 972 36 20 har
606 973 38 19 den
655 973 110 25 periodiska
774 978 93 21 pressens

116 1000 47 25 läge
180 1000 6 19 i
202 1000 44 20 vårt
261 1000 45 20 land
321 1001 76 25 utgjort
411 1001 82 20 föremål
508 1002 29 19 för
553 1001 120 21 Ständernas
688 1002 103 26 allvarliga
805 1002 63 20 öfver-

117 1028 123 26 läggningar.

186 1058 87 19 Landets
290 1060 159 23 representanter
463 1058 60 19 hafva
537 1058 42 20 icke
595 1059 76 19 kunnat
681 1059 68 25 undgå
758 1061 29 18 att
797 1059 71 20 beakta

117 1086 39 19 den
177 1086 217 27 undantagsställning,
414 1087 5 19 i
439 1087 81 19 hvilken
539 1087 66 20 denna
619 1093 56 19 press
690 1087 88 20 befinner
793 1087 30 25 sig
838 1088 28 19 uti

118 1114 44 19 vårt
184 1114 58 25 eljest
267 1117 79 23 strängt
368 1115 113 24 lagbundna
505 1115 99 20 samhälle.
633 1115 68 20 Under
724 1116 34 19 det
777 1116 91 19 förflutna

118 1143 70 24 seklet,
204 1143 44 19 med
264 1143 101 25 undantag
379 1144 20 19 af
414 1150 25 13 en
454 1144 45 19 kort
513 1144 29 19 tid
557 1144 26 25 på
595 1144 116 25 1860:talet,
722 1145 35 18 har
768 1144 99 25 tidnings-

118 1177 84 20 pressen
218 1172 51 19 varit
283 1172 133 19 underkastad
431 1173 103 25 preventiv
549 1179 72 13 censur
636 1173 36 19 och
687 1173 36 19 allt
737 1173 34 19 det
785 1173 82 19 admini-

118 1200 84 19 strativa
214 1200 98 25 godtycke
327 1201 55 19 detta
397 1203 78 22 system
491 1201 66 20 städse
572 1201 86 19 innebär.
684 1201 64 20 Sedan
757 1201 111 20 införandet

117 1229 21 19 af
152 1235 29 13 nu
194 1229 92 25 gällande
301 1229 173 25 pressförordning
489 1230 19 19 af
517 1229 22 20 år
549 1230 53 19 1867
612 1230 58 19 hafva
678 1229 109 20 Ständerna
795 1232 73 17 tvenne

117 1257 83 25 gånger,
216 1257 33 19 vid
271 1257 143 26 landtdagarna
437 1257 47 20 åren
507 1259 54 19 1882
583 1259 36 18 och
636 1259 59 23 1894,
710 1259 6 18 i
732 1258 136 25 underdåniga

117 1286 108 25 petitioner
245 1286 84 19 anhållit
349 1293 32 12 om
402 1286 61 25 nådig
478 1287 123 25 proposition
616 1287 102 24 angående
733 1287 90 25 presslag
837 1287 31 19 för

118 1314 89 24 Finland,
229 1311 54 28 bygd
306 1315 27 25 på
351 1315 100 26 principen
467 1315 20 20 af
501 1315 51 20 finsk
568 1315 138 25 medborgares
722 1317 39 18 rätt
775 1317 29 18 att
819 1317 49 18 utan

117 1342 105 25 preventiv
247 1343 90 18 censur
325 1338 12 34 i
354 1343 57 24 tryck
431 1343 77 24 utgifva
530 1343 99 25 periodisk
651 1344 50 19 eller
722 1350 66 12 annan
810 1344 58 19 skrift

118 1371 37 18 och
176 1372 30 18 att
227 1371 29 18 för
275 1371 162 24 pressförseelser
458 1371 68 19 ställas
544 1371 30 19 till
589 1377 72 13 ansvar
672 1372 71 19 endast
757 1371 52 20 inför
822 1371 45 25 laga

118 1399 92 20 domstol.

188 1427 63 20 Dessa
272 1428 168 25 framställningar
461 1429 59 19 hafva:
541 1428 50 20 dock
604 1428 17 25 ej
638 1428 72 20 vunnit
725 1428 69 26 nådigt
808 1428 59 20 beak-

119 1457 65 20 tande.
215 1456 92 21 Tvärtom
322 1457 58 19 hafva
395 1463 40 19 nya
449 1457 124 26 stadganden
585 1457 103 26 utfärdats,
702 1457 75 25 egnade
791 1459 29 18 att
834 1459 33 23 yt-

187 1502 149 23 Lagutskottets
349 1502 119 19 betänkande
480 1503 38 17 N:o
530 1503 17 17 9.
