1061 1706
188 159 26 19 14
419 155 249 23 Petitionsbetänkande
682 155 38 22 N:o
735 154 35 23 23.

186 220 58 27 dylik
266 220 161 22 centralanstalt
449 219 60 22 äfven
531 220 39 21 hos
585 225 35 15 oss
638 225 50 15 vore
703 219 68 27 egnad
785 220 32 20 att
830 218 65 22 verka
909 218 28 27 på

186 260 80 16 samma
287 256 49 24 sätt,
355 260 49 14 vare
419 254 32 26 sig
466 254 40 20 den
522 254 65 21 sedan
602 253 71 21 kunde
688 253 157 21 åstadkommas
859 258 76 22 genom

186 288 82 22 enskild
290 288 141 27 kooperation
456 288 50 21 eller
529 288 67 21 under
611 289 79 19 statens
704 288 135 20 medverkan.
854 299 28 3 —
897 286 40 22 Ett

186 322 118 22 samarbete
327 322 77 22 mellan
422 322 161 27 hjälpkassorna
601 322 39 21 och
660 321 26 22 de
701 322 110 21 inhemska
831 321 105 22 lifförsäk-

186 357 156 27 ringsbolagen,
365 356 126 22 understödt
511 356 23 22 af
547 356 70 22 denna
632 356 159 22 centralanstalt
806 356 39 21 och
860 356 22 21 af
895 356 40 22 den

186 391 111 22 vaknande
315 391 93 21 insikten
423 390 38 22 hos
478 391 112 21 arbetarne
605 397 34 14 om
654 390 157 27 försäkringens
826 392 59 20 stora
899 390 37 22 be-

185 426 87 27 tydelse,
288 426 69 21 skulle
373 425 120 28 antagligen
507 426 77 26 jämväl
599 424 89 28 kraftigt
702 425 89 26 bidraga
806 424 32 22 till
854 424 79 28 uppnå-

186 461 62 21 endet
270 460 23 21 af
314 460 65 21 målet
393 459 34 22 för
442 460 57 21 såväl
515 459 169 22 motståndarnes
700 466 44 15 som
760 459 146 27 anhängarnes
914 459 24 22 af

185 495 221 27 tvångsförsäkringen
425 501 156 20 gemensamma
596 494 146 21 sträfvanden:
758 501 25 15 en
799 493 78 23 allmän
891 494 44 21 för-

185 529 86 27 säkring
286 529 22 21 af
323 529 173 22 arbetarne-mot
511 529 98 26 varaktig
624 529 189 26 arbetsoförmåga.

253 563 73 21 Ehuru
341 563 117 26 Utskottet,
474 563 68 21 såsom
557 562 68 27 sagdt,
640 565 24 19 är
679 563 133 26 öfvertygadt
827 569 35 15 om
870 565 31 20 att
911 569 25 15 en

184 597 195 28 tvångsförsäkring
400 597 28 27 på
451 597 57 21 detta
530 597 85 21 område
638 597 6 20 i
663 597 46 21 vårt
723 597 50 20 land
788 596 94 23 hvarken
897 597 39 21 bör

184 631 52 22 eller
250 632 43 21 kan
308 631 139 27 genomföras,
461 632 39 21 och
515 631 69 22 tillika
598 631 62 27 hyser
676 631 39 21 den
731 633 48 19 tron
794 633 32 20 att
841 637 26 16 en
881 631 7 21 i
899 631 35 22 det

184 668 107 19 närmaste
306 666 78 21 allmän
399 665 217 27 arbetareförsäkring
631 665 42 21 kan
688 665 156 22 åstadkommas
859 665 27 28 på
900 665 38 22 fri-

183 700 133 27 villighetens
337 703 47 24 väg,
406 707 62 15 anser
486 700 110 23 Utskottet
618 700 36 22 det
676 700 54 21 dock
749 699 34 22 för
796 700 86 27 frågans
897 700 38 21 all-

184 735 68 27 sidiga
267 735 112 27 utredning
394 735 200 27 ändamålsenligast
608 737 32 19 att
654 735 46 21 icke
714 735 114 22 inskränka
844 735 41 21 den
900 735 37 21 be-

184 770 66 27 gärda
271 770 138 26 utredningen
433 770 32 21 till
482 769 162 28 möjligheterna
658 769 23 22 af
695 776 26 15 en
736 769 65 22 sådan
816 769 120 28 försäkring

184 804 66 27 enligt
272 804 70 22 denna
365 811 40 14 ena
427 805 87 26 princip.
544 804 111 21 Utskottet
673 804 38 21 har
727 804 71 21 härtill
813 805 23 21 så
851 804 84 27 mycket

184 840 70 20 större
269 839 112 26 anledning
396 845 44 14 som
457 839 136 27 meningarna
607 839 7 20 i
630 839 58 21 detta
702 839 119 21 hänseende
836 838 99 22 öfverallt

183 875 37 19 äro
234 873 76 22 delade
325 873 39 21 och
379 873 275 26 invaliditetsförsäkringen
670 874 7 20 i
692 873 48 21 hela
754 874 33 21 sin
794 873 50 22 vidd
852 873 43 22 tills
904 873 30 21 vi-

184 907 51 22 dare
250 907 47 22 icke
313 907 90 27 dryftats
418 907 39 21 hos
472 913 41 16 oss.
527 907 83 22 Jämväl
625 908 7 21 i
643 907 39 21 den
695 907 23 22 år
728 907 55 22 1889
793 908 39 21 här
842 907 90 22 tillsatta

183 941 324 27 arbetareförsäkringskomitén
518 941 112 22 förordade
641 948 25 15 en
677 941 108 22 minoritet
793 942 143 27 obligatoris
926 937 14 36 k

183 975 173 28 sjukförsäkring,
381 976 38 21 och
442 976 104 22 komiténs
568 976 106 26 enhälliga
693 976 107 21 afvisande
818 976 23 21 af
854 976 78 21 tanken

182 1010 28 27 på
231 1017 25 15 en
277 1010 139 27 obligatorisk
431 1010 240 27 ålderdomsförsäkring
685 1010 32 22 får
732 1011 47 21 icke
794 1017 60 16 anses
869 1011 64 28 likty-

184 1045 46 28 digt
251 1045 49 22 med
322 1047 32 19 att
376 1045 195 27 tvångsförsäkring
592 1047 46 19 mot
652 1045 118 22 invaliditet
785 1045 67 22 skulle
868 1045 64 23 hafva

183 1079 23 22 af
218 1080 95 21 komitén
327 1079 125 22 förkastats.

250 1114 31 21 På
302 1113 68 28 grund
389 1114 23 21 af
425 1114 55 21 hvad
495 1114 111 22 Utskottet
620 1114 89 22 sålunda
724 1115 46 21 haft
784 1117 51 19 äran
850 1115 83 26 anföra,

180 1148 33 22 får
230 1148 112 22 Utskottet
363 1148 39 21 hos
420 1148 83 22 landets
518 1148 119 27 Höglofliga
652 1149 90 21 Ständer
755 1149 109 22 vördsamt
878 1149 57 22 före-

182 1183 32 21 slå
229 1188 26 16 en
270 1183 131 26 underdånig
415 1183 89 26 petition
520 1183 7 21 i
542 1183 53 27 syfte

386 1218 32 20 att
439 1216 137 29 Regeringen
597 1217 49 22 ville
668 1217 130 28 införskaffa
812 1218 121 28 wtredning

318 1250 133 27 beträffande
468 1251 132 26 lämpligaste
614 1253 64 19 sättet
691 1253 33 19 att
737 1251 98 27 befordra
849 1252 81 21 utveck-

317 1283 74 28 lingen
410 1284 24 27 af
451 1284 105 21 arbetares
571 1285 36 20 och
622 1285 48 20 med
684 1285 47 21 dem
741 1285 127 28 jämförliga
879 1293 51 20 per-

317 1324 73 15 soners
405 1317 124 29 försäkring
543 1324 42 16 mot
599 1319 100 28 varaktig
709 1319 180 29 arbetsoförmåga
897 1319 37 23 till

316 1352 55 29 följd
384 1353 26 27 af
419 1353 107 22 ålderdom
536 1353 49 22 eller
596 1354 72 22 andra
679 1354 91 28 orsaker,
781 1357 58 20 utom
850 1355 77 28 olycks-

316 1387 39 28 fall
374 1387 9 22 i
401 1387 84 28 arbetet,
501 1389 112 26 äfvensom,
627 1389 9 21 i
652 1389 101 22 händelse
771 1389 71 23 denna
859 1390 72 22 utred-

316 1422 57 28 ning
387 1422 74 21 därtill
481 1422 63 28 gåfve
560 1423 126 28 anledning,
709 1423 8 22 i
739 1423 69 23 sinom
830 1425 32 21 tid
875 1425 57 28 före-

316 1457 64 28 lägga
394 1456 124 23 Ständerna
530 1458 134 27 proposition
679 1458 9 21 i
703 1460 77 20 ämnet.

248 1496 102 18 Allmänna
364 1497 176 18 Besvärsutskottets
552 1497 116 18 betänkande
680 1498 35 17 N:o
729 1499 26 17 14.
