1061 1709
234 174 12 18 8
398 168 247 23 Petitionsbetänkande
662 167 37 22 N:o
715 167 40 22 24.

274 232 52 24 Med
350 232 109 23 afseende
483 232 14 22 å
520 232 39 22 det
583 232 73 22 första
675 230 23 23 af
714 230 28 22 de
758 231 8 21 i
782 230 168 28 ofvanintagna

205 268 231 30 petitionsmemorial
452 267 141 23 framhållna
609 266 210 29 önskningsmålen
836 265 55 23 eller
906 264 43 23 för-

205 305 75 29 slaget
295 311 38 16 om
348 303 161 29 kanalisering
525 302 24 23 af
565 302 39 23 det
619 302 35 22 till
669 302 75 22 Nilsiä
759 302 142 22 vattenstråt
911 300 39 23 hö-

204 340 72 23 rande
291 339 166 29 vattendraget
472 338 52 24 från
535 338 82 30 Syväri
629 338 61 22 ända
701 337 46 23 ned
758 337 35 23 till
804 337 147 26 Juurusvesi,

204 375 107 30 framgår
335 375 24 23 af
382 374 101 30 tidigare
501 374 40 23 vid
560 373 115 29 landtdag
691 372 137 24 meddelade
844 372 107 23 handlin-

205 418 44 23 gar
271 412 63 22 samt
349 418 28 15 ur
392 410 29 23 de
437 410 52 22 från
506 404 185 34 Öfverstyrelsen
707 409 36 23 för
758 409 61 29 Väg-
836 409 43 22 och
894 408 57 23 Vat-

205 446 210 30 tenbyggnaderna
433 447 8 21 i
461 446 73 22 saken
557 445 135 23 inhemtade
715 445 177 29 upplysningar,
917 445 35 21 att

206 483 135 23 kostnaden
356 482 36 23 för
408 489 29 16 en
453 482 71 22 kanal
539 481 54 23 med
608 481 62 23 sluss
680 480 61 24 förbi
752 480 141 24 Lastukoski
904 479 48 24 fors

206 519 120 29 uppginge
350 518 35 22 till
411 521 93 24 167,000
528 517 69 23 mark
616 517 43 23 och
678 517 36 22 för
730 516 122 30 öppnande
868 516 25 22 af
908 516 43 22 för-

208 554 104 23 bindelse
328 554 100 22 emellan
443 554 122 29 Vuotjärvi
581 553 43 23 och
640 552 126 28 Akonvesi,
782 552 93 23 hvilkas
885 552 66 29 höjd-

207 590 94 23 skilnad
321 590 92 29 uppgår
433 590 36 22 till
487 593 44 23 11,2
547 596 30 20 m,
594 588 35 23 till
645 592 115 24 1,400,000
774 588 74 23 mark.
878 588 75 22 Dessa

208 632 105 17 summor
336 626 117 29 upptagas
469 626 8 22 i
493 625 45 23 den
559 624 25 24 år
605 628 56 19 1884
680 624 84 30 gjorda
782 624 170 29 beräkningen,

208 669 53 16 men
277 661 66 23 torde
358 661 74 29 enligt
448 668 33 16 nu
497 660 108 30 gällande
616 660 128 30 arbetspris
755 660 56 23 böra
822 660 65 30 höjas
899 659 54 23 med

208 698 73 22 minst
305 697 72 30 50%.
408 697 52 23 Den
479 696 122 30 samtidigt
620 696 143 23 undersökta
779 695 104 23 farleden
900 695 54 23 från

208 734 140 22 Juurusvesi
363 739 85 27 genom
464 733 158 29 Muuruejärvi
638 732 34 23 till
688 732 119 22 Akonvesi
823 732 43 22 har
877 731 76 23 seder-

209 776 64 16 mera
289 775 85 23 genom
391 763 197 34 Öfverstyrelsens
604 768 35 22 för
654 768 61 29 Väg-
732 767 43 23 och
790 767 163 29 Vattenbygg-

208 804 105 24 naderna
336 804 91 29 försorg
450 805 74 28 gjorts
539 804 79 22 farbar
634 803 62 23 ända
711 804 84 28 upptill
812 803 141 23 Strömsdals

208 840 61 24 bruk
293 840 65 24 invid
378 840 143 30 nyssnämda
537 839 187 31 Karjalankoski.
756 838 128 31 Angående
901 846 30 16 en
946 840 9 21 i

209 876 258 30 petitionsmemorialet
475 876 70 23 äfven
554 876 126 28 ifrågasatt
687 875 72 23 kanal
768 875 100 23 emellan
877 875 76 23 Akon-

209 913 51 22 vesi
270 912 44 23 och
325 912 158 23 Kaavinselkä
494 912 89 22 medels
594 911 200 29 genombrytande
802 911 24 23 af
835 912 35 22 ett
878 913 43 21 näs
930 910 25 23 af

211 952 55 19 6—7
283 948 134 22 kilometers
433 947 74 23 bredd
522 948 42 22 har
575 948 77 28 någon
663 946 177 30 undersökning
850 946 53 23 icke
915 947 40 28 egt

209 991 60 15 rum.
286 984 52 22 Men
354 983 30 23 då
394 982 228 30 genomgräfvandet
633 982 25 23 af
668 982 65 23 detta
743 985 43 20 näs
798 982 52 23 icke
861 982 94 22 komme

211 1020 34 22 att
260 1019 104 23 medföra
379 1019 165 29 utsträckning
560 1018 24 23 af
599 1018 106 23 farleden
720 1018 82 30 längre
818 1020 30 21 än
864 1018 35 22 till
910 1018 46 22 den

211 1055 92 29 ganska
329 1054 134 30 obetydliga
489 1054 163 28 Kaavinselkä,
676 1054 54 23 med
754 1054 90 22 mindre
864 1054 92 29 jämväl

210 1090 164 24 Kaavistråten
393 1090 36 23 för
445 1097 28 16 en
489 1090 35 23 till
539 1090 107 29 miljoner
662 1090 122 22 beräknad
799 1089 99 23 kostnad
915 1089 40 23 ka-

211 1126 149 27 naliserades,
380 1126 44 22 har
439 1126 121 22 Utskottet
575 1125 52 23 icke
643 1126 77 22 ansett
735 1126 79 28 någon
828 1125 128 23 undersök-

210 1163 59 28 ning
289 1161 24 23 af
332 1161 45 23 den
392 1161 134 30 föreslagna
541 1162 102 22 kanalen
658 1168 57 16 vara
730 1161 109 29 behöflig,
855 1161 101 23 likasom

211 1198 120 23 Utskottet
346 1197 53 23 icke
414 1197 74 23 häller
503 1198 91 22 kunnat
609 1196 73 28 finna,
699 1198 35 21 att
750 1196 45 24 den
805 1198 68 28 nytta
883 1196 73 23 kana-

210 1233 127 23 liserandet
360 1233 24 23 af
407 1233 142 23 Lastukoski
572 1232 43 24 och
630 1232 182 29 Karjalankoski
828 1232 127 27 medförde,

212 1268 76 22 skulle
312 1268 118 22 motsvara
455 1267 28 23 de
506 1267 96 23 därmed
621 1266 133 24 förbundna
772 1267 74 29 dryga
861 1267 96 22 kostna-

212 1303 78 22 derna.

284 1338 52 24 Den
352 1339 7 22 i
375 1338 256 30 petitionsmemorialet
648 1338 42 23 N:o
707 1342 12 18 2
736 1338 134 30 föreslagna
884 1338 73 23 kana-

211 1375 40 23 len
275 1374 100 24 emellan
398 1374 106 30 Juojärvi
528 1374 43 23 och
590 1374 89 23 Orivesi
695 1374 85 28 blefve,
797 1374 73 30 enligt
886 1381 29 16 en
931 1373 27 24 år

214 1415 56 20 1878
294 1410 122 24 värkstäld
439 1410 184 30 undersökning,
648 1410 73 23 omkr.
740 1414 27 20 10
783 1410 42 23 km
841 1410 57 30 lång
913 1410 44 24 och

212 1448 101 27 komme,
330 1447 30 23 då
375 1446 179 31 höjdskilnaden
571 1449 26 21 är
612 1450 47 24 24,6
675 1448 80 27 meter,
767 1448 35 22 att
813 1446 104 24 erfordra
929 1451 28 19 10

283 1496 185 23 Järnvägsutskottets
480 1496 110 17 betänkande
602 1495 34 18 N:o
648 1496 17 17 3.
