1061 1709
281 150 270 22 Petitionsbetänkande
565 150 42 22 N:o
622 150 34 21 20.
797 151 21 20 11

379 212 245 23 Bränvinstillverkningens
644 212 66 22 belopp
729 212 59 18 under
807 213 44 17 &ren

380 240 94 18 1871—97.

181 283 18 1 ==
330 283 3 1 -—
378 269 268 23 Maltdryckstillverkningens
658 269 67 22 belopp
737 269 59 18 under
805 270 45 17 åren

379 297 94 18 1891—94.

169 355 33 18 Om
215 356 17 17 vi
245 355 82 22 granska
339 355 61 18 denna
412 355 62 21 tabell,
487 355 21 18 sä
520 355 100 18 observera
631 355 24 21 vi,
668 355 24 17 dä
704 355 105 22 kortvariga
822 360 28 12 va-

99 385 91 17 riationer
208 385 43 17 icke
267 384 82 21 beaktas,
365 386 26 15 att
406 385 20 16 är
443 385 43 17 1886
501 384 102 17 betecknar
618 389 23 13 en
656 383 108 22 vändpunkt
780 384 49 17 såväl
845 389 6 12 1

100 413 96 18 bränvins-
211 418 38 13 som
265 413 6 17 i
287 413 263 22 maltdryckstillverkningen.
576 413 62 18 Under
652 413 42 18 hela
706 412 32 18 det
751 413 56 22 derpä
819 413 33 18 föl-

97 442 58 22 jande
171 441 98 18 decenniet
284 441 35 18 har
335 441 37 18 den
388 442 50 17 förra
454 442 66 22 aftagit
535 442 65 20 starkt,
616 447 29 12 om
657 442 41 17 icke
711 441 78 18 alldeles
799 442 52 22 jemt,

100 471 36 17 den
149 476 65 12 senare
228 471 83 17 deremot
323 471 6 17 i
342 472 49 16 ännu
404 471 58 23 högre
474 471 46 22 grad
532 471 81 22 tilltagit.
637 471 68 17 Medan
715 471 59 21 ärliga
783 471 68 17 medel-

99 499 90 23 beloppet
201 499 20 18 af
231 499 233 22 bränvinstillverkningen
476 499 61 18 under
549 499 157 22 fernärsperioden
720 499 90 18 1881—85
820 505 32 12 var

101 529 38 19 10,5
154 528 45 22 milj.
212 528 48 21 liter,
273 533 33 12 var
318 527 32 18 det
362 528 60 17 under
434 528 81 22 följande
528 527 134 23 femårsperiod
670 523 57 32 (1886
731 528 46 21 —90)
788 528 65 17 endast

102 557 27 21 7,2
143 557 51 22 milj.,
207 557 34 17 och
255 557 54 22 sjönk
321 556 60 18 under
393 557 58 22 derpä
458 557 81 23 följande
548 557 39 17 lika
594 557 54 22 långa
656 556 81 23 tidrymd
745 557 68 21 (1891—
822 557 30 22 95)

101 585 110 22 ytterligare
225 585 28 18 till
265 587 27 19 6,3
306 585 44 22 milj.
364 585 48 18 liter.
435 585 88 18 Deremot
535 587 40 20 steg
587 585 266 22 maltdryckstillyerkningen,

101 614 55 17 hvars
170 614 58 22 ärliga
241 613 129 23 medelbelopp
383 613 58 18 under
454 614 52 17 tiden
519 613 90 19 1881—85
620 619 32 12 var
660 614 38 21 13,3
707 615 46 22 milj.
762 615 49 20 liter,
820 619 33 12 un-

101 642 33 19 der
147 642 82 23 följande
242 642 136 23 femårsperiod
390 642 110 23 (1886—90)
512 643 30 18 till
554 643 7 18 i
573 642 87 19 medeita]
669 643 37 21 17,4
716 643 43 22 milj.
769 643 43 17 liter
819 643 33 18 och

100 671 61 18 nådde
178 671 59 18 under
250 671 58 23 derpä
320 671 83 22 följande
416 671 83 23 tidrymd
510 671 20 18 af
540 672 41 23 fyra
593 672 20 17 år
625 671 107 23 (1891—94)
745 674 27 15 ett
784 671 68 18 medel-

100 699 25 18 ta]
139 699 19 18 af
169 699 48 18 ända
228 700 30 17 till
270 700 39 21 21,2
322 699 45 22 milj.
379 699 45 18 liter
436 700 76 23 ärligen.

170 729 63 17 Såsom
245 729 64 21 kändt,
322 729 83 22 vidtogos
418 729 22 17 är
452 729 44 18 1885
509 729 26 17 uti
548 729 230 23 bränvinslagstiftningen
788 729 64 18 ätskil-

101 757 46 23 liga,
161 757 81 18 handeln
255 757 42 18 med
310 758 100 22 spritvaror
422 757 139 19 inskränkande
573 757 136 23 förändringar.
727 758 83 18 Sälunda
817 758 36 18 för-

101 786 54 23 bjöds
167 788 12 16 t.
192 792 27 12 ex.
233 786 173 23 minutförsäljning
412 786 20 17 af
439 786 77 19 bränvin
525 786 6 18 i
541 786 72 18 mindre
623 786 113 18 kvantiteter
745 788 23 16 än
776 788 8 16 1
791 787 62 17 kanna

101 815 60 22 (förut
173 815 21 21 1/4
205 815 76 23 kanna),
294 816 34 17 och
340 814 50 24 fingo
403 815 205 23 stadsmyndigheterna
618 816 40 16 rätt
670 816 27 16 att
709 815 58 18 ordna
777 816 34 18 och
821 816 32 18 be-

101 846 67 21 gränsa
184 844 169 18 bränvinshandeln
369 844 50 18 inom
435 844 33 17 sitt
482 844 81 22 omräde,
576 847 22 15 en
610 845 43 19 rätt,
666 844 75 18 hvilken
754 844 98 19 flerstädes

101 873 37 18 fick
152 879 22 12 en
187 878 36 17 nog
235 873 72 22 rigorös
318 873 124 22 användning.
461 873 87 18 Deremot
555 874 33 17 har
598 873 75 18 handeln
682 873 40 17 med
729 873 124 24 maltdrycker

100 902 44 17 hela
152 901 66 21 denna,
227 901 67 18 liksom
303 901 114 23 föregäende
427 901 33 22 tid,
471 903 26 16 uti
505 902 99 17 städernai
614 901 67 23 sjelfva
690 902 65 17 verket
764 903 50 17 varit
822 903 30 18 fri.

101 930 118 23 Visserligen
233 930 70 17 erhöllo
316 930 206 23 stadsmyndigheterna
534 931 21 17 år
567 931 44 17 1892
623 932 38 16 rätt
673 932 27 16 att
711 931 98 18 öfvervaka
817 932 34 17 och

100 959 65 22 ordna,
177 964 42 13 men
232 959 16 22 ej
262 961 26 15 att
300 959 116 22 väsentligen
428 959 103 18 förminska
542 959 201 23 maltdryekshandeln,
756 960 55 17 hvars
823 962 29 16 ut-

101 987 77 19 öfvande
194 988 33 18 bör
243 987 102 23 medgifvas
360 988 37 18 alla
412 987 114 24 välfrejdade
541 988 128 22 medborgare,
685 993 38 12 som
736 988 75 18 anhålla
823 994 29 13 om

99 1019 38 16 rätt
149 1017 68 18 dertill.

169 1046 26 17 Ur
213 1045 61 18 denna
292 1045 102 18 öfverblick
413 1045 80 23 framgår
513 1046 59 22 enligt
589 1046 41 17 vårt
644 1045 127 22 förmenande,
787 1048 27 15 att
829 1051 23 13 en

100 1074 96 18 restriktiv
212 1073 118 24 lagstiftning
341 1074 35 17 har
388 1074 40 18 haft
440 1075 29 17 till
482 1074 46 23 följä
540 1080 23 12 en
577 1074 135 23 förminskning
724 1074 21 17 af
755 1075 96 18 bränvins-

100 1102 153 23 förbrukningen.
290 1103 37 17 Till
351 1102 61 18 denna
438 1103 76 18 slutsats
539 1103 103 22 berättigar
663 1109 29 12 oss
713 1103 139 22 tillverknings-

100 1131 96 23 beloppets
211 1132 64 22 jemna
291 1131 105 22 sjunkande
412 1132 42 17 med
471 1137 39 13 mer
524 1134 24 15 än
565 1137 22 12 en
603 1132 93 22 tredjedel
708 1132 60 18 under
781 1137 23 12 en
817 1132 35 17 tid-

101 1160 59 23 rymd,
176 1165 39 13 som
232 1161 88 18 omfattar
335 1161 16 22 ej
368 1160 71 18 mindre
456 1163 23 15 än
492 1161 20 17 10
525 1161 26 21 år,
563 1161 35 18 och
611 1166 38 12 som
662 1161 63 17 derför
737 1162 22 15 är
771 1161 86 17 tillräck-.

102 1188 35 23 ligt
153 1189 43 22 lång
208 1189 29 18 för
249 1191 28 16 att
289 1189 38 17 låta
339 1188 22 18 de
374 1189 108 22 periodiska
494 1189 120 22 vexlingarna
626 1189 7 17 i
646 1189 73 18 landets
731 1189 122 18 ekonomiska

98 1218 25 17 lif
133 1217 105 18 framträda.

167 1247 56 16 Detta
238 1247 79 17 resultat
332 1248 21 15 är
364 1245 28 18 för
405 1246 57 23 öfrigt
474 1247 41 18 icke
528 1246 67 23 egnadt
607 1248 27 16 att
646 1246 76 18 förvåna
734 1247 67 21 någon,
814 1251 38 12 som

101 1275 42 18 med
156 1275 164 23 uppmärksamhet
332 1275 34 18 har
378 1275 42 23 följt
428 1275 109 19 hithörande
546 1275 117 18 företeelser.
684 1275 85 18 Tvärtom
779 1274 74 18 bekräf-

99 1306 29 15 tas
141 1304 32 17 det
185 1304 20 17 af
216 1304 36 18 den
266 1304 73 23 dagliga
351 1304 132 18 erfarenheten
493 1304 7 18 i
510 1305 51 17 detta
570 1304 49 18 land.
638 1304 96 18 Alltsedan
743 1303 109 18 husbehofs-

99 1333 115 21 bränningen
227 1333 112 21 upphäfdes,
351 1333 34 16 har
397 1333 6 16 i
411 1333 115 21 landsorten,
532 1333 59 21 enligt
600 1332 68 18 allmän
677 1332 113 20 erfarenhet,
800 1332 52 21 dryc-

99 1360 107 22 kenskapen
222 1361 45 16 stätt
283 1360 7 17 i
303 1361 20 17 sä
336 1360 44 23 godt
392 1365 39 12 som
444 1360 62 18 direkt
518 1360 108 23 proportion
639 1360 29 17 till
680 1360 93 17 lättheten
786 1361 27 15 att
825 1360 27 16 ät-

99 1389 75 17 komma
185 1388 118 23 rusdrycker.
327 1388 31 18 Uti
371 1388 78 21 trakter,
462 1394 38 12 som
513 1390 32 16 äro
558 1388 79 22 belägna
649 1390 45 15 nära
706 1388 41 17 stad
760 1388 47 18 eller
815 1387 36 17 för-

99 1417 59 19 sedda
173 1417 43 18 med
232 1417 48 23 goda
291 1417 237 22 kommunikationsmedel,
541 1417 47 18 eller
599 1416 75 18 hvarest
686 1417 105 23 ölbryggeri
805 1416 47 18 eller

99 1448 34 16 ock
149 1446 46 18 blott
208 1452 23 12 en
243 1446 159 23 gästgifvaregärd
415 1446 89 22 erbjuder
516 1446 18 18 öl
547 1446 29 18 till
589 1445 45 22 salu,
646 1446 7 17 i
667 1446 68 17 sådana
747 1446 73 17 trakter
832 1446 21 16 är

99 1476 153 23 dryckenskapen
269 1476 99 22 onekligen
384 1475 33 17 och
433 1475 7 17 i
455 1477 71 21 ögonen
542 1474 81 19 fallande
639 1476 59 16 större
715 1477 24 15 än
755 1475 24 23 pä
795 1477 58 18 orter,

165 1508 180 18 Ekonomiutskottets
359 1508 113 18 betänkande
486 1508 38 18 N:o
539 1508 17 18 8.
