1061 1703
201 164 13 20 6
409 160 250 24 Petitionsbetänkande
674 160 37 22 N:o
728 160 33 23 16.

202 226 64 26 högre
290 225 177 26 kvinnobildning
490 225 68 21 såsom
581 226 31 20 ett
634 223 132 27 privilegium
784 223 33 21 för
832 224 26 20 de
873 222 82 26 burgna

204 259 219 27 samhällsklasserna,
439 261 52 19 utan
506 265 62 15 anser
584 259 36 21 det
635 258 100 21 fastmera
751 264 51 15 vara
818 258 35 20 det
868 257 87 21 allmän-

203 300 37 15 nas
256 293 54 27 plikt
325 296 33 19 att
373 294 78 20 bereda
467 293 61 21 äfven
544 294 25 20 de
584 293 81 21 mindre
684 292 124 22 bemedlade
823 292 84 21 tillfälle
922 291 33 21 till

205 335 25 14 en
246 328 66 21 sådan
328 328 102 26 bildning.
456 327 123 22 Statistiska
594 327 107 26 uppgifter
716 326 33 21 för
764 326 92 21 läseäret
872 325 83 22 1897
941 321 19 37 —

203 362 29 21 98
247 361 75 27 utvisa,
338 363 33 20 att
385 362 7 21 i
408 361 99 22 afseende
522 361 12 22 å
549 361 144 22 föräldrarnas
704 360 199 27 samhällsställning
914 359 41 22 ele-

202 402 65 16 verna
282 396 34 21 vid
332 397 81 20 statens
427 397 72 26 lyceer
514 395 39 22 och
568 395 217 22 fruntimmersskolor
799 395 109 21 fördelade
923 394 32 27 sig

202 431 27 26 pä
244 429 92 27 följande
352 431 51 20 sätt:

345 480 52 17 Barn
409 480 31 17 till
636 480 81 23 Lyceer.
742 479 212 18 Fruntimmersskolor.

202 515 89 18 Embets-
311 514 36 18 och
369 514 120 23 tjenstemän
506 515 7 16 i
531 514 70 18 staden

238 543 48 17 eller
298 543 25 23 pä
335 542 68 18 landet
427 556 3 4 .
455 556 4 3 .
485 556 3 4 .
513 556 4 4 .
598 556 4 3 +
639 544 49 19 1,387
701 542 66 23 (31%)
820 542 33 18 512
867 542 65 22 (31%)

202 571 119 19 Handlande
340 571 37 18 och
399 571 119 18 fabrikanter
536 572 6 17 i
561 557 38 32 stä-

238 600 59 18 derna
313 614 3 4 .
341 614 4 4 .
370 614 3 4 .
654 601 34 17 496
701 600 27 23 (11
737 600 30 23 %/))
819 600 34 18 208
866 600 28 21 (13
902 599 29 22 %)

202 624 150 32 Handtverkare
371 614 36 32 och
425 610 63 47 lägre
500 614 78 61 borgare
596 614 6 61 i
595 629 6 17 i

238 657 105 18 städerna
340 653 12 32 .
369 671 3 4 .
397 671 3 3 .
539 672 3 4 5
653 659 34 17 654
700 658 65 22 (15%)
818 657 33 18 259
864 657 29 23 (16
903 656 28 23 o/%

203 683 69 26 Öfriga
284 687 92 17 invänare
389 686 6 17 i
408 671 91 32 städerna
512 700 32 4 Sa
569 700 32 4 Row
654 687 32 17 763
700 686 30 23 (18
738 682 29 32 %/,)
818 687 33 16 417
865 686 29 21 (25
903 685 29 22 ,/*)

204 715 167 23 Ständspersoner
382 715 25 22 pä
419 715 68 17 landet
514 729 3 3 .
542 729 3 4 .
570 729 4 4 .
598 728 4 3 .
654 716 34 17 404
701 715 7 23 (
720 715 48 22 9%,)
821 715 33 17 139
867 714 7 22 (
885 714 47 23 8%)

203 743 80 18 Bönder
313 757 3 4 .
342 758 4 4 .
371 757 3 3 .
513 758 61 3 L
655 744 34 17 498
702 744 64 22 (11%)
831 744 23 17 64
866 743 67 22 (49)

204 772 84 23 Torpare
301 772 37 17 och
351 758 52 37 öfrig
413 757 85 38 allmoge
513 787 33 2 VD
571 786 33 4 ME
657 773 33 16 223
702 772 7 22 (5
723 772 46 22 %)
832 773 22 16 46
867 771 7 23 (3
886 771 47 23 %0)

447 807 80 17 Summa
539 807 66 18 elever
640 807 51 20 4,420
806 807 48 20 1,645

204 848 31 20 De
251 848 126 27 procenttal,
392 849 7 20 i
415 848 72 21 hvilka
502 849 25 20 de
542 848 105 22 särskilda
657 848 147 27 kategorierna
816 848 22 21 af
847 847 109 22 samhälls-

204 882 98 27 ställning
325 885 36 18 äro
377 883 172 27 representerade
564 883 6 21 i
585 889 58 21 goss-
659 883 39 20 och
713 882 156 27 flickskolorna,
885 881 71 22 afvika

203 916 81 21 säledes
312 917 56 21 blott
393 917 117 27 obetydligt
536 917 47 22 frän
604 917 126 26 hvarandra,
746 917 86 21 hvarför
848 923 49 15 man
913 916 41 22 kan

203 951 68 26 påstå,
310 953 33 19 att
379 951 83 22 landets
496 951 68 27 lyceer
596 952 39 21 och
668 951 217 22 fruntimmersskolor
921 951 34 21 för

203 985 132 21 närvarande
363 988 95 25 mottaga
486 986 46 21 sina
562 986 68 21 elever
658 987 6 19 i
687 985 88 27 ungefär
801 992 80 14 samma
907 991 49 20 pro-

204 1020 82 26 portion
302 1019 46 22 frän
364 1020 123 21 samhällets
507 1020 56 21 olika
579 1020 87 21 klasser.
697 1020 40 21 Det
752 1020 114 26 viktigaste
881 1019 75 26 skälet,

203 1060 45 15 som
271 1053 90 27 tidigare
384 1055 80 20 kunnat
486 1053 85 22 anföras
586 1054 33 21 för
638 1053 159 22 bibehällandet
812 1053 23 21 af
848 1060 27 15 en
890 1053 66 27 högre

203 1088 148 27 terminsafgift
373 1089 7 20 i
402 1088 150 22 flickskolorna
576 1091 25 18 än
621 1089 5 20 i
642 1088 146 27 gosskolorna,
812 1089 77 20 saknar
908 1088 49 21 allt-

204 1122 23 21 sä
248 1128 88 15 numera
359 1122 71 27 hvarje
453 1122 115 27 betydelse.
592 1134 26 3 —
634 1117 62 26 Ännu
715 1128 58 15 mera
787 1122 111 26 grundlöst
913 1124 42 25 tyc-

203 1157 38 20 kes
267 1155 36 22 det
327 1155 122 22 förfarande
473 1162 57 20 vara,
555 1162 46 15 som
626 1157 38 20 allt
687 1156 131 21 fortfarande
841 1162 48 21 eger
909 1162 47 15 rum

203 1191 7 20 i
233 1190 26 21 de
282 1189 193 26 elementarskolor,
504 1191 70 21 hvilka
601 1197 87 15 numera
709 1193 36 19 äro
769 1190 133 27 berättigade
925 1192 32 20 att

203 1225 73 25 intaga
302 1224 60 21 äfven
389 1225 92 26 kvinliga
507 1225 76 21 elever.
614 1225 39 20 Om
679 1227 26 19 än
732 1225 64 26 något
818 1225 46 20 skäl
886 1224 71 22 kunde

203 1257 116 22 förefinnas
341 1259 33 19 att
395 1258 35 20 vid
453 1258 125 26 tidpunkten
601 1258 34 21 för
650 1259 90 20 nämnda
755 1257 133 27 förändrings
904 1257 53 22 infö-

205 1291 65 21 rande
285 1291 90 27 pälägga
391 1292 25 20 de
431 1291 188 22 inträdessökande
634 1291 93 27 kvinliga
742 1292 98 21 eleverna
855 1298 26 14 en
891 1291 66 27 högre

204 1325 67 27 afgift,
294 1326 24 21 sä
337 1325 61 22 torde
413 1332 94 21 numera,
524 1327 26 21 dä
565 1326 146 21 institutionen
726 1326 75 22 vunnit
816 1325 57 27 häfd,
889 1326 68 22 denna

204 1361 120 26 anordning
346 1360 81 21 saklöst
449 1361 73 21 kunna
537 1361 106 24 bortfalla,
659 1361 23 21 sä
697 1361 84 27 mycket
796 1366 58 15 mera
870 1366 44 16 som
930 1361 26 21 de

203 1395 90 26 talrika?
299 1396 84 26 privata
398 1395 147 21 samskolorna
560 1395 39 21 och
614 1396 178 26 borgarskolorna
807 1396 22 21 af
838 1396 46 20 sina
899 1402 58 15 man-

204 1429 43 27 liga
270 1430 39 21 och
333 1430 92 26 kvinliga
448 1430 69 21 elever
538 1430 34 22 för
594 1436 80 16 samma
693 1430 150 27 undervisning
861 1430 96 27 uppbära

204 1470 80 15 samma
300 1464 155 25 terminsafgift.

271 1503 101 18 Allmänna
384 1503 172 18 Besvärsutskottets
568 1503 112 18 betänkande
691 1503 34 18 N:o
738 1504 27 17 13.
