1064 1709
224 168 27 20 10
402 166 258 22 Motionsbetänkande
675 166 42 22 N:o
733 166 20 20 1.

197 237 69 19 sätten
281 234 32 21 för
328 234 105 26 fångande
449 233 22 21 af
484 234 52 21 vildt
552 234 93 26 grundar
661 234 37 26 sig,
714 235 51 19 utan
783 233 36 21 det
828 232 120 28 föreslagna

197 269 96 27 tillägget
315 269 32 21 till
368 268 61 27 lagen
453 268 55 21 afser
531 268 75 21 endast
624 268 129 26 utvidgande
768 266 22 22 af
804 268 36 20 det
855 267 92 25 område,

197 304 78 21 hvilket
297 304 65 20 redan
378 304 27 25 på
421 303 68 27 grund
505 302 23 22 af
540 302 161 28 ifrågavarande
716 301 135 28 lagparagraf
864 302 82 26 intager

197 344 24 15 en
246 338 221 26 undantagsställning
484 338 45 25 och,
550 339 51 19 utan
616 336 72 22 tvifvel
703 337 27 26 på
745 336 49 21 fullt
809 336 73 26 giltiga
897 336 51 25 skäl,

195 372 6 21 i
217 372 57 21 detta
299 372 99 21 afseende
422 372 93 26 åtnjuter
538 372 56 21 vissa
618 370 103 22 särskilda
745 371 131 26 rättigheter,
902 376 45 16 som

197 406 61 27 lagen
281 406 6 21 i
311 406 64 26 öfrigt
395 406 45 21 icke
462 406 39 21 kan
522 405 117 27 godkänna.
670 405 26 22 Vi
717 407 36 19 äro
768 405 48 21 fullt
831 404 117 22 förvissade

196 441 80 24 derom,
297 443 32 18 att
348 446 26 15 en
390 440 55 27 dylik
461 440 127 27 utvidgning
602 440 22 21 af
638 441 116 25 gränserna
768 440 33 20 för
817 440 35 20 det
868 440 80 20 undan-

195 477 64 25 tagna
282 474 97 22 området
399 474 115 27 ingalunda
528 481 51 15 vore
594 474 78 27 egnadt
687 476 30 19 att
732 474 68 21 rubba
816 474 131 21 rättsförhål-

195 509 91 21 landena
308 509 44 25 der,
374 509 86 20 hvarest
479 509 27 21 23
524 509 11 27 $
550 509 8 20 i
570 508 110 28 jagtlagen
694 509 8 20 i
717 508 49 22 dess
781 508 123 22 nuvarande
919 508 29 27 ly-

197 543 57 21 delse
276 543 109 21 befunnits
408 549 50 15 vara
480 543 63 27 högst
566 543 114 27 opraktisk,
696 544 51 20 enär
762 543 41 21 den
818 542 85 22 kräfver
918 544 29 20 ett

196 579 56 19 tvärt
274 577 110 21 afstäende
404 577 45 21 frän
474 577 69 27 gamla
564 577 120 27 fängstsätt,
707 577 70 21 hvilka
798 576 149 27 befolkningen

196 612 55 20 ända
265 612 46 20 frän
327 612 109 21 hedenhös
451 612 41 21 lärt
508 612 32 26 sig
554 614 32 19 att
600 612 98 21 betrakta
708 618 45 14 som
766 612 32 21 sin
811 611 137 27 obestridliga

196 648 48 19 rätt.
267 646 164 26 Ifrägavarande
447 646 116 26 stadgande
576 646 7 21 i
593 646 40 22 den
644 652 41 21 nya
692 646 109 27 jagtlagen
810 646 38 21 har
857 648 90 19 tvärtom

196 680 64 22 redan
283 680 77 22 hunnit
382 680 146 22 ästadkomma
551 683 45 19 stor
610 680 115 27 förvirring
737 681 47 27 just
799 681 7 20 i
821 680 25 22 de
862 680 86 26 trakter,

197 714 80 22 hvilkas
301 714 67 22 fördel
386 714 196 28 motionsförslaget
596 715 61 21 söker
674 714 112 27 tillgodose
801 715 39 21 och
856 714 36 22 der
908 714 40 22 till-

196 748 49 27 följe
261 748 22 22 af
297 749 40 21 den
354 749 58 27 glesa
427 749 149 27 bosättningen
592 749 82 27 mycket
689 749 102 21 villebräd
802 751 56 19 ännu
870 748 78 22 anträf-

196 782 32 22 fas
243 784 7 20 i
265 784 26 20 de
314 783 65 27 djupa
394 783 117 27 skogarnas
528 784 73 27 skydd.
630 784 81 20 Medels
726 783 160 27 ifrågavarande
900 783 47 21 här-

196 818 65 21 intills
286 818 70 21 såsom
376 818 110 27 oskyldiga
500 818 93 22 ansedda
607 817 116 28 fängstsätt
737 818 38 21 har
794 818 40 21 den
850 817 97 28 fattigare

197 852 151 27 befolkningen
370 852 7 21 i
399 859 65 15 norra
484 852 89 22 Finland
596 856 54 18 samt
671 852 47 22 dei
732 852 108 22 motionen
856 852 92 22 nämnda

198 886 86 22 delarna
299 887 22 21 af
336 887 89 21 Savolax
440 887 39 21 och
495 887 92 22 Karelen
603 893 76 21 genom
690 887 30 21 till
734 889 64 19 annat
808 888 72 20 arbete
893 887 55 21 oför-

197 923 78 25 mögna
297 928 75 20 gossar
390 922 39 20 och
444 922 106 27 äldringar
565 921 47 21 frän
628 922 106 26 skogarna
749 922 77 20 vunnit
840 923 31 19 ett
886 921 62 21 beak-

196 956 112 20 tansvärdt
324 956 74 26 bidrag
412 956 32 20 till
460 956 32 20 sin
508 956 99 25 existens,
622 958 30 18 ett
666 956 76 26 bidrag
757 962 46 15 som
818 956 66 27 enligt
896 962 52 20 upp-

197 988 38 28 gift
257 990 6 20 i
285 989 26 21 de
336 991 78 20 största
437 990 154 21 kommunerna
611 990 86 26 belöper
717 990 33 26 sig
765 989 31 21 till
811 990 59 21 tiotal
886 992 62 19 tusen

197 1024 65 20 mark.
292 1024 34 21 Dä
349 1024 26 20 de
397 1031 29 14 nu
448 1024 97 27 piötsligt
565 1026 43 20 sett
626 1024 33 27 sig
678 1024 113 21 beröfvade
806 1024 63 21 dessa
883 1024 65 27 hjelp-

197 1058 68 20 medel
287 1058 39 21 och
349 1058 114 21 hänvisade
481 1058 31 22 till
533 1058 120 27 fängstsätt,
668 1058 22 21 af
703 1058 71 21 hvilka
784 1059 26 21 de
820 1058 45 21 icke
877 1059 72 21 kunna

195 1092 97 26 begagna
320 1092 38 26 sig,
386 1092 38 21 har
453 1092 57 22 detta
532 1092 44 21 haft
598 1092 31 21 till
651 1092 79 27 påföljd
752 1092 197 27 lagöfverträdelser

199 1125 38 21 och
253 1128 45 19 stor
314 1126 154 26 misstämning.
494 1127 38 21 Att
548 1126 24 22 sä
586 1129 23 19 är
624 1126 63 26 fallet,
703 1127 61 21 torde
778 1127 73 21 kunna
865 1127 83 27 intygas

197 1159 22 21 af
239 1160 40 21 alla
297 1162 173 24 representanter
485 1160 47 22 från
548 1161 62 21 dessa
624 1160 86 22 trakter.
741 1160 70 22 Gerna
826 1160 122 28 medgifves,

196 1196 32 19 att
250 1194 133 27 lagstiftaren
402 1194 18 27 ej
437 1194 40 22 kan
493 1197 49 25 taga
556 1194 81 28 hänsyn
653 1195 31 21 till
700 1195 81 26 sädant,
796 1194 44 22 ifall
855 1195 41 21 den
912 1195 37 21 sed

196 1234 47 15 man
260 1228 36 21 vill
311 1228 88 22 afskaffa
414 1230 23 19 är
453 1229 115 26 bevisligen
585 1228 87 28 skadlig.
702 1229 47 21 Den
764 1229 184 27 meningsolikhet,

196 1267 46 15 som
264 1262 35 20 vid
322 1260 110 22 stiftandet
454 1262 22 20 af
487 1262 108 26 jagtlagen
611 1262 74 26 gjorde
700 1262 33 26 sig
748 1262 102 26 gällande,
868 1263 80 21 utvisar

197 1294 122 24 emellertid,
334 1296 32 19 att
381 1301 25 14 en
423 1294 61 22 säker
501 1295 132 27 ständpunkt
647 1296 6 20 i
668 1295 75 27 frägan
758 1296 18 26 ej
789 1298 56 19 ännu
856 1296 92 21 vunnits.

196 1328 50 22 Med
268 1329 61 21 desto
353 1331 68 19 större
441 1329 44 21 skäl
501 1329 39 21 bör
554 1328 132 28 lagstiftaren
701 1330 72 26 lyssna
789 1330 31 21 till
835 1330 27 22 de
876 1330 72 27 klago-

195 1363 48 25 mäl,
265 1370 46 15 som
336 1363 46 21 frän
403 1363 77 22 folkets
501 1364 58 21 leder
582 1363 122 27 frambäras,
723 1364 39 22 och
784 1364 80 28 skynda
879 1367 31 19 att
925 1365 24 22 sä

197 1401 59 18 snart
279 1398 33 27 sig
328 1400 50 25 göra
393 1398 53 21 läter
462 1398 92 28 afhjelpa
569 1398 40 22 den
625 1398 71 26 skada,
712 1405 46 15 som
775 1406 25 14 en
816 1399 7 21 i
838 1399 110 27 praktiken

197 1432 101 28 olämplig
313 1432 107 22 befunnen
435 1433 35 27 lag
485 1433 162 27 åstadkommer,
663 1433 100 22 särskildt
778 1440 35 15 om
829 1434 25 21 de
870 1434 78 22 medel-

196 1467 79 21 lösaste
295 1467 65 21 bland
375 1466 66 22 folket
457 1470 73 25 tyngst
545 1468 90 21 drabbas
651 1468 23 20 af
687 1468 129 22 densamma.
846 1469 48 21 Den
909 1475 38 15 nu-

264 1513 47 22 Lag-
324 1513 31 17 och
368 1512 183 19 Ekonomiutskottets
564 1514 110 18 betänkande
685 1513 38 18 N:o
736 1514 17 18 2.
