1061 1703
295 149 275 23 Petitionsbetänkande
585 149 45 23 N:o
645 149 34 22 11.
817 151 26 20 17

123 219 43 22 ord
183 219 64 22 finna
264 220 8 21 i
291 224 62 17 ännu
369 220 72 29 högre
459 221 58 29 grad
534 225 30 18 än
581 221 35 22 för
633 229 40 13 sex
691 221 42 22 och
751 221 79 22 trettio
846 222 26 21 år

123 253 99 22 tillbaka
240 254 42 21 sitt
302 254 162 29 berättigande
482 255 72 22 under
572 255 28 22 de
617 263 33 14 nu
667 255 102 22 rådande
786 252 86 25 förhäl-

122 287 102 23 landena
241 288 9 21 i
267 289 53 20 vårt
336 288 62 22 land.
434 289 35 28 Ty
487 289 44 21 den
549 289 110 29 politiska
675 289 144 29 uppfostran,
832 289 40 22 det

123 321 75 23 finska
215 321 75 22 folket
307 321 73 22 under
397 322 77 22 denna
492 323 35 21 tid
544 323 62 21 varit
623 323 7 21 i
643 323 92 21 tillfälle
748 325 35 19 att
794 323 78 28 vinna,

123 359 26 18 är
165 356 37 21 för
218 356 62 22 visso
299 357 25 21 så
342 358 53 26 stor,
414 358 35 20 att
466 357 45 21 den
528 358 62 28 gjort
606 356 127 23 detsamma
749 357 55 21 fullt
821 360 51 19 vär-

123 389 52 29 digt
202 392 34 19 att
263 390 92 22 komma
375 391 8 21 i
401 390 138 30 åtnjutande
558 391 23 22 af
598 398 27 14 en
644 391 133 28 lagbunden
794 391 78 28 tryck-

122 424 82 21 frihets
222 424 156 29 välsignelser.
414 424 75 23 Också
507 424 67 29 hyser
591 425 166 29 Lagutskottet
774 426 8 20 i
797 425 75 22 likhet

123 458 52 21 med
193 458 133 22 Ständerna
343 458 39 22 vid
403 460 64 20 1894
486 460 36 21 års
539 459 113 29 landtdag
670 459 45 22 den
733 459 139 29 öfvertygel-

122 500 42 14 sen
181 494 36 20 att
234 492 28 22 de
280 492 222 30 missförhållanden,
521 501 47 15 som
586 494 81 28 åtfölja
685 493 40 23 det
737 493 135 23 nuvarande

121 529 119 27 systemet,
257 528 53 21 icke
327 528 80 22 kunna
423 528 149 29 fullständigt
590 528 113 30 afhjelpas
720 530 58 20 utan
790 536 27 14 en
830 536 42 14 un-

123 561 42 22 der
182 561 143 23 Ständernas
348 562 141 22 medverkan
512 563 144 21 tillkommen
674 562 197 30 tryckfrihetslag,

123 596 63 28 bygd
205 597 30 27 på
252 597 120 28 principen
391 597 24 22 af
432 597 61 22 finsk
510 597 160 29 medborgares
688 600 48 19 rätt
759 599 35 20 att
813 600 59 19 utan

122 630 122 29 preventiv
262 638 81 15 censur
360 631 9 21 i
386 632 69 28 tryck
476 632 91 28 utgifva
585 631 117 30 periodisk
720 632 56 22 eller
794 639 78 15 annan

123 664 69 22 skrift
210 665 43 21 och
272 668 36 19 att
324 666 35 21 för
377 666 184 28 pressförseelser
579 667 36 20 stå
632 666 37 21 till
688 674 84 14 ansvar
789 666 83 21 endast

122 699 62 22 inför
201 699 53 28 laga
272 699 106 22 domstol.

190 733 44 22 Att
259 733 166 29 Lagutskottet
451 734 40 22 det
511 734 96 22 oaktadt
624 734 52 21 icke
693 742 32 14 nu
743 734 42 22 hos
803 734 68 22 Stän-

122 767 72 22 derna
212 767 77 22 direkt
305 768 104 22 förordat
427 776 28 15 en
473 769 99 28 petition
590 776 36 15 om
644 769 71 28 nådig
727 769 144 28 proposition

122 802 38 22 till
186 805 67 19 nästa
280 803 112 28 landtdag
419 803 119 29 angående
556 803 189 29 tryckfrihetslag
763 803 36 22 för
816 803 55 21 Fin-

121 837 63 28 land,
214 837 43 22 har
286 837 117 29 betingats
429 840 103 19 närmast
558 837 24 22 af
607 837 114 29 Kejsaren
747 837 43 22 och
808 837 63 22 Stor-

122 871 100 22 furstens
252 871 124 30 afböjande
403 879 52 15 svar
481 873 30 28 pä
535 871 141 23 Ständernas
702 873 8 21 i
722 872 71 22 detta
810 872 61 29 syfte

121 905 88 22 aflätna
235 906 98 29 petition
359 906 41 22 vid
426 907 65 21 1894
509 907 35 21 års
562 906 119 29 landtdag.
717 905 34 23 De
769 906 102 22 rådande

121 939 177 24 förhällandena
325 949 68 20 synas
420 941 51 22 icke
489 941 72 22 heller
578 941 65 28 gifva
660 941 40 22 vid
718 941 99 27 handen,
836 943 36 20 att

122 974 45 22 den
194 976 62 21 rätta
279 975 140 29 tidpunkten
437 983 33 14 nu
487 983 54 14 vore
558 976 55 21 inne
631 975 35 22 för
683 975 101 22 näendet
802 975 23 22 af
842 975 29 22 de

122 1010 122 27 förmäner,
262 1009 82 22 hvilka
361 1017 29 14 en
407 1010 133 28 lagbunden
558 1010 138 28 tryckfrihet
713 1010 75 21 skulle
806 1010 65 21 inne-

121 1043 62 22 bära.
219 1043 36 22 Då
281 1044 80 21 härtill
377 1044 104 22 kommer
499 1046 40 25 att,
558 1047 55 19 enär
630 1046 68 20 nästa
714 1044 114 28 landtdag
846 1047 26 18 är

121 1078 105 22 bestämd
248 1080 35 20 att
304 1078 177 22 sammankallas
501 1078 58 22 först
581 1078 59 22 efter
656 1078 51 28 fyra
726 1079 31 27 är,
777 1078 67 22 äfven
862 1078 9 21 i

122 1107 139 33 lyckligaste
290 1112 42 22 fall
360 1120 28 14 en
411 1113 94 29 rundlig
523 1112 35 22 tid
576 1112 74 22 skulle
668 1113 66 29 förgä
751 1113 73 21 innan
842 1120 29 14 en

121 1146 191 30 tryckfrihetslag
335 1146 84 23 hunnit
441 1147 92 22 komma
560 1147 37 22 till
623 1147 75 28 ständ,
723 1151 24 18 är
770 1147 39 22 det
832 1154 39 14 en-

121 1181 46 29 ligt
192 1181 133 22 Utskottets
351 1182 71 21 tanke
446 1189 29 14 en
492 1181 126 29 tvingande
636 1182 175 28 nödvändighet
829 1183 41 25 att,

121 1214 129 22 oberoende
275 1216 23 22 af
320 1215 95 22 hvilken
433 1216 89 28 utgång
540 1216 81 28 frågan
640 1223 36 14 om
694 1223 28 15 en
741 1216 71 22 sådan
831 1216 40 28 lag

121 1249 48 22 kan
186 1249 94 28 erhålla,
298 1250 57 22 söka
373 1250 102 28 aflägsna
493 1250 139 21 åtminstone
648 1249 28 22 de
689 1250 52 22 med
750 1250 39 22 det
798 1257 72 15 nuva-

121 1283 72 22 rande
217 1286 111 26 systemet
349 1283 110 23 förenade
480 1283 224 29 missförhållanden,
728 1284 80 22 hvilka
830 1287 40 18 äro

121 1320 59 18 mest
206 1318 128 27 tryckande
354 1318 36 21 för
410 1318 166 28 befolkningen
594 1318 43 21 och
655 1318 77 21 tillika
750 1319 36 20 stå
804 1319 8 21 i
830 1324 41 21 up-

121 1351 88 28 penbar
226 1350 57 21 strid
302 1350 63 21 såväl
382 1350 52 22 med
451 1351 239 28 rättsuppfattningen
707 1351 9 21 i
733 1351 80 21 landet
822 1358 49 14 som

121 1384 53 22 med
189 1384 155 29 grundsatser,
359 1384 81 23 hvilka
457 1385 78 21 funnit
551 1385 95 28 uttryck
664 1385 8 21 i
683 1384 60 23 både
755 1385 116 28 grundlag

122 1419 43 22 och
192 1419 86 22 allmän
303 1419 46 29 lag.
384 1419 77 22 Bland
490 1419 66 22 dessa
577 1419 225 22 missförhållanden
828 1419 43 22 bör

121 1453 82 23 främst
220 1457 97 19 nämnas
334 1454 94 22 makten
446 1456 35 20 att
493 1455 30 28 på
535 1453 171 24 administrativ
718 1458 45 25 väg
775 1454 98 23 beröfva

191 1498 129 23 Lagutskottets
332 1497 111 19 betänkande
455 1500 37 16 N:o
501 1499 17 17 9.
790 1499 12 17 2
