1092 1745
323 170 273 24 Petitionsbetänkande
611 171 46 23 N:o
671 171 33 22 14.
833 172 26 20 59

342 240 40 17 kets
394 241 83 22 räkning
489 241 41 16 med
540 240 64 22 medel,
616 245 39 12 som
665 241 27 21 af
699 241 112 17 Ständerna
820 240 67 18 därtill

341 269 60 17 redan
413 269 33 17 vid
456 269 62 17 denna
531 269 96 22 landtdag
640 269 107 17 anvisades.

205 325 55 23 Fred.
276 325 116 23 Lundenius.
432 325 44 23 Erik
492 325 69 23 Savön.
622 325 67 23 Albert
705 325 114 29 Stigzelius.

204 365 20 23 6.
239 364 19 23 A.
274 364 104 24 Lindblom.
399 359 17 38 —
432 365 52 23 Alex.
500 365 77 23 Kumlin.
598 359 14 38 —
621 365 19 22 E.
656 365 104 23 Mattsson.

204 405 18 23 E.
237 405 19 23 .J.
271 404 85 24 Stråhle.
386 434 2 2 —
431 405 68 23 Rudolf
510 405 89 23 Erenius.
629 405 27 28 Hj.
671 405 98 29 Nordling.

495 550 34 23 34.

659 609 157 26 (Öfversättning).

303 676 46 18 Till
362 676 151 19 hedervärda
526 676 189 18 Bondeständet.

202 733 40 17 Den
260 733 88 22 landsdel,
366 739 40 12 som
424 734 55 23 ligger
497 735 76 17 emellan
589 732 73 25 Nystad
677 733 35 18 och
724 728 41 23 Äbo
777 733 34 18 hör
824 733 25 18 till
863 733 22 18 de

132 761 108 18 folkrikaste
257 762 87 18 omräden
356 763 5 17 i
374 763 83 18 Finland.
482 763 114 18 Jordbruket
608 762 35 18 och
655 762 161 23 boskapsskötseln
829 762 56 17 hafva

131 790 96 18 härstädes
244 791 40 18 nätt
296 797 22 12 en
330 791 81 24 betydlig
423 792 110 23 utveckiing,
546 791 47 18 dock
605 791 15 22 ej
633 797 21 12 en
667 792 20 17 sä
698 791 43 24 hög,
753 797 39 12 som
805 791 80 23 önskligt

131 821 47 16 varit
196 819 34 18 och
248 825 40 12 som
305 821 24 22 pä
344 819 61 24 grund
421 821 19 17 af
456 821 58 23 öfriga
526 819 226 24 jordbruksförhällanden
763 820 72 17 kunnat
846 819 37 18 för-

131 849 85 16 utsättas.
243 848 34 18 Ett
298 849 65 18 hinder
383 849 30 18 för
433 849 203 24 landthushällningens
654 849 95 18 förkofran
767 849 49 18 inom
833 848 51 18 detta

130 876 76 18 omräde
230 876 33 18 har
287 879 48 16 varit
358 877 69 18 bristen
451 879 22 22 pä
494 878 48 23 goda
562 878 182 18 kommunikationer.
771 877 112 19 Jordbruks-

130 905 125 23 produkterna
273 906 40 18 frän
331 906 43 18 hela
391 906 51 19 detta
457 907 75 18 omräde
543 907 59 18 mäste
614 906 42 18 med
667 907 42 17 häst
721 907 50 18 föras
783 906 27 18 till
822 906 61 18 mark-

129 933 144 25 nadsplatserna,
294 941 22 12 en
335 937 98 21 transport,
452 941 40 12 som
509 936 6 17 i
532 935 122 18 betraktande
671 935 19 18 af
707 935 36 18 den
760 935 55 23 långa
832 941 51 12 men-

129 962 72 23 förstid,
223 969 39 12 som
282 963 54 18 råder
354 964 12 23 i!
377 964 70 18 Västra
465 964 87 18 Finlands
570 964 99 21 kustorter,
687 965 20 16 är
725 965 67 22 ytterst
810 963 73 18 besvär-

129 991 30 23 lig.
183 992 44 17 Man
242 992 37 17 kan
294 992 85 22 invända,
391 994 27 16 att
431 993 106 22 sjötrafiken
549 999 42 12 vore
603 992 57 23 egnad
673 994 28 16 att
713 992 82 23 aflägsna
807 991 23 19 de
841 992 42 18 svä-

130 1022 48 16 raste
196 1020 184 19 missförhällandena
396 1021 120 22 härutinnan;
534 1027 42 12 men
591 1021 59 18 ehuru
664 1021 103 23 medgifvas
778 1021 64 21 måste,
855 1022 28 16 att

129 1055 23 12 en
168 1049 47 23 liflig
233 1049 105 24 skeppsfart
355 1049 53 19 råder
426 1051 76 17 emellan
520 1050 74 23 Nystad
611 1050 35 18 och
664 1045 47 26 Åbo,
727 1049 34 18 bör
773 1049 48 18 dock
831 1049 51 24 ihäg-

128 1077 90 22 kommas,
235 1080 27 16 att
277 1077 60 19 denna
349 1078 55 18 trafik
417 1079 54 18 äfven
483 1079 107 18 sommartid
602 1080 21 17 är
635 1079 27 18 till
675 1079 51 23 ringa
737 1084 47 17 gagn
796 1079 30 17 för
837 1078 45 18 fast-

128 1106 68 23 landet,
208 1107 118 18 alldenstund
338 1107 149 19 beskaffenheten
499 1107 20 19 af
531 1107 149 24 kusthbildningen
691 1108 62 23 lägger
763 1107 65 18 hinder
837 1107 6 17 i
851 1108 30 17 vä-

128 1141 34 18 gen
180 1135 29 19 för
227 1136 62 23 fartyg
306 1138 28 16 att
346 1136 54 19 landa
411 1137 6 17 i
428 1137 89 18 närheten
529 1137 19 18 af
561 1137 69 18 sädana
642 1137 64 17 ställen
718 1137 24 22 pä
754 1136 49 18 fasta
813 1135 68 22 landet,

128 1164 34 19 där
178 1166 56 22 vägar
246 1165 64 18 finnas.
336 1165 38 18 För
386 1166 228 24 skärgärdsbefolkningen
627 1167 20 16 är
659 1165 83 18 däremot
753 1165 60 18 denna
825 1165 56 18 trafik

128 1193 20 18 af
159 1196 39 15 stor
209 1194 97 23 betydelse.

197 1223 37 17 Det
246 1223 11 17 å
268 1225 52 15 orten
333 1222 53 23 lifligt
398 1223 61 18 kända
470 1223 86 18 behofvet
568 1223 19 17 af
599 1222 114 19 förbättrade
728 1222 153 19 kommunikatio-

127 1257 33 11 ner
177 1251 38 17 kan
233 1251 105 23 tillgodoses
356 1257 66 17 genom
440 1257 22 12 en
473 1251 76 24 järnväg
561 1251 77 18 emellan
650 1251 73 22 Nystad
735 1251 35 18 och
781 1246 47 22 Äbo.
852 1251 29 18 En

128 1279 57 18 sädan
197 1280 48 17 bana
256 1280 74 18 komme
342 1280 54 18 äfven
408 1281 28 17 att
447 1281 23 22 gä
481 1281 45 17 nära
538 1280 103 21 Nädendal,
647 1279 119 24 hvarigenom
775 1279 35 18 den
818 1278 63 19 kunde

127 1308 91 18 förmedla
229 1308 60 18 denna
301 1308 50 18 stads
364 1309 127 22 persontrafik,
503 1315 40 12 som
555 1309 58 17 under
625 1309 34 17 den
673 1309 27 17 tid
711 1309 126 23 badsäsongen
849 1314 31 12 va-

127 1343 31 12 rar
169 1337 34 18 bör
214 1343 52 13 anses
278 1338 71 23 ganska
361 1338 109 23 betydande.

196 1367 87 21 Följande
300 1367 162 17 landskommuner
473 1367 73 18 komme
559 1369 28 16 att
598 1367 56 18 hafva
665 1373 47 17 gagn
725 1367 20 18 af
755 1366 60 19 denna
827 1366 53 21 bana,

126 1394 6 17 i
144 1394 33 17 fall
189 1400 22 11 en
223 1395 80 17 omkrets
316 1394 20 18 af
347 1394 31 18 tvä
390 1395 32 17 mil
434 1395 24 22 pä
469 1393 91 19 hvardera
572 1393 52 19 sidan
635 1395 20 17 af
664 1394 60 18 banan
733 1397 50 20 tages
792 1395 6 16 i
808 1394 72 18 betrak-

127 1422 63 19 tande:
213 1422 28 19 S:t
258 1423 64 20 Marie,
341 1422 68 21 Vahto,
427 1422 54 22 Reso,
500 1423 71 20 Rusko,
589 1422 106 19 Nädendals
713 1422 167 24 landsförsamling,

126 1452 74 22 Masku,
218 1452 74 22 Nousis,
311 1452 61 21 Lemo,
390 1452 78 21 Villnäs,
486 1452 75 21 Rimito,
577 1452 118 21 Merimasku,
714 1451 71 22 Virmo,
802 1451 77 22 Mietois,

126 1481 66 20 Vemo,
214 1481 80 22 Töfsala,
316 1481 97 22 Lokalaks,
435 1481 97 24 Nykyrko,
549 1481 69 21 Letala,
636 1481 75 22 Karjala
728 1481 35 19 och
780 1481 99 23 Pyhämaa.

194 1522 187 23 Järnvägsutskottets
392 1521 111 18 betänkande
515 1521 38 18 N:o
565 1522 18 17 2.
