1064 1714
193 161 28 21 34
393 158 251 23 Petitionsbetänkande
659 158 38 22 N:o
707 157 36 23 26.

194 229 61 21 barn.
285 228 72 22 Men
347 222 15 37 i
372 234 80 21 samma
478 228 48 22 mån
549 234 44 16 som
613 227 83 22 landets
712 226 123 28 befolkning
851 227 99 21 tillväxer

194 262 39 22 och
255 262 209 27 bildningsbehofvet
486 262 71 28 stiger,
581 262 80 27 hvarpä
683 261 26 22 de
731 262 85 26 talrika,
837 260 63 23 äfven
915 260 35 22 vid

194 297 69 21 denna
286 297 103 27 landtdag
415 296 121 28 föreslagna
561 297 140 27 petitionerna
726 298 77 25 utgöra
830 297 32 20 ett
885 296 64 26 bevis,

193 331 183 28 nödvändiggöres
391 332 61 22 äfven
473 338 27 15 en
515 331 123 27 fortgående
654 330 121 28 utveckling
791 330 22 22 af
827 330 122 22 skolväsen-

194 366 42 22 det.
265 366 31 22 Ur
319 366 69 22 denna
407 366 108 27 synpunkt
530 366 39 21 har
583 365 112 22 Utskottet
717 365 46 21 icke
787 365 60 21 öfver
869 364 80 22 hufvud

194 400 57 23 velat
272 401 73 26 intaga
367 407 26 15 en
415 400 108 22 afvisande
546 400 93 27 hållning
655 400 34 21 till
705 400 26 21 de
747 400 76 21 väckta
837 400 112 26 petitions-

194 434 113 27 förslagen.

262 470 61 21 Hvad
348 469 103 22 beträffar
472 469 81 28 frågan,
577 469 104 22 huruvida
696 469 60 21 detta
771 468 98 28 stigande
884 468 67 22 behof

194 504 23 22 af
231 504 200 28 skolundervisning;
445 505 39 21 bör
499 504 125 27 tillgodoses
639 504 7 21 i
661 503 90 22 främsta
766 505 92 20 rummet
873 509 75 21 genom

194 540 63 20 stats-
273 540 50 20 eller
345 540 83 26 privata
450 539 105 27 läroverk,
570 539 23 21 så
609 539 39 21 har
667 538 112 22 Utskottet
793 538 46 22 icke
855 538 95 21 härutin-

194 580 41 15 nan
250 574 57 21 velat
322 574 107 26 uppställa
445 573 40 22 och
499 575 83 27 strängt
596 573 51 27 följa
662 573 69 27 någon
748 572 97 22 bestämd
861 573 88 26 princip.

194 608 60 21 Inom
262 608 111 22 Utskottet
387 608 39 28 har
441 608 128 27 visserligen,
585 608 90 21 likasom
691 607 62 22 äfven
768 607 39 22 hos
830 608 119 21 Ständerna

193 643 37 21 vid
249 643 154 27 behandlingen
419 643 24 21 af
456 642 155 28 skolfrågorna,
626 649 27 14 en
669 642 59 22 stark
746 642 85 26 opinion
846 642 55 27 gjort
917 642 32 27 sig

193 678 98 26 gällande
306 677 33 22 till
353 677 82 22 förmån
450 677 34 21 för
499 677 177 27 privatskolorna,
692 678 55 20 samt
766 676 133 28 principiella
913 676 36 21 be-

193 712 141 27 tänkligheter
348 712 89 21 uttalats
452 714 45 19 mot
510 712 133 21 inrättandet
658 711 23 21 af
691 718 41 20 nya
742 712 134 21 statsskolor.
900 710 50 22 Men

194 746 112 22 Utskottet
325 746 40 21 har
391 746 54 21 dock
463 746 70 21 funnit
548 747 37 21 det
600 746 131 26 sakenligare
748 748 32 19 att
795 746 7 21 i
817 745 73 27 hvarje
905 747 43 19 sär-

194 780 65 22 skildt
274 780 38 22 fall
327 780 44 22 låta
387 781 25 20 de
428 780 115 22 bestående
559 780 161 22 förhållandena
735 781 40 21 och
790 780 26 21 de
827 780 27 27 på
865 779 85 28 frågans

193 815 84 26 lösning
291 815 107 21 verkande
413 815 209 27 omständigheterna
637 815 79 27 afgöra,
733 815 132 21 hvilketdera
880 815 69 25 slaget

193 849 23 22 af
237 850 67 26 skola,
327 851 63 20 stats-
415 850 50 21 eller
488 850 151 26 privatskolan,
663 856 50 15 vore
730 849 39 21 den
785 849 122 27 lämpligare
923 848 28 28 på

194 886 65 19 orten.
289 883 32 22 Ur
336 884 69 21 denna
420 884 107 27 synpunkt
542 884 39 21 har
596 884 113 22 Utskottet
724 884 115 21 behandlat
853 884 26 21 de
895 883 55 22 före-

194 918 98 27 liggande
307 918 216 27 petitionsförslagen.

565 1016 18 22 I

262 1072 212 28 Petitionsförslagen
498 1074 61 26 1—5,
585 1073 70 22 hvilka
678 1073 76 21 beröra
778 1073 103 26 lyceerna,
905 1073 44 21 afse

192 1107 130 21 inrättandet
351 1107 24 21 af
394 1109 31 20 ett
447 1108 64 20 finskt
535 1107 102 22 klassiskt
666 1108 81 26 lyceum
770 1108 7 20 i
799 1107 148 27 Tammerfors,

192 1141 133 21 inrättandet
346 1141 23 21 af
390 1143 31 19 ett
443 1142 66 21 finskt
535 1142 126 26 reallyceum
685 1142 7 20 i
715 1136 46 26 Åbo
783 1142 52 21 eller
856 1142 93 21 alterna-

192 1175 41 21 tivt
248 1176 39 20 den
303 1176 35 21 vid
353 1176 68 21 finska
445 1176 104 22 klassiska
564 1177 68 26 lyceet
647 1176 110 21 därstädes
773 1176 106 21 inrättade
895 1176 53 21 real-

193 1209 144 28 afdelningens
353 1210 128 27 utvidgande
496 1211 32 20 till
543 1210 131 27 fullständig,
686 1212 56 19 samt
753 1211 98 26 slutligen
863 1211 38 21 den
913 1211 34 21 vid

192 1244 115 26 Jyväskylä
326 1244 104 21 klassiska
455 1245 82 24 lyceum
552 1245 106 20 inrättade
674 1245 190 26 realafdelningens
880 1245 68 20 utvid-

192 1277 68 26 gande
276 1277 32 21 till
323 1277 131 27 fullständig.

261 1329 40 21 Till
323 1329 83 21 förmån
428 1328 33 22 för
485 1329 129 22 inrättandet
637 1329 23 21 af
674 1331 32 19 ett
721 1329 100 22 klassiskt
843 1330 104 27 lyceum
934 1324 17 37 i

192 1363 141 22 Tammerfors
356 1363 85 22 anföras
457 1364 7 20 i
479 1364 237 27 petitionsmemorialen
743 1365 55 21 1—3
813 1365 24 21 så
851 1365 96 28 vägande

192 1399 51 26 skäl,
253 1400 31 20 att
295 1398 111 22 Utskottet
416 1400 53 20 trott
480 1399 32 26 sig
523 1398 52 22 böra
586 1398 86 22 förorda
682 1399 128 27 petitionens
820 1400 127 27 antagande.

260 1433 43 21 Det
325 1433 42 21 kan
389 1433 46 22 icke
451 1433 99 22 förnekas
566 1435 32 20 att
613 1433 150 28 Tammerfors,
779 1441 45 16 som
840 1435 49 21 med
904 1435 43 21 för-

192 1469 95 20 vänande
309 1468 106 27 hastighet
430 1469 119 21 utvecklats
565 1469 39 21 och
619 1475 52 20 som,
688 1469 54 21 efter
757 1471 32 20 att
804 1471 65 20 redan
885 1470 62 27 länge

259 1507 104 18 Allmänna
376 1508 177 18 Besvärsutskoitets
565 1508 116 17 betänkande
694 1509 35 18 N:o
745 1510 24 17 15.
