1067 1703
330 147 248 23 Petitionsbetänkande
592 148 38 22 N:o
645 147 19 23 9.
860 149 11 21 7

190 210 39 22 Vid
253 211 76 21 sådant
351 210 138 28 förhållande,
506 212 38 21 och
563 211 28 21 då
605 212 131 26 penningens
751 212 100 26 köpkraft
866 213 5 21 i

121 245 48 21 vårt
184 244 49 22 land
248 245 67 21 under
331 245 25 21 de
372 247 83 20 senaste
471 245 124 22 årtiondena
610 246 103 26 betydligt
723 246 95 26 nedgått,
830 247 42 21 kan

121 279 37 20 det
172 279 18 26 ej
206 279 68 21 väcka
289 278 118 28 förvåning,
422 280 32 20 att
469 279 104 27 klagomål
587 280 58 20 öfver
660 280 189 26 otillräckligheten
865 281 7 21 i

122 312 39 22 den
184 312 122 22 nuvarande
329 312 119 28 aflöningen
467 314 53 27 ånyo
539 314 114 26 förspörjas
668 314 39 21 och
722 314 107 26 yrkanden
844 314 28 27 på

121 347 169 26 löneförhöjning
305 347 47 22 åter
367 347 134 22 framställas.

188 381 74 22 Redan
285 382 34 21 vid
345 381 52 22 1897
421 381 34 22 års
478 382 101 27 landtdag
601 383 128 21 inlemnades
748 383 6 20 i
770 382 102 28 Borgare-

122 416 86 21 ståndet
230 418 32 19 ett
283 413 181 30 petitionsförslag
484 423 33 16 om
533 417 90 27 höjande
638 416 23 21 af
674 417 152 27 statsbidraget
840 418 32 21 till

119 450 300 28 folkskollärarepersonalens
442 451 26 27 på
487 452 72 21 landet
573 451 98 26 aflöning.
702 451 168 28 Statsutskottet,

119 485 33 21 till
174 485 62 22 hvars
259 485 154 22 förberedande
436 486 129 27 bebandling
587 486 87 21 ärendet
692 486 133 27 hänskjutits,
841 487 31 21 af-

120 520 81 27 styrkte
223 519 106 28 förslaget,
345 521 66 20 under
433 521 152 21 framhållande
607 520 24 21 af
650 523 32 19 att
701 521 40 20 den
757 521 28 26 på
799 521 73 22 landet

119 554 99 21 anstälda
240 554 240 22 folkskollärarekårens
503 555 136 21 ekonomiska
661 555 100 26 ställning
776 555 7 21 i
798 554 74 27 själfva

119 589 74 20 verket
216 588 46 21 icke
283 595 51 15 vore
352 588 24 22 så
395 589 63 26 dålig,
474 595 45 15 som
535 589 122 22 densamma
672 588 44 22 ofta
731 588 139 27 framstäldes,

120 628 34 15 om
177 623 56 21 blott
251 623 123 26 beaktades,
391 623 44 22 dels
451 626 32 19 att
498 623 182 26 undantagsfallen
695 623 18 26 ej
730 623 66 22 borde
812 625 59 26 tagas

120 657 32 21 till
168 663 66 20 norm,
250 658 44 21 dels
310 660 32 18 att
357 659 40 20 den
413 658 114 26 grundsats
542 658 103 21 alltsedan
655 657 216 23 folkskoleväsendets

120 692 143 26 organisation
285 691 69 23 blifvit
376 692 112 26 vidhållen,
504 693 32 20 att
559 692 25 21 de
606 698 45 15 som
673 692 101 21 arbetade
793 692 7 21 i
817 692 54 22 folk-

120 726 85 22 skolans
228 727 64 27 tjenst
310 726 47 22 icke
372 726 66 22 borde
454 728 6 20 i
477 728 37 20 sitt
528 726 125 22 lefnadssätt
668 726 95 28 aflägsna
777 727 33 27 sig
825 726 47 22 från

118 760 187 27 allmogeklassens
328 761 62 21 enkla
411 768 66 15 vanor
499 762 39 20 och
561 760 70 28 behof,
647 760 116 28 hvarjämte
779 760 93 23 Statsut-

119 796 81 21 skottet
216 795 87 22 anförde
313 795 118 22 finansiella
442 795 170 27 betänkligheter
623 798 44 18 mot
676 795 194 27 löneförhöjningen

119 830 39 21 och
182 830 97 27 slutligen
297 830 93 27 yttrade,
406 832 33 19 att
454 830 97 27 möjligen
567 829 128 27 förefintliga
711 830 87 22 enstaka
813 831 59 21 miss-

119 864 145 22 förhällanden
280 865 99 26 riktigast
393 864 67 22 borde
476 864 23 22 af
512 866 125 20 kommuner
650 864 39 22 och
699 865 68 26 öfriga
777 866 94 20 närmast

118 900 142 21 intresserade
280 899 111 27 afhjälpas.
421 899 40 21 Vid
477 899 154 27 behandlingen
646 899 7 21 i
669 898 92 22 Ständen
777 899 94 27 godkän-

119 934 36 21 des
171 933 174 23 Statsutskottets
361 934 134 22 betänkande
510 935 7 20 i
533 934 68 21 denna
612 933 33 22 del
656 933 23 21 af
687 934 42 21 alla
739 933 63 22 ständ
813 937 58 18 utom

118 968 24 21 af
162 968 184 28 Borgareständet,
363 974 44 16 som
431 968 69 22 beslöt
522 970 32 19 att
573 968 68 22 lärare
657 968 48 21 med
720 968 66 27 familj
802 968 68 22 skulle

119 1002 80 23 erhålla
215 1005 32 19 ett
262 1003 73 27 tillägg
350 1003 23 21 af
387 1003 42 22 200
443 1003 43 21 mk.
509 1003 69 22 Sedan
592 1003 179 26 Borgareständet
781 1003 91 27 inbjudit

119 1037 26 22 de
168 1037 67 27 öfriga
258 1038 88 21 ständen
369 1039 32 20 att
425 1038 73 21 förena
521 1038 30 26 sig
574 1043 33 16 om
630 1037 59 22 detta
711 1037 76 28 beslut,
808 1039 64 25 antog

118 1072 155 27 Ridderskapet
289 1072 38 21 och
343 1072 67 21 Adeln
426 1072 159 27 inbjudningen,
597 1071 54 22 dock
666 1072 48 21 med
729 1071 66 22 sädan
806 1072 65 21 modi-

119 1105 95 28 fikation,
230 1109 32 18 att
280 1107 39 21 den
335 1107 120 27 föreslagna
470 1107 105 26 ökningen
591 1106 23 21 af
627 1106 153 27 statsbidraget
795 1106 32 21 för
842 1106 30 21 lä-

118 1146 49 15 rare
186 1141 47 21 med
249 1140 66 27 familj
331 1141 68 21 skulle
414 1147 61 15 anses
491 1141 68 21 säsom
575 1143 37 24 ett,
627 1140 44 22 lika
685 1141 33 21 för
733 1141 48 26 alla,
797 1141 74 21 obero-

119 1175 53 20 ende
190 1175 23 21 af
227 1175 147 26 tjenstetidens
389 1175 64 26 längd
468 1175 105 27 utgäende
588 1177 60 19 extra
662 1175 148 26 lönetillskott,
826 1181 44 15 som

120 1209 46 21 icke
176 1209 66 21 heller
252 1208 56 28 finge
319 1210 87 20 inverka
417 1208 28 28 pä
455 1209 95 21 lärarens
561 1209 216 27 pensionsförmäner;
789 1209 83 21 Preste-

119 1243 39 21 och
172 1243 166 22 Bondeständen
354 1244 95 21 däremot
464 1244 84 26 afböjde
563 1243 158 27 inbjudningen,
731 1243 83 21 hvadan
829 1242 41 23 frä-

118 1283 42 21 gan
174 1278 78 21 förföll.

187 1312 11 20 I
220 1312 65 21 slutet
307 1311 23 22 af
350 1312 24 21 år
397 1311 54 22 1898
471 1312 69 27 ingick
559 1312 194 26 lärarepersonalen
769 1312 34 20 vid
818 1311 54 22 folk-

120 1346 100 21 skolorna
235 1346 27 25 pä
277 1346 74 21 landet
366 1346 32 20 till
414 1345 118 27 Kejserliga
548 1346 91 20 Senaten
656 1345 47 20 med
719 1346 105 25 anhällan,
840 1348 32 19 att

119 1379 59 22 Hans
186 1379 117 27 Kejserliga
313 1379 100 28 Majestät
423 1379 80 21 täcktes
511 1379 108 26 förelägga
624 1379 248 21 nästsammanträdande

119 1413 91 22 Ständer
223 1414 130 27 proposition
365 1420 32 15 om
409 1413 90 28 höjande
510 1413 23 22 af
543 1413 152 28 statsbidraget
705 1413 34 22 för
749 1413 123 22 folkskollä-

119 1455 62 16 rarne
193 1449 39 21 och
242 1449 157 21 -lärarinnorna
413 1449 48 21 med
471 1449 42 21 400
523 1449 60 21 mark
594 1448 39 21 och
644 1455 34 14 om
688 1448 184 27 ålderstilläggens

188 1488 101 18 Allmänna
302 1487 175 20 Besvärsutskottets
489 1487 110 19 betänkande
610 1487 35 19 N:o
658 1488 16 17 8.
