1061 1717
186 148 13 20 2
316 146 84 22 Ständ.
415 146 54 22 Pet.
484 158 28 4 —
526 145 170 23 Petitionsbet.
711 145 41 21 N:o
768 144 37 22 26.

185 217 114 29 landtdag
320 217 78 22 funnit
420 219 34 19 ett
473 216 95 29 uttryck
591 216 9 22 i
623 216 85 22 talrika
735 214 202 30 petitionsförslag

187 252 120 29 angående
330 259 47 21 nya
400 251 90 22 skolors
513 250 193 30 grundläggande
729 252 59 20 samt
806 250 130 28 omorgani-

186 287 76 22 sation
287 286 22 22 af
337 286 72 22 redan
437 286 145 22 existerande
608 285 219 22 lärdomsanstalter.
863 284 75 22 Dessa

186 322 62 21 inom
271 321 96 27 Preste-,
388 321 112 28 Borgare-
524 320 43 22 och
594 319 180 23 Bondeständen
800 319 138 23 framstälda

186 356 199 29 petitionsförslag
417 355 47 22 afse
494 354 71 23 bland
596 356 72 20 annat
693 354 133 22 inrättande
853 354 24 22 af
902 355 37 20 ett

186 390 116 28 klassiskt
314 390 90 28 lyceum
422 389 52 22 med
492 389 73 22 finskt
581 388 250 29 undervisningsspräk
849 389 8 21 i
869 388 67 22 Tam-

186 424 101 28 merfors;
307 424 143 29 utvidgande
468 424 24 22 af
515 424 45 22 den
578 424 40 21 vid
635 423 75 22 finska
728 423 115 22 klassiska
860 423 79 28 lyceet

186 459 8 22 i
219 455 52 26 Abo
299 459 144 22 existerande
466 458 206 29 realafdelningen;
700 458 27 21 de
745 458 93 29 privata
861 457 77 23 finska

188 493 277 23 fruntimmersskolornas
475 494 9 21 i
492 493 145 29 Björneborg
646 493 44 22 och
699 493 61 22 Vasa
770 492 168 29 öfvertagande

187 529 23 22 af
227 531 84 24 staten;
331 528 27 22 de
376 528 155 29 fyraklassiga
549 527 246 23 elementarskolornas
809 528 8 21 i
829 527 109 28 Heinola,

186 563 92 28 Lovisa,
291 563 182 29 Gamlakarleby
491 563 43 22 och
546 563 92 22 Ekenäs
651 562 144 29 utvidgande
807 563 30 28 pä
848 564 90 20 statens

186 597 129 24 bekostnad
334 598 37 21 till
388 598 150 29 femklassiga
560 597 164 22 mellanskolor
744 597 53 22 med
821 597 115 22 afslutade

186 633 142 27 lärokurser;
347 632 144 29 utvidgande
510 633 22 21 af
550 632 28 21 de
590 633 8 21 i
610 632 92 22 landets
715 632 126 22 småstäder
853 632 85 21 existe-

186 667 71 22 rande
286 667 148 22 kommunala
464 667 158 22 samskolorna
654 667 37 21 till
717 666 159 29 fullständiga,
906 667 32 28 pä

187 701 235 30 samskoleprincipen
447 701 77 29 bygda
542 701 124 29 reallyceer
684 701 52 22 med
757 701 182 22 dimissionsrätt

186 736 37 21 till
243 736 163 22 universitetet
424 737 118 21 äfvensom
560 735 67 22 dessa
645 735 292 30 läroverksöfvertagande

186 771 23 22 af
227 773 77 20 staten
322 770 55 22 eller
396 770 135 23 alternativt
549 770 65 22 deras
632 770 205 29 subventionering
855 778 28 14 ur
895 770 43 22 all-

186 809 84 18 männa
296 805 81 28 medel;
404 807 60 20 samt
488 804 136 30 förändring
653 805 8 21 i
688 805 105 29 angifvet
819 805 61 28 syfte
912 805 26 22 af

185 840 85 29 Hangö
297 840 99 22 svenska
422 840 115 22 samskola
559 840 119 22 äfvensom
695 840 28 21 de
741 839 75 23 finska
834 839 103 23 samsko-

185 875 66 22 lorna
267 875 8 21 i
287 875 87 28 Kotka,
384 875 186 28 Fredrikshamn,
577 874 116 23 Kexholm
700 874 42 23 och
749 874 187 29 Gamlakarleby.

255 1012 87 22 Staden
360 1012 159 28 Tammerfors,
538 1020 55 20 som,
612 1013 59 21 efter
693 1014 34 20 att
751 1012 71 22 redan
839 1013 69 28 länge
927 1013 24 22 i.

187 1046 106 23 afseende
321 1048 14 20 ä&
355 1047 123 22 industriel
508 1047 146 22 verksamhet
674 1046 70 23 hafva
765 1047 61 21 varit
843 1047 93 22 landets

186 1081 71 22 andra
282 1081 58 28 stad,
364 1082 62 21 inom
447 1081 54 22 kort
519 1081 60 22 skall
600 1082 68 21 äfven
690 1081 8 22 i
720 1081 106 22 afseende
850 1081 9 22 i
875 1081 61 22 folk-

184 1115 116 29 mängden
317 1115 83 29 intaga
418 1115 39 22 det
469 1115 72 23 andra
553 1118 99 19 rummet
663 1115 71 23 bland
746 1115 92 22 landets
851 1115 85 28 städer,

184 1150 104 22 befinner
307 1150 36 29 sig
349 1146 10 39 i
376 1152 34 20 ett
422 1150 166 29 jemförelsevis
600 1152 123 27 ogynsamt
734 1150 53 28 läge
799 1150 9 22 i
819 1151 67 28 fråga
898 1157 38 15 om

185 1185 39 22 det
241 1184 72 29 högre
329 1184 242 29 bildningsbehofvets
587 1185 188 29 tillgodoseende.
802 1185 43 21 Att
859 1187 77 20 staten

184 1220 9 21 i
214 1219 75 22 denna
311 1219 52 22 stad
380 1219 53 22 med
454 1220 65 21 öfver
537 1220 90 27 30,000
645 1219 112 23 invänare
776 1220 43 21 och
835 1219 53 22 med
906 1227 29 14 en

185 1253 58 21 både
267 1253 88 20 folkrik
382 1254 44 20 och
453 1255 120 26 förmögen
594 1254 92 28 omnejd
709 1254 148 20 underhåller
874 1254 63 20 blott

185 1289 34 19 ett
236 1287 150 27 fullständigt
402 1287 169 28 gossläroverk,
589 1287 117 29 nämligen
722 1289 35 19 ett
768 1287 169 28 finskspråkigt

184 1320 147 30 reallyceum,
356 1322 74 21 måste
452 1321 113 22 erkännas
589 1328 56 15 vara
664 1328 29 15 en
710 1321 65 27 brist,
794 1328 49 15 som
861 1321 76 29 enligt

186 1356 141 22 Ständernas
351 1356 95 28 mening
466 1356 52 22 med
542 1356 40 22 det
604 1358 103 20 snaraste
725 1356 71 22 borde
815 1355 120 31 afhjelpas.

184 1391 71 22 Detta
295 1390 107 22 läroverk
443 1391 43 21 har
528 1390 66 23 äfven
630 1392 60 22 varit
723 1391 37 22 till
797 1390 44 22 den
877 1390 59 30 grad

185 1425 132 29 öfverfyldt,
336 1428 34 19 att
388 1427 34 20 ett
440 1426 51 21 icke
510 1426 129 29 obetydligt
652 1426 64 22 antal
727 1425 208 24 inträdessökande

183 1460 89 29 årligen
291 1460 51 22 från
361 1460 127 22 detsamma
512 1460 95 23 afvisats
626 1461 22 22 af
666 1461 59 22 brist
742 1461 30 29 på
790 1461 144 29 elevplatser.
