1061 1717
229 172 13 20 2
395 170 250 24 Petitionsbetänkande
659 170 38 23 N:o
712 170 35 23 26.

201 240 23 21 af
237 243 68 18 staten
320 241 98 21 inrättad.
443 240 34 20 Då
491 243 79 18 statens
585 240 127 26 fyrklassiga
728 240 90 20 svenska
833 240 121 20 elementar-

201 270 58 20 skola
274 270 47 20 med
335 270 104 26 utgången
459 269 24 20 af
495 270 57 20 detta
562 270 67 20 läseår
638 269 104 26 indrages,
754 269 87 20 återstår
850 268 33 20 för
893 268 60 20 Tam-

200 299 87 20 merfors
308 298 90 20 folkrika
413 298 48 20 stad
476 299 105 20 äfvensom
596 298 32 20 för
643 298 47 20 dess
706 297 151 21 tättbefolkade
872 297 81 26 omnejd

201 328 61 26 ingen
284 334 67 14 annan
366 327 23 20 af
399 330 69 18 staten
483 327 100 21 bekostad
598 326 150 21 lärdomsskola
764 330 25 16 än
804 327 35 19 det
854 326 99 20 åttaklas-

200 357 46 26 siga
267 356 117 27 reallyceet,
404 356 33 20 för
459 357 80 19 hvilket
561 358 68 18 staten
648 356 115 20 vidkännes
779 363 25 13 en
820 355 97 26 årsutgift
932 354 24 21 af

200 385 85 27 vidpass
305 386 24 20 59
345 388 61 18 tusen
428 386 64 20 mark.
523 386 41 20 För
584 385 130 27 jämförelses
735 385 57 20 skull
814 386 32 18 må
860 388 92 21 nämnas,

200 417 31 18 att
245 415 8 20 i
267 408 46 27 Åbo
329 414 53 25 stad,
398 421 44 13 som
457 414 32 20 till
499 414 121 26 folkmängd
630 414 128 26 någorlunda
768 416 115 18 motsvarar
892 413 60 20 Tam-

200 444 93 24 merfors,
309 446 68 18 staten
392 444 98 20 bekostar
505 443 91 27 följande
610 443 102 25 läroverk,
728 443 104 26 nämligen
855 442 97 21 svenska:

201 475 29 18 ett
252 472 102 21 klassiskt
376 472 80 26 lyceum
478 472 47 20 med
546 479 25 13 en
591 472 112 26 årsbudget
717 472 23 20 af
753 472 47 26 ny
815 472 84 24 T2,759:
918 472 34 24 06,

200 504 30 18 ett
245 502 123 26 reallyceum
391 502 47 19 med
460 508 24 14 en
507 502 112 25 ärsbudget
641 501 23 20 af
676 500 46 28 Sy
738 502 74 24 61,308
829 501 38 19 och
882 507 25 13 en
930 501 22 19 5-

200 530 79 27 klassig
294 530 199 21 fruntimmersskola
501 530 46 20 med
555 537 25 13 en
588 530 113 26 ärsbudget
709 530 23 20 af
737 529 47 28 ny:
800 530 83 24 33,637,
899 531 54 18 samt

199 560 77 20 finska:
293 562 29 18 ett
337 560 102 19 klassiskt
453 560 79 25 lyceum
548 560 46 19 med
609 566 25 13 en
646 559 112 26 ärsbudget
773 559 23 20 af
806 558 47 28 my
868 559 83 25 76,550,

201 596 25 12 en
241 589 42 20 real
298 588 192 27 parallelafdelning
509 595 32 13 om
556 588 40 21 fem
611 588 81 20 klasser
706 588 47 20 med
768 595 25 13 en
809 588 112 26 ärsbudget
932 586 23 21 af

199 617 48 28 Fay:
261 618 77 25 22,000
354 618 38 19 och
407 624 25 13 en
448 618 200 20 fruntimmersskola
658 617 47 20 med
715 624 25 14 en
752 617 112 25 &rsbudget
875 616 22 20 af
905 615 47 27 Fry"

200 647 83 24 33,700,
307 647 50 20 eller
379 654 79 12 summa
480 646 97 26 &rsutgift
599 646 31 20 för
653 649 66 17 staten
742 645 47 28 Zn
804 646 97 24 299,684:
918 645 33 20 06.

199 676 12 20 I
225 675 85 27 Viborg,
330 676 62 20 hvars
406 675 121 27 folkmängd
541 678 62 24 utgör
618 674 87 27 ungefär
719 675 79 20 hälften
814 675 22 20 af
849 674 102 20 Tammer-

199 704 42 21 fors
257 704 148 25 invånarantal,
422 704 97 21 bekostas
534 704 23 20 af
570 706 73 23 staten,
659 704 99 20 svenska:
775 706 29 18 ett
812 704 101 20 klassiskt
921 703 26 26 ly-

200 740 57 14 ceum
279 734 47 20 med
349 740 25 13 en
396 734 113 26 ärsbudget
524 733 22 21 af
558 733 48 27 Za;
621 734 77 24 81,800
721 733 39 20 och
783 740 24 13 en
830 732 121 26 femklassig

198 762 200 21 fruntimmersskola
413 762 46 20 med
475 770 25 13 on
522 762 113 27 ärsbudget
651 762 23 20 af
686 762 48 28 my
749 763 82 24 36,726:
848 763 34 25 69,
897 764 54 18 samt

199 792 76 20 finska:
287 794 30 18 ett
325 792 101 20 klassiskt
435 792 81 26 lyceum
527 792 45 20 med
583 798 25 14 en
618 792 113 26 ärsbudget
738 792 24 20 af
766 790 48 28 Py:
822 792 83 24 68,428:
917 791 33 24 88,

199 824 30 17 ett
239 821 123 26 reallyceum
381 821 46 20 med
447 828 24 13 en
494 822 112 25 ärsbudget
624 820 24 20 af
659 820 48 27 Zn;
722 822 84 23 47,928:
823 821 26 20 72
873 821 38 19 och
926 826 25 14 en

198 850 200 21 fruntimmersskola
416 850 47 20 med
478 857 25 13 en
519 850 112 26 ärsbudget
653 850 23 20 af
688 850 48 27 ry
750 850 84 24 42,883:
851 850 34 24 70,
901 849 51 21 eller

199 879 72 21 inalles
290 886 26 13 en
331 879 98 26 ärsutgift
451 879 22 20 af
493 879 47 27 Sm
554 880 98 24 278,267:
669 880 32 19 99.
732 879 128 26 Motsvariga
882 878 69 21 siffror

198 908 32 20 för
245 908 55 20 Vasa
315 909 77 19 utvisa:
407 908 34 20 för
455 911 76 17 tvenne
544 909 70 25 lyceer
629 908 39 20 och
678 915 25 13 en
714 908 201 20 fruntimmersskola
926 914 25 13 en

199 936 63 27 utgift
272 936 23 21 af
302 937 73 20 inalles
383 936 47 28 Frye
440 938 98 24 152,000;
548 937 33 21 för
588 937 114 26 Uleåborg:
709 937 33 20 för
750 938 35 19 två
792 938 70 25 lyceer
869 937 38 21 och
915 937 36 19 två

198 966 210 21 fruntimmersskolor
423 973 25 13 en
463 966 64 26 utgift
544 966 24 20 af
580 966 74 20 inalles
669 966 46 27 Za
734 967 95 23 193,692:
846 967 34 19 73.
909 965 41 20 Till

198 995 38 20 och
261 995 47 19 med
327 1001 24 14 en
367 996 24 19 sä
404 995 52 20 liten
478 995 47 20 stad
547 1002 43 14 som
611 996 93 19 Joensuu
727 995 89 25 ätnjuter
831 996 7 19 i
853 994 98 22 afseende

198 1025 12 19 8
232 1023 148 21 statsläroverk
400 1031 25 13 en
446 1024 144 26 förmänligare
616 1024 99 26 ställning
737 1028 26 16 än
786 1024 165 26 Tammerfors,
938 1019 15 36 i

197 1053 36 20 det
248 1055 30 18 att
293 1055 68 18 staten
376 1052 38 21 där
429 1053 98 20 bekostar
541 1056 30 18 ett
581 1053 132 26 fullständigt
723 1053 81 26 lyceum
815 1054 37 20 och
864 1060 25 14 en
899 1052 51 21 fem-

197 1081 80 27 klassig
294 1081 207 26 fruntimmersskola,
519 1082 31 20 för
567 1082 71 21 hvilka
652 1082 114 26 utgifterna
781 1082 74 27 belöpa
870 1083 33 26 sig
918 1082 33 20 till

197 1110 86 26 ungefär
300 1111 89 24 100,000
405 1111 58 19 mark
478 1118 32 13 om
526 1112 49 20 året.

265 1139 74 21 Denna
360 1139 141 21 försummelse
525 1140 22 20 af
566 1142 67 18 staten
656 1140 41 20 kan
719 1140 112 26 ingalunda
845 1140 104 20 försvaras

197 1168 91 25 därmed,
303 1170 31 18 att
349 1168 7 19 i
371 1168 129 21 Tavastehus
514 1169 34 20 län
564 1171 52 18 samt
631 1169 6 19 i
654 1168 136 21 Tammerfors
801 1169 38 20 och
849 1169 48 20 dess
907 1175 41 13 om-

197 1196 48 26 nejd
267 1196 97 21 behofvet
386 1197 23 20 af
428 1198 97 26 kunskap
547 1198 38 20 och
607 1197 95 26 bildning
723 1198 19 25 ej
763 1204 49 14 vore
827 1197 123 26 tillräckligt

196 1225 71 21 kändt,
297 1226 97 20 Tvärtom
417 1226 62 20 hafva
500 1229 166 23 representanter
687 1226 32 20 för
740 1226 180 20 landskommuner
942 1226 7 20 i

196 1254 98 18 närheten
317 1254 23 19 af
360 1254 137 20 Tammerfors
515 1255 43 19 ofta
576 1255 54 19 varit
645 1258 93 21 tvungna
752 1258 31 16 att
798 1254 151 20 sammanträda

196 1281 46 19 med
264 1281 97 20 stadsbor
382 1281 32 20 för
435 1284 32 17 att
488 1282 126 26 öfverlägga,
630 1282 52 20 huru
697 1282 79 20 bristen
790 1282 28 26 på
832 1282 71 20 skolor
917 1282 32 20 för

195 1309 72 26 hvarje
289 1310 56 26 gång
366 1309 70 20 kunde
458 1310 111 26 afhjälpas.
599 1310 11 19 I
626 1310 56 20 tiden
697 1310 38 20 har
750 1311 86 19 sålunda
851 1311 98 19 inrättats

196 1340 30 18 ett
241 1338 92 20 enskildt
347 1338 150 26 finskspråkigt
513 1339 210 25 elementarläroverk,
739 1339 63 21 hvars
816 1339 133 21 verksamhet

195 1367 107 26 upphörde
324 1367 36 21 vid
374 1368 122 25 reallyceets
510 1368 120 26 uppkomst;
646 1375 47 13 man
707 1368 41 20 har
760 1368 90 26 grundat
866 1375 25 13 en
902 1375 45 13 sex-

195 1396 80 26 klassig
297 1396 54 20 finsk
374 1396 200 21 fruntimmersskola
594 1400 54 17 samt
666 1400 31 17 tre
711 1397 34 20 till
760 1398 144 20 universitetet
918 1397 29 20 le-

195 1424 67 21 dande
281 1425 228 27 fortsättningsklasser
523 1426 105 20 äfvensom
644 1432 71 14 senare
730 1426 218 27 parallelafdelningar

195 1454 32 20 till
242 1454 25 20 de
283 1457 30 17 tre
335 1454 68 26 lägsta
420 1455 114 20 klasserna.
564 1456 111 20 Dessutom
691 1455 63 21 hafva
770 1456 98 20 inrättats
883 1462 26 14 en
925 1456 22 20 9-

194 1482 80 27 klassig
295 1483 54 20 finsk
373 1484 37 19 och
426 1490 26 13 en
469 1484 102 26 S-klassig
591 1485 77 19 svensk
683 1485 110 24 samskola,
812 1485 38 20 och
868 1486 21 18 ät
907 1484 40 20 alla

261 1522 103 18 Allmänna
376 1523 176 19 Besvärsuiskotteis
565 1524 116 18 betänkande
694 1525 36 17 N:o
745 1525 25 17 15.
