1067 1703
300 163 249 24 Petitionsbetänkande
557 164 48 23 N:o
619 164 35 23 10.
836 164 15 22 3

145 227 5 3 *
166 227 42 21 För
227 228 38 19 det
286 228 69 20 talade
377 229 57 19 ordet
457 229 37 19 har
517 227 113 27 sällskapet
649 228 46 20 haft
714 231 54 16 ännu
783 231 66 17 större

98 256 93 26 utgifter.
220 256 32 20 Pä
273 256 125 26 sällskapets
417 257 164 20 föranstaltande
596 256 63 20 hafva
673 256 175 26 nykterhetsföre-

98 284 52 26 drag
171 284 73 21 hållits
264 284 7 20 i
293 285 56 19 olika
369 285 56 20 delar
444 284 24 21 af
479 285 71 22 landet
565 285 58 20 såväl
637 285 33 20 för
685 285 40 20 den
741 288 56 17 stora
812 285 37 19 all-

98 313 109 20 mänheten
228 320 44 14 som
290 313 34 20 för
342 313 103 20 särskilda
459 314 132 23 folkklasser,
607 314 67 19 säsom
688 313 160 26 värnepliktige,

95 342 110 25 järnyägs-
232 342 38 19 och
292 341 160 21 stockarbetare.
487 342 70 20 Ehuru
581 342 95 20 enskilda
696 347 99 21 personer
816 341 34 19 för

98 370 58 20 detta
171 370 94 21 ändamål
281 370 7 20 i
303 370 49 20 flere
367 370 39 20 fall
421 370 104 26 uppoffrat
540 370 32 20 sin
587 370 32 20 tid
633 373 49 17 utan
697 371 68 25 någon
775 372 73 18 ersätt-

97 399 58 25 ning,
176 399 38 19 har
233 399 113 26 sällskapet
363 398 72 21 härför
450 399 45 20 haft
510 399 87 26 utgifter
611 399 33 19 till
659 398 90 26 följande
764 398 84 26 belopp:

99 428 53 20 1885
169 428 48 20 255:
234 428 36 23 45;
287 428 54 20 1886
357 428 48 20 350:
423 434 36 17 —;
477 428 52 20 1887
542 427 102 27 —1/;1888
657 428 47 20 600:
717 434 35 17 —;
765 427 83 27 1/,1888

103 456 107 26 —1/,1889
236 456 67 24 1,028:
320 456 37 25 30;
381 456 198 27 1/,1889—1/,1890
605 457 46 19 711:
668 457 37 23 50;
721 456 28 26 1/;
766 456 83 22 1890—
872 472 3 3 .

97 484 83 28 1/,1891
198 486 69 23 8,921:
283 485 38 24 39;
337 485 200 26 1/,1891—1/;1892
553 485 69 24 3,566:
639 486 36 22 34;
692 485 28 27 1/,
737 485 111 26 1892—1/;

100 514 52 20 1893
176 514 69 27 2,737:
269 514 36 24 37;
329 513 200 28 1/,1893—1/,1894
553 514 46 20 688:
616 514 37 24 20;
676 514 53 20 1895
746 514 48 21 300:
810 520 38 18 —;

99 543 55 20 1896
172 543 47 21 109:
236 543 37 24 35;
291 543 53 20 1897
361 543 52 26 208:
421 543 36 24 37;
471 544 54 20 1898
537 543 68 25 1,228:
617 543 36 24 30;
667 543 52 20 1899
732 543 70 24 7,483:
813 543 34 21 81.

164 577 43 20 Dot
226 581 49 16 vore
289 577 24 20 af
325 577 98 20 behöfvet
437 577 115 26 päkalladt,
568 580 31 17 att
615 577 56 20 detta
686 584 78 13 samma
779 577 69 20 arbete

96 606 69 20 kunde
187 605 70 27 fortgå
278 609 49 18 utan
349 606 87 21 afbrott.
467 606 104 21 Särskildt
585 605 128 26 nödvändigt
728 612 49 15 vore
793 605 56 20 detta

96 635 70 20 arbete
184 635 33 20 för
235 635 134 24 närvarande,
385 635 26 20 dä
425 635 77 20 folkets
518 635 63 26 djupa
596 634 34 21 led
645 635 26 26 pä
685 635 67 25 grund
768 634 23 20 af
804 641 44 13 rus-

96 663 169 26 drycksstrejken
289 664 76 20 vaknat
387 663 34 20 till
442 664 66 19 insikt
530 671 33 13 om
585 663 39 20 den
645 666 56 17 stora
720 663 93 20 fördelen
828 663 24 20 af

96 692 118 26 nykterhet.
237 692 41 21 Det
293 692 38 20 har
345 692 106 20 framstätt
467 699 43 13 som
526 699 25 14 en
566 692 113 26 tvingande
695 692 154 26 nödvändighet

96 724 30 17 att
142 721 70 27 sprida
227 728 25 14 en
267 723 42 18 rätt
323 721 96 26 kunskap
435 721 33 20 till
478 721 25 21 de
514 721 57 26 lager
581 720 23 21 af
613 720 153 26 befolkningen,
777 720 72 20 hvilka

95 753 53 17 mest
162 750 54 20 varit
231 750 7 20 i
254 750 101 21 afsaknad
370 750 65 24 häraf,
452 750 37 20 och
504 751 27 25 pä
541 750 67 20 denna
617 750 69 25 grund
695 746 112 40 utvidgade
816 749 31 21 äf-

95 786 39 13 ven
151 779 167 33 »Nykterhetens
333 779 95 20 Vänner"
442 779 65 21 under
517 780 48 20 åren
578 779 53 21 1898
643 779 37 21 och
694 779 69 20 1899
755 775 12 35 i
775 779 73 25 betyd-

96 808 30 26 lig
148 808 52 26 grad
222 808 32 20 sin
276 808 88 26 förlags-
387 808 38 20 och
446 804 246 30 föredragsverksamhet.
726 807 43 21 Och
792 807 58 20 detta

96 838 70 19 arbete
188 840 23 17 är
234 844 31 12 om
283 838 64 24 något
361 839 30 17 ett
407 837 100 20 stundens
522 836 53 21 kraf.
605 836 31 27 Ty
653 836 34 20 det
703 840 22 16 är
738 836 24 26 ju
777 836 71 24 kändt,

95 869 31 17 att
144 866 171 26 dryckenskapen
329 872 44 14 mer
387 868 26 18 än
428 866 64 25 något
507 869 63 17 annat
584 866 38 20 hos
638 866 45 19 sina
698 865 94 20 utöfvare
807 864 41 20 för-

96 897 43 17 stör
154 894 28 20 all:
198 894 121 21 ekonomisk.
334 894 170 26 själfständighet
514 895 38 19 och
562 894 99 20 moralisk
671 894 101 26 hållning,
782 894 67 25 bägge

95 924 135 26 egenskaper,
249 924 72 20 hvilka
336 924 49 20 vårt
404 923 45 21 folk
469 923 45 21 icke
529 924 41 20 kan
584 923 99 21 undvara.
713 923 34 20 En
760 922 89 26 lifligare

95 952 133 20 verksamhet
249 959 39 13 var
308 952 65 21 under
395 952 62 20 dessa
479 952 143 20 förhållanden
645 951 156 26 otvifvelaktigt
823 958 26 14 en

94 981 55 25 plikt
164 980 33 21 för
213 980 164 27 ,Nykterhetens
391 981 104 20 Vänner”.
527 980 43 21 Och
585 980 46 20 med
646 981 59 19 desto
721 983 66 19 större
802 980 46 21 skäl

94 1009 69 20 kunde
182 1016 46 13 man
248 1010 71 20 skrida
337 1009 73 20 verket
425 1016 32 17 an,
474 1010 27 19 då
515 1016 46 13 man
577 1010 69 19 kunde
661 1008 86 27 hoppas,
763 1011 31 17 att
809 1009 40 21 den

94 1038 76 26 vädjan
185 1038 33 20 till
233 1038 148 21 allmänhetens
396 1038 7 20 i
418 1038 48 20 vårt
479 1038 49 20 land
542 1038 113 26 pekuniära
670 1037 119 24 understöd,
804 1044 45 14 som

94 1067 84 26 gjordes
199 1067 89 26 jultiden
310 1067 23 20 år
357 1067 61 24 1898,
441 1066 46 21 icke
509 1067 67 20 skulle
597 1066 67 20 blifva
685 1069 50 17 utan
753 1066 95 20 resultat.

95 1096 73 19 Denna
190 1095 111 26 insamling
322 1095 95 26 inbragte
439 1095 114 21 emellertid.
576 1095 73 20 endast
671 1095 76 24 10,577
769 1095 35 19 mk
820 1095 26 20 71

94 1124 70 26 penni,
179 1124 85 21 hvilken
280 1131 79 13 summa
369 1124 50 21 icke
433 1125 29 24 på
475 1124 58 26 långt
548 1126 37 18 när
595 1123 72 20 räckte
677 1123 32 21 till
720 1126 31 17 att
761 1123 87 20 betäcka

94 1153 26 20 de
134 1153 120 25 kostnader,
269 1160 44 13 som
327 1159 50 14 voro
392 1152 93 27 en:följd
500 1152 23 21 af
536 1153 40 20 den
585 1152 88 26 lifligare
683 1152 165 21 verksamheten.

95 1182 129 26 Sällskapets
246 1182 148 25 kassarapport
415 1181 34 20 för
471 1185 82 17 senaste
575 1182 23 20 år
615 1182 52 20 1899
683 1181 81 20 utvisar
778 1180 71 20 därför

95 1210 61 22 äfven
179 1217 25 13 en
226 1210 61 20 skuld
303 1210 24 20 af
341 1210 83 23 11,253:
441 1210 34 20 26.
505 1210 33 20 Dä&
552 1210 101 25 härjämte
668 1212 59 23 tages
742 1210 8 18 i
764 1209 86 21 betrak-

94 1239 68 24 tande,
178 1242 31 16 att
224 1239 32 20 för
270 1238 191 27 upprätthållandet
476 1239 38 20 och
529 1238 148 21 fortsättandet
691 1237 24 21 af
722 1238 126 26 sällskapets

94 1268 140 26 regelbundna
255 1268 132 20 verksamhet
408 1274 86 14 numera
516 1268 81 26 22,000
616 1267 35 19 mk
673 1266 79 26 årligen
771 1269 35 17 äro
824 1266 26 20 af

95 1292 72 42 nöden,
184 1296 84 20 hvartill
283 1296 55 21 blott
352 1298 31 18 ett
397 1296 79 20 mindre.
491 1296 73 26 bidrag
579 1296 88 20 erhålles
681 1302 74 19 genom
765 1294 83 26 försälj-

94 1326 50 24 ning
166 1325 24 19 af
209 1325 110 24 litteratur,
335 1325 56 21 inses
405 1324 62 25 klart,
483 1324 66 20 under
563 1324 79 21 hvilket
657 1324 114 25 trängande
786 1323 64 20 behof

94 1352 23 21 af
138 1352 131 21 ekonomiskt
291 1352 113 21 understöd
426 1341 114 36 sällskapet
564 1352 167 26 .Nykterhetens
743 1347 10 35 .
753 1351 95 21 Vänner"

94 1381 34 20 för
142 1381 128 20 närvarande
285 1381 88 20 arbetar.

162 1415 34 21 På.
214 1415 67 26 grund
302 1415 25 20 af
345 1415 56 20 hvad
419 1414 63 21 ofvan
494 1414 82 21 anförts
591 1414 77 42 forealå
685 1409 165 53 undertecknade

94 1444 118 41 vördsamt:

163 1513 102 19 Allmänna
276 1509 173 22 Besvärsutskottets
461 1512 110 18 betänkande
583 1511 34 19 N:o
631 1513 16 16 9.
