1075 1709
318 147 248 24 Petitionsbetänkande
582 149 37 23 N:o
635 148 39 24 24.
827 152 12 18 5

483 215 24 26 3.

629 279 168 28 (Öfversättning).

279 354 49 18 Till
341 354 160 18 hedervärda
513 355 198 18 Bondeståndet.

193 420 63 18 Kändt
274 420 26 20 är,
319 420 29 18 att
364 420 32 18 det
409 420 22 18 är
443 420 107 23 besvärligt
562 420 28 18 att
603 420 24 18 bo
640 421 7 17 i
660 420 73 18 afsides
745 420 80 22 trakter,
838 426 31 12 om

123 450 35 17 där
170 449 60 18 fattas
244 450 92 22 farvägar
348 450 38 17 och
397 450 125 18 trafikmedel.
547 450 33 18 Ett
591 450 121 23 nödvändigt
725 450 62 18 vilkor
796 450 31 18 för
836 450 34 18 allt

122 479 176 19 framåtskridande
315 479 33 18 äro
363 479 104 23 tidsenliga
479 480 191 18 kommunikationer.
696 480 7 18 I
716 484 24 13 en
754 480 30 18 del
795 480 75 18 trakter

122 509 97 18 erfordras
238 509 124 23 landsvägar,
382 510 7 17 i
410 509 61 18 andra
490 510 130 22 vattenvägar
640 510 30 18 för
687 510 29 17 att
732 509 137 24 befolkningen

121 539 60 18 måtte
198 538 118 20 bekvämare
332 539 67 18 kunna
416 539 140 18 frambefordra
572 540 43 18 sina
627 544 58 13 varor
698 539 30 18 till
739 539 130 19 världsmark-

120 569 66 18 naden
203 568 37 18 och
257 569 12 17 å
286 569 60 18 andra
364 569 56 18 sidan
437 569 91 18 anskaffa
545 570 44 17 sina
605 569 135 18 lefnadsbehof
754 569 31 18 för
798 570 29 17 att
839 570 30 17 så-

123 599 60 18 lunda
200 598 90 18 utveckla
307 599 37 18 och
356 599 87 18 förkofra
456 599 35 22 sig.
516 599 37 18 För
566 598 53 19 detta
632 598 91 19 ändamål
735 598 36 18 har
784 604 45 13 man
842 599 27 18 äf-

121 634 38 13 ven
176 628 76 20 försökt
268 629 95 18 förbättra
379 629 213 18 kommunikationerna
608 634 70 18 genom
696 629 29 17 att
741 628 65 24 bygga
816 629 53 23 järn-

121 659 63 23 vägar
201 659 51 17 samt
268 660 64 22 öppna
352 659 130 23 vattenvägar
501 659 102 18 förmedels
623 659 107 22 gräfvande
748 659 20 18 af
784 659 85 18 kanaler.

123 689 72 18 Genom
211 689 67 17 Saima
290 689 59 18 kanal
362 689 36 17 har
411 694 24 13 en
447 688 62 24 viktig
521 689 62 18 farled
596 689 81 22 öppnats
690 689 101 23 långsmed
804 689 65 17 Saima

122 719 119 22 vattendrag
253 719 68 18 norrut
334 719 51 18 ända
397 719 29 17 till
438 719 73 23 Kuopio
525 719 36 17 och
574 718 102 18 Idensalmi
689 719 51 17 samt
755 718 20 18 åt
789 719 81 18 nordost

122 748 30 18 till
165 749 86 17 Joensuu
264 749 36 17 och
313 749 86 18 Nurmes.
425 749 51 17 Från
489 749 107 18 sistnämda
608 749 113 22 förgrening
733 748 58 24 utgår
803 749 6 17 i
818 748 51 18 trak-

122 778 32 18 ten
168 778 20 18 af
202 778 144 23 Oravintaipale
359 783 24 14 en
395 778 106 24 vattenväg
513 779 7 17 i
533 778 85 23 riktning
631 778 20 18 åt
664 778 103 18 Heinävesi
781 778 51 18 ända
840 778 30 18 till

122 808 130 23 Pilpankoski,
269 814 45 12 men
330 808 87 19 därifrån
433 808 60 23 uppåt
509 808 64 18 finnas
591 809 48 17 flera
656 808 78 23 väldiga
747 809 68 21 forsar,
829 813 41 13 som

124 838 33 18 äro
171 838 113 23 besvärliga
297 838 37 18 och
346 838 71 23 farliga
429 838 30 18 för
471 838 72 18 båtfart
555 838 50 18 samt
618 838 94 23 därjämte
722 838 65 18 alltför
795 838 75 23 grunda

123 868 30 18 för
171 869 69 23 sjöfart
258 868 51 18 ända
324 868 31 19 till
374 868 119 24 Kermajärvi
505 869 57 23 stora!
574 868 35 24 sjö,
626 868 59 18 hvars
699 868 120 18 vidsträckta
832 868 37 18 och

122 898 38 18 tätt
177 898 103 24 bebyggda
297 898 78 24 omnäjä
392 903 69 18 genom
479 899 28 17 att
524 898 68 18 förena
604 898 72 18 nämda
688 898 29 23 sjö
731 898 102 18 förmedels
846 903 24 13 en

122 928 58 18 kanal
194 929 43 17 med
250 928 37 18 den
300 928 98 18 allmänna
409 928 132 23 vattenvägen
553 928 75 18 komme
637 929 6 16 i
652 928 165 18 kommunikation
826 928 44 18 med

122 958 37 18 den
178 958 62 23 öfriga
257 958 86 18 världen.
368 958 67 18 Denna
447 958 99 18 vattenled
560 958 37 18 har
608 958 89 22 ingeniör
710 958 12 18 I.
737 958 20 18 O.
771 958 58 18 Telén
841 963 28 13 re-

123 988 38 18 dan
175 988 106 18 undersökt
294 988 50 18 samt
356 989 7 17 i
375 988 55 23 April
443 989 76 17 senaste
533 988 21 18 år
566 988 29 18 till
609 982 154 28 Öfverstyrelsen
776 988 29 18 för
818 987 51 23 Väg-

124 1018 37 18 och
178 1018 211 23 Vattenbyggnaderna
400 1018 95 18 inlämnat
506 1018 168 22 kostnadsförslag
689 1018 29 18 för
726 1018 116 22 gräfvandet
851 1018 20 17 af

124 1053 24 13 en
160 1048 59 18 kanal
232 1048 107 18 därstädes.

195 1078 119 18 Villfarande
327 1078 188 22 ortsbefolkningens
529 1077 97 19 allmänna
638 1077 37 18 och
688 1077 94 23 enträgna
795 1077 75 19 önskan

123 1108 36 18 och
176 1108 44 18 med
237 1108 91 18 afseende
345 1108 40 18 fäst
402 1108 25 22 på
444 1108 44 17 dess
504 1108 89 23 aflägsna
605 1107 98 18 hemtrakt
715 1112 58 13 anser
782 1108 36 22 jag
830 1108 40 22 mig

123 1138 105 23 förpliktad
246 1138 28 18 att
291 1138 99 18 vördsamt
406 1138 77 20 föreslå,
500 1138 31 18 det
544 1137 120 19 hedervärda
677 1137 144 18 Bondeståndet
833 1137 37 18 till-

123 1173 99 13 sammans
238 1168 43 18 med
294 1168 63 22 öfriga
371 1168 60 17 Stånd
444 1168 45 17 ville
502 1168 67 18 förena
582 1168 30 22 sig
626 1172 30 13 om
670 1172 23 13 en
706 1167 121 23 underdänig
839 1172 31 18 pe-

123 1198 56 18 tition
193 1197 71 23 därom,

409 1246 27 17 att
452 1245 88 23 forsarna
557 1244 75 18 emellan
648 1244 119 22 Pilpankoski
781 1244 31 18 och
824 1244 46 18 Ker-

336 1274 79 24 majärvi
427 1275 55 18 måtte
494 1275 40 17 med
548 1274 100 18 statsmedel
660 1274 117 18 kanaliseras.

196 1334 125 22 Helsingfors,
336 1334 37 17 den
386 1334 10 16 6
408 1334 93 17 Februari
514 1334 51 16 1900.

602 1379 62 23 Ferd.
680 1379 118 22 Taskinen.

196 1476 185 24 Järnvägsutskottets
393 1476 110 18 betänkande
515 1475 34 19 N:o
561 1476 17 17 3.
