1098 1750
234 158 39 20 122
388 158 276 22 Petitionsbetänkande
681 158 40 21 N:o
739 158 34 21 14.

203 226 97 21 arbetare
322 226 79 26 årligen
424 232 88 21 passera
531 227 123 21 Rovaniemi
676 225 34 22 för
731 228 29 19 att
784 226 81 27 spridas
882 226 31 21 till
931 226 25 20 de

204 260 130 22 omfattande
357 260 163 28 skogshyggena
540 261 39 21 och
595 260 255 28 timmerutdrifningarna
864 261 7 21 i
886 261 70 21 Rova-

203 295 70 26 niemi,
289 295 121 21 Kemiträsk
425 295 39 21 och
481 295 123 27 Kuolajärvi
619 296 96 21 socknar.
738 296 69 20 Dessa
822 295 49 21 data
885 295 71 21 utvisa

203 330 65 21 redan
290 330 7 20 i
320 329 40 22 och
373 329 33 21 för
422 330 38 26 sig,
476 332 30 19 att
521 330 160 27 ifrågavarande
696 330 52 21 bana
765 330 48 21 med
829 329 99 22 afseende
944 330 12 20 å

204 364 141 27 persontrafik
367 364 90 27 troligen
473 364 71 21 kunde
559 364 47 21 täfla
624 364 47 21 med
686 364 51 21 tlere
752 364 7 21 i
774 364 83 21 landets
874 364 83 26 sydliga

204 398 58 21 delar
276 398 120 26 föreslagna
412 398 196 27 bansträckningar.

272 432 31 21 Af
323 433 41 21 den
386 433 136 26 redogörelse
538 433 196 26 järnvägskomitén
751 432 60 28 gifvit
826 432 130 23 beträffande

205 468 102 26 viktigare
322 467 100 26 näringar
436 467 57 21 inom
510 468 58 21 detta
583 467 86 22 område
686 468 33 20 må
732 468 38 20 här
781 468 74 21 endast
866 467 91 26 anföras,

204 503 32 19 att
250 508 26 14 en
292 501 102 21 konstant
410 502 38 20 och
464 501 93 27 betydlig
571 502 79 26 import
665 501 23 21 af
701 501 96 26 spanmål
807 501 39 21 och
854 501 102 22 kolonial-

204 541 63 15 varor
290 541 49 20 eger
362 541 46 15 rum
433 537 55 19 samt
511 537 30 19 att
563 537 102 25 exporten
687 535 22 21 af
727 535 32 26 hö,
782 536 53 25 kött,
857 535 100 22 särskildt

204 569 90 23 renkött,
318 569 37 22 och
374 569 40 21 fisk
436 569 45 22 icke
504 572 22 19 är
549 570 66 27 ringa.
645 570 144 21 Landsdelens
812 572 79 19 största
913 577 39 14 na-

204 604 79 27 turliga
306 604 95 22 rikedom
425 604 71 21 består
515 604 115 22 emellertid
646 604 6 21 i
669 605 48 21 dess
733 604 102 27 ofantliga
850 605 106 26 skogstill-

205 638 61 27 gång,
282 645 46 15 som
344 638 48 22 med
407 638 130 22 förbättrade
553 639 206 21 kommunikationer
775 640 70 20 kunde
853 639 21 21 få
884 639 73 27 mång-

204 672 54 22 faldt
280 673 54 21 ökad
356 673 122 27 afsättning.
507 674 40 21 Till
563 673 51 27 följd
629 673 22 21 af
664 676 78 24 ytterst
757 674 70 26 ojämn
843 674 113 21 vattentill-

206 707 56 27 gång
277 709 55 19 samt
348 707 96 27 bildning
458 707 23 21 af
495 708 76 27 issörja
587 708 37 21 och
641 708 93 20 bottenis
749 708 69 21 under
828 708 83 21 vintern
920 710 37 18 äro

205 742 96 21 däremot
324 742 25 20 de
371 742 119 26 betydande
512 742 97 21 forsarne
631 743 7 20 i
660 742 76 27 näjden
759 742 22 21 af
798 742 84 22 relativt
897 742 60 27 ringa

206 776 70 21 värde.

274 811 47 21 Den
345 812 136 26 varumängd,
505 818 46 14 som
575 812 80 26 årligen
678 811 76 21 forslas
777 811 46 21 från
847 812 62 21 Kemi
927 812 31 20 till

204 845 132 25 Rovaniemi,
358 845 104 21 beräknar
484 845 94 22 komitén
602 846 30 21 till
656 846 65 21 minst
738 846 75 24 10,000
828 848 42 24 ton,
886 852 71 21 repre-

206 880 126 20 senterande
361 879 32 21 för
423 881 132 20 närvarande
579 887 26 14 en
631 881 201 25 transportkostnad
855 880 22 21 af
891 880 66 21 omkr.

204 914 92 25 400,000
311 914 66 21 mark.
408 914 76 22 Denna
499 914 62 22 trafik
577 915 67 21 skulle
659 916 7 20 i
681 915 49 21 dess
745 915 71 21 helhet
831 915 85 21 komma
931 922 25 14 en

207 948 72 22 utmed
301 948 62 22 Kemi
386 948 30 22 älf
436 949 79 27 dragen
535 950 91 26 järnväg
641 949 31 21 till
688 950 61 26 godo.
779 950 99 21 Komitén
895 956 62 15 anser

204 983 65 21 också
286 990 28 14 nu
333 982 160 28 ifrågavarande
510 984 54 21 bana
579 984 32 21 väl
628 984 117 21 motiverad
760 984 45 21 icke
820 984 75 21 endast
909 984 46 21 från

204 1018 137 26 synpunkten
364 1018 22 20 af
407 1018 134 21 landsdelens
564 1018 114 22 kulturella
700 1019 112 24 intressen,
829 1022 50 18 utan
895 1018 60 22 äfven

204 1052 47 20 med
268 1052 84 21 hänsikt
368 1052 30 20 till
414 1053 80 21 banans
509 1053 136 21 räntabilitet.
667 1053 74 21 Redan
755 1053 122 27 förefintligt
888 1055 68 19 trans-

204 1086 116 26 portbehof
338 1088 23 19 är
385 1086 95 22 starkare
502 1088 40 20 och
559 1094 58 14 mera
632 1087 164 21 koncentreradt
811 1090 25 18 än
853 1088 40 25 det,
910 1094 45 15 som

202 1119 35 21 för
256 1119 90 22 flertalet
366 1126 41 20 nya
419 1121 256 27 järnvägsanläggningar
691 1122 48 20 med
754 1122 135 21 bestämdhet
903 1122 54 20 kun-

204 1156 38 19 nat
264 1154 27 27 på
313 1154 90 21 förhand
422 1161 108 21 uppvisas.
560 1156 100 21 Komitén
680 1156 103 21 beräknar
798 1156 33 21 för
847 1156 67 21 banan
931 1162 25 15 en

203 1188 95 21 inkomst
320 1188 22 21 af
363 1189 76 22 80,600
461 1190 61 21 mark
536 1189 33 22 för
584 1196 87 21 person-
687 1190 39 21 och
744 1191 89 21 189,000
848 1191 60 20 mark
924 1190 33 21 för

204 1219 123 30 godstrafik,
343 1224 155 26 sammanlagdt
513 1224 67 21 omkr.
595 1225 92 25 270.000
702 1225 66 24 mark,
780 1225 74 21 medan
863 1225 94 21 omkost-

203 1257 94 21 naderna
312 1257 126 28 uppskattas
454 1258 30 21 till
500 1259 67 20 omkr.
583 1259 90 26 240,000
688 1259 65 21 mark.

272 1292 111 20 Utskottet
399 1292 37 20 har
451 1292 70 21 funnit
536 1293 40 20 den
593 1293 22 20 af
625 1293 197 27 järnvägskomiten
833 1294 124 21 framstälda

204 1325 154 26 motiveringen
374 1324 32 22 för
417 1325 161 27 ifrägavarande
591 1326 91 26 järnväg
697 1326 48 21 fullt
760 1327 143 26 sakenlig
869 1320 38 37 och
915 1328 41 20 kan

204 1358 86 22 därföre
312 1358 123 28 obetingadt
452 1359 84 22 ansluta
552 1360 33 26 sig
600 1360 31 21 till
647 1360 39 21 den
704 1360 141 28 uppfattning,
861 1364 30 18 att
907 1362 49 21 med

204 1393 111 26 byggande
336 1393 23 21 af
379 1394 67 21 banan
470 1394 18 26 ej
511 1394 66 22 borde
599 1395 63 21 altför
682 1395 62 27 länge
759 1396 134 27 uppskjutas.
922 1396 32 21 En

202 1427 109 21 minoritet
334 1428 57 20 inom
415 1428 111 22 Utskottet
547 1429 38 21 har
608 1429 123 27 visserligen
753 1430 66 26 yrkat,
835 1432 32 20 att
881 1430 73 27 frågan

202 1461 47 22 icke
272 1462 66 21 borde
360 1462 35 21 vid
418 1462 69 22 denna
509 1463 102 27 landtdag
625 1463 108 22 föranleda
748 1464 32 21 till
795 1465 69 27 någon
881 1465 75 27 åtgärd

274 1508 186 22 Järnvägsutskottets
473 1509 110 17 betänkande
595 1509 38 17 N:o
646 1510 17 16 2.
