1061 1706
311 155 248 23 Petitionsbetänkande
574 156 37 22 N:o
629 155 31 23 16.
840 157 14 21 5

103 218 77 27 belopp
201 224 45 16 som
261 219 7 21 i
283 219 144 26 gosskolorna.
454 220 32 20 En
502 221 108 20 reservant
624 220 85 26 yrkade,
725 220 129 21 hufvudsak-

103 252 57 27 ligen
182 252 23 21 af
226 252 117 22 finansiella
364 253 53 27 skäl,
439 253 28 27 pä
481 253 212 27 petitionsförslagets
707 253 147 27 förkastande;

103 288 75 20 trenne
200 288 132 20 reservanter
353 288 166 24 (reservationen
536 288 32 26 II)
588 287 113 21 förordade
718 288 35 20 väl
771 294 25 14 en
815 287 39 21 lik-

103 320 78 26 formig
196 320 60 26 afgift
271 321 7 20 i
292 320 42 22 alla
350 321 77 26 skolor,
442 328 47 14 men
504 321 74 21 tänkte
593 322 32 26 sig
640 322 136 26 möjligheten
791 321 23 21 af
827 328 27 14 en

105 354 81 22 mindre
201 354 86 27 höjning
302 355 23 21 af
334 355 175 27 terminsafgiften
521 356 6 21 i
536 356 138 26 gosskolorna
684 356 33 20 till
728 356 126 26 exempelvis

104 389 29 21 25
149 388 66 27 mark,
230 389 88 21 hvarvid
333 390 138 21 statsverkets
487 390 65 27 ärliga
563 389 76 22 förlust
650 390 47 21 icke
707 390 68 20 skulle
787 389 67 21 öfver-

104 423 55 27 stiga
180 423 64 26 4,800
263 424 66 21 mark.
344 436 28 2 —
387 424 40 21 Vid
446 424 153 27 behandlingen
616 424 7 21 i
638 424 89 21 ständen
743 424 111 27 godkände

103 457 85 22 Preste-
204 458 38 21 och
257 458 162 22 Bondeständen
436 459 149 26 betänkandet,
602 459 109 21 hvaremot
726 458 128 22 Ridderska-

105 494 37 25 pet
157 492 39 22 och
212 493 67 21 Adeln
295 494 55 20 samt
364 492 180 27 Borgareständet
558 493 100 21 förenade
673 493 33 26 sig
715 499 34 15 om
760 499 94 15 reserva-

104 527 75 21 tionen
195 527 27 21 II.
246 527 111 21 Utskottet
373 527 116 27 uppgjorde
505 527 47 22 med
563 527 113 27 anledning
687 527 62 21 häraf
758 528 31 20 ett
799 533 55 15 sam-

106 561 253 27 manjämkningsförslag,
370 561 23 22 af
400 561 92 22 innehåll
504 564 44 23 ,att
559 561 58 22 Hans
628 561 117 27 Kejserliga
756 561 99 26 Majestät

105 595 66 22 måtte
193 597 51 25 taga
265 596 7 20 i
295 595 160 27 öfvervägande,
473 596 28 27 pä
519 596 55 21 hvad
589 597 43 20 sätt
647 595 161 27 skolafgifterna
822 595 33 20 för

104 635 74 21 gossar
201 630 39 20 och
262 629 76 22 flickor
359 630 8 21 i
389 631 82 20 statens
494 630 71 21 skolor
588 630 34 21 mä
640 630 71 20 kunna
730 629 123 21 likställas."

104 663 65 22 Detta
192 664 293 27 sammanjämkningsförslag
503 664 44 21 blef
563 664 118 21 emellertid
701 663 117 22 förkastadt
834 663 22 21 af

103 697 84 22 Preste-
209 699 38 20 och
270 698 169 27 Bondeständen,
462 699 71 21 hvilka
556 698 104 22 vidblefvo
680 699 45 20 sina
743 698 112 27 tidigare
842 693 16 37 i

103 733 75 26 frägan
194 733 80 21 fattade
289 733 77 22 beslut.

172 767 33 22 Då
227 774 80 15 samma
328 767 60 28 fråga
407 774 29 15 nu
451 767 54 27 ånyo
520 767 69 22 blifvit
604 767 68 26 väckt,
688 767 39 22 har
743 767 112 21 Allmänna

103 802 197 22 Besvärsutskottet
321 802 74 22 främst
418 804 53 20 trott
493 803 31 26 sig
546 803 52 21 böra
620 803 73 26 pröfva
708 802 146 21 hållbarheten

103 837 24 22 af
141 837 26 21 de
182 837 98 26 grunder,
299 843 46 15 som
364 839 82 19 ansetts
460 837 84 26 betinga
560 837 138 26 erläggandet
713 837 22 20 af
749 843 25 14 en
790 836 64 26 högre

103 871 151 27 terminsafgift
276 873 7 20 i
305 871 149 22 flickskolorna
476 874 26 19 än
522 872 6 21 i
547 871 146 26 gosskolorna.
723 871 46 21 Den
788 870 68 21 första

103 905 131 27 förordning,
250 912 45 15 som
310 906 65 21 bland
390 907 81 20 statens
487 906 72 21 skolor
574 909 103 23 upptager
688 905 60 21 äfven
759 904 94 21 fruntim-

103 940 134 27 mersskolor,
254 943 23 18 är
292 940 167 27 Skolordningen
470 941 22 20 af
502 941 38 20 den
560 940 5 21 6
577 939 119 22 November
708 939 61 22 1843.
788 939 68 21 Dessa

103 975 73 21 skolor
194 977 62 24 sägas
276 975 38 21 där
328 981 51 15 vara
394 975 87 21 afsedda
497 975 32 21 för
545 974 96 26 ,döttrar
656 974 23 21 af
692 974 85 21 bildade
792 973 64 22 föräl-

104 1009 57 26 drar,
183 1011 33 20 att
238 1010 38 21 där
298 1009 123 22 undervisas
441 1010 7 21 i
467 1009 26 22 de
508 1009 120 26 kunskaper
645 1009 39 21 och
700 1008 156 27 handaslöjder,

103 1049 46 16 som
169 1044 32 21 till
216 1051 25 14 en
256 1044 81 21 vårdad
352 1043 268 27 fruntimmersuppfostran
636 1043 72 21 höra.”
735 1043 39 21 Att
788 1043 68 20 denna

104 1078 135 27 uppfattning
261 1078 23 21 af
304 1079 218 21 fruntimmersskolan
542 1077 70 22 såsom
631 1084 26 15 en
686 1077 169 26 läroinrättning,

104 1113 63 21 hvars
190 1113 96 21 alumner
308 1113 32 21 till
356 1112 153 27 öfvervägande
525 1112 32 21 del
572 1112 66 21 borde
653 1112 86 21 tillhöra
755 1111 38 22 och
811 1110 45 22 fak-

104 1147 55 22 tiskt
184 1147 100 21 tillhörde
310 1147 39 21 den
374 1147 82 27 burgna
479 1147 254 27 ståndspersonsklassen,
751 1148 57 19 ännu
823 1145 33 21 för

103 1183 34 20 ett
169 1181 125 22 decennium
322 1181 63 22 sedan
409 1187 37 15 var
468 1183 80 25 ganska
571 1181 89 20 allmänt
684 1180 98 26 utbredd,
806 1179 51 22 åda-

102 1216 91 27 galägga
216 1216 24 21 de
264 1216 62 21 ofvan
352 1215 95 26 anförda,
471 1215 135 27 afstyrkande
632 1215 155 25 betänkanden,
812 1219 44 16 som

104 1249 113 22 Allmänna
245 1249 194 22 Besvärsutskottet
462 1250 7 21 i
491 1250 38 21 här
551 1249 143 26 föreliggande
717 1248 61 27 fråga
800 1247 59 27 afgaf

107 1284 54 21 1888
184 1285 40 21 och
248 1285 60 20 1891.
338 1285 32 20 En
393 1285 66 21 sådan
483 1284 133 27 uppfattning
638 1283 55 21 låter
715 1283 32 26 sig
763 1283 95 20 emeller-

105 1319 31 21 tid
161 1319 65 26 enligt
247 1318 123 21 Utskottets
392 1318 136 21 förmenande
550 1317 47 22 icke
617 1318 73 25 längre
700 1317 102 21 försvara.
818 1316 39 21 Ut-

105 1352 123 26 vecklingen
250 1352 6 20 i
278 1352 73 21 landet
369 1352 38 21 har
423 1351 118 21 fortskridit
556 1351 6 21 i
578 1357 26 15 en
619 1351 39 20 allt
673 1357 58 14 mera
747 1350 110 21 demokra-

105 1385 43 22 tisk
163 1385 103 27 riktning;
281 1385 62 22 äfven
358 1385 80 22 mindre
453 1385 124 21 bemedlade
593 1384 105 21 föräldrar
713 1383 79 22 sträfva
802 1384 7 21 i
820 1383 38 22 allt

105 1422 70 21 större
197 1421 147 26 utsträckning
367 1421 32 20 att
417 1419 56 28 gifva
489 1420 45 21 sina
549 1419 82 21 döttrar
646 1418 134 21 förmånerna
797 1418 23 21 af
833 1424 25 15 en

106 1456 66 27 högre
188 1455 148 27 skolbildning,
348 1455 38 21 och
397 1454 130 27 opinionen
518 1448 10 39 i
535 1453 71 22 landet
615 1453 109 21 betraktar
732 1453 46 21 icke
786 1452 72 27 längre

176 1495 101 18 Allmänna
290 1494 173 19 Besvärsutskottets
475 1493 110 19 betänkande
597 1493 34 18 N:o
644 1493 27 17 13.
