1064 1711
317 163 250 24 Petitionsbetänkande
581 164 38 24 N:o
634 164 35 23 23.
856 166 11 21 7

186 228 167 23 Petitionärerne
370 232 52 20 anse
440 231 72 21 vidare
528 231 122 21 arbetarnes
664 231 203 22 ålderdomsförsäk-

118 262 47 26 ring
180 263 52 21 böra
250 265 76 25 utgöra
337 264 89 22 föremål
436 264 34 21 för
478 265 39 21 den
525 264 124 27 ifrågasatta
658 265 147 27 utredningen.
819 265 50 21 Men

119 296 68 27 enligt
201 296 121 23 Utskottets
338 297 64 22 tanke
416 298 67 22 borde
498 298 120 22 densamma
633 298 89 22 hänföra
732 299 65 27 sigtill
807 299 61 22 arbe-

121 331 57 21 tares
194 331 38 21 och
248 331 47 22 med
311 331 48 22 dem
372 331 121 28 jämförliga
508 339 112 20 personers
634 332 119 28 försäkring
766 335 45 19 mot
820 339 48 16 var-

117 364 62 28 aktig
193 365 181 28 arbetsoförmåga
388 367 8 21 i
410 366 53 28 följd
478 367 24 22 af
514 367 66 22 andra
596 368 87 21 orsaker
697 369 28 20 än
741 367 127 27 olycksfall
858 360 14 39 i

118 399 83 22 arbetet
222 399 81 23 således
325 402 45 20 mot
391 401 110 22 ålderdom
522 401 75 22 endast
618 402 24 21 så
661 401 45 22 vidt
721 401 40 22 den
776 401 92 22 medfört

117 433 100 29 varaktig
234 434 182 29 arbetsoförmåga
431 436 142 26 (invaliditet).
603 431 126 28 Ändamålet
743 436 49 22 med
807 435 61 23 arbe-

120 468 192 28 tareförsäkringen
334 472 25 19 är
381 470 104 27 nämligen
505 472 31 20 att
551 471 103 27 betrygga
668 471 26 21 de
709 470 158 23 samhällsmed-

119 502 95 28 lemmar,
236 503 82 22 hvilkas
336 504 137 23 ekonomiska
491 505 93 22 existens
598 507 24 20 är
637 505 45 22 helt
696 505 39 22 och
750 505 66 22 hållet
831 505 36 22 be-

119 538 80 21 roende
216 538 23 21 af
256 538 61 22 deras
333 539 135 28 arbetskraft,
483 542 46 19 mot
543 540 42 21 nöd
600 539 39 22 och
654 539 80 28 armod,
750 539 28 22 då
793 540 26 21 de
833 539 34 22 för

115 572 44 22 viss
181 572 32 22 tid
234 573 52 22 eller
307 573 34 21 för
362 573 48 22 hela
430 574 40 22 den
490 574 135 22 återstående
640 574 93 22 lifstiden
747 576 51 20 utan
814 580 52 21 egen

115 606 118 28 förskyllan
248 607 69 22 blifvit
332 608 124 28 oförmögna
471 609 33 21 till
518 609 80 27 arbete,
608 609 40 21 och
658 610 32 20 att
699 609 90 22 sålunda
799 609 68 21 tillika

115 641 78 23 hindra
217 642 47 22 dem
290 644 33 20 att
344 642 52 22 falla
418 643 40 22 den
482 643 108 28 offentliga
605 643 142 27 fattigvården
769 643 34 22 till
817 643 48 22 last.

116 670 115 28 Ålderdom
257 677 8 21 i
291 677 40 21 och
358 676 33 22 för
417 678 31 26 sig
470 679 63 26 utgör
553 679 48 21 icke
620 678 64 27 något
702 678 112 22 kriterium
839 678 28 27 på

116 710 57 27 dylik
197 711 98 22 nödstäld
324 712 133 26 belägenhet,
482 714 23 25 ty
531 712 103 22 förlusten
656 713 23 21 af
699 712 168 27 arbetsförmåga

115 744 98 22 inträffar
234 745 133 28 naturligtvis
392 746 54 27 icke,
473 753 51 15 vare
548 747 32 26 sig
602 747 33 21 för
656 747 132 21 individerna
815 747 52 21 eller

114 778 35 22 för
168 780 190 27 yrkesgrupperna,
381 780 34 21 vid
429 775 31 27 'en
481 781 96 22 bestämd
597 780 65 22 ålder.
692 781 32 21 En
743 781 78 22 allmän
837 781 30 21 ål-

115 813 218 28 derdomsförsäkring
353 814 23 22 af
396 815 112 22 arbetarne
527 815 87 22 förfelar
632 815 62 22 alltså
709 815 36 22 det
757 815 49 27 mål,
821 822 45 15 som

116 848 55 22 afses
194 849 47 21 med
259 849 253 27 arbetareförsäkringen.
537 849 39 22 Om
596 852 15 20 t.
626 856 33 15 ex.
676 850 39 21 den
730 850 33 22 till
778 851 88 25 pension

115 882 148 28 berättigande
278 884 73 21 åldern
366 885 66 21 sättes
448 884 32 22 till
496 884 28 21 60
538 884 30 27 år,
584 884 24 22 så
622 884 55 22 skall
693 884 36 22 det
743 884 68 22 finnas
825 884 41 22 tal-

115 917 48 21 rika
185 918 105 27 arbetare,
313 924 46 16 som
380 919 46 21 icke
448 919 85 22 komma
555 920 6 20 i
584 918 124 28 åtnjutande
730 918 23 23 af
769 920 95 26 pension,

115 952 71 21 ehuru
207 952 25 22 de
247 952 45 22 helt
307 953 40 21 och
362 952 66 23 hållet
443 953 53 21 eller
510 953 32 21 till
557 954 79 21 största
652 954 61 20 delen
728 953 90 22 förlorat
832 954 32 21 sin

116 986 173 28 arbetsförmåga,
312 987 40 21 och
374 989 92 20 tvärtom
488 990 32 19 ett
542 990 56 19 stort
619 988 58 20 antal
696 988 105 26 arbetare,
820 994 45 15 som

116 1023 58 20 ännu
196 1023 37 19 äro
255 1021 118 22 arbetsföra
397 1022 39 21 och
452 1022 54 21 dock
521 1022 80 22 erhålla
616 1022 94 26 pension.
740 1022 62 21 Huru
817 1028 48 15 man

115 1057 28 20 än
158 1055 72 28 flyttar
245 1056 69 21 denna
329 1055 140 28 åldersgräns,
479 1056 54 22 skall
544 1057 112 21 resultatet
666 1056 65 22 blifva
741 1056 124 27 detsamma,

116 1091 35 20 att
173 1090 138 22 understödet
332 1090 47 22 icke
401 1090 95 22 tillfaller
515 1090 49 27 alla,
580 1096 45 16 som
642 1090 35 22 det
691 1090 67 22 borde
773 1090 92 27 tillfalla,

116 1130 48 15 men
179 1124 98 22 däremot
291 1124 95 22 tillfaller
400 1124 61 22 äfven
476 1125 86 26 sådana,
578 1131 46 15 som
639 1125 37 21 det
689 1125 47 21 icke
746 1125 67 21 borde
823 1124 42 22 till-

115 1158 58 27 falla,
188 1159 52 21 eller
253 1159 49 21 med
316 1159 68 22 andra
398 1159 46 27 ord,
460 1161 32 20 att
507 1159 36 22 det
558 1160 46 21 icke
614 1159 95 22 kommer
719 1159 40 22 den
770 1159 95 22 enskilde

115 1193 115 21 arbetaren
250 1193 33 22 till
304 1193 56 28 godo
382 1194 7 21 i
408 1194 36 21 det
459 1193 112 28 ögonblick
586 1194 41 21 han
641 1194 108 27 verkligen
765 1193 101 22 behöfver

114 1227 45 27 det,
181 1229 50 20 utan
254 1229 101 26 antingen
372 1229 34 21 för
426 1224 48 26 sent
490 1228 51 21 eller
555 1228 34 21 för
604 1229 67 26 tidigt.
700 1228 166 22 Fastställandet

113 1261 24 22 af
159 1268 26 16 en
207 1263 42 21 viss
271 1262 133 27 åldersgräns
424 1265 25 19 är
467 1263 49 21 fullt
534 1263 27 27 på
578 1263 33 22 sin
630 1263 56 26 plats
704 1263 33 21 för
752 1263 112 26 individen,

115 1302 46 16 som
176 1296 50 28 själf
238 1297 128 22 bestämmer
384 1297 41 22 den
440 1297 66 26 ålder,
521 1297 35 22 vid
571 1297 84 22 hvilken
670 1297 41 21 han
719 1297 37 22 vill
763 1297 103 22 komma
853 1292 17 36 i

114 1331 124 26 åtnjutande
246 1331 24 21 af
275 1338 27 14 en
309 1331 91 26 lifränta,
405 1331 39 21 och
452 1331 38 21 det
497 1332 54 21 låter
559 1333 31 24 sig
598 1331 33 21 väl
639 1331 104 21 förklaras
751 1332 72 25 ifråga
831 1337 33 14 om

112 1366 79 24 staten,
201 1370 45 15 som
256 1365 138 25 pensionerar
404 1365 47 21 sina
461 1364 126 26 tjenstemän
594 1365 66 21 delvis
672 1364 32 21 för
713 1366 33 19 att
755 1365 110 25 påskynda

115 1398 155 27 omsättningen
292 1398 58 22 inom
369 1398 222 26 tjenstemannakåren
606 1398 7 21 i
628 1398 98 22 ändamål
741 1400 32 20 att
787 1398 78 22 bereda

114 1432 154 28 medborgarne
291 1432 41 22 den
354 1433 69 21 större
446 1432 105 27 säkerhet,
571 1439 45 16 som
632 1433 66 26 ligger
713 1433 31 21 uti
759 1434 33 21 att
807 1433 58 21 med-

114 1467 114 22 lemmarne
247 1466 24 23 af
292 1467 69 22 denna
384 1467 39 22 kår
445 1469 38 20 äro
498 1467 36 24 vid
548 1467 39 22 full
602 1467 136 22 arbetskraft.
768 1467 50 22 Men
832 1467 33 22 för

182 1508 101 18 Allmänna
294 1507 175 19 Besvärsutskottets
480 1508 112 18 betänkande
603 1507 33 19 N:o
649 1509 28 17 14.
