1064 1717
217 167 24 19 16
380 164 249 23 Petitionsbetänkande
644 164 37 22 N:o
697 164 35 21 26.

187 302 21 23 9.
350 303 52 19 Till
420 302 135 26 vällofliga
572 302 222 26 Borgareständet.

255 378 33 20 Då
303 378 35 20 det
353 378 71 20 visade
440 378 38 26 sig,
494 380 30 18 att
539 378 74 20 endast
627 380 30 17 ett
671 377 51 20 fåtal
737 377 23 20 af
773 377 26 19 de
814 377 73 24 elever,
897 384 43 12 som

188 408 116 20 inskrefvos
323 408 6 18 i
348 407 81 19 landets
448 407 95 20 läroverk
561 407 31 19 för
610 407 64 25 högre
692 406 75 20 allmän
789 406 151 26 medborgerlig

188 437 100 25 bildning,
307 437 94 19 fortsatte
421 436 106 20 studierna
545 436 53 20 ända
617 436 33 19 till
672 436 149 23 universitetet,
841 442 46 13 men
910 438 31 16 att

187 466 27 19 de
228 465 60 20 flesta
303 465 92 20 däremot
409 465 81 20 afbröto
506 466 31 19 sin
553 465 49 20 kurs
617 465 63 19 redan
695 465 27 25 pä
737 467 30 17 ett
777 464 56 25 lägre
845 464 95 23 stadium,

187 494 126 20 framträdde
329 494 39 20 den
384 494 128 25 berättigade
527 494 83 19 fordran
625 494 38 19 allt
677 493 120 26 kraftigare,
809 495 30 17 att
853 493 88 19 nämnda

188 524 75 23 skolor,
280 530 43 13 som
339 523 180 25 hufvudsakligen,
536 525 31 17 att
581 523 46 19 icke
643 525 50 22 säga
707 521 138 25 uteslutande,
859 522 26 25 pä
901 522 40 19 alla

188 553 77 19 stadier
280 552 71 25 afsägo
367 554 30 17 att
411 551 47 20 leda
468 552 32 19 till
511 552 149 23 universitetet,
671 551 64 20 borde
745 552 24 19 sä
779 551 162 25 omorganiseras

188 584 31 17 att
237 581 24 20 de
280 587 55 14 mera
356 581 93 25 gagnade
468 581 35 19 det
521 584 56 17 stora
595 580 88 20 flertalet
699 581 68 19 elever
785 583 26 16 än
829 579 61 25 förut,
911 582 30 17 att

189 610 26 19 de
229 610 58 25 lägre
302 610 113 24 klasserna,
431 610 27 25 pä
473 615 76 14 samma
565 610 54 25 gäng
630 609 25 20 de
666 609 121 20 förberedde
799 609 32 19 till
841 616 25 13 en
878 609 63 25 högre

188 639 103 24 skolkurs,
307 639 100 26 därjämte
422 639 67 20 skulle
505 641 73 24 utgöra
593 645 24 13 en
632 639 135 20 mellanskola
782 637 47 21 med
839 637 102 21 afslutade

187 668 80 20 kurser.
297 668 74 19 Denna
392 667 137 26 nödvändiga,
551 667 48 20 fullt
621 667 125 20 motiverade
768 667 120 26 förändring
904 667 38 20 har

188 697 63 20 redan
274 697 125 25 genomförts
418 697 7 19 i
443 697 81 20 landets
547 697 96 25 samtliga
664 697 118 25 reallyceer,
801 696 82 20 hvilkas
900 695 40 20 fem

187 726 57 26 lägre
259 726 81 19 klasser
354 728 74 23 utgöra
443 728 30 17 ett
488 725 99 21 afslutadt
602 726 49 20 helt.
677 725 82 20 Samma
769 725 172 26 omorganisation

189 755 37 20 har
244 755 60 20 äfven
322 755 112 26 försiggätt
455 755 45 20 med
521 755 81 20 landets
621 761 16 14 s.
655 755 20 20 k.
696 754 188 24 elementarskolor,
903 754 38 20 och

188 783 62 21 hafva
265 784 60 20 dessa
341 783 117 26 därigenom
473 783 52 20 först
539 791 28 12 nu
583 785 78 24 begynt
675 786 104 18 motsvara
793 783 36 20 det
838 783 47 20 med
895 783 47 20 dem

188 813 159 26 ursprungligen
369 813 60 20 äfven
445 813 86 20 afsedda
545 813 116 20 ändamälet
675 815 31 18 att
721 813 94 20 meddela
829 813 54 23 dem,
898 819 43 13 som

188 849 53 18 egna
256 842 32 25 sig
303 842 22 19 ät
340 841 35 20 det
389 842 108 25 praktiska
511 842 71 20 lifvots
597 841 51 24 värf,
664 842 39 19 den
714 841 163 26 nödvändigaste
888 841 54 21 skol-

188 871 127 25 bildningen.
339 871 90 19 Sälunda
444 870 61 21 hafva
521 871 25 20 de
561 871 60 20 flesta
637 871 28 24 2-,
682 871 22 20 3-
718 871 38 20 och
771 871 116 25 4-klassiga
902 871 39 19 ele-

189 899 149 20 mentarskolor
355 899 64 20 redan
437 900 109 20 ombildats
566 900 32 19 till
617 900 115 26 5-klassiga
747 900 128 24 elementar-,
890 899 51 20 real-

189 929 38 19 och
245 928 158 26 borgareskolor
418 929 46 19 med
479 929 102 20 afslutade
597 929 79 24 kurser,
692 929 39 20 och
745 929 59 20 torde
820 929 66 20 denna
901 929 40 19 för-

189 957 88 26 ändring
294 964 84 13 numera
395 957 85 20 allmänt
499 958 100 19 erkännas
618 959 67 19 såsom
702 958 49 19 fullt
768 957 117 26 berättigad
904 958 37 19 och

188 987 23 19 af
223 986 98 20 behofvet
335 987 102 25 påkallad.

256 1015 65 20 Förut
339 1015 38 19 har
395 1015 39 20 den
453 1016 80 25 princip
551 1016 54 19 varit
623 1015 90 20 rådande
728 1016 7 19 i
750 1015 77 25 landet,
843 1018 31 17 att
888 1015 52 20 läro-

188 1044 77 19 värken
288 1044 32 19 för
342 1043 63 26 högre
428 1045 75 18 allmän
525 1044 151 25 medborgerlig
697 1044 95 26 bildning
809 1044 133 26 fullständigt

190 1073 106 19 bekostats
318 1072 23 20 af
361 1073 132 23 statsvärket,
517 1080 45 13 men
583 1080 73 19 genom
674 1073 75 26 nådiga
767 1073 138 26 kungörelsen
921 1073 23 20 af

189 1101 39 19 den
246 1102 24 19 19
285 1101 91 25 Augusti
397 1102 52 19 1896
468 1102 37 19 har
520 1109 24 12 en
560 1101 88 26 märklig
663 1101 120 26 förändring
798 1102 6 19 i
820 1102 57 19 detta
891 1102 50 19 hän-

189 1129 74 20 seende
281 1129 99 20 inträffat.
410 1130 79 25 Lyceer
508 1131 38 18 och
565 1131 63 24 högre
643 1129 200 21 fruntimmerskolor
857 1131 85 19 kvarstå

189 1159 67 18 såsom
275 1158 154 24 statsläroverk,
445 1165 46 13 men
509 1159 208 19 elementarskolorna
735 1159 21 19 få
771 1159 18 25 ej
805 1166 43 12 mer
863 1159 79 25 åtnjuta

188 1187 67 19 denna
270 1187 85 23 förmän,
369 1189 50 17 utan
434 1187 49 19 böra
494 1187 24 20 de
529 1187 117 26 öfvertagas
657 1187 22 20 af
687 1188 126 23 kommuner,
824 1187 118 26 föreningar

188 1215 51 20 eller
253 1215 62 26 bolag
330 1218 53 17 samt
399 1215 130 20 underhällas
544 1216 23 19 af
580 1216 51 20 dem.

257 1244 37 19 Om
310 1244 39 19 ock
364 1244 63 25 högre
442 1245 163 24 privatläroverk
619 1245 94 24 uppstått
723 1245 6 18 i
740 1245 152 19 hufvudstaden
903 1245 39 19 och

187 1271 8 19 i
214 1272 64 25 några
296 1271 64 20 andra
379 1274 64 17 större
462 1272 76 24 städer,
554 1273 37 19 där
609 1272 218 26 elevtillströmningen
847 1273 54 19 varit
919 1273 23 20 sä

188 1302 50 22 stor,
254 1302 31 17 att
303 1300 40 19 alla
361 1301 26 24 pä
405 1300 57 25 längt
482 1304 37 16 när
537 1301 18 25 ej
575 1301 78 19 kunnat
668 1302 62 18 vinna
745 1301 80 20 inträde
840 1302 7 18 i
862 1304 79 17 statens

188 1328 69 20 skolor
280 1329 38 19 och
341 1328 36 20 där
395 1336 47 12 man
461 1329 104 20 dessutom
584 1329 55 20 velat
661 1330 93 25 tillämpa
772 1330 168 26 undervisnings-

189 1358 102 25 principer
305 1364 44 13 som
363 1358 68 19 afvika
441 1358 46 19 från
499 1358 24 20 de
535 1358 34 20 vid
580 1359 175 19 statsläroverken
765 1359 175 24 förekommande;

188 1393 33 13 om
236 1386 60 20 äfven
312 1387 63 25 nägra
390 1386 174 21 landsortsstäder
579 1388 53 19 varit
647 1391 93 23 tvungna
754 1391 31 17 att
799 1389 26 25 pä
840 1395 51 19 egen
907 1389 34 19 be-

188 1415 89 20 kostnad
280 1411 10 36 '
296 1416 76 19 inrätta
390 1415 39 20 och
447 1416 37 19 allt
502 1416 126 20 fortfarande
647 1417 121 20 underhålla
787 1419 9 18 4
801 1418 140 25 —5-klassiga

188 1444 51 20 real-
255 1444 39 20 och
313 1444 149 26 borgarskolor,
479 1444 26 20 då
521 1445 24 19 de
561 1446 18 25 ej
595 1446 26 25 på
636 1448 63 17 annat
713 1448 43 17 sätt
770 1446 45 20 haft
830 1446 66 26 utsigt
911 1449 31 17 att

187 1473 23 19 få
229 1473 45 19 sina
292 1473 188 20 skolförhållanden
499 1474 134 24 förbättrade,
649 1474 52 20 hade
717 1475 57 19 detta
789 1475 18 25 ej
823 1476 46 18 bort
885 1475 56 25 gifva

256 1512 105 18 Allmänna
375 1513 176 18 Besvärsutskottets
565 1513 116 18 betänkande
692 1514 35 18 N:o
740 1515 27 17 15.
