1061 1703
394 180 274 22 Petitionsbetänkande
684 180 44 22 N:o
744 180 18 21 1

277 469 142 39 Öfeersättning.

499 522 160 27 Reservation.

276 589 170 22 Förhållandena
468 591 6 20 i
497 590 47 21 vårt
568 589 49 22 land
640 591 37 19 äro
700 590 59 21 såväl
765 585 13 37 i
798 590 93 28 rättsligt
913 597 45 13 som

207 626 6 20 i
236 625 106 28 praktiskt
364 624 121 22 hänseende
501 625 6 21 i
523 625 26 21 de
570 624 60 21 flesta
652 624 115 22 afseenden
783 624 41 21 lika
842 624 47 21 med
905 628 53 17 mot-

207 658 105 22 svarande
327 658 147 21 förhållanden
491 659 6 20 i
513 658 94 27 Sverige.
630 658 12 20 I
658 658 93 28 enlighet
765 658 85 22 härmed
862 660 23 19 är
893 658 65 22 äfven

207 692 196 22 notariatväsendet
418 693 6 20 i
440 692 63 21 dessa
526 692 73 22 länder
616 692 34 21 för
666 693 132 21 närvarande
813 692 147 28 organiseradt

207 727 28 28 på
257 734 79 13 samma
353 728 52 24 sätt;
420 726 41 21 och
479 727 44 20 lika
541 727 47 21 litet
602 726 39 21 hos
657 733 35 14 oss
707 734 45 13 som
768 727 5 20 i
790 727 90 27 Sverige
895 726 65 21 hafva

207 761 127 21 härutinnan
357 760 80 22 sådana
460 761 155 28 olägenheter
607 756 15 37 i
634 761 107 28 praktiskt
762 761 122 21 hänseende
904 761 56 28 gjort

208 796 32 27 sig
262 795 105 28 gällande,
383 802 44 13 som
449 795 68 21 skulle
532 795 106 21 innefatta
654 802 26 14 en
695 795 117 28 tvingande
827 795 134 28 nödvändig-

208 829 37 21 het
260 832 31 18 att
305 837 76 20 genom
397 829 246 28 lagstiftningsåtgärder
655 829 116 21 reformera
781 829 125 21 hithörande
916 829 43 21 för-

208 863 120 21 hållanden.
357 863 77 21 Denna
456 863 157 28 omständighet
628 863 5 21 i
650 863 98 28 förening
771 863 85 22 dermed
878 866 37 24 att,
931 863 28 28 på

208 899 43 20 sätt
271 897 78 29 jemväl
373 897 22 21 af
417 897 123 22 Utskottets
563 897 133 22 betänkande
717 897 99 28 framgår,
831 898 64 21 äfven
909 899 8 20 i
932 897 27 22 de

208 932 61 21 flesta
290 931 66 22 andra
371 931 23 22 af
408 931 98 28 Europas
522 931 80 22 mindre
618 934 66 19 stater
698 931 69 28 någon
784 933 176 20 notariatinstitu-

208 967 45 20 tion
276 966 48 21 icke
347 967 108 25 existerar,
469 966 38 21 bar
527 966 37 21 hos
583 965 174 22 undertecknade
773 966 121 22 framkallat
908 966 52 21 tvif-

209 1000 89 22 velsmål
320 1000 89 22 rörande
427 1001 18 27 ej
461 1000 81 21 mindre
557 1000 101 22 behofvet
679 1000 23 21 af
717 1008 26 13 en
759 1000 58 28 dylik
832 1001 127 24 institution,

209 1037 26 19 än
252 1034 65 21 äfven
332 1034 136 28 möjligheten
484 1034 34 21 för
532 1034 123 21 densamma
671 1035 46 20 att
711 1030 10 36 i
730 1034 47 21 vårt
790 1034 49 21 land
851 1035 47 21 med
909 1034 50 21 dess

208 1070 7 20 i
231 1068 114 22 allmänhet
366 1068 59 28 glesa
448 1068 126 28 befolkning
596 1069 46 25 och,
658 1069 6 20 i
680 1068 120 29 jemförelse
822 1069 48 21 med
894 1069 65 21 Vest-

209 1110 89 21 europas
314 1103 69 27 gamla
399 1102 151 26 kulturländer,
562 1102 62 21 svåra
638 1102 160 27 lefnadsvilkor,
808 1103 87 21 kunna
887 1098 12 37 i
909 1103 50 21 eko-

209 1136 94 22 nomiskt
324 1136 101 21 afseende
441 1144 38 20 ega
495 1136 89 21 bestånd
600 1139 51 18 utan
667 1136 75 28 bidrag
756 1136 47 21 från
819 1137 140 22 statsverkets

210 1171 52 21 sida.
285 1170 48 21 Och
349 1170 27 21 då
391 1171 117 27 utsigterna
524 1171 33 20 för
572 1171 157 21 institutionens
746 1170 134 22 fortbestånd
893 1171 67 22 måste

210 1213 61 13 anses
294 1204 156 28 tvifvelaktiga,
465 1205 24 20 så
504 1212 50 14 vore
569 1204 64 21 äfven
650 1205 66 28 enligt
731 1204 38 22 vår
784 1205 64 21 tanke
864 1205 49 22 dess
929 1206 31 20 in-

209 1239 89 21 förande
314 1239 95 26 onödigt,
419 1239 67 20 under
501 1239 152 26 förutsättning
672 1242 31 17 att
721 1239 130 27 statsbidrag
864 1239 34 20 för
911 1239 49 21 dess

210 1271 185 29 upprätthållande
411 1273 18 26 ej
446 1272 66 21 heller
527 1271 113 22 framdeles
655 1272 84 21 komme
750 1275 31 18 att
791 1272 94 28 beviljas.
907 1273 52 20 Men

210 1307 6 20 i
232 1305 112 29 praktiken
367 1305 37 22 har
425 1313 49 14 man
490 1306 42 21 fått
547 1306 123 21 konstatera
685 1306 36 21 det
736 1306 172 22 sakförhållande
923 1309 38 24 att,

209 1340 66 22 sedan
298 1349 25 13 en
347 1341 120 20 institution
489 1340 71 22 blifvit
574 1340 48 21 med
638 1340 130 22 Ständernas
784 1341 129 21 medverkan
928 1342 33 20 in-

209 1374 55 28 förd,
271 1375 37 21 det
318 1375 55 21 varit
383 1374 58 22 svårt
449 1377 32 19 att
489 1374 91 22 afskaffa
588 1374 133 28 densamma;
732 1375 40 21 och
781 1375 27 21 då
816 1375 145 21 inkomsterna

210 1409 71 21 blifvit
302 1409 23 21 så
343 1410 66 27 ringa,
427 1412 31 18 att
473 1409 26 21 de
515 1410 46 21 icke
577 1412 107 18 motsvara
698 1409 160 23 vederbörande
873 1410 89 28 tjenste-

210 1446 59 20 mäns
292 1443 98 29 anspråk,
408 1443 83 22 förlitar
510 1452 48 14 man
574 1445 32 27 sig
622 1443 27 28 på
664 1444 117 22 understöd
796 1444 47 22 från
859 1447 102 19 statsver-

209 1478 47 21 kets
271 1478 52 21 sida.

277 1523 132 23 Lagutskottets
422 1524 110 17 betänkande
544 1524 38 18 N:o
594 1525 18 16 2.
