1064 1711
233 166 25 21 18
390 165 269 22 Petitionsbetänkande
673 164 40 22 N:o
729 165 38 22 20.

407 231 27 14 ott
454 228 56 17 Hans
531 227 105 24 Kejserliga
657 227 87 24 Majestät
764 228 65 17 täcktes
849 227 27 18 till
895 227 57 22 först-

338 260 175 18 sammanträdande
531 259 90 24 landtdag
637 259 110 23 öfverlemna
764 259 57 23 nådig
839 259 114 23 proposition

338 292 65 21 derom,
424 295 27 14 att
470 293 19 16 åt
508 292 39 17 alla
567 292 104 17 kommuner
689 292 6 16 i
713 292 41 16 vårt
772 291 45 17 land
837 292 53 16 måtte
904 290 49 18 med-

337 324 61 23 gifvas
408 324 39 22 full
456 324 58 22 frihet
527 326 26 15 att
566 324 67 17 enhvar
646 324 49 16 inom
708 324 29 16 sitt
751 323 74 17 område
839 322 69 18 besluta
919 328 34 12 an-

337 356 70 22 gående
425 355 66 17 handel
509 356 40 16 med
565 356 32 17 och
611 355 120 23 utskänkning
745 355 24 23 af
780 355 44 20 alla,
839 355 52 17 såväl
905 358 48 14 star-

337 388 44 16 kare
394 392 39 12 som
447 392 78 18 svagare
538 387 109 23 rusdrycker
661 387 92 22 äfvensom
768 386 126 23 maltdrycker.

269 452 122 24 Helsingfors,
404 453 11 17 å
427 452 135 18 Ständerhuset
575 452 35 18 den
623 452 10 18 8
647 452 91 18 Februari
755 452 49 18 1900.

337 510 42 18 Elis
391 510 108 23 Bergroth.
602 510 47 18 Joh.
663 510 158 22 Schwartzberg.

337 539 58 19 Vald.
407 539 82 18 Wallin.
604 539 61 18 Wilh.
677 539 118 23 Malmberg.

337 568 71 18 Fredr.
419 568 95 18 Nauklér.
607 568 19 18 J.
639 568 21 18 F.
673 568 98 18 Hellman.

338 597 49 18 Karl
400 597 99 22 Troberg.
607 597 20 18 J.
639 597 126 18 Päivärinta.

337 627 23 16 A.
372 626 97 18 Auvinen.
609 626 100 18 Johannes
722 626 74 19 Granö.

338 655 25 18 H.
375 655 22 18 E.
412 655 104 21 Wegelius,
607 654 22 19 G.
642 655 23 17 A.
677 655 82 18 Heman.

337 683 62 18 Josua
411 683 120 18 Johansson.
605 683 20 18 J.
636 683 19 18 I.
670 683 122 18 Gummerus.

338 712 22 17 A.
373 711 22 19 6.
408 712 69 18 Walle.
603 712 20 18 J.
635 712 20 18 J.
669 712 134 19 Westerlund.

568 845 20 21 1

269 890 119 22 Jemnsides
412 890 47 21 med
483 891 25 21 de
530 890 145 26 sträfvanden,
689 890 73 22 hvilka
778 891 44 21 afse
838 892 113 26 spridande

203 924 22 22 af
242 924 125 27 upplysning
389 924 65 22 bland
476 925 77 21 folkets
576 925 63 27 djupa
662 925 65 25 leder,
751 925 38 21 har
809 926 65 21 redan
890 926 62 26 länge

201 959 89 27 fortgätt
312 965 26 14 en
361 965 68 15 annan
453 960 79 25 mäktig
555 959 79 21 rörelse
657 960 47 20 med
727 960 83 26 uppgift
830 962 32 19 att
876 966 75 21 genom

202 994 239 26 dryckenskapslastens
468 994 113 20 utrotande
604 994 49 26 höja
675 994 78 21 folkets
777 994 81 27 sedliga
881 994 71 22 ständ-

201 1028 74 27 punkt.
303 1028 74 21 Denna
400 1028 79 21 rörelse
498 1028 38 21 har
551 1030 67 25 yttrat
633 1028 32 27 sig
681 1029 28 20 uti
726 1029 49 27 ifrig
791 1029 86 26 frivillig
893 1030 59 20 verk-

202 1062 83 22 samhet
301 1062 33 21 för
353 1062 184 27 nykterhetsidöns
556 1063 109 27 spridning
681 1063 39 21 och
741 1064 138 26 inpräglande
894 1064 6 21 i
917 1064 36 21 det

200 1097 108 21 allmänna
331 1097 194 21 folkmedvetandet
551 1099 54 19 samt
629 1097 78 26 jemväl
734 1099 97 20 inverkat
857 1099 28 26 pä
907 1099 43 26 lag-

202 1131 130 26 stiftningen,
358 1131 84 21 hvilken
467 1131 34 21 vid
527 1132 135 26 reglerandet
685 1132 23 20 af
728 1133 162 26 tillverkningen
913 1133 39 21 och

201 1165 92 21 handeln
316 1165 47 21 med
385 1165 126 27 rusdrycker
533 1166 65 21 afsett
620 1168 31 18 att
670 1172 76 20 gerom
765 1166 146 22 försvärandet
931 1167 23 21 af

202 1199 119 21 ätkomsten
345 1199 23 21 af
389 1200 63 20 dessa
471 1200 88 27 drycker
576 1200 65 26 stäfja
656 1201 130 21 missbruket
801 1201 22 21 af
837 1202 114 20 desamma.

202 1233 34 21 Då
254 1234 26 20 de
302 1234 123 26 härigenom
449 1234 137 21 åstadkomna
610 1234 186 27 förbättringarna,
819 1236 24 20 sä
865 1236 87 21 oveder-

202 1266 81 27 sägliga
305 1266 26 21 de
353 1268 25 19 än
402 1269 44 24 äro,
469 1268 64 20 likväl
557 1269 56 19 ännu
636 1268 70 20 lemna
721 1268 105 27 åtskilligt
841 1269 64 26 öfrigt
921 1270 32 20 att

202 1300 74 26 önska,
299 1300 41 21 kan
364 1301 35 20 det
418 1301 47 21 icke
480 1302 67 20 väcka
561 1301 117 27 förvåning,
695 1308 33 15 om
745 1303 94 27 ständigt
855 1310 40 20 nya
910 1303 42 21 för-

201 1335 46 27 slag
263 1335 129 22 framställas
407 1335 34 21 för
457 1336 224 22 missförhållandenas
696 1336 143 28 aflägsnande.

271 1370 80 27 Längst
373 1369 64 22 bland
457 1370 60 22 dessa
533 1370 136 22 sträfvanden
686 1371 67 28 syftar
769 1372 42 26 det,
827 1379 45 15 som
888 1373 63 21 fram-

202 1404 72 22 träder
285 1405 7 21 i
303 1404 138 22 förenämnda
456 1405 31 21 till
502 1406 159 21 Bondeståndet
672 1406 81 27 ingifna
765 1407 186 28 petitionsförslag,

201 1439 60 21 hvari
275 1439 122 22 hemställes
413 1441 32 20 att
456 1441 174 21 nästkommande
643 1441 100 27 landtdag
755 1442 66 21 måtte
832 1442 119 28 föreläggas

202 1473 64 27 nådig
287 1474 131 27 proposition
438 1481 33 14 om
487 1475 87 26 ,förbud
590 1477 44 19 mot
649 1476 142 27 tillverkning,
807 1477 88 22 införsel
913 1478 39 21 och

269 1517 178 19 Ekonomiutskottets
460 1519 111 18 betänkande
585 1519 36 18 N:o
637 1519 17 19 8.
