1067 1709
325 164 251 23 Petitionsbetänkande
590 166 39 22 N:o
646 165 32 23 13.
850 168 24 20 11

124 235 26 15 en
166 230 41 26 dag
223 231 6 20 i
247 230 88 26 veckan,
352 235 34 16 om
402 230 39 20 ock
456 230 18 26 ej
494 230 115 26 söndagen,
624 232 52 20 utan
692 230 40 22 ock
748 230 127 26 därutöfver,

122 264 26 20 så
168 263 46 21 vidt
236 264 88 27 möjligt,
346 266 44 19 rätt
415 264 33 21 till
470 264 92 27 ledighet
584 264 51 21 hvar
657 264 67 27 fjärde
746 265 86 25 söndag.
850 276 25 2 —

123 297 120 27 Kejserliga
258 298 91 21 Senaten
365 299 118 20 anmodade
498 299 40 21 den
556 300 9 19 1
583 298 102 22 Februari
697 298 55 22 1893
763 299 114 26 Järnvägs-

123 332 104 26 styrelsen
238 335 32 19 att
278 332 24 22 så
311 333 59 26 begå,
380 335 32 20 att
420 333 204 27 tjenstepersonalen
635 333 69 22 under
717 335 49 19 sön-
776 333 39 21 och
826 332 51 27 hög-

122 367 118 27 tidsdagar,
272 367 23 22 så
326 368 45 21 vidt
404 367 88 28 möjligt,
525 368 67 22 måtte
620 367 72 22 kunna
721 367 84 27 åtnjuta
833 368 43 21 väl-

123 401 93 27 behöflig
234 403 57 21 hvila
309 404 56 19 samt
380 403 21 21 åt
416 402 122 22 densamma
553 403 89 21 beredas
657 402 109 27 möjlighet
781 402 32 21 till
828 402 49 21 reli-

122 437 48 27 giös
185 436 149 28 uppbyggelse.
364 437 32 21 Ur
414 437 36 21 det
465 437 35 21 vid
515 437 298 27 Ekonomiedepartementets
827 436 51 22 ifrå-

122 471 122 28 gavarande
260 471 157 22 sammanträde
431 471 62 22 förda
508 471 107 28 protokoll
630 471 100 28 framgår,
742 474 33 19 att
785 472 93 21 beslutet

124 507 76 21 fattats
222 506 53 22 efter
297 507 140 27 omröstning;
456 513 26 15 en
500 507 93 22 ledamot
611 506 23 22 af
651 507 91 21 Senaten
762 506 50 21 fann
831 506 46 21 icke

124 541 115 26 anledning
261 543 33 19 att
315 541 87 22 förorda
424 541 136 27 vidtagandet
575 541 23 22 af
614 541 26 21 de
658 541 48 22 utaf
721 541 135 26 kyrkomötet
871 540 7 21 i

124 577 71 21 denna
210 575 38 22 sak
263 575 119 27 föreslagna
397 575 105 28 åtgärder,
519 576 75 21 medan
610 582 24 15 en
650 582 69 15 annan
734 575 95 22 ledamot
841 582 37 15 an-

125 610 39 27 såg
186 610 124 27 billigheten
332 612 108 25 gentemot
459 609 227 28 järnvägspersonalen
704 609 73 22 fordra
796 612 39 24 att,
852 610 26 21 dä

124 644 170 27 persontrafiken
310 645 68 21 under
392 646 48 20 sön-
456 645 40 21 och
506 645 144 26 helgdagarna
660 647 24 18 är
694 646 68 20 större
774 646 25 19 än
810 645 68 20 under

124 679 181 27 söckendagarna,
315 679 143 27 godstrafiken
469 679 61 22 dessa
540 679 66 27 dagar
618 678 68 22 blefve
695 678 118 26 inskränkt,
824 681 54 19 samt

124 713 36 22 för
174 715 32 20 sin
223 714 33 21 del
272 714 76 21 trodde
366 715 33 20 att
414 713 60 22 detta
489 713 47 22 med
551 714 42 26 god
608 713 49 26 vilja
672 713 71 21 kunde
758 713 120 21 åstadkom-

126 755 52 15 mas.
193 760 29 3 —
237 748 10 21 I
263 748 93 21 cirkulär
370 748 23 21 af
406 748 40 21 den
465 749 25 20 18
505 748 104 21 Februari
620 755 16 14 s.
648 747 18 22 å.
678 747 124 22 meddelade
817 747 61 21 Järn-

126 783 153 27 vägsstyrelsen
296 783 102 21 Senatens
414 783 71 21 beslut
500 782 158 22 vederbörande
669 783 33 20 till
712 782 119 21 kännedom
840 782 38 21 och

126 817 144 27 iakttagande,
288 817 130 27 tilläggande
436 819 32 19 att
487 817 143 26 anordningar
645 817 7 21 i
667 816 136 21 omförmäldt
818 816 60 27 syfte,

125 852 25 23 så
164 853 46 21 vidt
225 852 86 27 möjligt,
327 852 53 22 böra
395 852 103 27 vidtagas.

198 888 43 21 Den
262 889 10 19 1
292 888 52 21 Juni
365 888 55 21 1893
442 887 171 22 sammanträdde
633 887 36 21 det
686 887 69 26 tredje
774 886 106 21 allmänna

126 922 142 27 kyrkomötet.
298 921 41 23 Till
360 922 118 21 detsamma
499 921 56 22 hade
573 921 83 28 Kuopio
672 921 56 22 stifts
743 920 136 28 presterskap

127 957 118 27 hänskjutit
264 957 75 27 frågan
359 963 33 14 om
411 956 125 22 efterlefnad
552 956 23 21 af
588 955 179 28 lagstadgandena
782 961 34 16 om
831 954 48 22 sab-

127 992 75 21 batens
219 991 155 27 helighållande
389 993 55 20 samt
460 997 33 15 om
509 997 76 16 ansvar
600 991 32 21 för
648 990 150 21 öfverträdelse
814 989 21 22 af
845 989 35 21 de-

127 1033 87 19 samma,
230 1026 116 27 hvarjämte
362 1028 32 19 ett
409 1025 193 22 lekmannaombud
617 1025 102 21 inlemnat
729 1026 32 19 ett
771 1024 109 27 petitions-

128 1061 110 22 memorial
252 1061 7 21 i
274 1060 54 28 syfte
344 1061 32 20 1:0
395 1062 33 20 att
446 1059 167 28 farhastigheten
628 1059 34 21 för
676 1059 116 27 godstågen
808 1057 72 27 höjdes

127 1098 57 20 samt
199 1098 33 19 att
246 1095 172 28 tågbetjeningen
434 1095 27 26 på
476 1101 80 15 samma
570 1094 36 27 tåg
622 1094 80 21 ökades
717 1093 29 26 så,
762 1095 32 19 att
804 1099 76 20 genom

129 1131 62 21 dessa
206 1130 100 27 åtgärder
322 1131 30 20 ett
368 1131 68 20 större
454 1129 54 21 mått
523 1129 23 21 af
559 1128 150 26 söndagshvila
724 1127 157 27 möjliggjordes

128 1165 35 22 för
177 1165 146 26 betjeningen;
339 1165 34 20 2:0
389 1166 31 19 att
436 1166 60 19 extra
511 1163 89 28 godståg
615 1163 39 21 och
670 1161 212 28 kompletteringståg

130 1201 47 20 icke
193 1199 66 22 måtte
275 1205 34 16 om
324 1200 48 20 sön-
388 1199 40 21 och
442 1198 117 27 helgdagar
573 1197 124 27 expedieras
712 1198 56 20 samt
777 1198 33 19 att
820 1195 62 28 gods-

129 1234 91 22 trafiken
236 1233 28 28 på
280 1234 62 21 dessa
357 1233 65 26 dagar
437 1233 68 21 skulle
516 1232 126 22 inskränkas
653 1231 87 26 därhän,
751 1232 33 20 att
794 1229 87 22 dubbel-

129 1269 104 27 dragning
248 1268 88 28 [tvenne
350 1268 117 21 lokomotiv
482 1267 34 21 för
530 1273 80 16 samma
625 1266 45 27 tåg]
684 1265 71 22 kunde
769 1265 113 25 undvikas;

128 1303 108 22 äfvensom
262 1303 34 21 3:o
322 1304 32 21 att
378 1302 28 21 all
431 1302 175 27 godsexpedition
632 1307 34 15 om
691 1302 49 20 sön-
764 1299 40 22 och
825 1299 58 27 helg-

129 1338 67 26 dagar
214 1337 66 20 måtte
300 1337 103 20 inställas.
434 1336 151 26 Kyrkomötets
600 1335 107 20 allmänna
722 1334 161 25 bereduingsut-

130 1371 58 21 skott
203 1371 119 26 åberopade
335 1371 6 20 i
352 1370 37 20 sitt
400 1370 48 20 med
462 1369 113 26 anledning
586 1368 62 21 häraf
657 1367 79 27 afgifna
747 1367 136 20 betänkande

130 1405 42 22 den
191 1404 122 28 gudomliga
330 1403 38 23 och
384 1403 118 27 menskliga
521 1403 72 27 lagens
608 1401 44 22 bud
667 1403 55 20 samt
736 1401 100 22 framhöll
852 1402 32 19 att

127 1441 247 27 järnvägsmannamötet
384 1439 23 21 år
419 1438 54 22 1887
485 1438 77 21 uttalat
571 1438 32 26 sig
613 1437 33 21 för
656 1436 120 22 beredande
787 1435 23 21 af
816 1437 68 19 större

130 1475 148 27 söndagshvila
298 1475 22 21 åt
334 1474 131 28 personalen.
496 1472 111 22 Utskottet
622 1471 117 22 hemstälde
754 1471 38 21 hos
807 1470 78 27 kyrko-

200 1506 100 27 Allmänna
313 1513 173 19 Besvärsutskottets
498 1512 110 19 betänkande
619 1512 34 18 N:o
667 1512 24 17 11.
