1700 1900
991 123 1 23 |

991 147 1 19 |

991 167 1 19 |

991 188 2 36 |

620 238 276 22 Petitionsbetänkande
911 238 42 22 N:o
969 226 35 48 14.
1131 238 41 21 149

538 351 216 27 Joensuu-—Nurmes;
769 351 344 23 Värtsilä—llomants-—Nurmes.

993 392 1 14 |

680 414 206 18 Petitionsmemorialen
898 414 73 18 60—64.
993 408 1 16 |

993 447 1 15 |

516 478 32 21 Pä
559 478 69 27 grund
640 478 23 21 af
671 478 40 21 den
722 478 105 27 ingäende
833 479 129 26 behandling
969 477 74 34 frägan
1053 485 34 15 om
1096 478 105 22 Karelska

447 513 82 20 banans
543 512 137 27 förlängning
690 513 32 20 till
733 513 93 21 Nurmes
839 512 82 22 erhållit
931 514 7 20 i
946 512 209 28 järnvägskomitens
1164 514 36 21 be-

447 547 107 21 tänkande
562 547 41 21 N:o
619 547 18 25 1,
649 547 41 21 kan
705 547 36 21 det
751 547 124 22 förutsättas
889 549 32 19 att
933 548 70 29 någon
1013 549 68 20 större
1092 548 109 27 menings-

447 581 145 28 skiljaktighet
601 581 39 22 hos
655 581 119 22 Ständerna
784 582 46 21 icke
838 581 53 22 skall
902 581 113 22 förefinnas
1024 581 132 22 beträffande
1164 583 36 20 be-

448 615 72 23 hofvet
532 615 24 22 af
564 618 31 20 att
606 616 76 27 bringa
692 622 65 15 norra
769 617 91 21 Karelen
867 617 8 21 i
883 616 70 22 direkt
960 616 129 22 förbindelse
1099 617 48 21 med
1155 617 45 21 lan-

447 650 47 22 dets
504 650 151 28 järnvägsnät;
671 650 67 22 likaså
748 652 61 20 torde
819 657 26 15 en
853 650 42 22 fast
903 651 86 27 opinion
998 650 62 22 hafva
1068 650 92 22 utbildat
1168 651 34 26 sig

447 685 80 24 därom,
543 687 31 19 att
596 686 70 20 denna
685 685 55 21 bana
755 685 38 21 bör
808 685 87 21 komma
909 685 32 21 till
957 685 112 22 utförande
1085 686 6 21 i
1106 691 27 15 en
1148 687 54 19 nära

446 719 100 27 liggande
566 719 93 21 framtid.
688 720 48 20 Den
758 720 183 26 meningsolikhet,
960 719 84 22 hvilken
1060 726 29 15 nu
1106 722 95 19 närmast

446 753 40 21 bör
508 753 91 27 belysas,
621 753 75 21 hänför
712 754 33 26 sig
760 754 119 26 egentligen
895 753 32 21 till
941 753 82 27 frågan,
1038 753 106 22 huruvida
1159 754 43 20 den

447 788 110 21 tillärnade
572 788 69 21 banan
657 788 38 20 bör
710 788 52 26 utgä
777 788 47 21 frän
837 788 98 21 Joensuu
951 788 50 21 eller
1017 788 98 26 Värtsilä,
1129 788 72 21 äfven-

447 828 53 20 som,
518 822 73 21 därest
610 822 35 21 det
660 821 59 21 förra
732 822 135 21 alternativet
881 822 128 26 föredrages,
1024 822 105 21 huruvida
1141 822 59 26 järn-

446 857 68 25 vägen
536 856 67 21 borde
619 856 76 26 dragas
711 857 58 20 öster
785 856 50 21 eller
851 858 71 19 väster
937 862 34 14 om
987 845 119 42 Pielisjärvi
1122 856 38 26 sjö.
1185 856 15 20 I

446 890 37 21 det
503 890 57 21 förra
579 890 109 22 afseendet
702 890 114 22 förefinnes
831 890 179 27 meningsolikhet
1025 890 65 21 redan
1105 890 8 21 i
1128 890 26 20 de
1169 890 31 20 till

447 924 129 27 behandling
597 924 146 27 föreliggande
766 924 243 27 petitionsmemorialen,
1033 924 38 21 och
1086 925 58 20 inom
1160 924 40 21 Ut-

448 958 80 22 skottet
543 959 38 21 har
596 959 105 21 hvardera
710 958 74 27 frågan
800 959 55 21 varit
868 958 89 22 föremål
972 958 33 23 för
1016 959 89 27 stridiga
1115 958 86 22 åsikter.

515 994 42 20 För
573 994 142 20 besvarandet
727 993 24 21 af
763 993 74 27 frågan
853 999 34 15 om
904 993 81 21 banans
1001 992 161 28 utgångspunkt
1177 994 25 19 är

447 1028 37 20 det
505 1028 75 26 nödigt
603 1029 31 19 att
656 1029 49 25 taga
727 1028 7 20 i
749 1027 140 21 betraktande
903 1027 18 27 ej
938 1027 83 21 mindre
1036 1027 26 21 de
1077 1026 124 27 ifrågasatta

447 1062 101 26 linjernas
571 1068 54 20 egna
647 1061 139 21 ekonomiska
808 1061 127 27 betingelser
953 1063 27 19 än
995 1061 76 22 främst
1086 1061 40 21 den
1142 1061 59 26 bety-

448 1096 63 25 delse,
527 1103 46 14 som
589 1096 26 20 de
630 1096 121 26 föreslagna
765 1096 214 27 utgångspunkterna
993 1096 7 20 i
1015 1096 39 20 och
1067 1094 32 22 för
1110 1095 34 27 sig
1155 1101 46 20 ega.

516 1130 11 21 I
548 1130 125 26 anslutning
692 1129 31 21 till
739 1130 40 21 den
795 1130 23 20 af
828 1129 196 27 järnvägskomitén
1040 1130 7 20 i
1062 1129 65 21 saken'
1144 1124 59 32 gflha

448 1164 154 27 motiveringen
618 1165 68 20 måste
702 1164 111 21 Utskottet
828 1164 74 21 härvid
918 1163 57 27 gifva
989 1165 31 19 ett
1029 1163 108 21 bestämdt
1147 1163 54 21 före-

448 1198 60 22 träde
530 1199 22 21 åt
573 1198 97 22 Joensuu
693 1198 54 21 stad.
777 1198 77 21 Denna
875 1200 34 18 ort
923 1198 39 20 har
977 1197 125 27 visserligen
1118 1197 17 27 ej
1152 1196 49 22 med

447 1233 101 21 afseende
570 1234 13 20 å
604 1232 150 27 folkmängden
777 1233 70 26 någon
870 1234 45 20 stor
938 1232 105 21 öfvervikt
1064 1233 31 20 att
1111 1232 91 26 uppvisa

447 1267 87 22 framför
556 1268 94 21 Värtsilä
674 1268 27 27 by
723 1267 39 21 och
784 1267 60 26 bruk,
863 1266 130 29 (respektive
1008 1266 61 25 2,806
1085 1266 40 21 och
1140 1265 62 26 2,236

448 1302 135 26 innevånare,
607 1302 41 21 den
670 1304 108 19 närmaste
802 1302 95 21 traktens
919 1301 124 26 befolkning
1057 1300 144 26 inberäknad).

447 1337 51 21 Men
520 1337 97 21 Joensuu
641 1338 23 19 är
687 1335 136 28 själfskrifvet
846 1338 96 19 centrum
965 1335 35 21 för
1017 1341 64 15 norra
1097 1335 104 20 Karelens

448 1371 139 22 ekonomiska
609 1371 39 20 och
663 1370 152 21 intellektuella
829 1370 25 21 lif
867 1372 41 19 och
921 1369 96 22 kommer
1033 1369 169 27 uppenbarligen

448 1406 62 22 äfven
535 1408 31 19 att
585 1406 33 21 för
639 1405 113 22 framtiden
768 1405 65 21 blifva
848 1405 36 21 det
898 1404 65 22 redan
979 1404 7 21 i
999 1403 51 27 följd
1066 1403 23 22 af
1103 1403 37 21 sitt
1154 1403 48 26 läge

449 1442 35 20 vid
500 1448 26 14 en
544 1441 75 26 punkt,
627 1440 38 21 där
682 1440 70 21 Saima
767 1440 39 20 och
821 1439 40 21 och
869 1433 132 38 Pielisjärvi!
1015 1440 100 24 systemen
1128 1437 75 21 förena

450 1476 38 25 sig.
517 1474 94 22 Värtsilä
631 1474 97 20 däremot
749 1473 39 20 har
809 1472 124 26 anslutning
951 1472 75 21 endast
1041 1472 31 20 till
1087 1471 115 25 Jänisjärvi

450 1509 31 27 sjö
503 1510 55 20 samt
573 1508 68 20 måste
655 1506 34 22 för
705 1506 69 27 öfrigt,
789 1506 49 21 med
853 1505 99 22 afseende
967 1506 12 20 å
994 1505 143 21 förbindelsen
1153 1504 49 21 med

449 1544 67 21 andra
532 1542 57 22 delar
605 1542 22 22 af
640 1542 77 23 landet,
733 1541 86 27 betjäna
833 1541 33 26 sig
881 1540 22 21 af
913 1540 96 27 järnväg.

518 1588 187 23 Järnvägsutskottets
718 1587 110 18 betänkande
840 1586 37 18 N:o
890 1586 17 18 2.
