1086 1739
230 176 41 22 182
385 176 276 23 Petitionsbetänkande
676 176 42 23 N:o
733 176 34 23 14.

476 240 39 24 att,
538 238 9 21 i
566 239 101 21 händelse
689 239 77 21 staden
789 238 111 29 Uleåborg,
918 245 35 15 en-

407 273 59 21 skild
488 279 81 22 person
591 273 51 21 eller
665 273 62 28 bolag
747 273 47 28 före
816 273 138 22 nästinstun-

409 307 71 21 dande
501 307 102 28 landtdag
619 307 93 22 erhåller
733 307 126 22 koncession
873 307 15 21 &
903 307 51 28 byg-

408 341 71 27 gande
500 341 30 28 af
547 348 26 14 en
591 342 97 27 järnväg
713 341 55 28 från
792 341 105 28 Uleåborg
920 341 35 22 till

409 375 75 27 Vaala,
506 375 104 29 företaget
631 376 67 21 måtte
718 376 29 27 af
760 376 128 21 statsvärket
905 376 49 21 sub-

408 410 139 21 ventioneras
571 411 50 20 med
644 417 27 14 en
692 417 89 14 summa
802 410 29 28 af
853 411 103 25 700,000

409 444 69 26 mark,
505 446 59 20 samt
592 446 33 19 att
654 444 128 28 därutöfver
810 444 37 28 för
869 451 87 14 samma

409 478 106 21 ändamål
536 478 67 22 måtte
625 478 90 28 beviljas
738 480 29 20 ett
785 478 100 27 statslån,
901 480 55 19 stort

410 513 126 27 1,200,000
550 513 69 27 mark,

204 583 57 19 samt
283 584 32 19 att
337 582 233 26 petitionsmemorialet
592 582 40 21 N:o
651 582 12 21 8
682 582 109 27 angående
806 582 149 21 subventione-

206 616 66 21 rande
295 616 22 21 af
338 622 25 14 en
385 616 69 27 privat
468 616 89 27 järnväg
571 616 46 22 från
633 616 67 27 Lappi
715 616 78 22 station
809 616 13 21 å
837 616 119 27 Uleåborgs

202 650 91 28 jernväg
308 650 31 22 till
354 649 114 23 Uleåträsk

477 719 45 21 icke
537 720 66 21 måtte
619 719 37 21 vid
670 720 73 20 denna
758 720 104 27 landidag
878 719 35 21 till
922 719 34 21 åt-

408 754 56 27 gärd
477 753 54 28 från
547 754 135 21 Ständernas
697 754 48 20 sida
761 754 121 27 föranleda.

273 822 143 28 Helsingfors,
431 823 41 21 den
488 823 26 21 16
529 823 41 27 Maj
588 823 60 21 1900.

753 892 30 28 Hj.
799 891 88 23 Schildt.

275 994 41 21 Om
331 994 133 22 förestående
479 995 129 21 reservation
624 994 84 22 förenar
723 995 33 27 sig

686 1063 22 22 A.
725 1063 20 22 F.
760 1063 127 28 Tigerstedt.

274 1160 38 22 Uti
326 1159 134 22 förestående
474 1160 137 26 reservation,
626 1161 69 21 såvidt
711 1161 40 20 den
767 1161 62 21 berör
843 1160 114 28 föreslaget

206 1194 173 22 statsunderstöd
395 1194 39 22 och
450 1195 88 21 statslån
553 1195 34 21 för
602 1195 213 27 Uleäborg--Waala
831 1196 68 21 banan
913 1196 43 21 för-

204 1235 51 15 enar
271 1229 34 28 sig

731 1291 21 22 K.
769 1291 118 22 Kokkonen.

271 1527 187 23 Järnvägsutskottets
470 1528 110 18 betänkande
592 1528 37 18 N:o
642 1528 18 17 2.
