1061 1711
226 169 25 19 14
389 166 249 23 Petitionsbetänkande
652 166 38 22 N:o
705 166 35 22 26.

196 236 22 20 af
238 236 102 20 allmänna
361 236 201 25 petitionsutskottet
584 236 35 20 vid
641 239 82 17 senaste
745 235 99 26 landtdag
866 235 83 20 utförda

196 265 144 26 beräkningar,
355 264 106 20 medförde
476 264 32 20 för
523 267 67 18 staten
606 264 76 21 enhvar
697 271 25 13 en
737 264 89 20 kostnad
837 264 24 20 af
870 264 77 24 32,000

194 293 59 20 mark
270 293 7 20 i
295 293 102 24 medeltal,
416 293 45 20 häri
479 293 46 20 icke
541 293 137 20 inberäknadt
696 293 113 26 utgifterna
826 293 32 19 för
873 292 74 21 under-

195 322 65 20 hållet
274 321 24 21 af
311 322 107 20 skolornas
433 322 121 25 byggnader
569 323 38 19 och
622 322 131 19 inventarier.
785 322 41 19 Det
840 321 108 20 anmärkta

195 351 137 20 förhållandet
347 351 72 20 vinner
433 351 46 19 icke
495 351 64 20 heller
574 350 131 27 synnerligen
721 351 69 25 därpå,
806 353 32 17 att
852 350 96 20 eleverna

194 381 65 19 måste
278 380 68 20 betala
361 379 153 25 jämförelsevis
532 380 53 25 höga
603 379 177 26 terminsafgifter,
800 379 79 20 hvilket
893 379 55 20 blott

194 410 8 19 i
217 409 32 20 sin
264 410 47 19 mån
330 409 95 26 bidrager
443 409 32 19 till
491 411 30 18 att
536 409 93 20 försvåra
644 409 105 19 elevernas
765 409 107 25 skolgång.
903 407 44 21 Och

195 445 47 13 man
257 438 37 20 har
309 437 63 20 redan
387 439 23 18 så
425 438 60 25 länge
501 438 37 20 och
553 438 7 19 i
576 439 22 19 så
612 441 44 16 stor
670 438 145 25 utsträckning
830 437 70 26 vädjat
915 437 33 20 till

195 467 158 26 befolkningens
368 467 111 19 understöd
495 467 32 20 för
541 467 170 20 underhållandet
721 466 23 20 af
753 466 107 21 allehanda
871 466 76 26 skolor,

195 499 31 16 att
244 503 46 12 man
308 496 45 19 icke
372 503 55 12 mera
445 495 41 20 kan
504 496 65 19 räkna
584 496 26 25 på
624 498 30 17 ett
669 495 151 20 verksammare
834 494 113 21 understöd

194 525 46 19 från
262 525 58 20 detta
341 525 49 19 håll.
420 524 85 26 Tydligt
524 525 38 19 och
581 524 55 20 klart
651 524 37 20 bör
704 524 34 20 det
752 531 50 13 vara
816 524 32 19 för
864 524 83 24 enhvar,

195 553 71 19 hvilka
281 553 128 25 svårigheter
425 553 22 19 af
461 556 30 16 ett
505 553 69 25 dylikt
588 553 130 19 ekonomiskt
733 553 101 25 trångmål
849 553 98 25 tillskyn-

195 581 37 20 das
248 582 72 19 skolan
336 582 73 19 enbart
423 582 6 18 i
445 581 58 26 fråga
519 588 31 13 om
565 581 161 25 lärarepersonal
741 582 39 19 och
790 581 155 25 undervisning.

195 610 64 20 Detta
274 610 85 20 oaktadt
374 610 37 20 har
425 610 98 20 behofvet
538 610 23 20 af
574 610 67 20 denna
656 610 184 26 bildningsanstalt
850 610 54 20 visat
915 610 33 25 sig

196 640 22 19 så
240 642 52 17 stort
307 640 7 18 i
330 642 64 22 orten,
414 641 30 17 att
466 639 123 20 elevantalet
611 640 23 18 år
654 639 32 19 för
705 640 22 18 år
746 639 53 20 varit
818 639 7 19 i
844 638 105 21 oafbrutet

195 668 101 26 stigande,
327 668 90 20 Sålunda
440 668 51 20 hade
514 668 72 20 skolan
608 668 88 20 läseäret
719 669 118 24 1896—97,
854 668 26 20 då
898 668 48 20 den-

195 704 77 14 samma
289 696 63 21 redan
369 704 37 12 var
421 697 123 26 sexklassig,
561 698 23 20 91
603 697 75 24 elever,
694 698 22 18 är
733 698 111 20 1897—98
865 698 44 23 105,
925 698 23 19 år

198 727 109 20 1898—99
327 727 38 20 118
381 728 52 17 samt
448 726 65 19 under
527 733 28 13 nu
569 726 106 26 pägäende
691 726 66 20 läseär
775 727 39 19 142
830 726 73 20 elever.

262 755 30 20 På
315 755 67 25 grund
397 754 22 20 af
433 755 38 20 allt
486 747 56 28 detta
557 755 77 20 uttalar
650 755 36 25 jag
704 755 52 26 ånyo
772 755 94 20 traktens
882 754 65 27 lifliga

195 784 84 24 önskan,
302 783 26 20 då
348 784 37 25 jag
407 784 92 19 anhåller
517 784 35 20 det
569 783 135 26 Högvördiga
721 784 159 20 Presteständet
897 784 55 23 ville,

194 813 71 20 förena
280 813 33 25 sig
328 820 32 13 om
374 812 129 26 underdånig
517 813 87 26 petition
620 813 76 24 därom,

399 872 30 18 att
447 872 64 18 staten
528 870 58 20 måtte
604 870 40 20 helt
660 870 34 20 och
709 870 61 20 hållet
788 870 101 25 öfvertaga
902 871 44 25 pri-

331 900 47 18 vata
396 898 65 25 finska
476 898 207 25 fruntimmersskolan
698 899 8 19 i
720 899 138 25 Nikolaistad,
874 899 50 20 helst
939 899 8 19 i

332 928 43 20 dess
390 928 114 20 nuvarande
520 928 136 25 organisation
670 934 42 14 som
727 928 112 25 sexklassig
850 928 54 26 eller,
915 934 32 14 om

332 957 52 19 detta
405 957 42 19 icke
469 963 46 14 wvore
536 956 84 26 möjligt,
639 956 49 25 efter
709 957 42 20 dess
773 957 122 26 ombildning
915 957 34 20 till

332 986 121 25 femklassig.

264 1043 138 26 Helsingfors,
419 1043 39 20 den
475 1044 10 19 6
501 1043 99 20 Februari
618 1044 60 20 1900.

649 1100 110 23 Johannes
776 1101 101 23 Ilmanen.

264 1135 76 20 Härom
355 1134 71 20 förena
442 1135 42 25 sig:

298 1191 23 22 K.
337 1191 23 22 A.
377 1191 146 23 Schroderus.
648 1191 26 24 Iv.
692 1192 21 23 R.
731 1192 112 23 Forsman.

713 1318 165 27 (Öfversättning.)

195 1379 20 23 8.
310 1381 61 19 Till
394 1381 198 20 Hedervärda
614 1380 240 22 Bondeständet.

262 1444 42 26 Jag
326 1444 79 26 ätnöjer
421 1445 42 25 mig
478 1445 45 19 med
538 1446 30 18 att
584 1444 86 20 hänvisa
685 1444 33 20 till
733 1445 40 20 den
788 1445 36 20 vid
842 1445 53 20 1897
911 1446 34 19 års

194 1473 100 26 landtdag
315 1473 116 20 inlemnade
450 1473 112 26 petitionen
578 1480 33 13 om
625 1473 56 20 Vasa
696 1474 82 25 privata
792 1473 155 26 finskspräkiga

262 1512 104 17 Allmänna
379 1511 176 19 Besvärsutskottets
568 1511 115 18 betänkande
696 1512 37 18 N:o
747 1513 28 16 15.
