1064 1709
228 166 13 20 6
389 162 270 23 Petitionsbetänkande
674 161 40 22 N:o
729 162 36 21 22.

201 240 37 14 ens
254 234 44 20 mot
314 232 147 28 skyldigheten
476 233 32 19 att
524 232 84 25 erlägga
622 230 26 20 de
658 230 45 20 deri
713 230 138 21 innestående
861 229 92 26 oguldna

200 266 215 27 kronoutskylderna.
438 265 34 21 Då
487 266 64 20 likväl
566 265 60 20 äfven
644 264 79 21 sådana
738 264 122 26 lägenheter
875 263 23 21 af
906 265 47 19 vär-

202 302 135 26 deringsmän
360 299 70 22 kunde
454 299 124 27 uppskattas
601 299 32 20 till
657 298 127 21 åtminstone
802 298 64 26 något
881 298 72 27 värde,

201 336 27 27 pä
248 337 67 25 grund
338 334 76 22 hvaraf
428 340 77 20 egaren
521 334 70 21 kunde
606 332 81 22 erhålla
703 333 33 21 Jän
753 333 54 20 ifrån
823 332 130 27 föreningen,

201 377 50 14 vore
274 370 83 21 således
381 368 135 27 föreningens
540 368 75 21 förlust
638 367 67 26 säker,
728 368 5 20 i
757 367 36 21 fall
811 373 77 20 egaren
907 367 46 21 icke

201 404 70 21 kunde
286 403 96 27 uppfylla
397 403 47 21 sina
458 402 196 21 låneförbindelser.

270 438 29 21 Af
313 437 135 21 minoriteten
464 436 110 21 framhölls
590 435 101 27 deremot,
707 438 32 19 att
751 436 73 27 hvarje
837 435 114 27 jordegare

202 473 124 26 visserligen
341 471 7 21 i
363 471 81 27 princip
460 471 66 21 borde
542 477 50 14 vara
608 470 119 27 berättigad
743 471 32 20 att
789 470 84 21 inträda
883 470 6 21 i
900 470 54 21 före-

202 507 77 26 ningen
303 506 39 21 och
366 505 79 22 erhålla
468 505 33 22 lån
526 505 6 21 i
547 505 133 21 förhållande
695 505 32 21 till
744 505 39 21 den
799 505 100 21 säkerhet
913 505 42 20 han

203 541 70 21 derför
296 540 82 25 ställde,
401 546 47 15 men
465 540 27 21 då
507 539 73 22 risken
595 539 116 27 uppgifvits
727 545 50 15 vara
793 540 68 20 större
873 539 34 21 för
922 541 34 19 ut-

202 575 99 28 gifvande
317 575 23 20 af
350 574 34 21 lån
397 577 43 18 mot
454 574 226 27 inteckning
582 569 13 38 i
606 574 70 27 mindre
688 574 130 26 lägenheter,
833 574 71 21 kunde
920 573 37 21 det

203 611 54 20 dock
280 615 62 16 anses
365 609 78 26 skäligt
466 611 31 19 att
520 609 71 27 dylika
614 609 122 26 lägenheter
755 608 74 21 endast
845 609 6 20 i
869 608 34 21 det
919 608 37 21 fall

203 645 69 21 skulle
290 644 108 26 berättiga
416 643 33 21 till
464 643 83 21 inträde
563 643 6 20 i
585 643 129 26 föreningen,
731 644 32 19 att
773 643 184 26 värderingsman-

202 685 40 15 nen
262 679 38 20 och
321 678 141 21 länekomitén
484 677 76 22 sådant
575 677 103 26 tillstyrkt
693 677 38 21 och
748 677 134 21 direktionen
898 676 56 27 pröf-

202 715 53 19 vade
271 715 31 18 att
319 713 58 20 detta
392 715 51 18 utan
460 712 97 27 äfventyr
573 713 32 20 för
622 711 122 27 föreningen
759 711 72 22 kunde
846 711 45 21 ske.

271 747 43 21 Det
335 747 7 21 i
366 746 93 27 enlighet
474 747 48 20 med
538 747 144 26 majoritetens
697 746 70 21 beslut
783 746 81 27 afgifna
880 745 76 28 afstyr-

204 782 68 21 kande
294 781 110 27 yttrandet
426 781 55 21 hade
500 781 32 21 till
552 781 79 27 påföljd
648 782 32 19 att
695 780 157 21 ofvannämnda
867 780 89 28 petition

204 817 45 20 icke
264 816 124 21 föranledde
403 815 32 22 till
450 815 72 21 vidare
538 816 81 26 åtgärd.
647 815 46 21 Den
708 815 51 24 kris,
777 821 45 15 som
838 815 120 27 Hypoteks-

204 851 124 27 föreningen
344 850 66 21 under
427 850 40 21 den
482 851 93 20 närmast
595 849 93 28 följande
703 849 58 22 tiden
777 849 126 28 genomgick
918 849 40 21 och

204 891 44 15 som
269 885 151 22 förorsakades
439 884 65 22 bland
519 887 65 19 annat
600 884 22 21 af
637 885 26 20 de
678 884 107 27 förluster,
802 883 72 22 hvilka
889 884 68 21 åsam-

203 919 66 21 kades
292 919 124 26 föreningen
444 925 75 20 genom
542 925 26 14 en
591 919 99 26 olämplig
712 918 185 27 värderingstariff
919 918 38 21 och

205 953 60 22 svåra
288 953 132 25 missväxtår,
444 953 108 21 äfvensom
572 953 23 21 af
608 953 77 20 brister
700 953 7 21 i
722 953 134 26 föreningens
871 953 87 21 förvalt-

204 988 57 27 ning,
278 988 92 21 verkade
390 989 31 19 att
441 987 74 27 frågan
530 994 35 15 om
580 987 167 27 värdegränsens
759 987 134 22 afskaffande
907 987 52 21 eller

204 1023 104 26 sänkning
329 1022 46 21 icke
395 1022 113 27 lämpligen
527 1022 71 21 kunde
618 1021 157 28 återupptagas.
806 1021 69 22 Sedan
894 1022 65 21 emel-

204 1057 62 22 lertid
282 1057 136 26 föreningens
439 1057 100 27 ställning
554 1057 47 21 från
616 1057 80 21 medlet
712 1057 23 21 af
750 1057 119 21 1880-talet
885 1057 23 21 så
923 1057 36 20 be-

204 1092 77 27 tydligt
300 1092 130 25 förbättrats,
450 1094 32 18 att
502 1091 122 21 densamma
644 1091 34 21 vid
699 1092 54 21 1894
769 1091 34 21 års
819 1091 103 26 landtdag
937 1091 24 21 af

205 1126 130 21 Ständernas
350 1125 138 22 statsutskott
507 1125 70 22 kunde
593 1126 134 21 konstateras
743 1126 70 21 såsom
829 1125 130 27 fullkomligt

205 1161 61 23 solid,
283 1161 38 20 har
339 1160 74 26 frågan
429 1167 34 14 om
480 1161 166 26 värdegränsens
662 1160 102 26 sänkning
780 1160 45 21 åter
837 1161 55 20 varit
903 1160 55 21 före-

204 1195 42 20 mål
265 1195 33 20 för
318 1193 128 22 diskussion.
478 1194 94 21 Sålunda
586 1194 46 21 blef
646 1194 73 27 frågan
737 1201 33 15 om
786 1195 135 26 nedsättning
937 1194 23 21 af

205 1229 167 26 ifrågavarande
394 1229 129 26 värdegräns
545 1229 87 21 föremål
649 1229 33 21 för
697 1229 160 26 öfverläggning
873 1229 34 20 vid
923 1229 36 20 det

205 1264 61 24 möte,
292 1267 46 15 som
362 1262 135 20 landtbruks-
521 1262 39 20 och
583 1262 278 25 hushållningssällskapens
881 1262 79 20 ombud

206 1295 55 20 höllo
280 1295 7 20 i
303 1295 133 26 Helsingfors
456 1296 24 19 år
500 1295 54 21 1898
574 1295 38 21 och
628 1295 87 20 hvarvid
731 1295 80 21 beslöts
832 1296 67 20 uttala
919 1295 40 21 den

204 1329 81 21 önskan
308 1329 32 21 till
359 1329 246 28 Hypoteksföreningens
624 1329 105 22 direktion
753 1332 37 23 att,
807 1330 28 27 på
855 1330 36 21 det
906 1330 54 27 möj-

205 1364 66 27 lighet
291 1364 65 21 måtte
376 1364 89 21 beredas
485 1364 61 21 äfven
566 1364 33 22 för
615 1367 80 18 smärre
711 1365 250 26 lägenhetsinnehafvare

205 1402 30 19 att
251 1399 80 22 erhålla
346 1400 33 21 lån
396 1399 45 21 från
458 1399 130 27 föreningen,
604 1400 157 26 värdegränsen
772 1400 65 21 måtte
850 1401 110 20 nedsättas

204 1434 31 21 till
258 1433 81 22 hälften
363 1434 23 21 af
406 1434 38 21 sitt
467 1434 121 22 nuvarande
605 1434 76 27 belopp
697 1436 56 20 samt
768 1437 31 19 att
814 1435 62 21 äfven
891 1435 22 21 åt
929 1435 30 21 lä-

204 1468 108 26 genheter,
332 1468 82 21 hvilkas
434 1469 65 19 värde
518 1474 50 15 vore
588 1469 82 21 mindre
689 1471 26 19 än
731 1469 63 26 8,000
810 1470 67 25 mark,
893 1469 66 21 måtte

271 1514 180 18 Ekonomiutskottets
465 1515 113 17 betänkande
591 1515 37 18 N:o
643 1515 29 17 11.
