1070 1709
296 160 275 26 Petitionsbetänkande
587 164 42 23 N:o
644 164 32 22 11.
828 169 13 19 3

120 229 26 25 på
160 230 66 24 grund
241 231 20 19 af
274 231 107 25 lösryckta,
388 238 42 12 mer
445 233 47 19 eller
507 234 76 19 mindre
599 234 31 19 väl
644 232 106 22 öfversatta
760 238 107 22 uppsatser

119 259 49 19 eller
183 260 72 25 utdrag
270 267 25 13 ur
308 267 25 13 en
348 259 80 25 tidning
448 261 46 19 dess
515 262 117 19 uttalanden
652 263 49 19 eller
721 264 46 19 dess
782 264 84 20 tendens

120 288 49 19 skall
184 288 20 19 af
217 288 59 20 dessa
291 294 95 21 personer
400 288 97 21 bedömas.
523 290 42 19 Och
579 290 53 20 finna
647 291 24 19 de
685 292 110 19 tendensen
811 293 57 19 skad-

119 316 33 25 lig,
167 317 64 24 gifver
246 318 55 19 detta
314 317 108 25 anledning
436 317 29 19 till
480 320 29 17 att
524 318 105 25 tidningen
644 321 49 18 utan
704 320 65 20 vidare
776 321 92 25 indrages

119 346 37 19 och
170 347 99 19 tusentals
289 352 95 20 personer
406 345 119 25 tillskyndas
544 347 132 25 olägenheter,
691 349 116 19 arbetsbrist
821 350 48 19 eller

119 374 223 26 förmögenhetsförlust.
372 374 72 19 Härtill
465 375 87 19 kommer
566 377 29 17 att
610 377 208 25 generalguvernören,
833 384 34 14 en-

118 403 38 25 ligt
170 404 20 18 af
204 404 74 19 honom
300 404 105 19 utverkadt
427 403 69 25 tillägg
511 404 30 19 till
556 405 204 25 pressförordningen,
774 406 38 19 kan
827 407 40 19 for-

119 432 34 19 dra
174 433 81 24 ombyte
276 433 20 19 af
314 432 92 24 ansvarig
427 432 104 24 utgifvare,
546 433 34 19 vid
597 434 92 24 äfventyr
703 436 30 17 att
748 435 116 24 tryckskrift

117 461 97 27 indrages,
230 461 67 20 därest
316 462 65 18 denna
400 460 79 20 fordran
494 461 16 25 ej
527 462 52 18 inom
598 464 63 18 utsatt
676 462 29 20 tid
719 463 145 23 efterkommes,

118 490 129 24 hvarigenom
262 490 66 20 denne
342 490 82 20 förlorar
438 489 31 19 sin
483 490 94 25 ställning
592 491 36 19 och
642 491 41 19 ifall
695 492 44 23 han,
747 492 65 19 säsom
823 493 40 19 ofta

118 520 23 17 är
160 519 60 24 fallet,
243 518 45 26 själf
308 521 22 17 är
350 524 58 19 egare
426 518 30 19 till
470 518 109 26 tidningen,
595 520 93 19 försättes
703 520 6 19 i
725 522 28 17 ett
768 520 98 20 beroende

118 547 45 25 läge
178 548 44 18 med
237 548 78 24 hänsyn
330 548 30 18 till
375 546 145 26 förvaltningen
535 548 20 18 af
570 548 31 18 sin
615 548 102 24 egendom.

187 576 35 19 Att
244 582 25 13 en
291 576 54 24 dylik
363 575 118 26 pressregim
497 576 16 24 ej
529 576 188 20 öfverensstämmer
731 578 46 18 med
791 578 75 24 grund-

117 604 69 25 lagens
206 604 41 20 bud
266 607 21 17 at
305 605 59 24 ingen
383 604 33 20 mä
433 604 94 20 afhändas
547 604 71 26 »nägot
632 606 55 24 gods,
702 606 41 19 löst
757 605 47 20 eller
819 606 45 26 fast,

119 635 46 17 utan
180 633 44 25 laga
239 634 45 18 dom
300 634 36 19 och
351 632 129 25 ransakning»
496 635 22 17 är
532 634 30 19 för
576 634 75 19 enhvar
665 635 117 24 uppenbart.

187 662 71 19 Därför
272 663 36 18 har
322 663 37 19 ock
374 662 33 19 det
421 661 90 25 inslagna
533 662 118 20 förfarandet
670 665 41 17 mot
726 663 38 19 den
779 664 84 24 periodi-

118 691 36 19 ska
176 697 84 19 pressen
283 691 57 25 djupt
363 691 53 19 särat
437 690 151 25 befolkningens
610 692 119 19 rättskänsla
747 698 22 12 och
798 692 6 18 i
820 692 46 19 vida

118 720 76 18 kretsar
209 719 58 19 väckt
282 726 33 12 oro
331 720 37 19 och
380 717 119 27 bökymmer,
515 720 52 18 detta
583 719 22 19 sä
620 720 80 24 mycket
715 726 42 13 mer
771 726 43 14 som
825 721 42 19 lan-

118 748 44 20 dets
177 748 145 25 tidningspress
344 748 63 25 aldrig
422 748 44 19 lätit
482 748 31 24 sig
528 748 53 19 ledas
596 748 20 19 af
631 748 174 25 vinningslystnad
820 749 48 20 eller

117 777 61 19 andra
194 776 112 26 ohederliga
322 778 60 18 motiv
397 777 43 24 och,
448 783 32 13 om
495 783 45 13 man
555 778 52 18 afser
617 777 44 19 från
671 778 89 18 enskilda
778 778 88 24 förflugna

118 806 36 18 ord
168 806 48 19 eller
230 806 76 19 mindre
322 806 32 19 väl
369 806 122 19 öfvertänkta
505 806 115 24 yttranden,
634 805 92 25 iakttagit
741 812 25 13 en
780 806 87 20 mättfull

117 834 37 19 och
168 834 77 19 hofsam
267 834 96 25 hållning,
384 834 57 25 gifvit
453 836 29 17 ett
497 836 65 23 troget
584 835 81 27 uttryck
680 834 21 19 ät
717 835 128 25 opinionerna
860 836 8 19 i

117 864 69 19 landet
201 864 37 18 och
253 864 67 19 städse
335 866 70 17 värnat
425 864 33 24 lag
474 864 37 19 och
526 865 45 18 rätt.
600 864 63 19 Afven
678 864 7 18 i
701 864 43 19 sina
759 864 108 25 polemiker

118 895 41 17 mot
181 892 69 19 hätska
272 893 58 19 utfall
352 893 36 19 och
410 893 117 24 förvrängda
549 892 167 26 framställningar
731 893 19 19 af
764 893 101 19 Finlands

118 921 95 25 ställning
228 922 45 18 med
288 922 92 19 afseende
395 921 11 19 å
422 921 144 25 Kejsardömet»
581 921 6 19 i
603 927 22 13 en
642 921 33 19 del
688 922 61 24 ryska
759 922 109 24 tidningar,

117 950 36 19 har
167 950 39 18 den
221 950 103 19 inhemska
338 956 83 19 pressen
438 950 41 19 icke
495 950 43 19 lätit
553 950 73 18 förleda
639 950 30 24 sig
679 950 29 19 till
722 950 144 25 missfirmeliga

117 978 107 25 yttranden
240 985 32 13 om
288 978 100 25 Ryssland
409 978 47 20 eller
474 979 33 19 det
522 978 60 25 ryska
597 978 65 24 folket,
678 979 79 19 hvarför
771 979 17 25 ej
804 979 62 19 heller

117 1007 62 25 några
189 1007 92 25 politiska
297 1008 41 18 skäl
353 1008 30 19 för
397 1008 24 18 de
436 1007 69 19 talrika
520 1007 165 25 indragningarna
700 1008 44 18 bort
754 1008 111 18 förefinnas.

186 1036 10 19 I
219 1036 126 20 betraktande
367 1036 19 19 af
407 1036 34 19 det
463 1036 58 19 ofvan
542 1036 80 19 anförda
636 1036 59 19 hafva
710 1036 158 19 undertecknade

118 1066 49 18 trott
182 1064 34 20 det
231 1071 45 13 vara
292 1065 119 19 Ständernas
427 1064 50 26 pligt
491 1067 30 17 att
539 1064 3 20 i
557 1070 25 14 en
597 1064 123 25 underdänig
737 1064 83 26 petition
838 1065 30 19 för

117 1094 56 19 Hans
188 1093 111 25 Kejserliga
321 1094 91 25 Majestät
432 1094 103 18 framhälla
550 1094 34 18 det
599 1093 92 19 rättslösa
706 1094 49 24 läge,
769 1094 7 18 i
790 1093 76 19 hvilket

117 1122 38 19 den
171 1122 112 25 periodiska
302 1128 82 20 pressen
400 1123 6 18 i
422 1122 44 19 värt
481 1122 46 19 land
542 1122 30 19 för
591 1122 121 19 närvarande
727 1122 88 19 befinner
829 1122 37 25 sig,

118 1151 37 19 och
178 1151 47 19 söka
246 1151 59 19 vinna
327 1151 121 19 ätminstone
462 1157 25 13 en
502 1150 77 20 lättnad
593 1150 7 19 i
615 1150 33 20 det
663 1151 63 24 tryck,
742 1156 42 14 som
799 1151 64 19 hvilar

118 1179 26 26 pä
159 1180 69 19 denna.
259 1180 41 18 Vär
316 1180 60 19 afsikt
390 1180 36 18 har
440 1180 64 19 därför
520 1180 49 18 varit
584 1180 28 18 att
627 1179 26 25 pä
669 1180 66 24 grund
749 1180 19 18 af
783 1179 33 19 det
830 1186 35 12 an-

118 1208 54 20 förda
187 1208 36 20 och
240 1209 42 19 med
298 1208 79 25 hänsyn
392 1208 30 19 till
438 1208 39 19 den
491 1208 60 25 lifliga
566 1208 74 19 önskan
657 1208 67 25 hvarje
739 1208 127 24 medborgare

118 1237 6 19 i
139 1237 54 19 detta
208 1237 47 19 land
270 1238 66 24 hyser,
354 1239 30 17 att
402 1243 26 13 en
447 1237 111 25 lagbunden
580 1236 118 26 pressfrihet
714 1236 60 20 mätte
789 1236 79 20 komma

118 1266 30 19 till
170 1265 64 25 ständ,
255 1266 73 19 föreslä
350 1272 24 13 en
393 1266 83 24 petition
500 1266 73 24 därom,
588 1267 29 17 att
632 1265 232 19 nästsammanträdande

119 1294 94 24 landtdag
236 1294 60 20 mätte
316 1294 112 25 föreläggas
450 1294 122 25 proposition
595 1294 30 18 till
644 1294 31 24 lag
690 1300 31 12 om
737 1294 127 24 tryckfrihet;

119 1329 45 13 men
180 1322 25 20 dä
220 1323 187 19 tidsförhällandena
426 1323 100 24 knappast
547 1323 68 19 kunna
635 1328 59 14 anses
708 1322 74 24 egnade
798 1322 29 19 för
842 1328 25 13 en

119 1350 62 19 sådan
203 1350 94 24 petitions
322 1350 160 24 framlämnande,
505 1350 107 19 inskränka
634 1350 19 18 vi
675 1350 35 18 vär
729 1350 91 18 anhållan
836 1350 30 18 till

119 1380 28 18 att
162 1378 144 25 Ridderskapet
326 1378 37 20 och
383 1378 64 20 Adeln
466 1378 46 20 ville
527 1378 67 19 förena
609 1378 30 24 sig
654 1384 32 13 om
701 1384 25 13 en
742 1378 124 24 underdänig

119 1406 98 25 anhällan,

393 1448 29 18 det
439 1448 68 18 täcktes
524 1447 57 19 Hans
595 1446 106 26 Kejserliga
717 1446 89 26 Mojestät
827 1446 39 19 låta

324 1476 75 26 vidtaga
421 1476 62 20 sädan
503 1476 84 25 ändring
601 1476 25 24 af
636 1475 88 26 gällande
734 1475 133 25 pressförord-

188 1522 148 22 Lagutskottets
350 1521 117 18 betänkande
479 1522 38 17 N:o
530 1522 17 16 9.
