1092 1750
301 148 275 24 Petitionsbetänkande
592 150 43 23 N:o
650 150 36 22 14.
822 153 26 19 73

486 234 21 24 M

649 294 157 28 (Öfversättning).

271 354 51 18 Till
340 353 165 19 hedervärda
523 354 204 19 Bondeständet.

191 428 41 19 Den
249 430 21 17 år
281 430 43 17 från
336 430 21 17 är
368 429 34 18 allt
414 429 132 19 vidsträektare
557 430 128 24 förgreningen
696 430 20 18 af
728 431 41 17 vårt
780 430 95 24 järnvägs-

122 458 38 22 nät,
178 457 67 19 hvaraf
261 458 54 19 äfven
333 459 33 17 vär
383 458 125 19 hufvudstads
525 459 70 18 snabba
613 459 72 19 tillväxt
702 460 28 18 till
748 461 59 17 större
823 459 51 19 delen

122 486 52 18 torde
185 486 49 23 bero,
246 487 33 18 har
291 487 104 19 förorsakat
407 490 28 16 att
447 488 64 18 endast
523 491 26 15 ett
562 488 42 23 spär
615 488 6 18 i
633 488 87 18 närheten
730 488 18 18 af
757 488 117 24 Helsingfors

122 515 40 19 icke
178 516 71 18 kunnat
265 516 99 23 ordentligt
376 516 133 19 tillfredsställa
521 517 83 22 trafiken,
616 517 76 18 hvarför
704 523 42 12 man
758 517 57 18 redan
827 518 48 18 varit

123 547 80 21 tvungen
222 547 27 16 att
267 546 76 22 utlägga
354 547 27 16 ett
393 545 57 19 andra
462 546 48 23 spår,
522 546 56 17 hvars
589 545 123 19 fortsättande
724 546 111 18 åtminstone
846 547 28 17 till

122 574 98 18 Riihimäki
238 575 27 17 uti
277 580 22 13 en
311 574 73 18 alldeles
396 576 44 17 nära
452 574 77 19 framtid
541 580 51 13 anses
605 574 137 25 oundgängligt.
766 575 43 18 Men
822 575 53 18 äfven

122 603 105 24 byggandet
245 603 19 18 af
281 605 27 16 ett
324 603 58 18 andra
394 604 42 23 spår
448 603 71 18 medför
529 602 93 25 betydliga
633 603 135 19 omkostnader.
793 604 83 19 Sälunda

122 631 34 18 har
168 634 26 16 ett
207 631 65 18 sådant
285 633 42 22 spår
339 633 24 22 på
376 633 123 17 bansträckan
511 632 208 23 Dickursby—Kerava,
733 633 20 17 så
766 633 110 24 förmånliga

123 660 212 23 terrängförhållandena
351 660 34 19 där
397 662 22 17 än
432 662 37 21 äro,
481 661 50 18 kräft
543 661 51 18 öfver
606 661 74 22 228,000
691 661 53 18 mark
757 661 43 18 eller
814 663 61 21 17,563

122 689 53 18 mark
193 689 22 18 90
233 689 53 23 penni
305 695 32 17 per
347 689 137 18 bankilometer.
508 689 56 18 Detta
576 689 49 19 leder
637 690 116 23 ovilkorligen
767 690 67 18 tanken
846 691 29 23 på,

122 717 92 18 huruvida
226 717 39 18 icke
277 718 40 17 skäl
328 717 107 19 förefunnes
447 720 28 16 att
487 719 111 18 åtminstone
610 718 99 18 tillsvidare
721 719 49 17 afstå
778 719 42 18 från
830 719 44 18 fort-

122 746 93 19 sättandet
230 746 19 18 af
265 746 130 24 dubbelspåret
406 746 49 19 ända
467 747 28 17 till
507 747 98 18 Riihimäki
618 747 34 18 och
664 747 6 17 i
682 747 41 18 dess
736 747 52 18 ställe
800 747 41 18 leda
853 753 21 12 en

122 775 30 18 del
170 775 18 18 af
205 775 77 18 trafiken
295 775 53 24 längs
359 777 60 22 någon
432 781 25 17 ny
469 776 53 21 bana,
535 776 34 17 och
580 775 93 18 huruvida
685 776 39 17 icke
735 775 141 24 fördelaktigast

122 810 43 12 vore
177 806 28 16 att
217 803 60 18 därtill
291 804 84 19 använda
386 804 23 18 de
420 804 65 22 medel,
497 810 40 12 som
548 805 41 17 från
602 804 130 23 dubbelspåret
744 805 110 23 inbesparas.

190 832 96 19 Alltsedan
292 833 124 18 bansträckan
422 833 150 18 Riihimäki—9S:t
579 833 111 23 Petersburg
698 833 38 18 blef
742 833 60 24 färdig
808 833 67 24 byggd,

121 861 35 18 har
174 861 34 18 den
222 863 49 16 stora
283 863 72 22 omväg,
367 867 40 12 som
418 863 78 22 uppstår
507 867 65 18 genom
584 861 137 23 krökningarna
733 861 30 18 vid
776 862 99 18 Riihimäki

121 890 34 18 och
176 890 58 21 Lahti,
253 891 69 22 utgjort
333 896 22 12 en
368 889 116 24 betungande
496 890 95 23 olägenhet
603 890 29 18 för
644 889 35 18 den
690 890 136 23 genomgående
838 893 37 15 tra-

122 919 48 17 fiken
188 919 42 17 från
249 919 116 23 Helsingfors
378 919 27 17 till
417 918 36 18 den
465 920 48 17 öster
525 925 30 12 om
566 919 103 22 Kymmene
682 919 25 17 älf
719 919 43 18 eller
774 919 100 23 egentligen

122 947 56 18 redan
190 949 49 16 öster
251 953 30 12 om
292 948 83 17 Kausala
386 947 77 23 belägna
473 947 52 18 delen
534 947 18 18 af
564 947 67 18 nämda
643 947 52 18 bana.
720 948 35 17 Att
766 947 60 18 denna
838 948 36 17 olä-

122 976 67 23 genhet
204 976 39 17 icke
255 978 64 21 genast
330 976 42 17 från
384 975 63 23 början
460 975 63 24 gjorde
535 976 27 23 sig
574 976 62 17 alltför
648 975 92 22 märkbar,
753 976 79 18 berodde
844 982 31 12 na-

122 1005 93 22 turligtvis
227 1005 23 22 på
262 1005 35 18 den
309 1004 135 24 genomgående
456 1005 89 17 trafikens
558 1004 130 23 obetydlighet,
700 1010 41 13 men
751 1004 55 19 sedan
816 1005 64 25 denna

122 1034 72 17 alltmer
212 1033 80 24 tilltagit,
309 1035 20 16 är
341 1033 117 24 olägenheten
471 1033 56 18 redan
539 1033 29 18 för
579 1033 115 18 närvarande
706 1035 20 17 så
738 1036 44 19 stor,
794 1036 28 15 att
834 1033 41 18 dess

122 1062 117 23 afhjälpande
251 1063 60 18 blifvit
324 1069 21 12 en
358 1061 141 25 nödvändighet.
523 1063 40 17 Vår
571 1062 168 23 järnvägsstatistik
749 1063 71 17 utvisar
827 1063 48 17 huru

122 1091 59 18 denna
194 1092 55 17 trafik
262 1092 88 17 tillväxer.
374 1091 30 18 Då
417 1091 149 23 persontrafiken,
579 1091 113 18 oberäknadt
701 1091 175 22 rundresetrafiken,

122 1120 80 18 soldater
219 1121 35 17 och
271 1121 70 22 fångar,
354 1121 21 17 år
388 1120 42 18 1897
444 1120 84 23 utgjorde
540 1120 62 21 55,120
614 1126 90 17 personer,
717 1123 40 20 steg
768 1115 108 23 densammå

122 1148 80 24 följande
219 1150 20 17 år
257 1150 27 17 till
303 1149 62 22 65,430
383 1149 43 18 eller
443 1149 42 18 med
503 1149 50 18 cirka
570 1149 36 22 18,5
618 1151 79 21 procent.
722 1149 35 18 Väl
775 1149 61 23 lämpa
848 1149 28 23 sig

122 1178 54 18 dessa
193 1179 20 17 år
231 1178 38 18 icke
281 1178 30 18 för
322 1178 114 18 bedömande
448 1178 19 18 af
479 1178 34 18 den
527 1178 83 18 normala
622 1178 100 22 tillväxten,
735 1179 44 17 enär
790 1178 86 18 nedsatta

122 1207 193 23 passagerarcafgifter
333 1207 20 17 år
371 1206 44 18 1897
434 1212 44 12 voro
496 1206 82 24 gällande
591 1206 64 18 endast
667 1206 58 18 under
737 1207 40 17 åtta
788 1206 88 18 månader

122 1236 35 17 och
169 1237 20 16 år
202 1236 45 17 1898
258 1235 41 18 hela
311 1236 44 20 året,
368 1236 96 16 men
410 1230 10 33 i
427 1236 37 16 alla
476 1236 33 16 fall
518 1236 67 22 utgöra
594 1234 22 18 de
625 1238 26 14 ett
660 1235 78 23 kraftigt
747 1235 50 17 bevis
806 1236 24 22 på
839 1237 36 16 tra-

122 1264 59 18 fikens
199 1264 78 18 tillväxt.
302 1264 69 17 Därför
389 1264 20 17 är
427 1263 32 18 det
470 1263 114 23 nödvändigt
596 1265 28 16 att
636 1264 56 17 redan
704 1270 25 11 nu
742 1264 94 22 energiska
848 1264 27 18 åt-

122 1293 66 23 gärder
205 1292 84 24 vidtagas
305 1292 30 18 för
351 1294 28 16 att
390 1292 29 18 för
431 1292 60 18 denna
502 1292 134 23 genomgående
648 1292 56 18 trafik
715 1292 21 18 få
748 1292 28 17 till
788 1291 53 19 stånd
854 1298 22 12 en

122 1322 92 22 möjligast
232 1320 59 19 direkt
307 1321 114 22 förbindelse,
434 1321 35 18 och
480 1321 65 17 liksom
558 1320 18 18 af
589 1326 22 12 en
623 1323 86 15 naturens
722 1321 44 17 vink
778 1320 58 23 följer,
848 1323 29 15 att

122 1350 36 18 den
175 1356 37 17 nya
229 1349 48 19 bana
294 1349 56 19 borde
366 1350 71 23 byggas
449 1349 42 18 från
504 1350 71 17 trakten
588 1350 19 18 ai
618 1350 104 23 Järvenpää
734 1350 68 17 station
813 1349 7 18 i
831 1349 45 23 möj-

122 1378 55 23 ligast
193 1378 33 17 rak
243 1378 107 22 sträckning
362 1378 28 17 till
401 1378 83 17 Kausala
497 1378 71 17 station.
592 1378 90 17 Närmare
693 1378 71 17 fixerad
776 1378 57 17 borde
844 1378 32 18 ba-

122 1413 43 15 nan,
178 1406 45 18 efter
241 1408 27 16 att
285 1406 57 18 hafva
359 1407 62 22 utgått
433 1406 42 18 från
487 1405 133 25 hufvudspåret
632 1406 6 17 i
650 1406 73 18 trakten
736 1406 19 17 af
767 1406 109 23 Järvenpää,

123 1435 66 24 dragas
201 1436 45 17 nära
257 1434 96 19 Mariefors
366 1437 49 16 stora
427 1434 202 24 industriinrättningar
641 1435 28 17 till
681 1434 93 19 Mäntsälä
785 1434 91 24 kyrkoby,

123 1464 82 19 därifrån
222 1464 157 23 fortsättningsvis
397 1470 66 17 genom
479 1463 110 19 nordvästra
601 1463 52 19 delen
665 1464 19 17 af
696 1464 80 18 Pukkila
787 1464 89 18 kommun

191 1506 203 22 Järnvägsutskottets
407 1504 120 18 betänkande
539 1505 37 17 N:o
588 1506 18 16 2.
