1106 1742
303 142 275 24 Petitionsbetänkande
593 144 42 22 N:o
651 144 37 22 14.
807 144 40 20 153

120 210 108 27 landtdag,
250 217 63 21 synes
332 212 46 20 skäl
392 212 45 20 icke
451 211 113 22 förefinnas
580 213 31 19 att
625 218 30 15 nu
670 212 64 21 binda
747 212 128 21 kommande

123 244 101 22 Ständers
239 244 182 28 handlingsfrihet,
437 248 51 18 utan
504 252 51 15 vore
570 246 35 21 det
619 246 43 21 fast
676 246 72 25 hällre,
757 246 66 26 enligt
836 246 38 22 Ut-

123 278 91 22 skottets
238 279 92 27 mening,
346 279 114 27 anledning
481 282 31 19 att
535 286 75 20 genom
626 280 122 26 ytterligare
763 280 112 21 införskaf-

120 312 35 22 fad
171 313 115 27 utredning
301 314 120 21 underlätta
435 316 31 18 ett
480 314 99 21 framtida
593 314 76 21 beslut.
877 335 4 3 3

189 347 32 21 Pä
243 348 69 26 grund
334 347 24 21 af
376 348 36 21 det
426 348 153 21 ofvanstäende
593 348 32 21 fär
640 348 111 21 Utskottet
766 348 110 21 vördsamt

120 380 83 27 föreslä,
226 383 31 19 att
280 382 118 21 Ständerna
419 382 49 21 ville
490 382 39 22 hos
545 383 60 21 Hans
621 382 118 27 Kejserliga
753 383 121 26 Majestät
862 376 16 37 i

121 415 169 28 underdänighet
304 416 92 22 anhälla:

396 475 33 19 alt
453 474 160 21 instrumental
639 474 163 28 undersökning
827 474 47 28 före

328 510 53 19 näst
394 508 149 22 instundande
559 509 103 27 landidag
677 509 66 21 mätte
764 510 110 20 anställas

328 542 39 28 för
388 550 27 13 en
433 543 160 27 järnvägslinje
614 543 53 26 från
689 543 98 21 Joensuu
802 545 72 19 väster

327 584 38 14 om
390 577 125 27 Pielisjärvi
536 578 33 26 sjö
588 578 35 20 till
636 577 110 26 Nurmes;
763 577 109 22 äfvensom

396 641 34 19 att
444 640 36 20 till
491 639 124 21 Ständerna
626 640 37 20 vid
672 640 201 21 nästinstundande

328 674 107 27 landtdag
457 674 66 20 måtte
544 674 80 27 aflätas
646 674 67 27 nådig
734 674 139 27 proposition

326 708 109 26 angående
464 708 109 27 byggande
600 708 26 27 af
651 715 28 13 en
697 708 97 27 järnväg
818 708 55 27 från

329 742 104 27 Joensuu,
458 742 106 27 antingen
587 742 60 27 öfver
678 742 132 28 Uimaharju
834 743 38 21 och

327 776 79 22 Lieksa
421 778 56 19 öster
493 784 33 14 om
543 776 127 28 Pielisjärvi
685 776 32 27 sjö
731 777 52 20 eller
795 784 77 20 genom

327 811 75 21 Juuka
417 812 71 19 väster
503 818 34 14 om
553 817 87 15 samma
655 810 38 28 sjö,
703 810 34 21 till
751 810 102 22 Nurmes.

357 947 117 22 Sordavala
492 943 141 38 Pitkäranta.

378 1010 201 18 Petitionsmemorialet
590 1010 27 17 65.

197 1069 40 21 Till
259 1069 48 21 stöd
324 1068 33 21 för
375 1075 26 14 en
418 1067 46 22 frän
489 1068 114 21 Sordavala
626 1074 76 21 genom
725 1068 83 21 trakten
825 1070 46 19 när-

122 1104 58 19 mast
200 1103 86 26 Ladoga
306 1103 31 20 till
355 1102 124 21 Pitkäranta
500 1103 54 20 bruk
573 1103 80 26 dragen
672 1102 55 21 bana
741 1102 40 21 kan
797 1102 76 21 främst

121 1137 105 26 åberopas
241 1137 110 20 därstädes
366 1137 65 20 redan
447 1136 132 21 existerande
588 1136 133 21 industriella
731 1136 141 26 inrättningar

120 1173 55 19 samt
190 1171 26 20 de
232 1171 54 26 goda
300 1171 97 26 utsikter,
412 1177 47 14 som
473 1169 114 22 förefinnas
602 1169 33 22 för
650 1169 141 28 anläggandet
801 1169 23 22 af
831 1176 42 21 nya

119 1205 93 21 fabriker
227 1205 7 20 i
250 1211 80 15 samma
348 1205 62 20 trakt.
439 1205 74 20 Banan
528 1205 85 20 komme
628 1206 31 19 att
674 1206 102 25 utmynna
791 1204 36 21 vid
841 1206 32 19 ett

120 1241 56 20 stort
190 1239 123 21 industrielt
332 1239 58 25 värk,
405 1239 129 25 Pitkäranta,
552 1239 87 20 hvarest
661 1238 124 27 visserligen
801 1238 71 21 smält-

119 1274 52 27 ning
192 1273 22 22 af
230 1273 87 28 koppar,
333 1275 50 19 tenn
400 1273 38 21 och
454 1273 71 21 silfver
540 1273 27 26 på
582 1278 75 16 senare
672 1272 30 21 tid
717 1272 69 21 blifvit
799 1273 73 26 betyd-

118 1308 40 27 ligt
172 1308 109 27 knappare
296 1307 22 21 af
331 1307 64 22 orsak
409 1309 32 19 att
454 1307 199 27 malmtillgången
645 1302 13 37 i
667 1306 115 27 grufvorna
791 1306 81 27 aftagit,

119 1348 49 15 men
188 1341 137 27 tillvärkning
340 1341 22 21 af
372 1341 48 27 järn
438 1341 115 27 påbörjats,
570 1343 59 19 utom
645 1342 32 19 att
692 1341 63 21 sedan
771 1347 60 14 mera
845 1342 27 19 än

120 1378 30 19 ett
168 1376 96 20 årtionde
284 1377 30 18 ett
334 1377 55 18 stort
404 1375 101 26 glasbruk
520 1377 23 18 är
558 1375 7 20 i
581 1375 141 20 värksamhet.
752 1375 41 20 Om
809 1375 65 20 också

120 1410 58 24 detta
192 1409 56 21 bruk
262 1409 130 21 fortfarande
407 1408 32 21 för
454 1409 99 26 beröring
568 1409 47 20 med
632 1408 30 21 S:t
672 1408 132 26 Petersburg
813 1408 59 21 kom-

118 1450 46 15 mer
180 1446 32 19 att
226 1443 62 22 hafva
304 1443 32 22 sin
352 1442 164 27 hufvudsakliga
530 1442 144 27 transportled
690 1442 30 21 uti
733 1442 90 27 Ladoga,
834 1442 38 27 lig-

191 1489 187 24 Järnvägsutskottets
392 1489 109 18 betänkande
514 1489 34 17 N:o
560 1489 18 18 2.
