1700 1870
513 244 14 20 4
723 242 250 22 Petitionsbetänkande
988 243 37 22 N:o
1041 242 19 22 3.

514 308 24 19 är
561 306 94 22 farleden
678 306 65 21 delvis
765 307 46 21 icke
834 313 36 15 ens
893 306 125 27 uppgången
1034 306 39 22 och
1089 306 100 22 utmärkt.
1221 307 46 21 Den

515 340 145 27 regelbundna
682 340 89 22 trafiken
787 340 114 22 förmedlas
917 340 23 22 af
953 340 26 22 de
995 341 6 21 i
1017 341 68 21 denna
1100 341 96 21 landsdel
1210 343 57 19 ännu

514 375 135 21 existerande
671 375 178 27 posthemmanen,
866 375 70 22 hvilka
958 377 44 19 mot
1024 376 117 26 ersättning
1158 375 63 22 hafva
1236 376 32 26 sig

514 409 197 27 postbefordringen
728 409 68 28 ålagd.
826 410 73 22 Under
917 410 25 21 de
958 410 54 21 tider
1027 409 23 22 af
1064 409 46 23 året
1125 410 27 22 då
1168 410 100 27 segelfart

515 444 42 21 kan
579 444 75 27 fortgå,
671 444 52 22 eller
745 445 26 21 då
794 446 71 21 isarna
887 445 27 26 på
936 444 26 22 de
982 446 70 25 öppna
1067 444 108 27 fjärdarna
1190 444 78 22 Skiftet

516 478 38 21 och.
577 478 62 22 Delet
661 480 36 19 äro
719 479 91 26 farbara,
826 479 72 22 skötes
914 479 69 21 denna
997 479 63 21 trafik
1075 479 48 21 med
1139 479 61 21 båtar
1216 479 52 22 eller

515 513 47 21 med
578 512 71 22 slädar
664 514 50 20 utan
730 513 73 21 alltför
818 515 58 20 stora
891 513 136 27 svårigheter.
1054 513 48 22 Men
1113 513 27 21 då
1150 513 82 27 segling
1242 516 24 19 är

515 547 86 26 omöjlig
624 547 39 22 och
684 547 70 22 isarna
769 547 47 22 icke
830 548 66 21 heller
911 547 59 27 bära,
985 549 78 26 antaga
1079 547 103 28 färderna,
1198 548 69 21 såsom

515 581 142 27 petitionären
676 581 127 28 framhåller,
819 589 26 14 en
859 582 63 27 högst
937 581 132 28 äfventyrlig,
1083 582 22 27 ja
1119 581 97 28 lifsfarlig
1231 582 37 22 ka-

515 616 77 21 rakter.
616 615 73 22 Under
703 616 143 27 fullgörandet
860 617 23 20 af
896 617 37 21 sitt
948 616 48 21 värf
1008 617 58 21 utstå
1081 618 187 25 postrotemännen

516 650 25 21 de
564 650 95 21 svåraste
681 651 74 20 mödor
777 651 39 21 och
838 650 109 27 lidanden;
970 651 77 26 många
1066 651 63 21 hafva
1143 651 125 26 lemlästats,

516 685 39 22 och
577 685 66 27 några
665 684 62 23 hafva
750 685 32 22 till
805 685 39 22 och
867 685 47 22 med
933 685 123 22 omkommit
1070 685 27 27 på
1113 685 62 22 dessa
1190 685 78 22 färder.

516 721 38 21 Att
569 721 60 22 äfven
645 722 76 25 posten
736 720 47 21 icke
797 720 67 22 sällan
880 722 59 25 tager
954 719 66 22 skada
1035 720 28 27 på
1077 721 67 26 vägen
1155 720 38 21 och
1204 719 64 22 fram-

515 756 96 21 kommer
617 750 12 37 i
648 756 31 20 ett
693 755 36 21 illa
744 754 105 22 medfaret
863 755 102 26 tillstånd,
977 755 38 21 har
1029 754 46 22 från
1087 755 128 27 sakkunnigt
1225 755 44 21 håll

516 790 117 22 meddelats
649 789 118 22 Utskottet.

584 824 11 21 I
617 823 142 22 betraktande
781 823 22 22 af
825 823 62 22 dessa
907 823 182 27 omständigheter
1103 823 39 22 har
1158 823 111 22 Utskottet

516 859 69 21 funnit
599 857 201 28 petitionsförslaget
814 858 62 21 värdt
891 858 18 27 ej
925 857 55 22 blott
990 857 145 28 behjärtande,
1146 859 51 20 utan
1208 858 61 21 äfven

515 893 87 28 positivt
617 892 122 22 understöd.
763 892 60 21 Inom
838 892 111 22 Utskottet
965 892 38 21 har
1018 893 123 26 visserligen
1153 892 115 27 anmärkts,

515 929 33 20 att
570 934 25 14 en
618 927 173 25 ständerpetition
807 927 90 21 rörande
913 933 26 14 en
954 926 56 22 lokal
1025 926 61 27 fråga
1101 933 44 15 som
1162 927 68 21 denna
1246 928 24 20 så

516 962 84 27 mycket
621 961 82 21 mindre
718 966 50 16 vore
783 961 27 27 på
825 962 31 20 sin
872 961 56 27 plats
943 967 45 15 som
1003 961 55 21 intet
1073 961 72 21 försök
1161 961 23 21 af
1198 961 26 21 de
1240 961 28 21 di-

515 996 49 22 rekt
579 995 140 23 intresserade
734 996 163 21 kommunernas
912 996 135 21 medlemmar
1062 995 67 28 gjorts
1144 997 32 20 att
1190 996 28 27 på
1232 1002 37 15 an-

516 1037 41 15 nan
575 1032 40 25 väg
631 1029 145 23 åstadkomma
791 1037 26 15 en
832 1030 128 27 förbättring
975 1030 22 22 af
1010 1030 162 22 förhållandena
1187 1032 6 20 i
1210 1031 59 21 detta

515 1064 127 22 hänseende.
672 1064 48 22 Men
743 1064 27 21 då
792 1065 62 21 dessa
876 1064 125 22 kommuner
1018 1064 33 22 till
1069 1064 53 28 följd
1138 1065 22 21 af
1176 1065 37 21 sitt
1228 1066 41 21 iso-

515 1100 72 20 lerade
609 1099 46 27 läge
678 1101 37 19 äro
730 1099 7 21 i
752 1098 51 22 flere
825 1099 113 22 afseenden
956 1099 130 27 vanlottade,
1103 1100 39 22 och
1158 1100 26 22 då
1199 1094 69 28 Åland

516 1134 46 21 icke
585 1133 41 22 kan
648 1133 85 21 komma
755 1133 6 21 i
783 1133 124 27 åtnjutande
929 1134 23 21 af
973 1140 79 15 samma
1067 1134 202 22 kommunikations-

516 1168 105 21 förmåner
644 1174 45 15 som
709 1168 140 27 järnvägarne
868 1168 87 27 erbjuda
971 1168 55 22 fasta
1042 1168 79 27 landet,
1137 1169 23 21 så
1175 1169 39 21 har
1229 1168 40 22 Ut-

515 1202 81 22 skottet
611 1203 52 20 trott
679 1202 31 26 sig
725 1202 52 22 böra
792 1203 37 21 hos
846 1202 118 22 Ständerna
979 1202 86 22 förorda
1080 1210 25 14 en
1121 1203 89 27 petition
1225 1203 23 22 af
1262 1204 6 20 i

515 1236 120 22 hufvudsak
651 1236 36 21 det
701 1236 93 22 innehåll
809 1237 142 27 petitionären
967 1237 84 21 önskat.

584 1271 77 21 Hvilka
680 1271 99 26 åtgärder
794 1272 120 26 lämpligast
928 1271 53 21 böra
996 1272 96 26 vidtagas
1107 1272 34 21 för
1156 1272 112 22 säkerstäl-

515 1305 72 22 landet
610 1305 23 21 af
653 1307 56 24 post-
732 1305 39 21 och
793 1305 229 27 passageraretrafiken
1041 1306 27 26 på
1087 1306 69 21 denna
1174 1306 40 27 led,
1230 1307 39 21 har

515 1339 112 21 Utskottet
649 1338 46 21 icke
715 1339 56 20 velat
787 1339 79 26 afgöra,
883 1338 133 27 öfvertygadt
1032 1339 73 22 därom
1120 1341 33 20 att
1167 1339 102 28 Regerin-

515 1379 47 20 gen,
578 1373 27 20 då
620 1372 64 21 saken
701 1372 140 21 öfverlemnas
856 1373 7 20 i
879 1373 48 20 dess
937 1373 87 26 händer,
1035 1373 55 21 skall
1101 1374 44 21 låta
1155 1374 114 21 verkställa

515 1407 80 21 sådana
610 1406 183 27 undersökningar
808 1413 45 15 som
868 1406 47 22 föra
930 1407 32 21 till
973 1407 40 21 den
1024 1408 124 27 lyckligaste
1158 1408 110 27 lösningen

516 1441 22 22 af
562 1440 81 28 frågan.
677 1441 39 21 Att
739 1441 117 22 emellertid
878 1441 105 22 farledens
1006 1442 124 28 uppgående
1152 1445 64 25 utgör
1238 1445 31 20 ett

515 1476 67 22 första
599 1476 69 21 vilkor
683 1475 33 22 för
731 1482 25 15 en
772 1476 153 27 ångbåtstrafik
939 1477 100 21 vintertid
1055 1478 26 26 på
1096 1478 70 21 denna
1181 1478 49 27 linje
1245 1480 24 20 är

516 1510 125 28 uppenbart.
665 1510 134 27 Svårigheter
814 1511 7 21 i
836 1510 60 28 fråga
912 1517 33 15 om
961 1511 144 28 hamnplatser
1121 1513 39 21 och
1176 1513 93 22 bränsle-

516 1546 103 20 stationer
634 1545 67 27 torde,
717 1545 67 27 enligt
800 1545 25 21 de
840 1546 151 26 upplysningar
1005 1547 72 21 hvilka
1092 1547 54 21 stått
1157 1547 112 22 Utskottet

583 1584 101 18 Allmänna
695 1584 173 19 Besvärsutskottets
880 1585 112 18 betänkande
1003 1585 34 19 N:o
1049 1586 18 17 2.
