1061 1709
221 176 27 20 22
386 173 250 23 Petitionsbetänkande
651 172 37 22 N:o
704 171 35 23 26.

195 244 56 24 barn,
275 242 84 21 hvarför
381 242 39 20 ock
444 243 66 19 denna
528 242 124 26 utvidgning
666 240 23 21 af
702 241 133 20 kommunens
850 239 97 21 medlem-

195 280 44 13 mar
252 272 79 21 helsats
346 271 45 20 med
407 271 103 20 oblandad
525 271 74 26 glädje.
622 270 33 21 Då
670 269 136 26 fullständiga
820 269 69 20 skolor
899 268 47 21 icke

195 301 66 20 finnas
283 304 93 17 närmare
394 303 26 17 än
436 301 7 19 i
458 300 133 26 Helsingfors
606 299 39 20 och
660 293 53 30 Åbo,
728 299 53 20 talar
796 297 61 21 äfven
871 298 74 25 Hangö

196 330 57 21 stads
275 330 47 26 läge
344 329 46 20 med
412 329 48 20 dess
479 329 53 26 goda
547 328 200 21 kommunikationer
761 327 47 20 med
823 327 39 20 den
877 326 70 20 lands-

197 361 38 22 ort,
250 358 46 21 från
310 358 85 21 hvilken
410 358 194 25 elevtillströmning
619 357 69 20 kunde
702 357 110 26 påräknas,
827 356 33 20 för
874 362 25 13 en
915 355 31 20 så-

197 387 39 20 dan
251 387 122 20 läroanstalt
387 387 7 19 i
409 387 80 20 staden.

263 417 30 19 På
311 415 68 26 grund
397 416 23 19 af
432 415 56 20 hvad
501 415 36 26 jag
553 414 87 21 sålunda
650 414 44 20 haft
705 413 112 26 anledning
827 413 77 24 anföra,
915 411 33 21 får

193 445 37 26 jag
251 445 105 20 vördsamt
378 444 83 20 anhålla
483 451 32 12 om
533 443 186 26 Borgareståndets
734 442 125 21 medverkan
874 441 33 20 till
922 447 25 14 en

194 473 87 26 petition
297 473 69 20 derom

400 521 29 17 att
455 519 73 25 Hangö
554 518 129 25 femklassiga
709 517 144 26 borgareskola,
879 515 70 21 kallad

332 548 74 25 Hangö
422 548 109 23 samskola,
546 547 108 25 öfvertoges
669 547 25 24 af
704 548 64 18 staten
783 547 35 19 och
832 545 116 25 utvidgades

334 577 33 19 till
388 578 27 18 ett
437 576 127 25 fullständigt
580 576 90 19 läroverk
684 575 45 20 med
743 575 158 20 dimissionsrätt
916 573 33 21 till

334 605 141 20 universitetet.

654 660 74 23 Fredr.
745 659 133 24 Stenström.

716 783 136 34 (Öfvorsättnin
854 793 26 22 8.)

197 856 33 23 12.
348 857 50 20 Till
417 856 163 21 Hedervärda
600 856 197 20 Bondeståndet.

264 932 42 20 Vid
321 932 126 25 mynningen
463 932 22 19 af
499 932 38 19 den
553 931 65 20 strida
633 931 115 26 Kymmene
760 930 34 25 elf,
805 930 35 20 vid
851 930 98 21 stranden

196 961 23 20 af
235 967 25 13 en
278 961 88 26 gammal
384 960 55 21 finsk
459 960 145 27 odlingsbygd,
620 960 67 25 ligger
701 960 71 19 Kotka
791 959 47 20 stad
855 959 47 20 med
917 959 33 20 sin

196 992 56 17 stora
271 989 97 20 industri-
388 989 39 20 och
446 989 170 20 handelsrörelse.
646 989 30 18 På
694 988 67 26 grund
781 987 23 20 af
820 989 36 19 sitt
874 987 75 21 fördel-

197 1018 70 25 aktiga
282 1018 46 26 läge
348 1018 56 19 såväl
419 1019 27 24 på
461 1018 58 19 land-
534 1025 44 13 som
593 1017 91 26 sjösidan
698 1017 39 20 har
752 1017 67 19 denna
834 1024 54 18 unga
903 1016 48 21 stad

197 1047 105 20 utvecklat
317 1047 33 25 sig
364 1046 46 20 med
426 1053 25 13 en
466 1046 107 25 snabbhet,
589 1046 32 19 till
636 1046 84 20 hvilken
736 1045 21 20 få
772 1048 55 17 orter
840 1046 7 19 i
861 1045 90 21 Finland

196 1075 69 20 kunna
281 1075 65 20 förete
361 1077 30 18 ett
406 1075 123 26 motstycke.
554 1075 32 20 De
601 1075 54 25 goda
669 1075 227 20 kommunikationerna
911 1074 38 20 och

196 1104 26 19 de
241 1103 46 21 rika
305 1103 109 20 tillfällena
432 1104 33 19 till
480 1103 80 20 förvärf
573 1103 59 20 locka
648 1103 30 19 dit
693 1103 44 20 folk
751 1103 23 19 af
787 1103 41 20 alla
843 1103 106 20 samhälls-

196 1132 85 25 klasser,
301 1133 26 25 på
345 1132 67 25 grund
430 1132 75 20 hvaraf
522 1132 84 20 stadens
623 1131 120 26 befolkning
758 1134 22 17 är
796 1131 81 20 stadd
867 1127 15 35 i
893 1131 57 20 stark

196 1161 89 20 tillväxt.

265 1190 47 19 Men
328 1189 7 19 i
349 1191 90 23 yttersta
454 1189 52 26 grad
521 1189 99 26 ensidiga,
634 1189 22 25 ja
671 1189 33 19 till
719 1189 45 19 sina
779 1188 75 26 följder
864 1189 86 20 betänk-

196 1217 43 26 liga
253 1221 35 17 äro
304 1217 25 20 de
345 1218 113 19 materiella
472 1218 132 25 framstegen,
615 1224 33 13 om
662 1217 34 20 det
707 1217 84 26 andliga
801 1218 63 25 ljuset
874 1217 76 20 saknas

197 1246 50 20 eller
259 1253 32 12 om
303 1246 112 19 detsamma
425 1247 7 18 i
443 1246 52 25 följd
510 1247 23 19 af
546 1247 32 19 sin
593 1246 106 25 knapphet
713 1246 46 19 icke
774 1246 76 19 förmår
864 1249 31 16 att
909 1246 41 19 för-

197 1274 48 20 ädla
259 1273 146 21 sträfvandena
419 1274 33 19 för
467 1274 34 20 det
517 1274 79 25 timliga
611 1274 61 25 goda.
691 1273 116 20 Materiella
818 1273 133 21 sträfvanden

197 1303 39 19 och
255 1302 131 26 framgångar
404 1302 47 19 leda
468 1302 39 20 lätt
527 1303 32 18 till
574 1304 30 18 ett
618 1301 32 21 för
666 1302 34 19 det
715 1303 114 19 materiella
844 1302 107 25 hängifvet

197 1331 60 20 sinne
279 1331 38 20 och
340 1337 25 14 en
387 1331 78 26 daning
487 1331 23 20 af
529 1331 124 20 karakteren
675 1331 32 19 till
729 1337 46 14 men
795 1331 33 20 för
847 1331 35 20 det
904 1334 47 17 sant

197 1360 120 26 menskliga.
347 1360 68 20 Faran
431 1360 61 20 häraf
511 1360 37 20 har
571 1359 59 21 äfven
650 1360 75 20 insetts
744 1360 23 20 af
782 1361 139 25 inbyggarene
943 1361 8 19 i

197 1389 74 20 staden
294 1389 38 20 och
354 1389 48 20 dess
421 1389 109 26 omnejder,
550 1389 93 20 hvilka
637 1385 13 34 i
662 1389 72 20 Kotka
752 1389 32 20 till
802 1389 46 20 stöd
864 1389 31 20 för
911 1389 40 20 den

199 1417 84 27 andliga
306 1417 96 27 odlingen
424 1418 90 26 grundat
532 1418 33 20 till
580 1424 25 14 en
620 1418 68 21 första
702 1418 72 26 början
789 1425 25 13 en
829 1418 122 26 femklassig

197 1446 141 28 finskspråkig
360 1447 103 21 samskola
477 1448 7 19 i
500 1447 69 20 stället
590 1446 32 21 för
645 1447 38 19 den
706 1448 130 25 tvåklassiga
853 1448 38 20 och
907 1448 44 19 två-

197 1476 104 26 språkiga,
317 1483 43 13 som
375 1478 68 18 staten
459 1476 130 20 därförinnan
605 1476 127 20 underhållit
746 1476 114 20 därstädes.
883 1476 68 20 Sedan

265 1514 103 19 Allmänna
380 1515 173 19 Besvärsutskottets
565 1515 112 18 betänkende
688 1514 34 18 N:o
737 1516 25 17 15.
