1061 1711
307 141 273 22 Petitionsbetänkande
596 141 42 23 N:o
652 141 34 22 19.
854 143 25 18 17

129 210 58 21 nade
205 210 132 27 Enontekis,
350 210 82 27 Kittilä,
444 211 138 27 Sodankylä,
598 210 96 28 Utsjoki,
708 211 81 24 Enare,
799 210 82 21 Kuola-

126 243 59 28 järvi
194 245 44 20 och
250 245 118 20 Kuusamo
376 245 165 26 församlingar,
549 251 67 20 synes
623 245 49 20 icke
678 244 130 27 tillräckligt
816 244 67 21 däraf

129 278 135 20 motiveradt
285 281 33 17 att
340 278 186 26 Muonionniska,
547 285 50 14 som
620 279 70 20 redan
712 278 69 27 enligt
803 278 78 26 nädigt

129 312 97 27 reskript
237 313 24 20 af
273 301 61 45 20100.
351 313 53 20 1812
420 312 166 27 sammanslogs
602 312 52 21 med
673 312 126 21 Enontekis
818 312 63 27 lapp-

129 346 213 27 marksförsamling
356 346 33 21 till
404 348 31 19 ett
449 348 101 26 pastorat
565 346 44 21 och
624 346 128 22 sedermera
767 346 66 21 äfven
848 346 33 20 in-

129 382 49 24 togs
197 380 7 20 i
220 380 37 22 det
275 380 123 28 nybildade
418 380 173 28 Lappmarkens
611 381 79 27 härad,
705 380 33 22 uti
753 387 33 14 nu
801 380 80 27 ifräga-

129 414 99 22 varande
244 415 106 22 afseende
365 415 73 21 blifvit
454 415 52 22 med
519 415 71 27 öfriga
601 415 177 27 församlingar
772 410 16 37 i
791 421 89 16 samma

128 449 73 21 härad
216 449 99 22 likstäld.
346 449 31 22 Pä
392 449 96 22 anförda
504 450 56 27 skäl,
576 450 43 21 och
632 450 71 27 jämte
716 450 37 21 det
769 450 113 21 Utskottet

129 484 104 27 slutligen
250 485 38 20 vill
303 484 80 27 bringa
398 485 6 20 i
420 484 91 21 erinran
527 487 31 19 att
573 485 30 20 dä
617 485 45 20 den
677 485 60 21 förra
745 484 136 28 jordbruks-

129 519 42 21 och
196 520 179 21 mantalsräntan
391 519 7 21 i
415 519 77 22 Kolari
513 525 81 22 genom
616 519 82 28 nädiga
718 519 162 28 förordningen

130 554 25 20 af
169 553 42 21 den
225 555 25 19 16
261 554 43 27 juli
318 555 54 20 1886
380 554 159 22 förvandlades
551 555 33 20 till
594 554 132 27 rubelskatt,
739 554 88 21 skatten
841 561 40 21 per

130 588 86 21 mantal
232 588 132 22 minskades
379 589 53 21 med
447 596 33 14 c:a
492 590 26 20 12
530 591 100 26 procent,
642 595 67 15 anser
721 588 34 28 sig
767 589 114 21 Utskottet

130 622 56 22 böra
200 622 113 28 tillstyrka

402 694 32 19 att
452 692 168 28 ifrägavarande
635 692 184 28 petitionsförslag
836 692 45 21 icke

335 727 64 21 måtte
414 726 32 22 till
460 727 79 27 åtgärd
552 727 121 27 föranleda.

493 899 25 21 Vv.

198 962 43 21 Det
262 961 68 22 femte
349 962 25 21 af
386 961 28 22 de
429 961 33 22 till
478 961 179 22 Statsutskottets
672 961 139 28 behandling
826 962 56 21 hän-

131 996 98 27 skjutna,
244 997 7 20 i
267 996 60 21 detta
342 997 144 21 betänkande
502 996 111 28 aftryckta
623 996 221 28 petitionsförslagen
857 998 26 19 är

131 1031 123 27 ordagrant
275 1031 147 27 likalydande
445 1031 52 21 med
518 1033 30 20 ett
570 1031 70 21 redan
663 1031 38 21 vid
716 1031 165 28 landtdagarna

132 1066 54 21 1894
201 1065 44 21 och
262 1066 53 21 1897
335 1065 128 22 framstäldt
478 1066 44 21 och
536 1065 112 22 hvardera
663 1065 87 27 gången
765 1066 34 21 till
815 1066 67 21 Stats-

131 1100 108 21 utskottet
260 1100 138 21 remitteradt
420 1100 196 28 petitionsförslag,
640 1106 50 15 som
709 1099 70 22 första
794 1101 87 26 gången

131 1134 26 21 af
175 1133 127 21 Ständerna
324 1134 110 27 afböjdes,
453 1134 82 21 medan
551 1135 51 20 dess
618 1133 139 27 behandling
772 1134 39 20 vid
828 1135 53 19 1897

131 1168 37 22 års
190 1168 109 27 landtdag
320 1168 50 21 icke
391 1168 48 21 blef
452 1168 154 21 medhunnen.
637 1168 6 20 I
658 1168 36 30 alt
708 1168 123 27 väsentligt
848 1174 34 21 sy-

130 1209 41 15 nes
186 1202 38 21 det
239 1202 145 28 afstyrkande
397 1203 123 26 utlåtande,
536 1209 50 15 som
604 1202 38 21 vid
658 1202 144 22 förstnämda
810 1202 72 21 landt-

131 1236 43 28 dag
205 1237 26 20 af
261 1236 169 22 Statsutskottet
467 1237 128 27 framlades,
628 1238 62 20 ännu
723 1242 40 22 ega
786 1237 35 21 sin
843 1236 38 28 gil-

133 1271 74 27 tighet.

200 1305 168 22 Statsutskottet
390 1306 107 20 framhöll
520 1306 37 26 då,
572 1306 112 20 hurusom
700 1312 27 14 en
744 1305 138 27 fullkomligt

131 1340 55 20 efter
198 1339 226 27 jordlägenheternas
439 1340 69 20 värde
524 1340 43 20 och
583 1339 130 26 afkastning
728 1339 107 27 afpassad
846 1340 36 19 be-

131 1372 116 27 skattning
268 1373 113 26 svårligen
403 1373 77 21 kunde
500 1372 170 27 åvägabringas,
686 1372 67 21 äfven
769 1378 38 15 om
822 1372 60 21 kost-

133 1413 88 15 samma
247 1406 289 28 skattläggningskomitéer
559 1406 115 21 oafbrutet
698 1406 78 21 härför
802 1412 54 15 vore
875 1406 7 21 i

131 1441 153 22 värksamhet.
315 1441 31 21 På
361 1440 73 28 grund
450 1441 25 21 af
488 1441 61 22 olika
564 1440 92 27 skötsel,
667 1441 61 21 olika
737 1441 145 27 företagsam-

201 1487 143 18 Statsutskottets
356 1487 112 18 betänkande
479 1487 37 17 N:o
529 1487 17 17 5.
803 1485 10 18 2
