1067 1717
308 142 275 23 Petitionsbetänkande
598 143 43 23 N:o
656 143 37 22 19.
867 144 14 21 9

180 426 10 12 »
197 417 25 19 V.
246 413 157 28 (Öfversättning).

243 477 60 20 Till
324 477 187 20 hedervärda
533 477 231 20 Bondeståndet.

198 540 69 21 Såsom
289 541 62 20 kändt
372 541 36 19 har
429 541 124 25 jordskatten
575 540 125 26 uppkommit
717 541 38 19 och
769 540 110 27 skattlägg-

129 570 75 26 ningen
218 570 6 20 i
240 570 44 20 vårt
301 570 47 20 land
369 570 53 20 skett
439 569 26 26 på
482 570 52 20 olika
554 570 57 25 tider,
624 570 63 19 under
701 570 99 25 förloppet
814 570 20 19 af
849 570 30 20 år-

129 599 122 19 hundraden.
273 598 36 20 Om
326 599 20 19 vi
361 601 77 23 antaga,
453 600 30 18 att
498 605 46 13 man
558 598 70 20 härvid
643 598 76 20 förfarit
733 600 98 24 noggrant
842 599 38 19 och

130 628 137 25 omsorgsfullt
287 630 52 17 samt
354 628 7 19 i
376 628 87 24 enlighet
486 628 44 19 med
551 627 122 20 föreskrifter
693 627 91 25 åsyftade
804 633 76 14 samma

129 656 48 25 mål,
188 656 25 20 så
229 656 55 20 torde
299 656 34 20 det
347 656 62 19 likväl
425 662 45 13 vara
486 656 87 24 solklart,
588 657 30 18 att
633 656 33 19 vid
680 657 29 18 ett
721 656 72 23 arbete,
803 656 77 20 hvilket

130 684 69 26 pågått
217 685 64 19 under
295 684 24 20 så
333 684 48 26 lång
395 685 28 19 tid
439 685 37 19 och
491 687 54 17 ännu
562 684 69 26 pågår,
646 684 91 26 uppstått
753 684 36 20 och
805 684 75 26 uppstå

130 714 121 25 ojämnheter
266 714 37 19 och
318 713 190 20 missförhållanden.
536 712 72 28 Enligt)
624 714 40 19 139
681 714 10 23 $
707 713 6 19 i
729 713 73 25 nådiga
817 713 63 25 regle-

129 744 76 18 mentet
219 749 44 19 ang.
279 743 146 19 landtmäteriet
440 748 25 14 m.
481 749 31 18 m.,
528 743 19 19 af
562 742 38 20 den
617 743 25 19 15
659 742 36 26 maj
713 743 61 23 1848,
787 742 92 26 tillägges

129 772 6 19 i
151 772 107 20 allmänhet
272 772 69 25 hvarje
355 771 73 20 mantal
444 772 114 19 sexhundra
573 772 30 19 till
615 771 195 20 ettusentvåhundra
819 773 60 18 tunn-

128 801 47 19 land
191 801 88 19 skattbar
293 801 61 19 mark.
384 800 58 20 Detta
457 800 71 26 belopp
546 801 38 19 kan
599 800 102 20 dessutom
717 800 6 19 i
739 800 52 20 olika
806 800 74 20 trakter

128 830 47 19 ökas
190 830 51 19 ända
255 830 32 19 till
301 829 191 25 ettusensjuhundra
510 829 103 24 tunnland,
624 829 36 19 och
675 830 55 18 ännu
745 835 59 13 mera.
829 828 50 26 Följ-

129 858 38 20 den
189 858 55 20 häraf
265 858 36 20 har
323 858 121 20 fördenskull
465 858 55 24 varit,
541 860 30 17 att
586 858 12 19 å
613 859 57 23 orter,
689 857 67 19 hvilka
769 858 43 18 icke
827 858 52 24 ligga

129 887 81 25 mycket
229 886 56 26 långt
302 886 45 20 från
361 886 112 20 hvarandra
488 887 37 19 och
540 886 12 20 å
566 886 68 20 hvilka
647 886 80 25 jordens
743 885 137 21 beskaffenhet

130 916 36 19 och
188 916 62 24 öfriga
271 915 143 20 lefnadsvilkor
436 917 33 17 äro
488 915 61 25 något
567 915 22 19 så
604 917 37 17 när
656 914 100 25 likartade,
771 914 40 20 lika
826 917 53 17 stora

130 944 80 28 skatter
219 946 80 23 utgöras
315 944 29 20 för
356 944 114 19 sexhundra
481 950 42 13 som
534 944 30 19 för
574 943 191 25 ettusensjuhundra
775 943 104 19 tunnland.

198 973 64 19 Äfven
276 973 53 19 förut
344 972 36 20 har
395 979 45 13 man
456 973 28 19 för
494 972 114 25 minskning
617 972 20 19 af
646 972 141 24 skattetungan
796 971 84 20 anhållit

130 1008 32 13 om
177 1001 123 20 Ständernas
316 1001 125 19 medverkan.
464 1000 26 20 Sä
505 1001 134 19 framställdes
648 1000 40 29 vid
705 1000 54 20 1888
773 1000 32 20 års
816 1000 64 19 landt-

130 1031 38 25 dag
182 1030 170 26 petitionsförslag
367 1036 31 14 om
414 1030 182 25 skatteförmedling
606 1029 25 26 pä
643 1029 65 19 Äland
727 1029 38 19 och
782 1029 6 19 i
807 1029 73 25 Egent-

130 1060 40 24 liga
192 1059 94 19 Finlands
308 1059 137 19 kustsocknar.
474 1058 74 25 Dylika
570 1058 91 25 åtgärder
676 1059 67 18 kunna
759 1058 121 24 visserligen,

130 1088 70 20 såvida
215 1094 45 13 man
275 1088 80 24 bringar
370 1088 44 19 dem
430 1087 30 20 till
475 1088 65 25 stånd,
555 1087 87 20 medföra
656 1087 30 19 sin
696 1088 59 23 nytta
766 1086 34 20 vid
809 1086 72 25 aflägs-

130 1117 74 19 nandet
219 1117 20 19 af
253 1116 64 20 lokala
331 1116 189 25 missförhällanden,
535 1122 46 14 men
596 1116 30 19 till
635 1115 74 20 bätnad
719 1116 29 19 för
760 1115 44 20 hela
813 1115 69 19 landet

130 1148 34 17 äro
179 1146 25 19 de
219 1146 48 19 icke.

200 1174 37 19 Om
259 1174 165 24 beskattningens
447 1174 99 24 ojämnhet
569 1173 66 19 kunde
650 1172 58 20 ordas
723 1178 40 19 nog
778 1172 104 25 vidlyftigt

131 1203 37 19 och
189 1202 90 26 exempel
298 1202 61 25 därpä
377 1202 66 19 kunde
458 1204 92 23 nogsamt
565 1202 106 23 framföras,
688 1207 45 13 men
747 1201 83 19 emedan
846 1200 36 20 vär

132 1231 132 25 öfvertygelse
287 1233 27 23 är,
329 1233 30 17 att
378 1230 71 20 sådant
463 1232 22 18 är
507 1230 157 20 Bondeständets
679 1230 108 19 ledamöter
802 1229 79 24 bekant,

131 1260 83 19 likasom
229 1260 64 24 äfven,
307 1261 30 18 att
352 1260 140 19 skattebördan
506 1259 61 19 också
581 1259 7 19 i
603 1258 76 25 öfrigt
673 1254 13 34 i
693 1258 107 19 allmänhet
811 1259 71 23 tyngst

131 1288 83 20 drabbar
233 1288 153 20 innehafvarene
403 1288 20 19 af
437 1288 163 25 jordlägenheter,
617 1286 23 20 sä
654 1287 55 19 torde
725 1286 60 20 redan
800 1286 81 20 härmed

132 1323 47 13 vara
196 1323 41 19 nog
255 1317 63 25 sagdt.
348 1316 39 24 För
400 1318 30 18 att
444 1316 90 25 aflägsna
549 1316 58 19 dessa
622 1315 185 20 missförhällanden
821 1315 61 19 borde

132 1346 73 18 sädana
227 1346 93 24 ätgärder
339 1345 96 23 vidtagas,
457 1346 29 17 att
507 1351 45 11 man
574 1350 71 18 genom
662 1344 44 18 dem
721 1344 53 23 finge
789 1350 25 12 en
829 1350 48 12 sam-

132 1373 144 25 manställning
297 1372 44 20 frän
364 1372 44 20 hela
430 1372 81 19 Finland
529 1372 20 19 af
565 1372 102 24 uppgifter
688 1371 74 23 därom,
779 1371 6 19 i
800 1371 82 19 hvilken

132 1402 49 25 grad
191 1402 151 27 jordskatterna,
352 1400 48 20 eller
409 1402 79 23 rättare,
502 1400 97 20 ordinarie
610 1401 71 18 räntan
691 1400 38 19 och
739 1399 143 19 kronotionden

132 1431 98 25 betungar
244 1430 74 26 jorden,
333 1430 51 19 hura
399 1429 81 25 mycket
494 1430 20 18 af
528 1429 45 19 dem
589 1434 43 14 som
647 1428 78 26 belöper
740 1428 32 25 sig
786 1428 27 26 pä
823 1429 59 18 tunn-

132 1460 67 20 landet
213 1459 20 20 af
247 1459 51 20 olika
312 1459 124 25 jordnaturer
451 1458 26 26 pä
491 1458 68 26 hvarje
575 1457 85 21 särskild
675 1457 58 24 trakt,
749 1457 68 20 hvilka
829 1456 52 26 jord-

202 1504 143 18 Statsutskottets
357 1504 109 18 betänkande
478 1503 38 18 N:o
528 1504 18 17 5.
