1061 1709
398 150 249 23 Motionsbetänkande
663 150 40 22 N:o
718 150 21 21 4.

466 220 81 26 Förslag
566 219 28 21 till
609 218 115 27 förordning
741 218 140 22 innefattande
898 217 41 21 för-

397 254 83 27 ändring
503 254 20 21 af
544 253 13 22 2
581 254 12 28 &
614 253 28 21 uti
664 252 143 28 förordningen
827 252 21 22 af
869 252 37 22 den
926 251 13 21 2

398 288 36 27 Maj
463 288 53 22 1895
538 288 104 27 angäende
665 288 56 21 vissa
741 287 169 27 inskränkningar
935 286 5 20 i

398 324 84 21 handeln
502 323 43 21 med
567 323 55 21 viner
642 323 37 21 och
698 322 64 22 andra
780 327 90 22 svagare
895 326 45 16 rus-
962 338 3 3 .

398 358 90 28 drycker.

398 404 50 21 Med
464 404 93 28 ändring
573 404 27 28 af
611 405 15 20 2
641 403 15 28 $
672 404 8 20 i
691 403 82 28 nådiga
785 402 157 28 förordningen

331 440 24 26 af
379 439 39 21 den
436 440 15 19 2
470 438 50 28 Maj
537 439 58 21 1895
615 438 110 28 angående
744 438 58 20 vissa
821 436 120 22 inskränk-

331 473 79 28 ningar
428 473 8 21 i
455 472 94 22 handeln
567 472 47 22 med
632 472 60 21 viner
711 472 37 21 och
764 472 71 20 andra
851 478 90 20 svagare

330 507 135 27 rusdrycker,
480 507 78 21 varder
573 506 89 23 härmed
676 506 108 29 stadgadt,
798 508 31 19 att
840 505 98 22 nämnda

330 542 15 28 $
360 542 57 21 skall
433 542 85 21 erhålla
533 540 99 30 följande
647 542 87 27 lydelse.

609 600 14 21 2
639 600 23 27 $.

399 639 63 22 Inom
486 639 91 22 Oktober
598 640 81 21 mänad
700 639 133 21 hvartannat
857 640 27 20 är
908 645 34 21 ege

331 674 115 28 magistrat
467 673 131 29 öfverlemna
620 674 22 20 åt
664 673 198 28 stadsfullmäktige
884 673 58 25 eller,

332 709 38 20 der
388 708 197 28 stadsfullmäktige
604 708 46 21 icke
668 708 79 26 finnas,
765 707 177 21 rådhusstämma

332 746 31 18 att
382 743 88 25 besluta,
488 742 108 22 huruvida
615 742 38 22 och
672 743 35 20 till
721 742 80 21 hvilket
817 742 62 20 antal
894 743 48 19 rät-

331 776 90 29 tigheter
446 777 34 21 till
502 776 156 28 utminutering
680 777 28 27 af
727 777 60 21 viner
810 776 38 21 och
871 776 71 20 andra

331 818 89 22 svagare
445 811 130 28 rusdrycker
597 812 27 27 af
642 810 144 28 ofvanberörd
808 810 134 21 alkoholhalt

331 846 52 21 böra
398 846 35 28 för
448 846 196 22 nästinstundande
656 846 35 21 två
702 845 181 29 försäljningsår,
896 851 45 15 som

332 881 105 21 beräknas
459 882 53 27 från
534 882 37 21 och
590 881 48 21 med
656 882 40 20 den
715 882 13 20 1
747 881 63 24 Juni,
828 881 112 28 upplåtas,

332 916 109 27 äfvensom
463 916 8 20 i
493 916 72 21 hvilka
588 916 82 21 trakter
688 916 28 27 af
731 916 76 21 staden
826 916 116 20 utminute-

332 950 140 28 ringsställen
487 951 46 20 icke
548 950 25 28 få
588 950 78 28 finnas.

400 984 90 21 Besluta
508 984 197 28 stadsfullmäktige
724 985 52 20 eller
790 984 152 22 rådhusstäm-

332 1026 42 17 ma,
394 1022 32 18 att
444 1020 154 27 utminutering
617 1019 46 21 icke
682 1019 56 21 skall
757 1026 39 20 ega
815 1026 54 20 rum,
891 1020 53 20 eller

333 1056 25 18 är
372 1054 116 27 magistrat
502 1054 47 20 med
563 1054 199 27 stadsfullmäktige
777 1054 52 20 eller
844 1054 96 21 rådhus-

332 1090 92 18 stämma
436 1094 48 15 ense
496 1088 111 28 angående
618 1088 192 28 utminuteringens
823 1088 120 27 ordnande,

332 1122 64 28 blifve
412 1123 75 21 dervid
501 1122 107 22 beroende.
631 1122 13 20 1
659 1126 68 18 annat
741 1123 44 27 fall
799 1123 144 28 öfverlemnar

333 1158 139 26 magistraten
496 1158 88 20 ärendet
606 1157 35 21 till
666 1157 145 27 Guvernören,
830 1164 45 14 som
896 1165 47 20 eger

332 1192 47 20 deri
397 1191 92 26 besluta;
508 1192 53 21 dock
579 1192 35 21 må
630 1192 81 20 antalet
727 1192 215 28 utminuteringsrät-

332 1226 88 28 tigheter
438 1226 22 28 ej
477 1226 127 22 bestämmas
618 1226 64 28 högre
698 1228 29 19 än
742 1227 201 27 stadsfullmäktige

333 1260 52 20 eller
400 1260 175 20 rådhässtämma
587 1260 89 26 pröfvat
692 1260 107 28 lämpligt.

264 1304 140 29 Helsingfors,
420 1305 40 21 den
476 1306 13 20 2
503 1305 43 27 Maj
564 1305 60 22 1900.

264 1357 19 21 I.
299 1357 29 21 M.
343 1357 120 28 Tallgren.
599 1357 29 22 K.
643 1357 25 23 0.
684 1358 101 22 Fontell.

264 1392 22 22 J.
302 1392 19 22 I.
339 1392 147 22 Gummerus.
600 1392 72 22 Ludv.
686 1392 187 23 Wennerström.

264 1427 52 23 Uno
332 1427 106 22 Bremer.
599 1428 93 26 August
707 1427 87 23 Perho.

279 1502 123 23 Helsingfors,
414 1502 135 19 Frenckellska
561 1489 235 41 Tryckeri-Aktiebolaget,
810 1489 54 41 1900.
