1092 1748
320 172 276 23 Petitionsbetänkande
613 172 45 23 N:o
672 173 35 21 14.
830 174 26 19 55

133 239 67 22 tviflas,
220 240 97 22 synnerhet
329 246 40 12 som
381 240 115 23 Kyröskoski
508 242 51 16 stora
567 238 137 25 pappersbruk,
710 240 56 18 hvars
775 240 112 23 produktion

132 268 69 23 årligen
217 268 54 24 stiger
283 269 28 17 till
323 269 51 17 cirka
385 269 40 23 2'/,
437 269 82 22 miljoner
530 269 37 17 kilo
578 274 74 18 papper,
666 271 48 15 samt
726 270 10 16 3
748 270 91 22 ångsågar
850 269 36 18 och

132 297 11 17 3
162 296 96 24 tegelbruk
275 297 6 17 i
299 299 38 16 stor
355 297 46 23 grad
415 298 75 17 komma
505 300 28 15 att
545 297 35 18 öka
592 297 111 18 densamma.
728 298 43 17 Men
783 297 58 18 ehuru
855 297 30 19 vid

132 324 67 19 sådant
211 325 115 19 förhållande
338 326 11 18 å
361 326 59 18 denna
432 326 48 18 bana
491 326 36 18 kan
540 326 94 18 förväntas
647 326 35 18 den
694 328 47 16 mest
752 326 58 23 lifliga
823 326 63 22 trafik,

131 353 35 18 har
184 354 166 23 järnvägskomitén
367 354 55 18 likväl
439 354 104 23 inrangerat
558 354 35 18 den
605 354 6 18 i
623 354 57 22 tredje
692 360 82 18 gruppen
786 355 35 17 och
833 360 21 12 en
866 354 20 18 af

131 382 92 18 komiténs
242 382 99 19 ledamöter
359 383 28 17 uti
405 384 26 17 sin
449 384 111 17 reservation
577 383 6 18 i
600 383 58 18 andra
673 383 125 23 bangruppen,
810 383 74 18 hvilken

131 410 123 19 vilseledande
271 411 184 24 gruppering
388 406 9 34 .
403 411 52 24 borde
473 411 67 19 ändras
558 411 76 22 därhän,
646 413 28 16 att
686 412 139 23 ifrågavarande
837 412 48 18 bana

132 439 126 24 uppflyttades
276 440 28 18 till
319 441 60 17 första
393 446 88 18 gruppen,
498 440 27 18 dit
537 440 34 19 den
583 441 25 23 på
619 439 61 25 grund
691 440 20 18 af
722 440 110 23 nyssnämdt
844 440 40 19 skäl

131 469 118 24 ovilkorligen
260 470 59 18 hörer.

199 498 27 19 På
244 499 61 23 grund
323 500 18 17 af
358 500 50 18 hvad
425 500 55 18 ofvan
498 500 70 19 anförts
587 500 81 18 anhåller
685 500 32 23 jag
732 500 111 22 ödmjukast,
856 502 28 16 att

130 527 114 19 hedervärda
262 528 77 18 Ständet
357 528 42 18 ville
415 528 98 19 samvärka
529 528 41 18 med
588 528 38 24 mig
643 528 27 18 till
688 535 21 12 en
724 529 76 23 petition
812 528 72 18 därom:

405 588 30 16 att
449 586 137 19 instrumental
600 587 143 23 undersökning
755 585 59 19 måtte
826 587 56 17 värk-

336 615 71 17 ställas
422 616 60 17 redan
495 616 46 22 före
552 617 59 16 nästa
624 615 94 23 landtdag
728 616 36 22 för
777 615 107 23 byggandet

336 644 27 22 af
373 650 22 11 en
403 644 84 22 järnväg
497 642 51 24 från
558 644 78 18 trakten
646 644 26 22 af
679 644 63 17 Ikalis
752 644 69 22 köping
831 649 51 13 even-

336 672 48 18 tuelt
395 672 31 18 till
438 672 88 18 Kulovesi
537 673 45 17 eller
594 672 60 23 Epilä
666 672 104 22 haltpunki
776 679 7 13 ;
792 674 51 16 samt
853 674 31 16 att

335 701 31 17 till
385 701 229 18 nästsammanträdande
632 700 81 18 Ständer
728 698 58 20 måtte
804 698 79 25 aflätas

335 727 59 25 nådig
406 730 117 22 proposition
535 727 99 25 angående
646 729 105 23 byggandet
766 732 22 20 af
798 730 22 16 en
826 730 56 21 järn-

335 761 36 19 väg
389 758 55 23 längs
463 758 35 18 den
516 758 48 22 linje,
583 763 39 13 som
639 759 31 17 vid
686 758 34 18 den
733 758 149 18 instrumentala

335 786 164 23 undersökningen
513 787 99 23 befunnits
624 786 160 23 fördelaktigare.

198 838 122 23 Helsingfors,
333 837 35 19 den
380 839 9 16 7
402 838 89 18 Februari
504 838 48 18 1900.

645 890 18 23 J.
679 889 19 23 R.
714 889 99 24 Forsman.

295 1085 48 18 Till
355 1084 134 24 vällofliga
501 1083 217 24 Borgareståndet.

197 1142 68 18 Staden
283 1142 82 23 Nystads
384 1142 55 18 behof
457 1142 19 18 af
491 1144 28 17 att
530 1143 75 17 komma
616 1142 6 17 i
634 1141 110 19 förbindelse
756 1141 42 19 med
810 1141 70 18 landets

126 1171 120 24 järnvägsnät
261 1171 34 18 har
311 1171 56 18 redan
379 1171 36 18 fått
427 1171 76 23 uttryck
515 1172 5 17 i
533 1174 27 15 tre
572 1171 100 24 petitioner,
685 1177 39 12 som
736 1171 6 17 i
754 1170 66 18 sådant
833 1170 48 23 syfte

127 1199 98 19 inlämnats
242 1200 27 17 till
284 1200 73 18 ståndet
369 1199 30 18 vid
411 1199 132 24 landtdagarne
557 1199 49 22 1891,
619 1199 45 18 1894
676 1199 34 18 och
723 1199 49 18 1897.
797 1199 40 17 Den
850 1198 30 18 vid

128 1227 101 19 sistnämda
241 1228 88 23 landtdag
340 1227 104 18 aflämnade
456 1228 97 23 petitionen
565 1227 99 18 affattades
677 1227 19 18 af
707 1227 105 18 dåvarande
821 1233 59 17 repre-

127 1259 96 16 sentanten
234 1257 29 18 för
275 1257 74 23 Nystad
361 1257 50 18 Herr
423 1252 160 28 Öfveringeniören
594 1256 89 23 Tallqvist
694 1255 76 22 därbän,
782 1257 28 16 att
821 1255 60 18 denna

127 1285 42 18 stad
186 1285 40 18 icke
244 1285 67 22 vidare,
329 1286 61 17 såsom
406 1285 31 18 vid
453 1285 68 18 nämda
533 1285 76 23 tidigare
620 1284 110 23 landtdagar
742 1285 55 21 skett,
809 1285 71 22 petitio-

126 1314 67 18 nerade
205 1321 30 12 om
245 1315 76 22 järnväg
329 1315 42 17 från
380 1314 74 23 Nystad
464 1315 27 17 till
501 1314 85 23 Peipohja
596 1314 67 17 station
678 1314 5 17 å
692 1313 188 23 Björneborgsbanan,

126 1344 45 17 utan
189 1348 30 13 om
235 1343 114 18 anställande
360 1344 24 22 på
395 1343 121 18 statsvärkets
528 1342 102 19 bekostnad
642 1342 20 17 af
673 1342 129 18 instrumental
814 1341 66 18 under-

126 1372 79 22 sökning
222 1372 29 17 för
267 1372 98 22 byggande
379 1372 20 17 af
409 1372 77 22 järnväg
497 1372 42 17 från
551 1367 41 22 Åbo
604 1377 65 16 genom
680 1371 73 22 Nystad
767 1371 27 17 till
806 1371 74 17 Raumo

126 1399 43 19 eller
187 1401 60 22 någon
264 1400 75 23 lämplig
357 1399 174 23 anslutningspunkt
547 1399 25 23 på
586 1398 73 19 Raumo
670 1399 61 17 banan
742 1398 96 18 äfvensom
850 1403 31 12 om

125 1427 130 26 föreläggande
267 1429 20 18 af
297 1428 56 23 nådig
365 1428 111 24 proposition
483 1428 30 18 för
522 1427 47 18 först
578 1426 58 25 därpå
644 1426 173 19 sammanträdande
825 1427 54 18 Stän-

126 1456 32 20 der
176 1463 31 13 om
224 1463 22 12 en
264 1457 58 18 sådan
338 1457 58 18 banas
413 1456 102 24 byggande.
544 1455 96 24 Sistsagda
655 1456 81 23 petition,
748 1461 40 13 som
801 1454 78 19 sålunda

126 1487 84 24 åsyftade
222 1487 113 18 tillkomsten
347 1486 20 18 af
378 1492 22 12 en
411 1486 49 18 bana
470 1485 31 20 för
512 1486 62 18 västra
586 1485 51 18 delen
646 1485 19 18 af
674 1480 41 23 Åbo
724 1485 36 21 län,
769 1479 111 35 omfattades

194 1528 186 23 Järnvägsutskottets
392 1527 111 18 betänkande
515 1526 37 18 N:o
564 1527 18 17 2.
