1064 1700
324 155 250 23 Petitionsbetänkande
589 156 37 22 N:o
643 156 32 22 13.
849 158 28 21 27

195 216 33 22 Dä
245 217 112 24 Utskottet
375 220 106 22 erkänner
499 222 32 20 att
549 222 30 20 ett
594 220 184 22 missförhällande
793 220 85 22 förefin-

125 256 38 16 nes
178 251 133 29 därutinnan,
327 255 32 20 att
375 260 75 20 genom
463 254 164 27 söndagsarbete
637 260 26 15 en
675 254 34 22 del
719 255 24 21 af
751 255 127 27 personalen

125 283 88 23 hindras
228 288 31 19 att
273 286 54 27 begä
343 287 108 27 söndagen
466 288 29 26 sä,
512 294 45 15 som
571 288 50 22 dess
635 288 182 27 trosuppfattning
832 289 47 27 bju-

125 317 45 26 der,
189 324 49 17 men
258 320 19 27 ej
296 321 36 21 vill
349 321 114 25 godkänna
478 328 25 15 en
518 322 119 26 minskning
651 321 25 22 af
685 322 193 27 järnvägstrafiken

127 358 35 16 om
177 354 139 27 söndagarna,
331 355 40 22 har
386 355 37 21 det
437 358 43 20 sett
495 356 31 26 sig
541 357 88 25 tvunget
643 357 32 21 att
689 356 81 27 päyrka
785 356 93 21 ökandet

125 386 24 22 af
169 386 152 29 järnvägarnas
344 389 181 28 tjenstepersonal.
554 390 39 21 Att
615 390 59 21 detta
695 390 69 22 skulle
783 390 95 21 medföra

125 422 60 20 stora
207 422 38 21 och
268 423 71 21 städse
358 422 69 23 ökade
445 424 92 27 utgifter,
553 426 24 19 är
591 424 108 27 naturligt,
715 424 40 22 och
771 424 106 22 dessutom

126 455 74 26 gjorde
223 456 68 22 denna
312 458 127 28 anordning,
457 460 33 20 att
505 458 39 22 den
560 458 87 27 söndag,
663 458 27 22 dä
705 464 40 15 ena
760 458 81 22 hälften
857 458 22 22 af

123 489 226 29 järnvägspersonalen
371 498 51 16 vore
444 493 63 27 ledig,
526 492 67 22 blefve
612 494 77 25 ytterst
705 492 125 27 arbetsdryg
845 492 33 22 för

127 524 26 22 de
168 525 73 27 öfriga.

194 560 34 22 Då
241 560 73 23 vidare
330 561 26 22 de
372 561 124 22 obestämda
510 562 97 27 päbuden
623 568 34 15 om
673 563 33 20 att
721 561 39 27 ,,så
772 561 45 21 vidt
826 561 51 28 möj-

125 593 52 28 ligt"
196 595 163 27 söndagshvilan
378 597 23 21 sä
420 597 39 20 och
477 597 24 21 sä
516 596 44 22 ofta
575 597 66 21 måtte
656 596 101 21 förunnas
769 595 110 28 järnvägs-

125 629 131 27 personalen,
273 630 54 21 visat
341 630 32 27 sig
388 637 51 15 vara
454 633 50 20 utan
519 630 95 28 äsyftadt
627 631 98 26 resultat,
736 630 67 22 borde
813 630 65 27 enligt

126 663 39 22 vär
181 663 140 28 öfvertygelse
336 665 82 22 landets
433 665 92 22 Ständer
539 665 86 22 anhålla
640 665 80 26 därom,
735 666 32 20 att
782 665 96 26 godstra-

125 697 56 22 fiken
204 699 67 20 under
293 700 134 27 söndagarna
449 699 45 22 helt
511 699 68 22 skulle
597 699 103 28 upphöra,
721 699 39 22 och
779 699 26 22 då
823 698 56 22 hvad

126 733 228 26 passageraretrafiken
376 734 65 27 angär
463 734 148 28 utvecklingen
630 740 61 21 synes
707 733 27 27 gä
749 734 7 21 i
771 734 40 21 den
827 734 51 21 rikt-

125 767 57 26 ning,
199 769 32 19 att
246 768 92 22 nämnda
353 769 63 20 trafik
432 775 34 15 om
485 769 132 27 söndagarna
632 769 41 21 blir
688 769 27 20 än
729 774 59 15 mera
802 768 77 21 betun-

126 801 69 27 gande
211 803 26 20 än
253 802 68 22 under
337 803 179 27 söckendagarna,
531 803 66 22 borde
607 809 48 15 man
667 802 63 22 ocksä
740 803 7 21 i
758 803 59 21 detta
827 802 51 21 hän-

125 837 78 20 seende
218 837 54 21 inslä
287 844 26 15 en
329 844 28 21 ny
371 838 99 27 riktning.

194 871 57 21 Fullt
274 872 113 21 medvetna
408 872 81 27 därom,
511 874 33 20 att
563 879 26 15 en
609 871 57 28 dylik
688 872 78 21 reform
783 872 36 21 vid
838 849 40 44 den

126 906 121 27 utveckling
261 907 52 21 våra
326 906 115 28 järnvägar
456 907 65 22 redan
535 907 81 26 vunnit,
631 907 18 27 ej
664 909 23 19 är
697 907 40 21 lätt
747 905 130 28 genomförd,

129 946 47 15 men
190 940 78 27 jämväl
284 941 49 22 fullt
345 941 136 27 öfvertygade
491 943 80 25 därom,
582 943 32 20 att
624 941 92 22 nämnda
725 941 77 22 reform
812 941 67 20 redan

128 977 24 19 är
163 975 39 21 och
215 975 106 28 framgent
331 978 26 19 än
369 982 57 15 mera
436 975 42 22 blir
488 982 25 15 en
524 976 105 27 bjudande
643 975 163 27 nödvändighet,
816 975 63 21 hvars

126 1009 167 27 genomförande
307 1010 42 21 blir
364 1010 85 21 svårare
462 1010 24 27 ju
500 1011 73 26 längre
589 1010 39 21 den
644 1011 132 26 uppskjutes,
791 1009 54 27 våga
859 1008 20 21 vi

127 1043 109 22 vördsamt
251 1044 84 27 föreslå,
351 1046 32 19 att
398 1044 83 22 landets
497 1044 90 22 Ständer
601 1044 65 21 måtte
682 1044 73 21 förena
765 1045 33 26 sig
809 1049 34 16 om
853 1049 26 15 en

126 1078 91 27 petition
239 1079 79 26 därom,
338 1081 32 18 att
387 1078 132 28 Regeringen
537 1079 65 21 måtte
621 1078 86 27 vidtaga
722 1077 110 28 energiska
847 1077 32 22 åt-

127 1112 76 27 gärder
218 1113 91 22 ledande
325 1112 88 26 därhän,

333 1177 32 20 att
379 1176 70 22 under
465 1176 24 21 de
504 1175 107 29 egentliga
625 1175 140 28 söndagarna
780 1174 30 22 all
819 1174 60 28 gods-

266 1209 63 28 trafik
348 1210 14 21 &
376 1210 25 22 de
419 1210 70 27 finska
507 1210 202 28 statsjärnvägarna
727 1209 36 21 må
781 1208 99 22 inställas

266 1244 38 22 och
316 1245 155 27 persontågens
486 1244 60 22 antal
560 1244 25 22 så
599 1244 46 21 vidt
658 1244 85 28 möjligt
756 1243 101 22 minskas.

197 1314 45 22 Elis
258 1314 115 27 Bergroth.
574 1313 24 23 A.
614 1313 107 23 Auvinen.

197 1354 51 22 Edv.
266 1353 105 22 Hannula.
573 1352 21 22 F.
611 1352 28 22 W.
656 1352 117 22 Sundwall.

197 1392 23 23 N.
237 1392 22 23 E.
276 1392 125 29 Huoponen.
572 1392 53 28 Yrjö
640 1392 104 22 Halonen.

198 1491 100 18 Allmänna
311 1490 172 19 Besvärsutskottets
495 1490 110 18 betänkande
617 1489 33 18 N:o
663 1490 26 16 11.
