<?xml version="1.0" encoding="UTF-8"?>
<alto xmlns="http://www.loc.gov/standards/alto/ns-v3#" xmlns:xlink="http://www.w3.org/1999/xlink" xmlns:xsi="http://www.w3.org/2001/XMLSchema-instance" xsi:schemaLocation="http://www.loc.gov/standards/alto/ns-v3# http://www.loc.gov/alto/v3/alto-3-0.xsd">
	<Description>
		<MeasurementUnit>pixel</MeasurementUnit>
		<sourceImageInformation>
			<fileName>/tmp/tess_l4v8bqaa_input.PNG</fileName>
		</sourceImageInformation>
		<OCRProcessing ID="OCR_0">
			<ocrProcessingStep>
				<processingSoftware>
					<softwareName>tesseract 5.3.4</softwareName>
				</processingSoftware>
			</ocrProcessingStep>
		</OCRProcessing>
	</Description>
	<Layout>
		<Page WIDTH="1061" HEIGHT="1703" PHYSICAL_IMG_NR="0" ID="page_0">
			<PrintSpace HPOS="0" VPOS="0" WIDTH="1061" HEIGHT="1703">
				<ComposedBlock ID="cblock_0" HPOS="183" VPOS="154" WIDTH="552" HEIGHT="26">
					<TextBlock ID="block_0" HPOS="183" VPOS="154" WIDTH="552" HEIGHT="26">
						<TextLine ID="line_0" HPOS="183" VPOS="154" WIDTH="552" HEIGHT="26">
							<String ID="string_0" HPOS="183" VPOS="159" WIDTH="27" HEIGHT="21" WC="0.96" CONTENT="10"/><SP WIDTH="171" VPOS="159" HPOS="210"/>
							<String ID="string_1" HPOS="381" VPOS="155" WIDTH="249" HEIGHT="23" WC="0.91" CONTENT="Petitionsbetänkande"/><SP WIDTH="17" VPOS="155" HPOS="630"/>
							<String ID="string_2" HPOS="647" VPOS="154" WIDTH="39" HEIGHT="23" WC="0.96" CONTENT="N:o"/><SP WIDTH="17" VPOS="154" HPOS="686"/>
							<String ID="string_3" HPOS="703" VPOS="154" WIDTH="32" HEIGHT="22" WC="0.96" CONTENT="16."/>
						</TextLine>
					</TextBlock>
				</ComposedBlock>
				<ComposedBlock ID="cblock_1" HPOS="181" VPOS="216" WIDTH="756" HEIGHT="203">
					<TextBlock ID="block_1" HPOS="181" VPOS="216" WIDTH="756" HEIGHT="203">
						<TextLine ID="line_1" HPOS="181" VPOS="216" WIDTH="755" HEIGHT="31">
							<String ID="string_4" HPOS="181" VPOS="222" WIDTH="25" HEIGHT="20" WC="0.96" CONTENT="så"/><SP WIDTH="21" VPOS="222" HPOS="206"/>
							<String ID="string_5" HPOS="227" VPOS="223" WIDTH="51" HEIGHT="24" WC="0.96" CONTENT="stor,"/><SP WIDTH="23" VPOS="223" HPOS="278"/>
							<String ID="string_6" HPOS="301" VPOS="222" WIDTH="32" HEIGHT="19" WC="0.96" CONTENT="att"/><SP WIDTH="22" VPOS="222" HPOS="333"/>
							<String ID="string_7" HPOS="355" VPOS="220" WIDTH="40" HEIGHT="21" WC="0.96" CONTENT="den"/><SP WIDTH="24" VPOS="220" HPOS="395"/>
							<String ID="string_8" HPOS="419" VPOS="220" WIDTH="65" HEIGHT="21" WC="0.96" CONTENT="borde"/><SP WIDTH="23" VPOS="220" HPOS="484"/>
							<String ID="string_9" HPOS="507" VPOS="220" WIDTH="138" HEIGHT="27" WC="0.95" CONTENT="omöjliggöra"/><SP WIDTH="22" VPOS="220" HPOS="645"/>
							<String ID="string_10" HPOS="667" VPOS="224" WIDTH="26" HEIGHT="15" WC="0.93" CONTENT="en"/><SP WIDTH="22" VPOS="224" HPOS="693"/>
							<String ID="string_11" HPOS="715" VPOS="218" WIDTH="27" HEIGHT="28" WC="0.86" CONTENT="afj"/><SP WIDTH="14" VPOS="218" HPOS="742"/>
							<String ID="string_12" HPOS="756" VPOS="217" WIDTH="111" HEIGHT="27" WC="0.96" CONTENT="praktiska"/><SP WIDTH="21" VPOS="217" HPOS="867"/>
							<String ID="string_13" HPOS="888" VPOS="216" WIDTH="48" HEIGHT="22" WC="0.96" CONTENT="skäl"/>
						</TextLine>
						<TextLine ID="line_2" HPOS="182" VPOS="250" WIDTH="753" HEIGHT="32">
							<String ID="string_14" HPOS="182" VPOS="255" WIDTH="105" HEIGHT="21" WC="0.96" CONTENT="önskvärd"/><SP WIDTH="16" VPOS="255" HPOS="287"/>
							<String ID="string_15" HPOS="303" VPOS="254" WIDTH="39" HEIGHT="22" WC="0.96" CONTENT="och"/><SP WIDTH="15" VPOS="254" HPOS="342"/>
							<String ID="string_16" HPOS="357" VPOS="254" WIDTH="61" HEIGHT="28" WC="0.93" CONTENT="länge"/><SP WIDTH="17" VPOS="254" HPOS="418"/>
							<String ID="string_17" HPOS="435" VPOS="254" WIDTH="149" HEIGHT="22" WC="0.91" CONTENT="eftersträfvad"/><SP WIDTH="15" VPOS="254" HPOS="584"/>
							<String ID="string_18" HPOS="599" VPOS="253" WIDTH="85" HEIGHT="26" WC="0.95" CONTENT="reform,"/><SP WIDTH="17" VPOS="253" HPOS="684"/>
							<String ID="string_19" HPOS="701" VPOS="253" WIDTH="38" HEIGHT="21" WC="0.96" CONTENT="har"/><SP WIDTH="15" VPOS="253" HPOS="739"/>
							<String ID="string_20" HPOS="754" VPOS="252" WIDTH="123" HEIGHT="21" WC="0.93" CONTENT="Utskottets"/><SP WIDTH="10" VPOS="252" HPOS="877"/>
							<String ID="string_21" HPOS="887" VPOS="250" WIDTH="48" HEIGHT="22" WC="0.93" CONTENT="fler-"/>
						</TextLine>
						<TextLine ID="line_3" HPOS="182" VPOS="286" WIDTH="753" HEIGHT="29">
							<String ID="string_22" HPOS="182" VPOS="290" WIDTH="30" HEIGHT="20" WC="0.96" CONTENT="tal"/><SP WIDTH="22" VPOS="290" HPOS="212"/>
							<String ID="string_23" HPOS="234" VPOS="291" WIDTH="70" HEIGHT="20" WC="0.96" CONTENT="ansett"/><SP WIDTH="15" VPOS="291" HPOS="304"/>
							<String ID="string_24" HPOS="319" VPOS="290" WIDTH="32" HEIGHT="25" WC="0.96" CONTENT="sig"/><SP WIDTH="17" VPOS="290" HPOS="351"/>
							<String ID="string_25" HPOS="368" VPOS="289" WIDTH="72" HEIGHT="21" WC="0.96" CONTENT="kunna"/><SP WIDTH="15" VPOS="289" HPOS="440"/>
							<String ID="string_26" HPOS="455" VPOS="289" WIDTH="32" HEIGHT="21" WC="0.96" CONTENT="till"/><SP WIDTH="16" VPOS="289" HPOS="487"/>
							<String ID="string_27" HPOS="503" VPOS="289" WIDTH="42" HEIGHT="21" WC="0.95" CONTENT="alla"/><SP WIDTH="15" VPOS="289" HPOS="545"/>
							<String ID="string_28" HPOS="560" VPOS="288" WIDTH="59" HEIGHT="21" WC="0.96" CONTENT="delar"/><SP WIDTH="14" VPOS="288" HPOS="619"/>
							<String ID="string_29" HPOS="633" VPOS="288" WIDTH="73" HEIGHT="20" WC="0.96" CONTENT="förena"/><SP WIDTH="15" VPOS="288" HPOS="706"/>
							<String ID="string_30" HPOS="721" VPOS="288" WIDTH="32" HEIGHT="26" WC="0.96" CONTENT="sig"/><SP WIDTH="15" VPOS="288" HPOS="753"/>
							<String ID="string_31" HPOS="768" VPOS="292" WIDTH="35" HEIGHT="15" WC="0.96" CONTENT="om"/><SP WIDTH="15" VPOS="292" HPOS="803"/>
							<String ID="string_32" HPOS="818" VPOS="286" WIDTH="26" HEIGHT="22" WC="0.93" CONTENT="de"/><SP WIDTH="14" VPOS="286" HPOS="844"/>
							<String ID="string_33" HPOS="858" VPOS="286" WIDTH="77" HEIGHT="26" WC="0.92" CONTENT="yrkan-"/>
						</TextLine>
						<TextLine ID="line_4" HPOS="183" VPOS="320" WIDTH="754" HEIGHT="30">
							<String ID="string_34" HPOS="183" VPOS="324" WIDTH="39" HEIGHT="20" WC="0.96" CONTENT="den"/><SP WIDTH="20" VPOS="324" HPOS="222"/>
							<String ID="string_35" HPOS="242" VPOS="330" WIDTH="44" HEIGHT="15" WC="0.93" CONTENT="som"/><SP WIDTH="20" VPOS="330" HPOS="286"/>
							<String ID="string_36" HPOS="306" VPOS="324" WIDTH="103" HEIGHT="26" WC="0.92" CONTENT="uppstälts"/><SP WIDTH="17" VPOS="324" HPOS="409"/>
							<String ID="string_37" HPOS="426" VPOS="323" WIDTH="22" HEIGHT="21" WC="0.93" CONTENT="af"/><SP WIDTH="14" VPOS="323" HPOS="448"/>
							<String ID="string_38" HPOS="462" VPOS="323" WIDTH="165" HEIGHT="26" WC="0.90" CONTENT="petitionärerne"/><SP WIDTH="15" VPOS="323" HPOS="627"/>
							<String ID="string_39" HPOS="642" VPOS="322" WIDTH="7" HEIGHT="21" WC="0.93" CONTENT="i"/><SP WIDTH="16" VPOS="322" HPOS="649"/>
							<String ID="string_40" HPOS="665" VPOS="321" WIDTH="169" HEIGHT="26" WC="0.91" CONTENT="Presteståndet,"/><SP WIDTH="16" VPOS="321" HPOS="834"/>
							<String ID="string_41" HPOS="850" VPOS="320" WIDTH="39" HEIGHT="22" WC="0.96" CONTENT="och"/><SP WIDTH="14" VPOS="320" HPOS="889"/>
							<String ID="string_42" HPOS="903" VPOS="320" WIDTH="34" HEIGHT="21" WC="0.96" CONTENT="får"/>
						</TextLine>
						<TextLine ID="line_5" HPOS="182" VPOS="355" WIDTH="753" HEIGHT="29">
							<String ID="string_43" HPOS="182" VPOS="357" WIDTH="110" HEIGHT="22" WC="0.92" CONTENT="Utskottet"/><SP WIDTH="23" VPOS="357" HPOS="292"/>
							<String ID="string_44" HPOS="315" VPOS="357" WIDTH="56" HEIGHT="27" WC="0.92" CONTENT="förty"/><SP WIDTH="21" VPOS="357" HPOS="371"/>
							<String ID="string_45" HPOS="392" VPOS="357" WIDTH="109" HEIGHT="22" WC="0.93" CONTENT="vördsamt"/><SP WIDTH="22" VPOS="357" HPOS="501"/>
							<String ID="string_46" HPOS="523" VPOS="357" WIDTH="118" HEIGHT="25" WC="0.92" CONTENT="hemställa,"/><SP WIDTH="26" VPOS="357" HPOS="641"/>
							<String ID="string_47" HPOS="667" VPOS="357" WIDTH="36" HEIGHT="20" WC="0.96" CONTENT="det"/><SP WIDTH="14" VPOS="357" HPOS="703"/>
							<String ID="string_48" HPOS="717" VPOS="356" WIDTH="49" HEIGHT="21" WC="0.96" CONTENT="ville"/><SP WIDTH="15" VPOS="356" HPOS="766"/>
							<String ID="string_49" HPOS="781" VPOS="355" WIDTH="83" HEIGHT="21" WC="0.93" CONTENT="landets"/><SP WIDTH="15" VPOS="355" HPOS="864"/>
							<String ID="string_50" HPOS="879" VPOS="355" WIDTH="56" HEIGHT="26" WC="0.92" CONTENT="Hög-"/>
						</TextLine>
						<TextLine ID="line_6" HPOS="182" VPOS="389" WIDTH="754" HEIGHT="30">
							<String ID="string_51" HPOS="182" VPOS="392" WIDTH="72" HEIGHT="27" WC="0.92" CONTENT="lofliga"/><SP WIDTH="22" VPOS="392" HPOS="254"/>
							<String ID="string_52" HPOS="276" VPOS="392" WIDTH="91" HEIGHT="21" WC="0.92" CONTENT="Ständer"/><SP WIDTH="18" VPOS="392" HPOS="367"/>
							<String ID="string_53" HPOS="385" VPOS="391" WIDTH="73" HEIGHT="22" WC="0.96" CONTENT="förena"/><SP WIDTH="15" VPOS="391" HPOS="458"/>
							<String ID="string_54" HPOS="473" VPOS="392" WIDTH="32" HEIGHT="27" WC="0.96" CONTENT="sig"/><SP WIDTH="15" VPOS="392" HPOS="505"/>
							<String ID="string_55" HPOS="520" VPOS="398" WIDTH="33" HEIGHT="15" WC="0.97" CONTENT="om"/><SP WIDTH="16" VPOS="398" HPOS="553"/>
							<String ID="string_56" HPOS="569" VPOS="398" WIDTH="26" HEIGHT="15" WC="0.93" CONTENT="en"/><SP WIDTH="15" VPOS="398" HPOS="595"/>
							<String ID="string_57" HPOS="610" VPOS="390" WIDTH="131" HEIGHT="27" WC="0.92" CONTENT="underdånig"/><SP WIDTH="15" VPOS="390" HPOS="741"/>
							<String ID="string_58" HPOS="756" VPOS="390" WIDTH="86" HEIGHT="27" WC="0.96" CONTENT="petition"/><SP WIDTH="17" VPOS="390" HPOS="842"/>
							<String ID="string_59" HPOS="859" VPOS="389" WIDTH="7" HEIGHT="22" WC="0.96" CONTENT="i"/><SP WIDTH="15" VPOS="389" HPOS="866"/>
							<String ID="string_60" HPOS="881" VPOS="389" WIDTH="55" HEIGHT="26" WC="0.96" CONTENT="syfte"/>
						</TextLine>
					</TextBlock>
				</ComposedBlock>
				<ComposedBlock ID="cblock_2" HPOS="320" VPOS="469" WIDTH="617" HEIGHT="166">
					<TextBlock ID="block_2" HPOS="320" VPOS="469" WIDTH="617" HEIGHT="166">
						<TextLine ID="line_7" HPOS="389" VPOS="469" WIDTH="547" HEIGHT="29">
							<String ID="string_61" HPOS="389" VPOS="472" WIDTH="30" HEIGHT="20" WC="0.95" CONTENT="att"/><SP WIDTH="23" VPOS="472" HPOS="419"/>
							<String ID="string_62" HPOS="442" VPOS="471" WIDTH="62" HEIGHT="22" WC="0.96" CONTENT="Hans"/><SP WIDTH="22" VPOS="471" HPOS="504"/>
							<String ID="string_63" HPOS="526" VPOS="470" WIDTH="117" HEIGHT="28" WC="0.96" CONTENT="Kejserliga"/><SP WIDTH="16" VPOS="470" HPOS="643"/>
							<String ID="string_64" HPOS="659" VPOS="470" WIDTH="108" HEIGHT="27" WC="0.95" CONTENT="Majestät,"/><SP WIDTH="16" VPOS="470" HPOS="767"/>
							<String ID="string_65" HPOS="783" VPOS="470" WIDTH="47" HEIGHT="21" WC="0.96" CONTENT="med"/><SP WIDTH="14" VPOS="470" HPOS="830"/>
							<String ID="string_66" HPOS="844" VPOS="469" WIDTH="92" HEIGHT="27" WC="0.94" CONTENT="ändring"/>
						</TextLine>
						<TextLine ID="line_8" HPOS="320" VPOS="504" WIDTH="617" HEIGHT="29">
							<String ID="string_67" HPOS="320" VPOS="507" WIDTH="27" HEIGHT="25" WC="0.95" CONTENT="af"/><SP WIDTH="17" VPOS="507" HPOS="347"/>
							<String ID="string_68" HPOS="364" VPOS="513" WIDTH="29" HEIGHT="14" WC="0.96" CONTENT="nu"/><SP WIDTH="21" VPOS="513" HPOS="393"/>
							<String ID="string_69" HPOS="414" VPOS="505" WIDTH="99" HEIGHT="28" WC="0.95" CONTENT="gällande"/><SP WIDTH="23" VPOS="505" HPOS="513"/>
							<String ID="string_70" HPOS="536" VPOS="505" WIDTH="157" HEIGHT="26" WC="0.95" CONTENT="bestämningar"/><SP WIDTH="23" VPOS="505" HPOS="693"/>
							<String ID="string_71" HPOS="716" VPOS="504" WIDTH="108" HEIGHT="27" WC="0.93" CONTENT="angående"/><SP WIDTH="18" VPOS="504" HPOS="824"/>
							<String ID="string_72" HPOS="842" VPOS="504" WIDTH="95" HEIGHT="21" WC="0.91" CONTENT="termins-"/>
						</TextLine>
						<TextLine ID="line_9" HPOS="320" VPOS="538" WIDTH="617" HEIGHT="29">
							<String ID="string_73" HPOS="320" VPOS="540" WIDTH="126" HEIGHT="27" WC="0.92" CONTENT="afgifternas"/><SP WIDTH="16" VPOS="540" HPOS="446"/>
							<String ID="string_74" HPOS="462" VPOS="539" WIDTH="77" HEIGHT="27" WC="0.96" CONTENT="belopp,"/><SP WIDTH="17" VPOS="539" HPOS="539"/>
							<String ID="string_75" HPOS="556" VPOS="539" WIDTH="46" HEIGHT="21" WC="0.96" CONTENT="ville"/><SP WIDTH="19" VPOS="539" HPOS="602"/>
							<String ID="string_76" HPOS="621" VPOS="546" WIDTH="3" HEIGHT="13" WC="0.96" CONTENT="i"/><SP WIDTH="15" VPOS="546" HPOS="624"/>
							<String ID="string_77" HPOS="639" VPOS="539" WIDTH="67" HEIGHT="21" WC="0.96" CONTENT="nåder"/><SP WIDTH="8" VPOS="539" HPOS="706"/>
							<String ID="string_78" HPOS="714" VPOS="538" WIDTH="108" HEIGHT="27" WC="0.96" CONTENT="förordna,"/><SP WIDTH="12" VPOS="538" HPOS="822"/>
							<String ID="string_79" HPOS="834" VPOS="540" WIDTH="31" HEIGHT="20" WC="0.96" CONTENT="att"/><SP WIDTH="10" VPOS="540" HPOS="865"/>
							<String ID="string_80" HPOS="875" VPOS="538" WIDTH="62" HEIGHT="21" WC="0.97" CONTENT="dessa"/>
						</TextLine>
						<TextLine ID="line_10" HPOS="321" VPOS="572" WIDTH="616" HEIGHT="29">
							<String ID="string_81" HPOS="321" VPOS="574" WIDTH="87" HEIGHT="27" WC="0.90" CONTENT="afgifter"/><SP WIDTH="20" VPOS="574" HPOS="408"/>
							<String ID="string_82" HPOS="428" VPOS="574" WIDTH="9" HEIGHT="20" WC="0.96" CONTENT="i"/><SP WIDTH="21" VPOS="574" HPOS="437"/>
							<String ID="string_83" HPOS="458" VPOS="574" WIDTH="97" HEIGHT="27" WC="0.93" CONTENT="samtliga"/><SP WIDTH="28" VPOS="574" HPOS="555"/>
							<String ID="string_84" HPOS="583" VPOS="573" WIDTH="205" HEIGHT="21" WC="0.92" CONTENT="elementarläroverk"/><SP WIDTH="26" VPOS="573" HPOS="788"/>
							<String ID="string_85" HPOS="814" VPOS="573" WIDTH="36" HEIGHT="21" WC="0.93" CONTENT="och"/><SP WIDTH="25" VPOS="573" HPOS="850"/>
							<String ID="string_86" HPOS="875" VPOS="572" WIDTH="62" HEIGHT="28" WC="0.87" CONTENT="frun-"/>
						</TextLine>
						<TextLine ID="line_11" HPOS="321" VPOS="607" WIDTH="456" HEIGHT="28">
							<String ID="string_87" HPOS="321" VPOS="608" WIDTH="161" HEIGHT="22" WC="0.80" CONTENT="timmersskolor"/><SP WIDTH="16" VPOS="608" HPOS="482"/>
							<String ID="string_88" HPOS="498" VPOS="609" WIDTH="64" HEIGHT="21" WC="0.96" CONTENT="måtte"/><SP WIDTH="15" VPOS="609" HPOS="562"/>
							<String ID="string_89" HPOS="577" VPOS="610" WIDTH="74" HEIGHT="25" WC="0.96" CONTENT="utgöra"/><SP WIDTH="15" VPOS="610" HPOS="651"/>
							<String ID="string_90" HPOS="666" VPOS="609" WIDTH="31" HEIGHT="19" WC="0.96" CONTENT="20"/><SP WIDTH="15" VPOS="609" HPOS="697"/>
							<String ID="string_91" HPOS="712" VPOS="607" WIDTH="65" HEIGHT="22" WC="0.96" CONTENT="mark."/>
						</TextLine>
					</TextBlock>
				</ComposedBlock>
				<ComposedBlock ID="cblock_3" HPOS="185" VPOS="779" WIDTH="752" HEIGHT="57">
					<TextBlock ID="block_3" HPOS="185" VPOS="779" WIDTH="752" HEIGHT="57">
						<TextLine ID="line_12" HPOS="253" VPOS="779" WIDTH="684" HEIGHT="28">
							<String ID="string_92" HPOS="253" VPOS="779" WIDTH="140" HEIGHT="28" WC="0.94" CONTENT="Helsingfors,"/><SP WIDTH="16" VPOS="779" HPOS="393"/>
							<String ID="string_93" HPOS="409" VPOS="780" WIDTH="23" HEIGHT="21" WC="0.96" CONTENT="af"/><SP WIDTH="14" VPOS="780" HPOS="432"/>
							<String ID="string_94" HPOS="446" VPOS="780" WIDTH="111" HEIGHT="22" WC="0.93" CONTENT="Allmänna"/><SP WIDTH="16" VPOS="780" HPOS="557"/>
							<String ID="string_95" HPOS="573" VPOS="780" WIDTH="200" HEIGHT="27" WC="0.88" CONTENT="Besvärsutskottet,"/><SP WIDTH="17" VPOS="780" HPOS="773"/>
							<String ID="string_96" HPOS="790" VPOS="780" WIDTH="39" HEIGHT="21" WC="0.96" CONTENT="den"/><SP WIDTH="13" VPOS="780" HPOS="829"/>
							<String ID="string_97" HPOS="842" VPOS="780" WIDTH="27" HEIGHT="21" WC="0.96" CONTENT="14"/><SP WIDTH="11" VPOS="780" HPOS="869"/>
							<String ID="string_98" HPOS="880" VPOS="779" WIDTH="57" HEIGHT="22" WC="0.96" CONTENT="Mars"/>
						</TextLine>
						<TextLine ID="line_13" HPOS="185" VPOS="814" WIDTH="62" HEIGHT="22">
							<String ID="string_99" HPOS="185" VPOS="814" WIDTH="62" HEIGHT="22" WC="0.96" CONTENT="1900."/>
						</TextLine>
					</TextBlock>
				</ComposedBlock>
				<ComposedBlock ID="cblock_4" HPOS="184" VPOS="975" WIDTH="754" HEIGHT="194">
					<TextBlock ID="block_4" HPOS="184" VPOS="975" WIDTH="754" HEIGHT="194">
						<TextLine ID="line_14" HPOS="253" VPOS="975" WIDTH="685" HEIGHT="28">
							<String ID="string_100" HPOS="253" VPOS="975" WIDTH="11" HEIGHT="20" WC="0.96" CONTENT="I"/><SP WIDTH="16" VPOS="975" HPOS="264"/>
							<String ID="string_101" HPOS="280" VPOS="975" WIDTH="97" HEIGHT="22" WC="0.95" CONTENT="ärendets"/><SP WIDTH="16" VPOS="975" HPOS="377"/>
							<String ID="string_102" HPOS="393" VPOS="975" WIDTH="129" HEIGHT="27" WC="0.93" CONTENT="behandling"/><SP WIDTH="15" VPOS="975" HPOS="522"/>
							<String ID="string_103" HPOS="537" VPOS="976" WIDTH="63" HEIGHT="21" WC="0.96" CONTENT="hafva"/><SP WIDTH="16" VPOS="976" HPOS="600"/>
							<String ID="string_104" HPOS="616" VPOS="976" WIDTH="89" HEIGHT="27" WC="0.93" CONTENT="deltagit"/><SP WIDTH="15" VPOS="976" HPOS="705"/>
							<String ID="string_105" HPOS="720" VPOS="975" WIDTH="143" HEIGHT="22" WC="0.93" CONTENT="ordföranden"/><SP WIDTH="12" VPOS="975" HPOS="863"/>
							<String ID="string_106" HPOS="875" VPOS="975" WIDTH="63" HEIGHT="22" WC="0.92" CONTENT="Auvi-"/>
						</TextLine>
						<TextLine ID="line_15" HPOS="184" VPOS="1008" WIDTH="754" HEIGHT="29">
							<String ID="string_107" HPOS="184" VPOS="1016" WIDTH="48" HEIGHT="19" WC="0.92" CONTENT="nen,"/><SP WIDTH="16" VPOS="1016" HPOS="232"/>
							<String ID="string_108" HPOS="248" VPOS="1009" WIDTH="142" HEIGHT="21" WC="0.92" CONTENT="ledamöterne"/><SP WIDTH="16" VPOS="1009" HPOS="390"/>
							<String ID="string_109" HPOS="406" VPOS="1008" WIDTH="149" HEIGHT="28" WC="0.91" CONTENT="Wallensköld,"/><SP WIDTH="16" VPOS="1008" HPOS="555"/>
							<String ID="string_110" HPOS="571" VPOS="1010" WIDTH="33" HEIGHT="20" WC="0.96" CONTENT="W."/><SP WIDTH="15" VPOS="1010" HPOS="604"/>
							<String ID="string_111" HPOS="619" VPOS="1010" WIDTH="91" HEIGHT="25" WC="0.96" CONTENT="Ramsay"/><SP WIDTH="11" VPOS="1010" HPOS="710"/>
							<String ID="string_112" HPOS="721" VPOS="1010" WIDTH="91" HEIGHT="26" WC="0.96" CONTENT="(delvis),"/><SP WIDTH="12" VPOS="1010" HPOS="812"/>
							<String ID="string_113" HPOS="824" VPOS="1010" WIDTH="114" HEIGHT="27" WC="0.96" CONTENT="Törngren,"/>
						</TextLine>
						<TextLine ID="line_16" HPOS="184" VPOS="1042" WIDTH="753" HEIGHT="29">
							<String ID="string_114" HPOS="184" VPOS="1042" WIDTH="28" HEIGHT="21" WC="0.95" CONTENT="U."/><SP WIDTH="16" VPOS="1042" HPOS="212"/>
							<String ID="string_115" HPOS="228" VPOS="1043" WIDTH="104" HEIGHT="26" WC="0.96" CONTENT="Lindelöf,"/><SP WIDTH="13" VPOS="1043" HPOS="332"/>
							<String ID="string_116" HPOS="345" VPOS="1043" WIDTH="23" HEIGHT="21" WC="0.96" CONTENT="E."/><SP WIDTH="11" VPOS="1043" HPOS="368"/>
							<String ID="string_117" HPOS="379" VPOS="1043" WIDTH="111" HEIGHT="27" WC="0.95" CONTENT="Bergroth,"/><SP WIDTH="12" VPOS="1043" HPOS="490"/>
							<String ID="string_118" HPOS="502" VPOS="1044" WIDTH="105" HEIGHT="26" WC="0.96" CONTENT="Hannula,"/><SP WIDTH="12" VPOS="1044" HPOS="607"/>
							<String ID="string_119" HPOS="619" VPOS="1043" WIDTH="127" HEIGHT="27" WC="0.96" CONTENT="Forsström,"/><SP WIDTH="10" VPOS="1043" HPOS="746"/>
							<String ID="string_120" HPOS="756" VPOS="1043" WIDTH="102" HEIGHT="28" WC="0.90" CONTENT="Andsten,"/><SP WIDTH="12" VPOS="1043" HPOS="858"/>
							<String ID="string_121" HPOS="870" VPOS="1043" WIDTH="67" HEIGHT="22" WC="0.93" CONTENT="Sund-"/>
						</TextLine>
						<TextLine ID="line_17" HPOS="185" VPOS="1077" WIDTH="753" HEIGHT="28">
							<String ID="string_122" HPOS="185" VPOS="1077" WIDTH="53" HEIGHT="24" WC="0.92" CONTENT="wall,"/><SP WIDTH="24" VPOS="1077" HPOS="238"/>
							<String ID="string_123" HPOS="262" VPOS="1077" WIDTH="94" HEIGHT="26" WC="0.92" CONTENT="Pentzin,"/><SP WIDTH="20" VPOS="1077" HPOS="356"/>
							<String ID="string_124" HPOS="376" VPOS="1077" WIDTH="96" HEIGHT="22" WC="0.96" CONTENT="Halonen"/><SP WIDTH="17" VPOS="1077" HPOS="472"/>
							<String ID="string_125" HPOS="489" VPOS="1079" WIDTH="90" HEIGHT="26" WC="0.94" CONTENT="(delvis),"/><SP WIDTH="16" VPOS="1079" HPOS="579"/>
							<String ID="string_126" HPOS="595" VPOS="1078" WIDTH="125" HEIGHT="27" WC="0.96" CONTENT="Huoponen,"/><SP WIDTH="17" VPOS="1078" HPOS="720"/>
							<String ID="string_127" HPOS="737" VPOS="1079" WIDTH="113" HEIGHT="26" WC="0.93" CONTENT="Leppänen"/><SP WIDTH="17" VPOS="1079" HPOS="850"/>
							<String ID="string_128" HPOS="867" VPOS="1079" WIDTH="71" HEIGHT="24" WC="0.93" CONTENT="(Libe-"/>
						</TextLine>
						<TextLine ID="line_18" HPOS="185" VPOS="1111" WIDTH="752" HEIGHT="29">
							<String ID="string_129" HPOS="185" VPOS="1111" WIDTH="45" HEIGHT="26" WC="0.92" CONTENT="lits)"/><SP WIDTH="22" VPOS="1111" HPOS="230"/>
							<String ID="string_130" HPOS="252" VPOS="1112" WIDTH="40" HEIGHT="21" WC="0.96" CONTENT="och"/><SP WIDTH="23" VPOS="1112" HPOS="292"/>
							<String ID="string_131" HPOS="315" VPOS="1112" WIDTH="118" HEIGHT="27" WC="0.84" CONTENT="Lindegren"/><SP WIDTH="23" VPOS="1112" HPOS="433"/>
							<String ID="string_132" HPOS="456" VPOS="1111" WIDTH="87" HEIGHT="29" WC="0.96" CONTENT="(delvis)"/><SP WIDTH="22" VPOS="1111" HPOS="543"/>
							<String ID="string_133" HPOS="565" VPOS="1115" WIDTH="55" HEIGHT="19" WC="0.93" CONTENT="samt"/><SP WIDTH="23" VPOS="1115" HPOS="620"/>
							<String ID="string_134" HPOS="643" VPOS="1112" WIDTH="164" HEIGHT="27" WC="0.92" CONTENT="suppleanterne"/><SP WIDTH="19" VPOS="1112" HPOS="807"/>
							<String ID="string_135" HPOS="826" VPOS="1113" WIDTH="111" HEIGHT="26" WC="0.96" CONTENT="Mattsson,"/>
						</TextLine>
						<TextLine ID="line_19" HPOS="185" VPOS="1145" WIDTH="421" HEIGHT="24">
							<String ID="string_136" HPOS="185" VPOS="1145" WIDTH="105" HEIGHT="22" WC="0.92" CONTENT="Wihonen"/><SP WIDTH="16" VPOS="1145" HPOS="290"/>
							<String ID="string_137" HPOS="306" VPOS="1146" WIDTH="39" HEIGHT="21" WC="0.96" CONTENT="och"/><SP WIDTH="16" VPOS="1146" HPOS="345"/>
							<String ID="string_138" HPOS="361" VPOS="1146" WIDTH="65" HEIGHT="22" WC="0.96" CONTENT="delvis"/><SP WIDTH="16" VPOS="1146" HPOS="426"/>
							<String ID="string_139" HPOS="442" VPOS="1146" WIDTH="24" HEIGHT="21" WC="0.96" CONTENT="G."/><SP WIDTH="17" VPOS="1146" HPOS="466"/>
							<String ID="string_140" HPOS="483" VPOS="1147" WIDTH="123" HEIGHT="22" WC="0.95" CONTENT="Schauman."/>
						</TextLine>
					</TextBlock>
				</ComposedBlock>
				<GraphicalElement ID="cblock_5" HPOS="229" VPOS="1481" WIDTH="676" HEIGHT="7"></GraphicalElement >
				<ComposedBlock ID="cblock_6" HPOS="314" VPOS="1494" WIDTH="495" HEIGHT="17">
					<TextBlock ID="block_5" HPOS="314" VPOS="1494" WIDTH="495" HEIGHT="17">
						<TextLine ID="line_20" HPOS="314" VPOS="1494" WIDTH="495" HEIGHT="17">
							<String ID="string_141" HPOS="314" VPOS="1494" WIDTH="102" HEIGHT="17" WC="0.95" CONTENT="Helsingfors,"/><SP WIDTH="11" VPOS="1494" HPOS="416"/>
							<String ID="string_142" HPOS="427" VPOS="1494" WIDTH="57" HEIGHT="13" WC="0.93" CONTENT="Finska"/><SP WIDTH="11" VPOS="1494" HPOS="484"/>
							<String ID="string_143" HPOS="495" VPOS="1494" WIDTH="181" HEIGHT="17" WC="0.92" CONTENT="Litteratursällskapets"/><SP WIDTH="9" VPOS="1494" HPOS="676"/>
							<String ID="string_144" HPOS="685" VPOS="1495" WIDTH="75" HEIGHT="16" WC="0.92" CONTENT="tryckeri,"/><SP WIDTH="10" VPOS="1495" HPOS="760"/>
							<String ID="string_145" HPOS="770" VPOS="1495" WIDTH="39" HEIGHT="13" WC="0.95" CONTENT="1900."/>
						</TextLine>
					</TextBlock>
				</ComposedBlock>
			</PrintSpace>
		</Page>
	</Layout>
</alto>
