1061 1706
397 506 191 27 Reservation.

187 574 122 22 Utskottets
332 574 67 22 flertal
421 576 38 20 har
483 577 92 26 grundat
595 577 37 21 sitt
648 576 111 28 afböjande
775 578 91 22 beslut
855 570 15 38 i

118 608 143 26 föreliggande
276 610 77 20 ärende
368 610 26 26 på
409 610 91 26 följande
516 612 71 20 motiv.

186 642 81 28 Nådiga
289 642 150 28 förordningen
463 651 33 14 om
517 645 52 27 jagt,
584 645 7 21 i
606 645 62 21 hvars
688 646 26 20 23
730 646 11 28 $
755 653 110 20 represen-

118 679 95 19 tanterne
236 677 23 21 P.
282 678 70 25 Aulin,
375 678 25 21 K.
424 679 118 21 Kokkonen
561 686 27 14 m.
603 679 20 21 fl.
638 680 7 20 i
660 680 31 20 till
707 680 159 23 Bondeståndet

116 711 116 21 inlemnadt
253 712 172 28 motionsförslag
440 714 88 26 päyrkat
543 714 89 27 ändring
646 714 7 20 i
668 714 75 22 sädant
761 715 103 27 afseende,

117 747 30 19 att
163 746 39 21 den
218 748 42 20 rätt
277 746 30 22 till
325 747 137 27 begagnande
477 748 22 21 af
512 748 59 22 fällor
583 748 37 22 och
632 755 74 15 snaror
717 748 33 22 för
760 749 105 27 fängande

116 780 22 20 af
155 780 106 27 villebråd,
277 788 46 14 som
339 782 65 26 enligt
419 789 29 14 nu
464 783 95 26 gällande
574 783 34 27 lag
623 785 23 19 är
662 783 118 27 medgifven
796 784 68 28 Lapp-

116 814 97 22 markens
237 815 64 22 härad
324 816 38 21 och
384 816 123 28 Kuolajärvi
522 817 76 21 socken
614 818 7 20 i
636 818 63 20 Kemi
713 818 71 26 härad,
800 819 65 21 mätte

116 850 119 21 utsträekas
258 850 31 21 till
311 850 47 21 hela
379 850 118 28 Uleäborgs
518 851 33 21 län
568 853 54 19 samt
638 852 40 20 den
694 852 33 20 del
742 852 22 21 af
777 852 86 26 Tisalmi,

116 890 47 14 som
178 884 38 21 hör
232 884 30 21 till
275 885 92 21 nämnda
380 885 89 21 sockens
482 892 62 15 norra
553 886 200 22 länsmansdistrikt.
765 887 98 21 Rutakko

116 918 144 27 bönehusgäll,
277 920 40 20 den
332 926 50 14 norr
398 926 33 15 om
449 920 72 26 Syväri
537 920 32 27 sjö
585 920 89 27 belägna
689 920 60 22 delen
767 921 22 21 af
797 922 68 20 Nilsiä

115 952 83 23 socken,
219 953 133 22 Rautavaara
366 954 69 26 kapell
451 956 55 20 samt
521 955 97 25 Nurmes,
634 954 117 27 Pielisjärvi
768 955 39 21 och
822 956 41 20 Ilo-

116 989 69 19 mants
207 988 89 20 socknar
311 988 7 20 i
333 988 85 27 Kuopio
434 989 34 20 län
484 988 108 22 äfvensom
607 988 31 22 till
655 988 74 22 Salmis
744 989 66 21 härad
825 990 38 20 och

116 1021 102 21 Soanlaks
234 1022 77 21 socken
327 1022 7 21 i
349 1022 99 26 Wiborgs
464 1023 40 25 län,
520 1022 37 22 har
571 1022 54 22 först
640 1023 48 21 med
699 1023 72 27 början
783 1023 23 21 af
815 1024 48 20 sist-

115 1055 50 21 lidet
187 1056 23 20 är
233 1056 56 21 trädt
307 1056 6 21 i
329 1056 96 27 gällande
440 1056 62 25 kraft,
518 1057 38 20 och
572 1058 22 19 är
610 1056 35 21 det
660 1056 65 27 enligt
740 1056 101 22 flertalets
857 1058 6 20 i

115 1089 110 22 Utskottet
248 1090 55 27 äsigt
325 1090 45 21 icke
394 1090 97 27 lämpligt
512 1093 30 18 att
564 1090 85 27 vidtaga
664 1090 122 27 förändring
801 1091 22 21 af
836 1097 26 15 en

115 1129 50 21 nyss
188 1123 31 22 till
242 1123 123 22 efterlefnad
388 1124 105 27 päbjuden
515 1125 39 26 lag,
575 1123 42 22 ifall
634 1124 75 21 sådant
723 1125 18 26 ej
758 1127 22 18 är
796 1125 67 21 ound-

115 1157 112 27 gängligen
243 1158 106 27 päkalladt
364 1157 22 22 af
399 1165 75 14 senare
489 1159 109 20 tillkomna
613 1158 50 22 eller
678 1158 57 21 förut
747 1159 116 21 obeaktade

116 1191 185 27 omständigheter.
327 1192 33 21 Dä
375 1193 20 20 vi
410 1193 7 20 i
432 1193 58 20 detta
504 1193 77 21 ärende
596 1192 17 27 ej
631 1192 80 21 kunnat
726 1193 83 20 biträda
821 1193 40 21 den

116 1226 56 26 äsigt
194 1225 121 22 Utskottets
339 1225 67 22 flertal
422 1226 103 26 omfattat,
539 1226 83 23 anhälla
637 1226 20 21 vi
672 1228 32 19 att
718 1227 31 20 till
765 1227 49 21 stöd
829 1226 33 21 för

116 1260 37 20 vär
169 1259 109 22 afvikande
293 1260 87 27 mening
394 1259 20 22 fä
429 1260 74 21 anföra
517 1260 97 27 följande.

182 1289 69 25 Äfven
267 1294 20 21 vi
303 1300 51 15 anse
369 1294 98 26 ständiga
481 1293 183 28 lagförändringar
679 1301 50 14 vara
741 1296 30 19 ett
783 1295 80 26 vädligt

116 1328 135 25 experiment,
274 1328 78 25 egnadt
372 1329 31 19 att
425 1328 39 20 hos
480 1328 65 20 folket
563 1327 95 26 förringa
672 1328 88 25 aktning
775 1327 32 21 för
822 1328 40 25 lag.

114 1361 49 20 Men
186 1361 83 20 märkas
289 1361 44 23 bör,
348 1363 31 18 att
393 1361 156 20 motionärerna
565 1361 17 26 ej
598 1360 78 21 föreslä
691 1361 136 26 vidtagandet
842 1361 23 20 af

114 1395 70 26 någon
207 1394 64 21 sådan
295 1394 103 27 väsentlig
421 1394 90 27 ändring
530 1395 6 20 i
557 1394 40 21 den
620 1393 124 28 förordning
762 1401 34 14 om
810 1395 52 26 jagt,

115 1435 46 15 som
177 1428 83 28 nyligen
276 1429 57 20 trädt
348 1429 6 20 i
370 1428 95 27 gällande
480 1428 60 26 kraft,
551 1430 31 19 att
593 1428 115 27 ändringen
719 1429 102 21 innebure
832 1431 30 19 ett

115 1463 127 27 frängäende
258 1462 22 22 af
293 1463 26 21 de
334 1463 111 27 principer,
461 1463 79 27 hvarpä
555 1463 26 21 23
597 1463 11 25 $
623 1462 130 22 beträffande
769 1463 25 21 de
805 1463 56 21 olika

183 1509 47 22 Lag-
243 1509 30 18 och
287 1509 183 18 Ekonomiutskottets
483 1509 108 18 betänkande
604 1509 36 17 N:o
653 1509 17 17 2.
