1064 1714
374 173 72 22 Ständ.
463 173 43 22 Pet.
521 187 29 2 —
567 174 36 22 N:o
618 173 30 22 19.
872 176 13 18 3

131 236 174 28 undersökning
320 236 24 21 af
354 236 248 22 skatteförhällandena
612 244 55 14 vara
677 236 115 28 päkallad;
803 238 83 21 medel-

131 270 109 28 beloppet
263 270 23 22 af
305 270 144 28 jordarealen
471 278 41 21 per
534 271 85 33 mantal
641 274 31 22 är,
688 278 37 14 om
740 272 68 20 ocksä
824 272 19 28 ej
860 274 24 19 sä

131 304 49 28 lågt
195 312 49 14 som
260 305 8 21 i
283 304 61 22 vissa
358 305 133 21 kommuner
507 305 22 21 af
543 305 52 21 Åbo
611 306 43 20 och
668 304 156 30 Björneborgs
838 306 44 26 län,

132 339 69 21 äfven
222 339 41 21 här
280 339 8 21 i
303 339 123 21 allmänhet
441 338 50 22 icke
506 340 137 28 betydande,
659 340 84 21 medan
756 340 125 21 rubelskat-

131 376 40 19 ten
193 373 37 22 för
251 374 86 21 mantal
358 374 124 28 väsentligt
504 374 136 28 öfverstiger
662 374 62 22 hvad
742 382 48 14 som
805 374 78 29 eljes
871 369 16 38 i

131 408 75 22 denna
224 408 37 21 del
277 408 23 21 af
314 408 78 21 landet
407 408 45 22 kan
467 416 65 14 anses
547 416 55 14 vara
617 408 39 22 det
671 410 107 22 normala.

200 443 11 21 I
227 443 51 21 stöd
294 443 23 21 af
332 442 40 22 det
387 442 95 22 anförda
493 444 42 20 och
545 444 52 21 med
608 443 124 29 anledning
742 444 22 21 af
774 444 110 22 särskilda

130 478 61 21 inom
210 477 174 22 Bondeständet
401 478 40 21 vid
457 478 153 22 innevarande
625 477 111 30 landtdag
751 479 132 22 framstälda

130 512 198 29 petitionsförslag
342 512 24 21 fä
381 512 128 22 Ständerna
523 512 8 22 i
546 513 185 29 underdänighet
746 514 95 25 anhälla,

405 584 32 20 att
459 583 70 21 Eders
547 583 124 28 Kejserliga
686 583 106 28 Majestät
806 584 78 21 täcktes

336 616 46 23 låta
404 617 122 22 undersöka
547 617 110 22 huruvida
678 617 86 22 sådana
777 619 108 27 generella

336 651 231 29 skatteförmedlingar,
583 659 44 15 som
641 659 76 21 genom
732 652 83 29 nådiga
829 653 54 27 bref-

335 693 39 15 ven
398 687 29 27 af
447 687 41 21 den
510 687 27 21 11
555 687 50 28 Maj
620 687 61 21 1896
695 687 36 21 och
746 687 42 22 den
802 688 16 21 2
832 687 51 27 Sep-

334 721 78 22 tember
440 721 60 21 1899
521 721 121 28 påbjudits,
667 728 48 15 vore
740 722 28 27 af
790 722 92 27 behofvet

333 755 116 28 påkallade
472 756 64 27 äfven
561 756 8 21 i
591 756 73 21 andra
686 757 30 20 än
739 756 26 21 de
786 757 8 20 i
814 757 69 28 sagda

334 789 84 29 nådiga
438 789 49 28 bref
501 790 142 28 omförmälda
658 790 60 21 delar
734 790 28 27 af
774 791 57 21 kust-
847 791 36 22 och

335 824 233 28 skärgärdstrakterna
589 825 60 21 inom
671 817 44 29 Åbo
738 825 35 22 och
790 825 93 28 Björne-

336 858 60 29 borgs
411 859 44 27 län,
472 859 110 27 äfvensom
597 859 34 21 uti
641 859 57 21 kust-
709 859 35 22 och
754 859 128 28 skärgårds-

335 894 124 21 socknarna
481 894 27 27 af
528 893 102 28 Nylands
652 893 44 27 län,
717 895 57 20 samt
792 894 7 21 i
814 893 70 22 nåder

336 928 111 27 anbefalla
471 927 236 29 skatteförmedlingens
729 928 154 21 utsträckande

336 963 8 21 i
368 963 42 21 den
435 961 51 23 mån
511 961 193 29 undersökningen
727 963 88 21 utreder
837 962 47 21 dess

336 996 164 29 nödvändighet.

199 1066 135 22 Emellertid
355 1066 70 22 hafva
447 1066 128 22 Ständerna
591 1066 35 28 sig
645 1066 131 22 derutöfver
791 1066 92 26 bekant,

130 1103 34 19 att
184 1100 147 29 jordskatten
352 1100 9 22 i
383 1101 110 21 särskilda
509 1101 22 21 af
547 1101 44 21 den
605 1108 32 13 nu
652 1100 133 28 ifrågasatta
800 1101 83 21 skatte-

128 1136 170 28 förmedlingen
319 1135 51 21 icke
388 1135 97 21 berörda
499 1135 136 25 landsdelar,
650 1135 134 28 isynnerhet
800 1135 84 21 sådana

129 1170 41 21 der
192 1170 109 22 kulturen
324 1172 24 19 är
363 1170 68 25 äldre,
449 1170 48 21 dels
512 1170 6 21 i
534 1169 143 22 förhållande
692 1169 35 21 till
742 1170 141 27 lägenheter-

129 1212 41 14 nas
193 1205 60 21 areal
275 1204 43 22 och
339 1204 114 21 förmåner
472 1207 24 18 är
511 1204 99 28 oskäligt
625 1204 53 28 hög,
695 1204 47 20 dels
757 1206 30 26 på
802 1211 29 14 en
846 1204 37 21 del

131 1241 60 19 orter
216 1239 84 21 företer
326 1241 61 19 stora
412 1238 147 28 ojemnheter,
579 1238 78 21 hvilka
676 1240 73 19 såsom
764 1238 119 28 värkligen

130 1273 127 29 tryckande
273 1272 72 22 borde
360 1272 117 29 afhjelpas.
509 1272 128 22 Ständerna
651 1272 69 22 hafva
735 1272 76 21 derför
826 1275 58 19 trott

129 1308 35 28 sig
180 1308 56 21 böra
250 1307 166 28 underdänigst
431 1307 118 21 framhålla
567 1306 160 28 önskligheten
744 1306 63 22 deraf
822 1304 3 2 '

405 1376 32 20 att
460 1375 9 20 i
493 1375 160 27 sammanhang
677 1374 47 21 med
747 1374 41 21 den
812 1374 71 22 under

337 1409 117 28 beredning
483 1409 97 22 varande
607 1408 120 22 revisionen
752 1408 28 28 af
801 1408 84 28 skiftes-

337 1444 35 22 och
396 1443 341 29 skattläggningslagstiftningen
755 1443 82 28 förslag
852 1442 33 22 till

336 1479 87 22 sådana
439 1478 160 29 bestämningar
615 1478 65 27 blefve
695 1477 131 28 utarbetade,
840 1485 44 14 som
