1064 1714
197 169 12 18 2
358 169 70 22 Ständ.
446 169 42 22 Pet.
505 182 26 3 —
547 168 143 23 Petitionsbet.
707 168 35 23 N:o
757 168 29 22 21.

196 232 117 28 rusdryck,
333 232 41 21 har
394 232 61 21 inom
470 232 170 21 Bondeståndet
655 231 36 22 vid
707 230 153 23 innevarande
874 230 72 22 landt-

196 267 45 28 dag
259 266 124 22 framstälts
402 266 192 29 petitionsförslag
613 273 36 14 om
665 266 96 27 ändring
776 265 26 22 af
815 267 26 20 23
856 265 14 29 $
886 265 7 21 i
908 266 38 20 nä-

196 301 53 28 diga
270 300 164 29 förordningen
449 301 26 21 af
492 301 43 21 den
551 303 12 19 9
578 301 56 22 Juni
651 302 60 26 1892,
727 299 117 29 angående
858 299 88 28 försälj-

195 336 62 28 ning,
276 335 97 28 forsling
392 338 57 19 samt
468 336 86 29 upplag
569 335 25 22 af
608 335 94 22 bränvin
718 335 42 22 och
776 334 70 22 andra
860 334 86 22 brända

196 370 53 21 eller
265 369 136 22 distillerade
418 370 158 29 spritdrycker.

263 405 82 21 Denna
360 404 66 29 fråga
440 405 40 21 har
496 405 69 22 redan
580 405 39 21 vid
634 404 95 29 tidigare
744 404 134 29 landtdagar
891 404 8 21 i
909 411 36 21 pe-

195 439 85 22 titions-
303 439 43 22 och
368 439 143 28 motionsväg
533 439 95 22 kommit
646 439 70 22 under
732 439 138 22 Ständernas
884 438 61 29 pröf-

195 474 62 29 ning,
279 474 88 22 hvilket
389 475 91 25 utvisar,
503 476 33 19 att
551 476 32 20 ett
597 473 196 22 missförhållande
808 473 137 22 härutinnan

195 510 136 21 åtminstone
345 509 8 21 i
367 510 60 21 vissa
443 509 60 22 delar
519 509 25 22 af
556 509 77 22 landet
647 509 129 22 förefinnes.
807 509 138 22 Missbruket

194 545 41 21 har
250 545 35 21 sin
300 544 74 29 grund
391 545 53 25 deri,
454 546 32 20 att
502 544 270 29 apoteksinnehafvarene
787 545 7 20 i
809 547 71 19 större
891 544 54 22 eller

194 580 87 21 mindre
305 579 56 29 grad
382 580 104 27 begagna
505 580 35 28 sig
554 579 26 22 af
594 579 43 21 den
652 579 114 28 rättighet,
782 587 48 16 som
846 581 71 28 enligt
932 581 12 19 2

194 618 123 21 momentet
328 618 26 20 23
366 617 13 29 8
388 617 6 21 i
403 616 195 30 ofvanäberopade
606 616 134 29 förordning
748 617 136 22 tillkommer
894 618 51 21 dem

195 652 33 20 att
247 652 55 20 utan
321 650 153 28 läkarerecept
490 652 23 20 åt
528 650 88 22 enskild
631 651 84 28 köpare
730 650 92 29 försälja
838 651 58 21 ända
911 651 34 21 till

194 692 28 14 en
245 685 161 29 tjugundedels
429 685 50 21 liter
502 684 176 29 alkoholhaltiga
700 685 131 26 läkemedel,
852 685 93 22 såframt

194 720 65 21 dessa
273 720 51 21 icke
340 723 37 19 äro
392 720 134 22 tillverkade
542 719 26 22 af
581 720 159 21 denatureradt
754 720 102 22 bränvin.

261 754 79 22 Under
364 755 142 21 erkännande
529 754 26 22 af
571 756 33 20 att
623 754 141 29 berättigade
778 755 167 28 invändningar

193 790 78 21 kunna
287 792 66 26 göras
368 791 47 20 mot
430 796 27 15 en
473 789 133 29 förändring
621 789 26 21 af
654 796 54 22 nyss
719 789 83 22 nämda
811 789 134 29 lagbestäm-

193 824 62 28 ning,
264 823 69 23 hafva
348 824 128 22 Ständerna
491 824 58 22 dock
564 826 73 20 ansett
652 824 38 21 det
705 824 163 28 öfverklagade
883 824 61 22 miss-

193 859 82 21 bruket
296 858 56 22 böra
374 858 85 28 stäfjas.
489 858 116 29 Derjemte
628 858 42 22 och
693 859 94 21 emedan
804 858 44 22 den
863 858 81 29 ifråga-

193 895 58 19 satta
267 894 115 28 åtgärden,
398 894 74 21 derest
488 894 44 21 den
542 894 130 21 inskränkte
683 893 35 29 sig
730 894 80 21 endast
822 893 35 22 till
868 893 76 27 ,Hoff-

193 935 79 14 manns
288 928 118 29 droppar”,
419 928 130 28 antagligen
560 928 75 22 blefve
646 927 25 22 af
679 928 65 28 ringa
755 927 124 29 betydelse,
890 930 54 19 enär

193 962 117 22 enahanda
332 962 113 22 missbruk
468 962 25 22 af
513 962 70 22 andra
601 962 177 28 alkoholhaltiga
797 962 147 22 läkemedel
933 958 15 37 i

193 996 80 22 sådant
287 997 41 21 fall
344 997 75 21 kunde
434 997 69 22 vinna
518 997 80 29 insteg,
616 1004 66 21 synes
694 997 129 21 densamma
834 997 54 21 böra
899 1004 45 14 om-

192 1031 58 21 fatta
272 1032 43 21 alla
335 1032 124 21 läkemedel
474 1031 26 22 af
513 1031 133 23 omförmäld
661 1031 163 23 beskaffenhet.
855 1032 36 21 Då
906 1031 38 21 det

191 1066 71 21 likväl
277 1074 55 14 vore
347 1066 104 22 förenadt
466 1066 51 22 med
532 1066 139 28 svårigheter
686 1068 33 20 att
733 1066 55 28 ingå
802 1066 7 20 i
820 1066 123 28 detaljerad

193 1100 140 28 granskning
355 1100 26 21 af
400 1108 28 14 en
451 1100 65 28 fråga
538 1100 26 22 af
576 1100 148 22 förevarande
740 1100 163 28 beskaffenhet,
919 1100 24 21 få

192 1134 127 22 Ständerna
334 1135 7 20 i
356 1135 180 28 underdånighet
552 1134 95 26 anhålla,

466 1194 31 20 att
519 1193 70 21 Eders
612 1192 122 28 Kejserliga
757 1192 105 28 Majestät
879 1192 65 22 måtte

397 1228 51 25 taga
466 1226 72 22 under
553 1226 138 28 ompröfning
706 1226 59 21 huru
780 1226 34 21 det
828 1226 114 27 missbruk,

396 1266 44 14 som
462 1260 48 20 med
524 1259 163 27 alkoholhaltiga
702 1260 113 20 läkemedel
830 1260 112 26 bedrifves,

396 1292 123 27 lämpligast
540 1292 67 21 skulle
629 1292 78 22 kunna
729 1293 82 27 stäfjas
832 1292 110 27 äfvensom

395 1325 87 28 vidtaga
505 1326 27 27 af
551 1326 74 21 denna
646 1325 120 29 utredning
784 1326 112 28 betingade
911 1326 31 22 åt-

394 1360 86 28 gärder.

258 1417 108 22 Finlands
382 1417 95 22 Ständer
493 1417 129 22 framhärda
637 1420 41 19 etc.

258 1457 150 29 Helsingfors,
424 1458 43 21 den
484 1460 24 19 11
525 1457 44 28 Maj
588 1460 60 19 1900.

296 1527 101 16 Helsingfors,
406 1527 82 16 Tidnings-
497 1527 12 13 &
519 1527 187 16 Tryckeri-aktiebolagets
716 1519 74 26 tryckeri,
796 1528 38 13 1900.
865 1519 7 1 —
