<?xml version="1.0" encoding="UTF-8"?>
<alto xmlns="http://www.loc.gov/standards/alto/ns-v3#" xmlns:xlink="http://www.w3.org/1999/xlink" xmlns:xsi="http://www.w3.org/2001/XMLSchema-instance" xsi:schemaLocation="http://www.loc.gov/standards/alto/ns-v3# http://www.loc.gov/alto/v3/alto-3-0.xsd">
	<Description>
		<MeasurementUnit>pixel</MeasurementUnit>
		<sourceImageInformation>
			<fileName>/tmp/tess_pejiz8s7_input.PNG</fileName>
		</sourceImageInformation>
		<OCRProcessing ID="OCR_0">
			<ocrProcessingStep>
				<processingSoftware>
					<softwareName>tesseract 5.3.4</softwareName>
				</processingSoftware>
			</ocrProcessingStep>
		</OCRProcessing>
	</Description>
	<Layout>
		<Page WIDTH="1061" HEIGHT="1709" PHYSICAL_IMG_NR="0" ID="page_0">
			<PrintSpace HPOS="0" VPOS="0" WIDTH="1061" HEIGHT="1709">
				<ComposedBlock ID="cblock_0" HPOS="320" VPOS="162" WIDTH="516" HEIGHT="24">
					<TextBlock ID="block_0" HPOS="320" VPOS="162" WIDTH="516" HEIGHT="24">
						<TextLine ID="line_0" HPOS="320" VPOS="162" WIDTH="516" HEIGHT="24">
							<String ID="string_0" HPOS="320" VPOS="162" WIDTH="249" HEIGHT="24" WC="0.91" CONTENT="Petitionsbetänkande"/><SP WIDTH="14" VPOS="162" HPOS="569"/>
							<String ID="string_1" HPOS="583" VPOS="162" WIDTH="39" HEIGHT="23" WC="0.96" CONTENT="N:o"/><SP WIDTH="16" VPOS="162" HPOS="622"/>
							<String ID="string_2" HPOS="638" VPOS="162" WIDTH="34" HEIGHT="23" WC="0.95" CONTENT="26."/><SP WIDTH="139" VPOS="162" HPOS="672"/>
							<String ID="string_3" HPOS="811" VPOS="165" WIDTH="25" HEIGHT="19" WC="0.95" CONTENT="21"/>
						</TextLine>
					</TextBlock>
				</ComposedBlock>
				<ComposedBlock ID="cblock_1" HPOS="112" VPOS="231" WIDTH="755" HEIGHT="1261">
					<TextBlock ID="block_1" HPOS="112" VPOS="231" WIDTH="755" HEIGHT="543">
						<TextLine ID="line_1" HPOS="182" VPOS="231" WIDTH="683" HEIGHT="28">
							<String ID="string_4" HPOS="182" VPOS="231" WIDTH="121" HEIGHT="20" WC="0.91" CONTENT="Emellertid"/><SP WIDTH="23" VPOS="231" HPOS="303"/>
							<String ID="string_5" HPOS="326" VPOS="234" WIDTH="34" HEIGHT="17" WC="0.91" CONTENT="äro"/><SP WIDTH="24" VPOS="234" HPOS="360"/>
							<String ID="string_6" HPOS="384" VPOS="232" WIDTH="84" HEIGHT="20" WC="0.93" CONTENT="stadens"/><SP WIDTH="22" VPOS="232" HPOS="468"/>
							<String ID="string_7" HPOS="490" VPOS="232" WIDTH="89" HEIGHT="20" WC="0.91" CONTENT="finanser"/><SP WIDTH="14" VPOS="232" HPOS="579"/>
							<String ID="string_8" HPOS="593" VPOS="232" WIDTH="7" HEIGHT="20" WC="0.93" CONTENT="i"/><SP WIDTH="16" VPOS="232" HPOS="600"/>
							<String ID="string_9" HPOS="616" VPOS="232" WIDTH="35" HEIGHT="20" WC="0.93" CONTENT="det"/><SP WIDTH="15" VPOS="232" HPOS="651"/>
							<String ID="string_10" HPOS="666" VPOS="232" WIDTH="66" HEIGHT="25" WC="0.92" CONTENT="skick,"/><SP WIDTH="15" VPOS="232" HPOS="732"/>
							<String ID="string_11" HPOS="747" VPOS="235" WIDTH="32" HEIGHT="17" WC="0.93" CONTENT="att"/><SP WIDTH="14" VPOS="235" HPOS="779"/>
							<String ID="string_12" HPOS="793" VPOS="233" WIDTH="72" HEIGHT="26" WC="0.92" CONTENT="hvarje"/>
						</TextLine>
						<TextLine ID="line_2" HPOS="115" VPOS="258" WIDTH="749" HEIGHT="29">
							<String ID="string_13" HPOS="115" VPOS="258" WIDTH="78" HEIGHT="27" WC="0.91" CONTENT="ökning"/><SP WIDTH="19" VPOS="258" HPOS="193"/>
							<String ID="string_14" HPOS="212" VPOS="259" WIDTH="7" HEIGHT="20" WC="0.93" CONTENT="i"/><SP WIDTH="15" VPOS="259" HPOS="219"/>
							<String ID="string_15" HPOS="234" VPOS="259" WIDTH="113" HEIGHT="26" WC="0.93" CONTENT="utgifterna"/><SP WIDTH="15" VPOS="259" HPOS="347"/>
							<String ID="string_16" HPOS="362" VPOS="260" WIDTH="79" HEIGHT="20" WC="0.96" CONTENT="medför"/><SP WIDTH="15" VPOS="260" HPOS="441"/>
							<String ID="string_17" HPOS="456" VPOS="267" WIDTH="25" HEIGHT="13" WC="0.93" CONTENT="en"/><SP WIDTH="15" VPOS="267" HPOS="481"/>
							<String ID="string_18" HPOS="496" VPOS="261" WIDTH="109" HEIGHT="20" WC="0.91" CONTENT="allvarsam"/><SP WIDTH="15" VPOS="261" HPOS="605"/>
							<String ID="string_19" HPOS="620" VPOS="263" WIDTH="64" HEIGHT="24" WC="0.92" CONTENT="tunga"/><SP WIDTH="15" VPOS="263" HPOS="684"/>
							<String ID="string_20" HPOS="699" VPOS="261" WIDTH="32" HEIGHT="19" WC="0.96" CONTENT="för"/><SP WIDTH="14" VPOS="261" HPOS="731"/>
							<String ID="string_21" HPOS="745" VPOS="262" WIDTH="26" HEIGHT="19" WC="0.93" CONTENT="de"/><SP WIDTH="15" VPOS="262" HPOS="771"/>
							<String ID="string_22" HPOS="786" VPOS="261" WIDTH="78" HEIGHT="21" WC="0.92" CONTENT="skatte-"/>
						</TextLine>
						<TextLine ID="line_3" HPOS="115" VPOS="288" WIDTH="749" HEIGHT="28">
							<String ID="string_23" HPOS="115" VPOS="288" WIDTH="98" HEIGHT="20" WC="0.88" CONTENT="bärande."/><SP WIDTH="29" VPOS="288" HPOS="213"/>
							<String ID="string_24" HPOS="242" VPOS="288" WIDTH="64" HEIGHT="20" WC="0.96" CONTENT="Detta"/><SP WIDTH="22" VPOS="288" HPOS="306"/>
							<String ID="string_25" HPOS="328" VPOS="291" WIDTH="23" HEIGHT="17" WC="0.96" CONTENT="är"/><SP WIDTH="21" VPOS="291" HPOS="351"/>
							<String ID="string_26" HPOS="372" VPOS="296" WIDTH="25" HEIGHT="12" WC="0.96" CONTENT="en"/><SP WIDTH="15" VPOS="296" HPOS="397"/>
							<String ID="string_27" HPOS="412" VPOS="288" WIDTH="52" HEIGHT="26" WC="0.90" CONTENT="följd"/><SP WIDTH="16" VPOS="288" HPOS="464"/>
							<String ID="string_28" HPOS="480" VPOS="288" WIDTH="72" HEIGHT="21" WC="0.96" CONTENT="främst"/><SP WIDTH="15" VPOS="288" HPOS="552"/>
							<String ID="string_29" HPOS="567" VPOS="288" WIDTH="23" HEIGHT="20" WC="0.96" CONTENT="af"/><SP WIDTH="12" VPOS="288" HPOS="590"/>
							<String ID="string_30" HPOS="602" VPOS="290" WIDTH="84" HEIGHT="19" WC="0.93" CONTENT="stadens"/><SP WIDTH="16" VPOS="290" HPOS="686"/>
							<String ID="string_31" HPOS="702" VPOS="290" WIDTH="162" HEIGHT="26" WC="0.92" CONTENT="oproportioner-"/>
						</TextLine>
						<TextLine ID="line_4" HPOS="115" VPOS="316" WIDTH="750" HEIGHT="28">
							<String ID="string_32" HPOS="115" VPOS="316" WIDTH="40" HEIGHT="26" WC="0.92" CONTENT="ligt"/><SP WIDTH="14" VPOS="316" HPOS="155"/>
							<String ID="string_33" HPOS="169" VPOS="316" WIDTH="54" HEIGHT="26" WC="0.93" CONTENT="höga"/><SP WIDTH="19" VPOS="316" HPOS="223"/>
							<String ID="string_34" HPOS="242" VPOS="316" WIDTH="187" HEIGHT="27" WC="0.91" CONTENT="folkskolebudget."/><SP WIDTH="31" VPOS="316" HPOS="429"/>
							<String ID="string_35" HPOS="460" VPOS="317" WIDTH="77" HEIGHT="21" WC="0.93" CONTENT="Genom"/><SP WIDTH="15" VPOS="317" HPOS="537"/>
							<String ID="string_36" HPOS="552" VPOS="317" WIDTH="40" HEIGHT="20" WC="0.93" CONTENT="den"/><SP WIDTH="16" VPOS="317" HPOS="592"/>
							<String ID="string_37" HPOS="608" VPOS="318" WIDTH="143" HEIGHT="26" WC="0.90" CONTENT="egendomliga"/><SP WIDTH="14" VPOS="318" HPOS="751"/>
							<String ID="string_38" HPOS="765" VPOS="318" WIDTH="100" HEIGHT="26" WC="0.96" CONTENT="ställning"/>
						</TextLine>
						<TextLine ID="line_5" HPOS="114" VPOS="345" WIDTH="751" HEIGHT="26">
							<String ID="string_39" HPOS="114" VPOS="345" WIDTH="74" HEIGHT="25" WC="0.96" CONTENT="Hangö"/><SP WIDTH="20" VPOS="345" HPOS="188"/>
							<String ID="string_40" HPOS="208" VPOS="345" WIDTH="47" HEIGHT="20" WC="0.93" CONTENT="stad"/><SP WIDTH="15" VPOS="345" HPOS="255"/>
							<String ID="string_41" HPOS="270" VPOS="345" WIDTH="81" HEIGHT="26" WC="0.93" CONTENT="intager"/><SP WIDTH="15" VPOS="345" HPOS="351"/>
							<String ID="string_42" HPOS="366" VPOS="346" WIDTH="33" HEIGHT="20" WC="0.93" CONTENT="till"/><SP WIDTH="15" VPOS="346" HPOS="399"/>
							<String ID="string_43" HPOS="414" VPOS="346" WIDTH="82" HEIGHT="20" WC="0.93" CONTENT="landets"/><SP WIDTH="16" VPOS="346" HPOS="496"/>
							<String ID="string_44" HPOS="512" VPOS="346" WIDTH="67" HEIGHT="25" WC="0.92" CONTENT="trafik,"/><SP WIDTH="15" VPOS="346" HPOS="579"/>
							<String ID="string_45" HPOS="594" VPOS="346" WIDTH="38" HEIGHT="20" WC="0.93" CONTENT="har"/><SP WIDTH="14" VPOS="346" HPOS="632"/>
							<String ID="string_46" HPOS="646" VPOS="348" WIDTH="31" HEIGHT="18" WC="0.93" CONTENT="uti"/><SP WIDTH="15" VPOS="348" HPOS="677"/>
							<String ID="string_47" HPOS="692" VPOS="347" WIDTH="73" HEIGHT="19" WC="0.93" CONTENT="staden"/><SP WIDTH="14" VPOS="347" HPOS="765"/>
							<String ID="string_48" HPOS="779" VPOS="346" WIDTH="86" HEIGHT="21" WC="0.92" CONTENT="samlats"/>
						</TextLine>
						<TextLine ID="line_6" HPOS="115" VPOS="374" WIDTH="750" HEIGHT="27">
							<String ID="string_49" HPOS="115" VPOS="376" WIDTH="30" HEIGHT="18" WC="0.95" CONTENT="ett"/><SP WIDTH="22" VPOS="376" HPOS="145"/>
							<String ID="string_50" HPOS="167" VPOS="374" WIDTH="7" HEIGHT="19" WC="0.93" CONTENT="i"/><SP WIDTH="22" VPOS="374" HPOS="174"/>
							<String ID="string_51" HPOS="196" VPOS="374" WIDTH="127" HEIGHT="20" WC="0.91" CONTENT="förhällande"/><SP WIDTH="22" VPOS="374" HPOS="323"/>
							<String ID="string_52" HPOS="345" VPOS="375" WIDTH="32" HEIGHT="19" WC="0.96" CONTENT="till"/><SP WIDTH="19" VPOS="375" HPOS="377"/>
							<String ID="string_53" HPOS="396" VPOS="374" WIDTH="85" HEIGHT="21" WC="0.93" CONTENT="stadens"/><SP WIDTH="15" VPOS="374" HPOS="481"/>
							<String ID="string_54" HPOS="496" VPOS="375" WIDTH="120" HEIGHT="25" WC="0.90" CONTENT="folkmängd"/><SP WIDTH="18" VPOS="375" HPOS="616"/>
							<String ID="string_55" HPOS="634" VPOS="375" WIDTH="92" HEIGHT="26" WC="0.92" CONTENT="ovanligt"/><SP WIDTH="15" VPOS="375" HPOS="726"/>
							<String ID="string_56" HPOS="741" VPOS="378" WIDTH="52" HEIGHT="18" WC="0.96" CONTENT="stort"/><SP WIDTH="16" VPOS="378" HPOS="793"/>
							<String ID="string_57" HPOS="809" VPOS="376" WIDTH="56" HEIGHT="20" WC="0.96" CONTENT="antal"/>
						</TextLine>
						<TextLine ID="line_7" HPOS="113" VPOS="403" WIDTH="750" HEIGHT="28">
							<String ID="string_58" HPOS="113" VPOS="403" WIDTH="99" HEIGHT="20" WC="0.93" CONTENT="arbetare."/><SP WIDTH="31" VPOS="403" HPOS="212"/>
							<String ID="string_59" HPOS="243" VPOS="403" WIDTH="72" HEIGHT="21" WC="0.91" CONTENT="Såsom"/><SP WIDTH="16" VPOS="403" HPOS="315"/>
							<String ID="string_60" HPOS="331" VPOS="403" WIDTH="155" HEIGHT="26" WC="0.92" CONTENT="skattedragare"/><SP WIDTH="14" VPOS="403" HPOS="486"/>
							<String ID="string_61" HPOS="500" VPOS="407" WIDTH="34" HEIGHT="17" WC="0.96" CONTENT="äro"/><SP WIDTH="17" VPOS="407" HPOS="534"/>
							<String ID="string_62" HPOS="551" VPOS="403" WIDTH="25" HEIGHT="21" WC="0.96" CONTENT="de"/><SP WIDTH="15" VPOS="403" HPOS="576"/>
							<String ID="string_63" HPOS="591" VPOS="404" WIDTH="73" HEIGHT="20" WC="0.97" CONTENT="staden"/><SP WIDTH="15" VPOS="404" HPOS="664"/>
							<String ID="string_64" HPOS="679" VPOS="404" WIDTH="32" HEIGHT="20" WC="0.93" CONTENT="till"/><SP WIDTH="15" VPOS="404" HPOS="711"/>
							<String ID="string_65" HPOS="726" VPOS="404" WIDTH="59" HEIGHT="26" WC="0.96" CONTENT="ringa"/><SP WIDTH="15" VPOS="404" HPOS="785"/>
							<String ID="string_66" HPOS="800" VPOS="404" WIDTH="63" HEIGHT="27" WC="0.96" CONTENT="hjelp,"/>
						</TextLine>
						<TextLine ID="line_8" HPOS="113" VPOS="432" WIDTH="751" HEIGHT="27">
							<String ID="string_67" HPOS="113" VPOS="432" WIDTH="107" HEIGHT="20" WC="0.90" CONTENT="hvaremot"/><SP WIDTH="24" VPOS="432" HPOS="220"/>
							<String ID="string_68" HPOS="244" VPOS="432" WIDTH="170" HEIGHT="20" WC="0.90" CONTENT="elevfrekvensen"/><SP WIDTH="25" VPOS="432" HPOS="414"/>
							<String ID="string_69" HPOS="439" VPOS="432" WIDTH="7" HEIGHT="19" WC="0.92" CONTENT="i"/><SP WIDTH="25" VPOS="432" HPOS="446"/>
							<String ID="string_70" HPOS="471" VPOS="432" WIDTH="141" HEIGHT="21" WC="0.91" CONTENT="folkskolorna"/><SP WIDTH="25" VPOS="432" HPOS="612"/>
							<String ID="string_71" HPOS="637" VPOS="433" WIDTH="41" HEIGHT="20" WC="0.95" CONTENT="blir"/><SP WIDTH="21" VPOS="433" HPOS="678"/>
							<String ID="string_72" HPOS="699" VPOS="433" WIDTH="92" HEIGHT="26" WC="0.95" CONTENT="ovanligt"/><SP WIDTH="22" VPOS="433" HPOS="791"/>
							<String ID="string_73" HPOS="813" VPOS="436" WIDTH="51" HEIGHT="18" WC="0.96" CONTENT="stor."/>
						</TextLine>
						<TextLine ID="line_9" HPOS="114" VPOS="460" WIDTH="750" HEIGHT="28">
							<String ID="string_74" HPOS="114" VPOS="460" WIDTH="47" HEIGHT="21" WC="0.96" CONTENT="Som"/><SP WIDTH="19" VPOS="460" HPOS="161"/>
							<String ID="string_75" HPOS="180" VPOS="460" WIDTH="57" HEIGHT="21" WC="0.96" CONTENT="bevis"/><SP WIDTH="16" VPOS="460" HPOS="237"/>
							<String ID="string_76" HPOS="253" VPOS="461" WIDTH="64" HEIGHT="26" WC="0.96" CONTENT="härpå"/><SP WIDTH="14" VPOS="461" HPOS="317"/>
							<String ID="string_77" HPOS="331" VPOS="462" WIDTH="33" HEIGHT="18" WC="0.96" CONTENT="må"/><SP WIDTH="15" VPOS="462" HPOS="364"/>
							<String ID="string_78" HPOS="379" VPOS="461" WIDTH="88" HEIGHT="24" WC="0.96" CONTENT="anföras,"/><SP WIDTH="16" VPOS="461" HPOS="467"/>
							<String ID="string_79" HPOS="483" VPOS="464" WIDTH="31" HEIGHT="18" WC="0.96" CONTENT="att"/><SP WIDTH="15" VPOS="464" HPOS="514"/>
							<String ID="string_80" HPOS="529" VPOS="462" WIDTH="26" HEIGHT="20" WC="0.96" CONTENT="då"/><SP WIDTH="16" VPOS="462" HPOS="555"/>
							<String ID="string_81" HPOS="571" VPOS="462" WIDTH="34" HEIGHT="20" WC="0.93" CONTENT="det"/><SP WIDTH="14" VPOS="462" HPOS="605"/>
							<String ID="string_82" HPOS="619" VPOS="462" WIDTH="136" HEIGHT="26" WC="0.92" CONTENT="kyrkskrifna"/><SP WIDTH="14" VPOS="462" HPOS="755"/>
							<String ID="string_83" HPOS="769" VPOS="463" WIDTH="95" HEIGHT="19" WC="0.92" CONTENT="invånar-"/>
						</TextLine>
						<TextLine ID="line_10" HPOS="114" VPOS="489" WIDTH="750" HEIGHT="28">
							<String ID="string_84" HPOS="114" VPOS="489" WIDTH="77" HEIGHT="21" WC="0.96" CONTENT="antalet"/><SP WIDTH="17" VPOS="489" HPOS="191"/>
							<String ID="string_85" HPOS="208" VPOS="490" WIDTH="7" HEIGHT="19" WC="0.95" CONTENT="i"/><SP WIDTH="15" VPOS="490" HPOS="215"/>
							<String ID="string_86" HPOS="230" VPOS="490" WIDTH="74" HEIGHT="26" WC="0.93" CONTENT="Hangö"/><SP WIDTH="16" VPOS="490" HPOS="304"/>
							<String ID="string_87" HPOS="320" VPOS="490" WIDTH="71" HEIGHT="20" WC="0.91" CONTENT="ultimo"/><SP WIDTH="15" VPOS="490" HPOS="391"/>
							<String ID="string_88" HPOS="406" VPOS="490" WIDTH="114" HEIGHT="20" WC="0.96" CONTENT="December"/><SP WIDTH="17" VPOS="490" HPOS="520"/>
							<String ID="string_89" HPOS="537" VPOS="491" WIDTH="53" HEIGHT="20" WC="0.96" CONTENT="1899"/><SP WIDTH="16" VPOS="491" HPOS="590"/>
							<String ID="string_90" HPOS="606" VPOS="490" WIDTH="96" HEIGHT="26" WC="0.93" CONTENT="utgjorde"/><SP WIDTH="15" VPOS="490" HPOS="702"/>
							<String ID="string_91" HPOS="717" VPOS="492" WIDTH="62" HEIGHT="23" WC="0.91" CONTENT="4,552"/><SP WIDTH="15" VPOS="492" HPOS="779"/>
							<String ID="string_92" HPOS="794" VPOS="497" WIDTH="70" HEIGHT="20" WC="0.91" CONTENT="perso-"/>
						</TextLine>
						<TextLine ID="line_11" HPOS="113" VPOS="518" WIDTH="750" HEIGHT="28">
							<String ID="string_93" HPOS="113" VPOS="525" WIDTH="43" HEIGHT="18" WC="0.95" CONTENT="ner,"/><SP WIDTH="20" VPOS="525" HPOS="156"/>
							<String ID="string_94" HPOS="176" VPOS="518" WIDTH="123" HEIGHT="20" WC="0.95" CONTENT="elevantalet"/><SP WIDTH="14" VPOS="518" HPOS="299"/>
							<String ID="string_95" HPOS="313" VPOS="518" WIDTH="8" HEIGHT="20" WC="0.93" CONTENT="i"/><SP WIDTH="15" VPOS="518" HPOS="321"/>
							<String ID="string_96" HPOS="336" VPOS="518" WIDTH="148" HEIGHT="25" WC="0.92" CONTENT="folkskolorna,"/><SP WIDTH="16" VPOS="518" HPOS="484"/>
							<String ID="string_97" HPOS="500" VPOS="520" WIDTH="26" HEIGHT="25" WC="0.96" CONTENT="på"/><SP WIDTH="15" VPOS="520" HPOS="526"/>
							<String ID="string_98" HPOS="541" VPOS="522" WIDTH="42" HEIGHT="17" WC="0.96" CONTENT="sätt"/><SP WIDTH="15" VPOS="522" HPOS="583"/>
							<String ID="string_99" HPOS="598" VPOS="519" WIDTH="61" HEIGHT="20" WC="0.95" CONTENT="ofvan"/><SP WIDTH="17" VPOS="519" HPOS="659"/>
							<String ID="string_100" HPOS="676" VPOS="522" WIDTH="121" HEIGHT="22" WC="0.93" CONTENT="omnämnts,"/><SP WIDTH="15" VPOS="522" HPOS="797"/>
							<String ID="string_101" HPOS="812" VPOS="526" WIDTH="51" HEIGHT="20" WC="0.91" CONTENT="upp-"/>
						</TextLine>
						<TextLine ID="line_12" HPOS="113" VPOS="546" WIDTH="750" HEIGHT="28">
							<String ID="string_102" HPOS="113" VPOS="547" WIDTH="49" HEIGHT="26" WC="0.96" CONTENT="gick"/><SP WIDTH="22" VPOS="547" HPOS="162"/>
							<String ID="string_103" HPOS="184" VPOS="547" WIDTH="33" HEIGHT="19" WC="0.96" CONTENT="till"/><SP WIDTH="23" VPOS="547" HPOS="217"/>
							<String ID="string_104" HPOS="240" VPOS="548" WIDTH="49" HEIGHT="24" WC="0.96" CONTENT="546,"/><SP WIDTH="16" VPOS="548" HPOS="289"/>
							<String ID="string_105" HPOS="305" VPOS="546" WIDTH="50" HEIGHT="21" WC="0.96" CONTENT="eller"/><SP WIDTH="15" VPOS="546" HPOS="355"/>
							<String ID="string_106" HPOS="370" VPOS="547" WIDTH="80" HEIGHT="21" WC="0.96" CONTENT="således"/><SP WIDTH="16" VPOS="547" HPOS="450"/>
							<String ID="string_107" HPOS="466" VPOS="548" WIDTH="32" HEIGHT="19" WC="0.93" CONTENT="till"/><SP WIDTH="16" VPOS="548" HPOS="498"/>
							<String ID="string_108" HPOS="514" VPOS="555" WIDTH="16" HEIGHT="13" WC="0.92" CONTENT="c."/><SP WIDTH="19" VPOS="555" HPOS="530"/>
							<String ID="string_109" HPOS="549" VPOS="549" WIDTH="24" HEIGHT="19" WC="0.93" CONTENT="12"/><SP WIDTH="16" VPOS="549" HPOS="573"/>
							<String ID="string_110" HPOS="589" VPOS="547" WIDTH="27" HEIGHT="27" WC="0.42" CONTENT="9/,"/><SP WIDTH="16" VPOS="547" HPOS="616"/>
							<String ID="string_111" HPOS="632" VPOS="548" WIDTH="24" HEIGHT="20" WC="0.97" CONTENT="af"/><SP WIDTH="12" VPOS="548" HPOS="656"/>
							<String ID="string_112" HPOS="668" VPOS="548" WIDTH="83" HEIGHT="20" WC="0.96" CONTENT="stadens"/><SP WIDTH="16" VPOS="548" HPOS="751"/>
							<String ID="string_113" HPOS="767" VPOS="548" WIDTH="47" HEIGHT="20" WC="0.93" CONTENT="hela"/><SP WIDTH="14" VPOS="548" HPOS="814"/>
							<String ID="string_114" HPOS="828" VPOS="548" WIDTH="35" HEIGHT="20" WC="0.91" CONTENT="be-"/>
						</TextLine>
						<TextLine ID="line_13" HPOS="112" VPOS="575" WIDTH="753" HEIGHT="27">
							<String ID="string_115" HPOS="112" VPOS="575" WIDTH="102" HEIGHT="26" WC="0.92" CONTENT="folkning."/><SP WIDTH="30" VPOS="575" HPOS="214"/>
							<String ID="string_116" HPOS="244" VPOS="576" WIDTH="11" HEIGHT="20" WC="0.96" CONTENT="I"/><SP WIDTH="24" VPOS="576" HPOS="255"/>
							<String ID="string_117" HPOS="279" VPOS="576" WIDTH="96" HEIGHT="20" WC="0.93" CONTENT="afseende"/><SP WIDTH="22" VPOS="576" HPOS="375"/>
							<String ID="string_118" HPOS="397" VPOS="576" WIDTH="12" HEIGHT="20" WC="0.89" CONTENT="&amp;"/><SP WIDTH="13" VPOS="576" HPOS="409"/>
							<String ID="string_119" HPOS="422" VPOS="576" WIDTH="118" HEIGHT="26" WC="0.93" CONTENT="jemförelse"/><SP WIDTH="15" VPOS="576" HPOS="540"/>
							<String ID="string_120" HPOS="555" VPOS="576" WIDTH="59" HEIGHT="20" WC="0.93" CONTENT="torde"/><SP WIDTH="14" VPOS="576" HPOS="614"/>
							<String ID="string_121" HPOS="628" VPOS="576" WIDTH="74" HEIGHT="21" WC="0.96" CONTENT="härvid"/><SP WIDTH="15" VPOS="576" HPOS="702"/>
							<String ID="string_122" HPOS="717" VPOS="577" WIDTH="70" HEIGHT="19" WC="0.93" CONTENT="kunna"/><SP WIDTH="15" VPOS="577" HPOS="787"/>
							<String ID="string_123" HPOS="802" VPOS="576" WIDTH="63" HEIGHT="21" WC="0.93" CONTENT="fram-"/>
						</TextLine>
						<TextLine ID="line_14" HPOS="114" VPOS="604" WIDTH="750" HEIGHT="27">
							<String ID="string_124" HPOS="114" VPOS="604" WIDTH="72" HEIGHT="25" WC="0.92" CONTENT="hällas,"/><SP WIDTH="16" VPOS="604" HPOS="186"/>
							<String ID="string_125" HPOS="202" VPOS="607" WIDTH="37" HEIGHT="22" WC="0.96" CONTENT="att,"/><SP WIDTH="16" VPOS="607" HPOS="239"/>
							<String ID="string_126" HPOS="255" VPOS="605" WIDTH="66" HEIGHT="25" WC="0.93" CONTENT="enligt"/><SP WIDTH="14" VPOS="605" HPOS="321"/>
							<String ID="string_127" HPOS="335" VPOS="604" WIDTH="83" HEIGHT="26" WC="0.92" CONTENT="uppgift"/><SP WIDTH="15" VPOS="604" HPOS="418"/>
							<String ID="string_128" HPOS="433" VPOS="605" WIDTH="23" HEIGHT="19" WC="0.93" CONTENT="af"/><SP WIDTH="12" VPOS="605" HPOS="456"/>
							<String ID="string_129" HPOS="468" VPOS="604" WIDTH="247" HEIGHT="27" WC="0.92" CONTENT="folkskoleinspektorn"/><SP WIDTH="-11" VPOS="604" HPOS="715"/>
							<String ID="string_130" HPOS="704" VPOS="600" WIDTH="13" HEIGHT="35" WC="0.96" CONTENT="i"/><SP WIDTH="7" VPOS="600" HPOS="717"/>
							<String ID="string_131" HPOS="724" VPOS="605" WIDTH="140" HEIGHT="26" WC="0.96" CONTENT="Helsingfors,"/>
						</TextLine>
						<TextLine ID="line_15" HPOS="114" VPOS="633" WIDTH="749" HEIGHT="27">
							<String ID="string_132" HPOS="114" VPOS="633" WIDTH="124" HEIGHT="20" WC="0.91" CONTENT="elevantalet"/><SP WIDTH="14" VPOS="633" HPOS="238"/>
							<String ID="string_133" HPOS="252" VPOS="634" WIDTH="7" HEIGHT="19" WC="0.93" CONTENT="i"/><SP WIDTH="15" VPOS="634" HPOS="259"/>
							<String ID="string_134" HPOS="274" VPOS="633" WIDTH="164" HEIGHT="21" WC="0.92" CONTENT="hufvudstadens"/><SP WIDTH="16" VPOS="633" HPOS="438"/>
							<String ID="string_135" HPOS="454" VPOS="634" WIDTH="115" HEIGHT="20" WC="0.91" CONTENT="folkskolor"/><SP WIDTH="14" VPOS="634" HPOS="569"/>
							<String ID="string_136" HPOS="583" VPOS="635" WIDTH="23" HEIGHT="19" WC="0.90" CONTENT="&amp;r"/><SP WIDTH="17" VPOS="635" HPOS="606"/>
							<String ID="string_137" HPOS="623" VPOS="635" WIDTH="53" HEIGHT="19" WC="0.93" CONTENT="1899"/><SP WIDTH="12" VPOS="635" HPOS="676"/>
							<String ID="string_138" HPOS="688" VPOS="634" WIDTH="97" HEIGHT="26" WC="0.93" CONTENT="utgjorde"/><SP WIDTH="8" VPOS="634" HPOS="785"/>
							<String ID="string_139" HPOS="793" VPOS="635" WIDTH="70" HEIGHT="24" WC="0.96" CONTENT="6,081,"/>
						</TextLine>
						<TextLine ID="line_16" HPOS="113" VPOS="662" WIDTH="750" HEIGHT="26">
							<String ID="string_140" HPOS="113" VPOS="662" WIDTH="81" HEIGHT="20" WC="0.92" CONTENT="hvadan"/><SP WIDTH="23" VPOS="662" HPOS="194"/>
							<String ID="string_141" HPOS="217" VPOS="662" WIDTH="37" HEIGHT="20" WC="0.96" CONTENT="och"/><SP WIDTH="23" VPOS="662" HPOS="254"/>
							<String ID="string_142" HPOS="277" VPOS="662" WIDTH="26" HEIGHT="20" WC="0.96" CONTENT="då"/><SP WIDTH="22" VPOS="662" HPOS="303"/>
							<String ID="string_143" HPOS="325" VPOS="663" WIDTH="35" HEIGHT="19" WC="0.93" CONTENT="det"/><SP WIDTH="22" VPOS="663" HPOS="360"/>
							<String ID="string_144" HPOS="382" VPOS="662" WIDTH="135" HEIGHT="26" WC="0.91" CONTENT="kyrkskrifna"/><SP WIDTH="14" VPOS="662" HPOS="517"/>
							<String ID="string_145" HPOS="531" VPOS="663" WIDTH="163" HEIGHT="20" WC="0.96" CONTENT="invånarantalet"/><SP WIDTH="15" VPOS="663" HPOS="694"/>
							<String ID="string_146" HPOS="709" VPOS="664" WIDTH="6" HEIGHT="18" WC="0.96" CONTENT="i"/><SP WIDTH="16" VPOS="664" HPOS="715"/>
							<String ID="string_147" HPOS="731" VPOS="662" WIDTH="132" HEIGHT="26" WC="0.96" CONTENT="Helsingfors"/>
						</TextLine>
						<TextLine ID="line_17" HPOS="113" VPOS="690" WIDTH="750" HEIGHT="28">
							<String ID="string_148" HPOS="113" VPOS="691" WIDTH="72" HEIGHT="20" WC="0.92" CONTENT="ultimo"/><SP WIDTH="22" VPOS="691" HPOS="185"/>
							<String ID="string_149" HPOS="207" VPOS="690" WIDTH="114" HEIGHT="21" WC="0.93" CONTENT="December"/><SP WIDTH="23" VPOS="690" HPOS="321"/>
							<String ID="string_150" HPOS="344" VPOS="690" WIDTH="90" HEIGHT="21" WC="0.89" CONTENT="sistlidet"/><SP WIDTH="21" VPOS="690" HPOS="434"/>
							<String ID="string_151" HPOS="455" VPOS="692" WIDTH="22" HEIGHT="19" WC="0.90" CONTENT="&amp;r"/><SP WIDTH="22" VPOS="692" HPOS="477"/>
							<String ID="string_152" HPOS="499" VPOS="692" WIDTH="90" HEIGHT="26" WC="0.93" CONTENT="uppgick"/><SP WIDTH="16" VPOS="692" HPOS="589"/>
							<String ID="string_153" HPOS="605" VPOS="691" WIDTH="32" HEIGHT="20" WC="0.93" CONTENT="till"/><SP WIDTH="16" VPOS="691" HPOS="637"/>
							<String ID="string_154" HPOS="653" VPOS="692" WIDTH="82" HEIGHT="24" WC="0.92" CONTENT="92,054,"/><SP WIDTH="16" VPOS="692" HPOS="735"/>
							<String ID="string_155" HPOS="751" VPOS="691" WIDTH="112" HEIGHT="20" WC="0.92" CONTENT="folkskole-"/>
						</TextLine>
						<TextLine ID="line_18" HPOS="114" VPOS="719" WIDTH="753" HEIGHT="27">
							<String ID="string_156" HPOS="114" VPOS="720" WIDTH="105" HEIGHT="20" WC="0.55" CONTENT="elevernas"/><SP WIDTH="22" VPOS="720" HPOS="219"/>
							<String ID="string_157" HPOS="241" VPOS="720" WIDTH="56" HEIGHT="19" WC="0.93" CONTENT="antal"/><SP WIDTH="22" VPOS="720" HPOS="297"/>
							<String ID="string_158" HPOS="319" VPOS="720" WIDTH="108" HEIGHT="20" WC="0.96" CONTENT="härstädes"/><SP WIDTH="23" VPOS="720" HPOS="427"/>
							<String ID="string_159" HPOS="450" VPOS="720" WIDTH="61" HEIGHT="20" WC="0.96" CONTENT="alltså"/><SP WIDTH="22" VPOS="720" HPOS="511"/>
							<String ID="string_160" HPOS="533" VPOS="720" WIDTH="96" HEIGHT="26" WC="0.96" CONTENT="utgjorde"/><SP WIDTH="22" VPOS="720" HPOS="629"/>
							<String ID="string_161" HPOS="651" VPOS="720" WIDTH="73" HEIGHT="20" WC="0.96" CONTENT="endast"/><SP WIDTH="23" VPOS="720" HPOS="724"/>
							<String ID="string_162" HPOS="747" VPOS="721" WIDTH="28" HEIGHT="23" WC="0.84" CONTENT="6"/><SP WIDTH="22" VPOS="721" HPOS="775"/>
							<String ID="string_163" HPOS="797" VPOS="720" WIDTH="28" HEIGHT="26" WC="0.92" CONTENT="9/,"/><SP WIDTH="18" VPOS="720" HPOS="825"/>
							<String ID="string_164" HPOS="843" VPOS="719" WIDTH="24" HEIGHT="21" WC="0.96" CONTENT="af"/>
						</TextLine>
						<TextLine ID="line_19" HPOS="114" VPOS="748" WIDTH="368" HEIGHT="26">
							<String ID="string_165" HPOS="114" VPOS="748" WIDTH="164" HEIGHT="20" WC="0.91" CONTENT="hufvudstadens"/><SP WIDTH="16" VPOS="748" HPOS="278"/>
							<String ID="string_166" HPOS="294" VPOS="748" WIDTH="47" HEIGHT="20" WC="0.96" CONTENT="hela"/><SP WIDTH="14" VPOS="748" HPOS="341"/>
							<String ID="string_167" HPOS="355" VPOS="748" WIDTH="127" HEIGHT="26" WC="0.96" CONTENT="befolkning."/>
						</TextLine>
					</TextBlock>
					<TextBlock ID="block_2" HPOS="114" VPOS="776" WIDTH="753" HEIGHT="229">
						<TextLine ID="line_20" HPOS="182" VPOS="776" WIDTH="682" HEIGHT="26">
							<String ID="string_168" HPOS="182" VPOS="777" WIDTH="31" HEIGHT="20" WC="0.95" CONTENT="En"/><SP WIDTH="18" VPOS="777" HPOS="213"/>
							<String ID="string_169" HPOS="231" VPOS="776" WIDTH="52" HEIGHT="26" WC="0.95" CONTENT="följd"/><SP WIDTH="16" VPOS="776" HPOS="283"/>
							<String ID="string_170" HPOS="299" VPOS="777" WIDTH="23" HEIGHT="19" WC="0.95" CONTENT="af"/><SP WIDTH="13" VPOS="777" HPOS="322"/>
							<String ID="string_171" HPOS="335" VPOS="777" WIDTH="34" HEIGHT="20" WC="0.96" CONTENT="det"/><SP WIDTH="15" VPOS="777" HPOS="369"/>
							<String ID="string_172" HPOS="384" VPOS="779" WIDTH="56" HEIGHT="17" WC="0.96" CONTENT="stora"/><SP WIDTH="16" VPOS="779" HPOS="440"/>
							<String ID="string_173" HPOS="456" VPOS="778" WIDTH="123" HEIGHT="19" WC="0.96" CONTENT="elevantalet"/><SP WIDTH="14" VPOS="778" HPOS="579"/>
							<String ID="string_174" HPOS="593" VPOS="777" WIDTH="7" HEIGHT="19" WC="0.96" CONTENT="i"/><SP WIDTH="15" VPOS="777" HPOS="600"/>
							<String ID="string_175" HPOS="615" VPOS="777" WIDTH="75" HEIGHT="25" WC="0.96" CONTENT="Hangö"/><SP WIDTH="15" VPOS="777" HPOS="690"/>
							<String ID="string_176" HPOS="705" VPOS="777" WIDTH="114" HEIGHT="20" WC="0.96" CONTENT="folkskolor"/><SP WIDTH="15" VPOS="777" HPOS="819"/>
							<String ID="string_177" HPOS="834" VPOS="780" WIDTH="30" HEIGHT="21" WC="0.96" CONTENT="är,"/>
						</TextLine>
						<TextLine ID="line_21" HPOS="114" VPOS="805" WIDTH="753" HEIGHT="27">
							<String ID="string_178" HPOS="114" VPOS="808" WIDTH="31" HEIGHT="17" WC="0.96" CONTENT="att"/><SP WIDTH="24" VPOS="808" HPOS="145"/>
							<String ID="string_179" HPOS="169" VPOS="806" WIDTH="83" HEIGHT="20" WC="0.95" CONTENT="stadens"/><SP WIDTH="19" VPOS="806" HPOS="252"/>
							<String ID="string_180" HPOS="271" VPOS="805" WIDTH="74" HEIGHT="26" WC="0.96" CONTENT="bidrag"/><SP WIDTH="14" VPOS="805" HPOS="345"/>
							<String ID="string_181" HPOS="359" VPOS="805" WIDTH="33" HEIGHT="20" WC="0.92" CONTENT="för"/><SP WIDTH="15" VPOS="805" HPOS="392"/>
							<String ID="string_182" HPOS="407" VPOS="805" WIDTH="141" HEIGHT="21" WC="0.91" CONTENT="folkskolorna"/><SP WIDTH="15" VPOS="805" HPOS="548"/>
							<String ID="string_183" HPOS="563" VPOS="808" WIDTH="61" HEIGHT="24" WC="0.96" CONTENT="utgör"/><SP WIDTH="15" VPOS="808" HPOS="624"/>
							<String ID="string_184" HPOS="639" VPOS="812" WIDTH="25" HEIGHT="14" WC="0.96" CONTENT="en"/><SP WIDTH="15" VPOS="812" HPOS="664"/>
							<String ID="string_185" HPOS="679" VPOS="806" WIDTH="103" HEIGHT="26" WC="0.96" CONTENT="väsentlig"/><SP WIDTH="15" VPOS="806" HPOS="782"/>
							<String ID="string_186" HPOS="797" VPOS="805" WIDTH="32" HEIGHT="20" WC="0.96" CONTENT="del"/><SP WIDTH="14" VPOS="805" HPOS="829"/>
							<String ID="string_187" HPOS="843" VPOS="805" WIDTH="24" HEIGHT="20" WC="0.96" CONTENT="af"/>
						</TextLine>
						<TextLine ID="line_22" HPOS="114" VPOS="834" WIDTH="749" HEIGHT="27">
							<String ID="string_188" HPOS="114" VPOS="834" WIDTH="48" HEIGHT="21" WC="0.96" CONTENT="dess"/><SP WIDTH="23" VPOS="834" HPOS="162"/>
							<String ID="string_189" HPOS="185" VPOS="834" WIDTH="92" HEIGHT="27" WC="0.96" CONTENT="utgifter."/><SP WIDTH="30" VPOS="834" HPOS="277"/>
							<String ID="string_190" HPOS="307" VPOS="834" WIDTH="109" HEIGHT="26" WC="0.96" CONTENT="Budgeten"/><SP WIDTH="16" VPOS="834" HPOS="416"/>
							<String ID="string_191" HPOS="432" VPOS="834" WIDTH="32" HEIGHT="20" WC="0.96" CONTENT="för"/><SP WIDTH="15" VPOS="834" HPOS="464"/>
							<String ID="string_192" HPOS="479" VPOS="835" WIDTH="23" HEIGHT="19" WC="0.96" CONTENT="år"/><SP WIDTH="17" VPOS="835" HPOS="502"/>
							<String ID="string_193" HPOS="519" VPOS="835" WIDTH="52" HEIGHT="20" WC="0.93" CONTENT="1900"/><SP WIDTH="16" VPOS="835" HPOS="571"/>
							<String ID="string_194" HPOS="587" VPOS="837" WIDTH="102" HEIGHT="24" WC="0.92" CONTENT="upptager"/><SP WIDTH="14" VPOS="837" HPOS="689"/>
							<String ID="string_195" HPOS="703" VPOS="834" WIDTH="60" HEIGHT="21" WC="0.89" CONTENT="Fmk."/><SP WIDTH="16" VPOS="834" HPOS="763"/>
							<String ID="string_196" HPOS="779" VPOS="834" WIDTH="84" HEIGHT="25" WC="0.90" CONTENT="62,573:"/>
						</TextLine>
						<TextLine ID="line_23" HPOS="115" VPOS="864" WIDTH="750" HEIGHT="25">
							<String ID="string_197" HPOS="115" VPOS="865" WIDTH="27" HEIGHT="19" WC="0.94" CONTENT="05"/><SP WIDTH="17" VPOS="865" HPOS="142"/>
							<String ID="string_198" HPOS="159" VPOS="864" WIDTH="32" HEIGHT="19" WC="0.93" CONTENT="till"/><SP WIDTH="15" VPOS="864" HPOS="191"/>
							<String ID="string_199" HPOS="206" VPOS="864" WIDTH="117" HEIGHT="25" WC="0.92" CONTENT="uttaxering"/><SP WIDTH="16" VPOS="864" HPOS="323"/>
							<String ID="string_200" HPOS="339" VPOS="864" WIDTH="52" HEIGHT="19" WC="0.96" CONTENT="efter"/><SP WIDTH="17" VPOS="864" HPOS="391"/>
							<String ID="string_201" HPOS="408" VPOS="865" WIDTH="24" HEIGHT="18" WC="0.96" CONTENT="15"/><SP WIDTH="16" VPOS="865" HPOS="432"/>
							<String ID="string_202" HPOS="448" VPOS="864" WIDTH="58" HEIGHT="19" WC="0.96" CONTENT="mark"/><SP WIDTH="16" VPOS="864" HPOS="506"/>
							<String ID="string_203" HPOS="522" VPOS="864" WIDTH="31" HEIGHT="19" WC="0.93" CONTENT="för"/><SP WIDTH="15" VPOS="864" HPOS="553"/>
							<String ID="string_204" HPOS="568" VPOS="864" WIDTH="98" HEIGHT="20" WC="0.92" CONTENT="skattöre."/><SP WIDTH="23" VPOS="864" HPOS="666"/>
							<String ID="string_205" HPOS="689" VPOS="864" WIDTH="11" HEIGHT="19" WC="0.96" CONTENT="I"/><SP WIDTH="11" VPOS="864" HPOS="700"/>
							<String ID="string_206" HPOS="711" VPOS="864" WIDTH="68" HEIGHT="20" WC="0.96" CONTENT="denna"/><SP WIDTH="8" VPOS="864" HPOS="779"/>
							<String ID="string_207" HPOS="787" VPOS="870" WIDTH="78" HEIGHT="14" WC="0.96" CONTENT="summa"/>
						</TextLine>
						<TextLine ID="line_24" HPOS="114" VPOS="892" WIDTH="752" HEIGHT="27">
							<String ID="string_208" HPOS="114" VPOS="892" WIDTH="60" HEIGHT="27" WC="0.88" CONTENT="ingår"/><SP WIDTH="21" VPOS="892" HPOS="174"/>
							<String ID="string_209" HPOS="195" VPOS="892" WIDTH="203" HEIGHT="20" WC="0.88" CONTENT="folkskoleväsendet"/><SP WIDTH="22" VPOS="892" HPOS="398"/>
							<String ID="string_210" HPOS="420" VPOS="892" WIDTH="46" HEIGHT="20" WC="0.93" CONTENT="med"/><SP WIDTH="19" VPOS="892" HPOS="466"/>
							<String ID="string_211" HPOS="485" VPOS="892" WIDTH="59" HEIGHT="21" WC="0.93" CONTENT="Fmk."/><SP WIDTH="17" VPOS="892" HPOS="544"/>
							<String ID="string_212" HPOS="561" VPOS="893" WIDTH="84" HEIGHT="23" WC="0.93" CONTENT="36,113:"/><SP WIDTH="17" VPOS="893" HPOS="645"/>
							<String ID="string_213" HPOS="662" VPOS="893" WIDTH="33" HEIGHT="23" WC="0.96" CONTENT="50;"/><SP WIDTH="16" VPOS="893" HPOS="695"/>
							<String ID="string_214" HPOS="711" VPOS="892" WIDTH="81" HEIGHT="20" WC="0.93" CONTENT="säledes"/><SP WIDTH="15" VPOS="892" HPOS="792"/>
							<String ID="string_215" HPOS="807" VPOS="892" WIDTH="7" HEIGHT="19" WC="0.96" CONTENT="i"/><SP WIDTH="15" VPOS="892" HPOS="814"/>
							<String ID="string_216" HPOS="829" VPOS="892" WIDTH="37" HEIGHT="20" WC="0.96" CONTENT="det"/>
						</TextLine>
						<TextLine ID="line_25" HPOS="114" VPOS="920" WIDTH="750" HEIGHT="28">
							<String ID="string_217" HPOS="114" VPOS="924" WIDTH="102" HEIGHT="17" WC="0.96" CONTENT="närmaste"/><SP WIDTH="16" VPOS="924" HPOS="216"/>
							<String ID="string_218" HPOS="232" VPOS="922" WIDTH="26" HEIGHT="20" WC="0.93" CONTENT="58"/><SP WIDTH="16" VPOS="922" HPOS="258"/>
							<String ID="string_219" HPOS="274" VPOS="921" WIDTH="28" HEIGHT="27" WC="0.89" CONTENT="9/,"/><SP WIDTH="15" VPOS="921" HPOS="302"/>
							<String ID="string_220" HPOS="317" VPOS="920" WIDTH="24" HEIGHT="20" WC="0.96" CONTENT="af"/><SP WIDTH="11" VPOS="920" HPOS="341"/>
							<String ID="string_221" HPOS="352" VPOS="921" WIDTH="46" HEIGHT="20" WC="0.93" CONTENT="hela"/><SP WIDTH="15" VPOS="921" HPOS="398"/>
							<String ID="string_222" HPOS="413" VPOS="922" WIDTH="150" HEIGHT="25" WC="0.86" CONTENT="uttaxeringen."/><SP WIDTH="30" VPOS="922" HPOS="563"/>
							<String ID="string_223" HPOS="593" VPOS="921" WIDTH="32" HEIGHT="20" WC="0.95" CONTENT="Då"/><SP WIDTH="15" VPOS="921" HPOS="625"/>
							<String ID="string_224" HPOS="640" VPOS="927" WIDTH="46" HEIGHT="14" WC="0.96" CONTENT="man"/><SP WIDTH="15" VPOS="927" HPOS="686"/>
							<String ID="string_225" HPOS="701" VPOS="921" WIDTH="6" HEIGHT="19" WC="0.96" CONTENT="i"/><SP WIDTH="15" VPOS="921" HPOS="707"/>
							<String ID="string_226" HPOS="722" VPOS="921" WIDTH="75" HEIGHT="25" WC="0.93" CONTENT="Hangö"/><SP WIDTH="10" VPOS="921" HPOS="797"/>
							<String ID="string_227" HPOS="807" VPOS="920" WIDTH="57" HEIGHT="20" WC="0.91" CONTENT="dess-"/>
						</TextLine>
						<TextLine ID="line_26" HPOS="114" VPOS="949" WIDTH="749" HEIGHT="27">
							<String ID="string_228" HPOS="114" VPOS="952" WIDTH="56" HEIGHT="18" WC="0.92" CONTENT="utom"/><SP WIDTH="15" VPOS="952" HPOS="170"/>
							<String ID="string_229" HPOS="185" VPOS="950" WIDTH="7" HEIGHT="19" WC="0.93" CONTENT="i"/><SP WIDTH="15" VPOS="950" HPOS="192"/>
							<String ID="string_230" HPOS="207" VPOS="952" WIDTH="94" HEIGHT="18" WC="0.92" CONTENT="snaraste"/><SP WIDTH="14" VPOS="952" HPOS="301"/>
							<String ID="string_231" HPOS="315" VPOS="949" WIDTH="83" HEIGHT="21" WC="0.90" CONTENT="framtid"/><SP WIDTH="16" VPOS="949" HPOS="398"/>
							<String ID="string_232" HPOS="414" VPOS="952" WIDTH="23" HEIGHT="17" WC="0.93" CONTENT="är"/><SP WIDTH="14" VPOS="952" HPOS="437"/>
							<String ID="string_233" HPOS="451" VPOS="953" WIDTH="91" HEIGHT="23" WC="0.92" CONTENT="tvungen"/><SP WIDTH="15" VPOS="953" HPOS="542"/>
							<String ID="string_234" HPOS="557" VPOS="952" WIDTH="31" HEIGHT="18" WC="0.93" CONTENT="att"/><SP WIDTH="14" VPOS="952" HPOS="588"/>
							<String ID="string_235" HPOS="602" VPOS="950" WIDTH="87" HEIGHT="26" WC="0.92" CONTENT="uppföra"/><SP WIDTH="11" VPOS="950" HPOS="689"/>
							<String ID="string_236" HPOS="700" VPOS="957" WIDTH="41" HEIGHT="18" WC="0.93" CONTENT="nya"/><SP WIDTH="10" VPOS="957" HPOS="741"/>
							<String ID="string_237" HPOS="751" VPOS="949" WIDTH="112" HEIGHT="21" WC="0.93" CONTENT="folkskole-"/>
						</TextLine>
						<TextLine ID="line_27" HPOS="114" VPOS="978" WIDTH="689" HEIGHT="27">
							<String ID="string_238" HPOS="114" VPOS="979" WIDTH="127" HEIGHT="26" WC="0.95" CONTENT="byggnader,"/><SP WIDTH="15" VPOS="979" HPOS="241"/>
							<String ID="string_239" HPOS="256" VPOS="978" WIDTH="41" HEIGHT="20" WC="0.93" CONTENT="blir"/><SP WIDTH="14" VPOS="978" HPOS="297"/>
							<String ID="string_240" HPOS="311" VPOS="981" WIDTH="73" HEIGHT="23" WC="0.96" CONTENT="posten"/><SP WIDTH="15" VPOS="981" HPOS="384"/>
							<String ID="string_241" HPOS="399" VPOS="978" WIDTH="32" HEIGHT="20" WC="0.93" CONTENT="för"/><SP WIDTH="14" VPOS="978" HPOS="431"/>
							<String ID="string_242" HPOS="445" VPOS="978" WIDTH="141" HEIGHT="20" WC="0.92" CONTENT="folkskolorna"/><SP WIDTH="14" VPOS="978" HPOS="586"/>
							<String ID="string_243" HPOS="600" VPOS="982" WIDTH="55" HEIGHT="16" WC="0.93" CONTENT="ännu"/><SP WIDTH="15" VPOS="982" HPOS="655"/>
							<String ID="string_244" HPOS="670" VPOS="978" WIDTH="133" HEIGHT="21" WC="0.83" CONTENT="kännbarare."/>
						</TextLine>
					</TextBlock>
					<TextBlock ID="block_3" HPOS="114" VPOS="1006" WIDTH="753" HEIGHT="194">
						<TextLine ID="line_28" HPOS="183" VPOS="1006" WIDTH="682" HEIGHT="28">
							<String ID="string_245" HPOS="183" VPOS="1008" WIDTH="45" HEIGHT="19" WC="0.95" CONTENT="Allt"/><SP WIDTH="25" VPOS="1008" HPOS="228"/>
							<String ID="string_246" HPOS="253" VPOS="1008" WIDTH="57" HEIGHT="20" WC="0.96" CONTENT="detta"/><SP WIDTH="21" VPOS="1008" HPOS="310"/>
							<String ID="string_247" HPOS="331" VPOS="1007" WIDTH="37" HEIGHT="20" WC="0.96" CONTENT="har"/><SP WIDTH="15" VPOS="1007" HPOS="368"/>
							<String ID="string_248" HPOS="383" VPOS="1008" WIDTH="56" HEIGHT="25" WC="0.96" CONTENT="gjort"/><SP WIDTH="15" VPOS="1008" HPOS="439"/>
							<String ID="string_249" HPOS="454" VPOS="1010" WIDTH="31" HEIGHT="17" WC="0.96" CONTENT="att"/><SP WIDTH="14" VPOS="1010" HPOS="485"/>
							<String ID="string_250" HPOS="499" VPOS="1008" WIDTH="120" HEIGHT="26" WC="0.95" CONTENT="ytterligare"/><SP WIDTH="15" VPOS="1008" HPOS="619"/>
							<String ID="string_251" HPOS="634" VPOS="1007" WIDTH="85" HEIGHT="26" WC="0.96" CONTENT="utgifter"/><SP WIDTH="14" VPOS="1007" HPOS="719"/>
							<String ID="string_252" HPOS="733" VPOS="1007" WIDTH="34" HEIGHT="20" WC="0.96" CONTENT="för"/><SP WIDTH="14" VPOS="1007" HPOS="767"/>
							<String ID="string_253" HPOS="781" VPOS="1006" WIDTH="84" HEIGHT="21" WC="0.97" CONTENT="stadens"/>
						</TextLine>
						<TextLine ID="line_29" HPOS="115" VPOS="1036" WIDTH="748" HEIGHT="24">
							<String ID="string_254" HPOS="115" VPOS="1036" WIDTH="141" HEIGHT="24" WC="0.92" CONTENT="skolväsende,"/><SP WIDTH="11" VPOS="1036" HPOS="256"/>
							<String ID="string_255" HPOS="267" VPOS="1039" WIDTH="92" HEIGHT="17" WC="0.96" CONTENT="närmast"/><SP WIDTH="10" VPOS="1039" HPOS="359"/>
							<String ID="string_256" HPOS="369" VPOS="1036" WIDTH="123" HEIGHT="24" WC="0.93" CONTENT="samskolan,"/><SP WIDTH="12" VPOS="1036" HPOS="492"/>
							<String ID="string_257" HPOS="504" VPOS="1036" WIDTH="71" HEIGHT="24" WC="0.95" CONTENT="blifva,"/><SP WIDTH="11" VPOS="1036" HPOS="575"/>
							<String ID="string_258" HPOS="586" VPOS="1038" WIDTH="52" HEIGHT="18" WC="0.93" CONTENT="trots"/><SP WIDTH="11" VPOS="1038" HPOS="638"/>
							<String ID="string_259" HPOS="649" VPOS="1036" WIDTH="102" HEIGHT="24" WC="0.92" CONTENT="behofvet,"/><SP WIDTH="11" VPOS="1036" HPOS="751"/>
							<String ID="string_260" HPOS="762" VPOS="1036" WIDTH="60" HEIGHT="20" WC="0.96" CONTENT="svåra"/><SP WIDTH="9" VPOS="1036" HPOS="822"/>
							<String ID="string_261" HPOS="831" VPOS="1038" WIDTH="32" HEIGHT="17" WC="0.96" CONTENT="att"/>
						</TextLine>
						<TextLine ID="line_30" HPOS="115" VPOS="1064" WIDTH="748" HEIGHT="26">
							<String ID="string_262" HPOS="115" VPOS="1066" WIDTH="54" HEIGHT="19" WC="0.95" CONTENT="bära."/><SP WIDTH="20" VPOS="1066" HPOS="169"/>
							<String ID="string_263" HPOS="189" VPOS="1065" WIDTH="47" HEIGHT="19" WC="0.96" CONTENT="Man"/><SP WIDTH="11" VPOS="1065" HPOS="236"/>
							<String ID="string_264" HPOS="247" VPOS="1065" WIDTH="38" HEIGHT="20" WC="0.93" CONTENT="har"/><SP WIDTH="10" VPOS="1065" HPOS="285"/>
							<String ID="string_265" HPOS="295" VPOS="1064" WIDTH="63" HEIGHT="20" WC="0.96" CONTENT="också"/><SP WIDTH="11" VPOS="1064" HPOS="358"/>
							<String ID="string_266" HPOS="369" VPOS="1065" WIDTH="57" HEIGHT="19" WC="0.96" CONTENT="detta"/><SP WIDTH="8" VPOS="1065" HPOS="426"/>
							<String ID="string_267" HPOS="434" VPOS="1065" WIDTH="22" HEIGHT="19" WC="0.96" CONTENT="år"/><SP WIDTH="8" VPOS="1065" HPOS="456"/>
							<String ID="string_268" HPOS="464" VPOS="1065" WIDTH="54" HEIGHT="19" WC="0.93" CONTENT="varit"/><SP WIDTH="11" VPOS="1065" HPOS="518"/>
							<String ID="string_269" HPOS="529" VPOS="1068" WIDTH="89" HEIGHT="22" WC="0.96" CONTENT="tvungen"/><SP WIDTH="8" VPOS="1068" HPOS="618"/>
							<String ID="string_270" HPOS="626" VPOS="1067" WIDTH="31" HEIGHT="17" WC="0.93" CONTENT="att"/><SP WIDTH="8" VPOS="1067" HPOS="657"/>
							<String ID="string_271" HPOS="665" VPOS="1065" WIDTH="91" HEIGHT="25" WC="0.93" CONTENT="tillgripa"/><SP WIDTH="8" VPOS="1065" HPOS="756"/>
							<String ID="string_272" HPOS="764" VPOS="1064" WIDTH="99" HEIGHT="20" WC="0.92" CONTENT="utskänk-"/>
						</TextLine>
						<TextLine ID="line_31" HPOS="114" VPOS="1092" WIDTH="752" HEIGHT="27">
							<String ID="string_273" HPOS="114" VPOS="1094" WIDTH="157" HEIGHT="25" WC="0.91" CONTENT="ningsbolagets"/><SP WIDTH="25" VPOS="1094" HPOS="271"/>
							<String ID="string_274" HPOS="296" VPOS="1093" WIDTH="123" HEIGHT="21" WC="0.85" CONTENT="vinstmedel"/><SP WIDTH="25" VPOS="1093" HPOS="419"/>
							<String ID="string_275" HPOS="444" VPOS="1093" WIDTH="32" HEIGHT="20" WC="0.93" CONTENT="för"/><SP WIDTH="25" VPOS="1093" HPOS="476"/>
							<String ID="string_276" HPOS="501" VPOS="1093" WIDTH="127" HEIGHT="21" WC="0.90" CONTENT="samskolans"/><SP WIDTH="22" VPOS="1093" HPOS="628"/>
							<String ID="string_277" HPOS="650" VPOS="1093" WIDTH="113" HEIGHT="24" WC="0.92" CONTENT="underhäll,"/><SP WIDTH="22" VPOS="1093" HPOS="763"/>
							<String ID="string_278" HPOS="785" VPOS="1092" WIDTH="81" HEIGHT="21" WC="0.96" CONTENT="hvilket"/>
						</TextLine>
						<TextLine ID="line_32" HPOS="114" VPOS="1122" WIDTH="753" HEIGHT="26">
							<String ID="string_279" HPOS="114" VPOS="1124" WIDTH="46" HEIGHT="19" WC="0.89" CONTENT="&amp;ter"/><SP WIDTH="22" VPOS="1124" HPOS="160"/>
							<String ID="string_280" HPOS="182" VPOS="1122" WIDTH="79" HEIGHT="20" WC="0.96" CONTENT="medför"/><SP WIDTH="22" VPOS="1122" HPOS="261"/>
							<String ID="string_281" HPOS="283" VPOS="1129" WIDTH="25" HEIGHT="14" WC="0.93" CONTENT="en"/><SP WIDTH="23" VPOS="1129" HPOS="308"/>
							<String ID="string_282" HPOS="331" VPOS="1122" WIDTH="31" HEIGHT="20" WC="0.96" CONTENT="för"/><SP WIDTH="23" VPOS="1122" HPOS="362"/>
							<String ID="string_283" HPOS="385" VPOS="1122" WIDTH="72" HEIGHT="20" WC="0.93" CONTENT="skolan"/><SP WIDTH="22" VPOS="1122" HPOS="457"/>
							<String ID="string_284" HPOS="479" VPOS="1123" WIDTH="72" HEIGHT="20" WC="0.93" CONTENT="osäker"/><SP WIDTH="21" VPOS="1123" HPOS="551"/>
							<String ID="string_285" HPOS="572" VPOS="1122" WIDTH="96" HEIGHT="26" WC="0.93" CONTENT="position,"/><SP WIDTH="20" VPOS="1122" HPOS="668"/>
							<String ID="string_286" HPOS="688" VPOS="1124" WIDTH="55" HEIGHT="18" WC="0.92" CONTENT="utom"/><SP WIDTH="16" VPOS="1124" HPOS="743"/>
							<String ID="string_287" HPOS="759" VPOS="1125" WIDTH="31" HEIGHT="17" WC="0.96" CONTENT="att"/><SP WIDTH="15" VPOS="1125" HPOS="790"/>
							<String ID="string_288" HPOS="805" VPOS="1122" WIDTH="62" HEIGHT="20" WC="0.96" CONTENT="dessa"/>
						</TextLine>
						<TextLine ID="line_33" HPOS="115" VPOS="1151" WIDTH="750" HEIGHT="27">
							<String ID="string_289" HPOS="115" VPOS="1151" WIDTH="122" HEIGHT="21" WC="0.84" CONTENT="vinstmedel"/><SP WIDTH="23" VPOS="1151" HPOS="237"/>
							<String ID="string_290" HPOS="260" VPOS="1151" WIDTH="106" HEIGHT="27" WC="0.88" CONTENT="sjolffallet"/><SP WIDTH="21" VPOS="1151" HPOS="366"/>
							<String ID="string_291" HPOS="387" VPOS="1158" WIDTH="49" HEIGHT="13" WC="0.96" CONTENT="vore"/><SP WIDTH="23" VPOS="1158" HPOS="436"/>
							<String ID="string_292" HPOS="459" VPOS="1151" WIDTH="132" HEIGHT="27" WC="0.96" CONTENT="erforderliga"/><SP WIDTH="15" VPOS="1151" HPOS="591"/>
							<String ID="string_293" HPOS="606" VPOS="1151" WIDTH="32" HEIGHT="19" WC="0.96" CONTENT="för"/><SP WIDTH="16" VPOS="1151" HPOS="638"/>
							<String ID="string_294" HPOS="654" VPOS="1151" WIDTH="63" HEIGHT="20" WC="0.96" CONTENT="andra"/><SP WIDTH="14" VPOS="1151" HPOS="717"/>
							<String ID="string_295" HPOS="731" VPOS="1151" WIDTH="134" HEIGHT="20" WC="0.96" CONTENT="kommunens"/>
						</TextLine>
						<TextLine ID="line_34" HPOS="115" VPOS="1180" WIDTH="67" HEIGHT="20">
							<String ID="string_296" HPOS="115" VPOS="1180" WIDTH="67" HEIGHT="20" WC="0.89" CONTENT="behof."/>
						</TextLine>
					</TextBlock>
					<TextBlock ID="block_4" HPOS="115" VPOS="1207" WIDTH="751" HEIGHT="169">
						<TextLine ID="line_35" HPOS="183" VPOS="1207" WIDTH="682" HEIGHT="27">
							<String ID="string_297" HPOS="183" VPOS="1208" WIDTH="33" HEIGHT="20" WC="0.95" CONTENT="Då"/><SP WIDTH="15" VPOS="1208" HPOS="216"/>
							<String ID="string_298" HPOS="231" VPOS="1216" WIDTH="27" HEIGHT="12" WC="0.96" CONTENT="nu"/><SP WIDTH="15" VPOS="1216" HPOS="258"/>
							<String ID="string_299" HPOS="273" VPOS="1208" WIDTH="73" HEIGHT="20" WC="0.93" CONTENT="skolan"/><SP WIDTH="12" VPOS="1208" HPOS="346"/>
							<String ID="string_300" HPOS="358" VPOS="1208" WIDTH="96" HEIGHT="20" WC="0.93" CONTENT="tillväxer"/><SP WIDTH="8" VPOS="1208" HPOS="454"/>
							<String ID="string_301" HPOS="462" VPOS="1214" WIDTH="72" HEIGHT="19" WC="0.93" CONTENT="genom"/><SP WIDTH="9" VPOS="1214" HPOS="534"/>
							<String ID="string_302" HPOS="543" VPOS="1208" WIDTH="232" HEIGHT="26" WC="0.92" CONTENT="fortsättningsklasser,"/><SP WIDTH="8" VPOS="1208" HPOS="775"/>
							<String ID="string_303" HPOS="783" VPOS="1207" WIDTH="82" HEIGHT="21" WC="0.96" CONTENT="komma"/>
						</TextLine>
						<TextLine ID="line_36" HPOS="115" VPOS="1236" WIDTH="749" HEIGHT="27">
							<String ID="string_304" HPOS="115" VPOS="1236" WIDTH="62" HEIGHT="21" WC="0.90" CONTENT="afven"/><SP WIDTH="22" VPOS="1236" HPOS="177"/>
							<String ID="string_305" HPOS="199" VPOS="1237" WIDTH="106" HEIGHT="25" WC="0.90" CONTENT="sjelffallet"/><SP WIDTH="21" VPOS="1237" HPOS="305"/>
							<String ID="string_306" HPOS="326" VPOS="1237" WIDTH="114" HEIGHT="25" WC="0.92" CONTENT="utgifterna"/><SP WIDTH="14" VPOS="1237" HPOS="440"/>
							<String ID="string_307" HPOS="454" VPOS="1236" WIDTH="32" HEIGHT="20" WC="0.96" CONTENT="för"/><SP WIDTH="15" VPOS="1236" HPOS="486"/>
							<String ID="string_308" HPOS="501" VPOS="1237" WIDTH="47" HEIGHT="20" WC="0.93" CONTENT="dess"/><SP WIDTH="16" VPOS="1237" HPOS="548"/>
							<String ID="string_309" HPOS="564" VPOS="1236" WIDTH="179" HEIGHT="27" WC="0.92" CONTENT="upprätthällande"/><SP WIDTH="15" VPOS="1236" HPOS="743"/>
							<String ID="string_310" HPOS="758" VPOS="1239" WIDTH="31" HEIGHT="17" WC="0.93" CONTENT="att"/><SP WIDTH="15" VPOS="1239" HPOS="789"/>
							<String ID="string_311" HPOS="804" VPOS="1236" WIDTH="60" HEIGHT="24" WC="0.91" CONTENT="ökas;"/>
						</TextLine>
						<TextLine ID="line_37" HPOS="116" VPOS="1265" WIDTH="750" HEIGHT="26">
							<String ID="string_312" HPOS="116" VPOS="1266" WIDTH="38" HEIGHT="20" WC="0.92" CONTENT="och"/><SP WIDTH="15" VPOS="1266" HPOS="154"/>
							<String ID="string_313" HPOS="169" VPOS="1266" WIDTH="65" HEIGHT="20" WC="0.92" CONTENT="mäste"/><SP WIDTH="15" VPOS="1266" HPOS="234"/>
							<String ID="string_314" HPOS="249" VPOS="1266" WIDTH="67" HEIGHT="20" WC="0.93" CONTENT="denna"/><SP WIDTH="15" VPOS="1266" HPOS="316"/>
							<String ID="string_315" HPOS="331" VPOS="1266" WIDTH="84" HEIGHT="25" WC="0.92" CONTENT="ökning,"/><SP WIDTH="16" VPOS="1266" HPOS="415"/>
							<String ID="string_316" HPOS="431" VPOS="1266" WIDTH="69" HEIGHT="19" WC="0.93" CONTENT="derest"/><SP WIDTH="14" VPOS="1266" HPOS="500"/>
							<String ID="string_317" HPOS="514" VPOS="1265" WIDTH="116" HEIGHT="20" WC="0.92" CONTENT="läroverket"/><SP WIDTH="14" VPOS="1265" HPOS="630"/>
							<String ID="string_318" HPOS="644" VPOS="1265" WIDTH="69" HEIGHT="20" WC="0.92" CONTENT="blefve"/><SP WIDTH="12" VPOS="1265" HPOS="713"/>
							<String ID="string_319" HPOS="725" VPOS="1265" WIDTH="141" HEIGHT="26" WC="0.93" CONTENT="fullständigt,"/>
						</TextLine>
						<TextLine ID="line_38" HPOS="115" VPOS="1293" WIDTH="751" HEIGHT="28">
							<String ID="string_320" HPOS="115" VPOS="1295" WIDTH="125" HEIGHT="26" WC="0.96" CONTENT="uppskattas"/><SP WIDTH="15" VPOS="1295" HPOS="240"/>
							<String ID="string_321" HPOS="255" VPOS="1295" WIDTH="32" HEIGHT="19" WC="0.96" CONTENT="till"/><SP WIDTH="16" VPOS="1295" HPOS="287"/>
							<String ID="string_322" HPOS="303" VPOS="1294" WIDTH="93" HEIGHT="26" WC="0.93" CONTENT="omkring"/><SP WIDTH="18" VPOS="1294" HPOS="396"/>
							<String ID="string_323" HPOS="414" VPOS="1295" WIDTH="76" HEIGHT="23" WC="0.92" CONTENT="15,000"/><SP WIDTH="15" VPOS="1295" HPOS="490"/>
							<String ID="string_324" HPOS="505" VPOS="1294" WIDTH="58" HEIGHT="20" WC="0.93" CONTENT="mark"/><SP WIDTH="15" VPOS="1294" HPOS="563"/>
							<String ID="string_325" HPOS="578" VPOS="1294" WIDTH="79" HEIGHT="25" WC="0.95" CONTENT="årligen"/><SP WIDTH="16" VPOS="1294" HPOS="657"/>
							<String ID="string_326" HPOS="673" VPOS="1294" WIDTH="49" HEIGHT="20" WC="0.93" CONTENT="eller"/><SP WIDTH="15" VPOS="1294" HPOS="722"/>
							<String ID="string_327" HPOS="737" VPOS="1293" WIDTH="80" HEIGHT="20" WC="0.96" CONTENT="således"/><SP WIDTH="16" VPOS="1293" HPOS="817"/>
							<String ID="string_328" HPOS="833" VPOS="1293" WIDTH="33" HEIGHT="20" WC="0.94" CONTENT="till"/>
						</TextLine>
						<TextLine ID="line_39" HPOS="116" VPOS="1321" WIDTH="750" HEIGHT="26">
							<String ID="string_329" HPOS="116" VPOS="1330" WIDTH="25" HEIGHT="13" WC="0.96" CONTENT="en"/><SP WIDTH="15" VPOS="1330" HPOS="141"/>
							<String ID="string_330" HPOS="156" VPOS="1330" WIDTH="78" HEIGHT="13" WC="0.96" CONTENT="summa"/><SP WIDTH="15" VPOS="1330" HPOS="234"/>
							<String ID="string_331" HPOS="249" VPOS="1323" WIDTH="143" HEIGHT="20" WC="0.96" CONTENT="motsvarande"/><SP WIDTH="15" VPOS="1323" HPOS="392"/>
							<String ID="string_332" HPOS="407" VPOS="1323" WIDTH="6" HEIGHT="19" WC="0.96" CONTENT="i"/><SP WIDTH="17" VPOS="1323" HPOS="413"/>
							<String ID="string_333" HPOS="430" VPOS="1323" WIDTH="34" HEIGHT="19" WC="0.96" CONTENT="det"/><SP WIDTH="15" VPOS="1323" HPOS="464"/>
							<String ID="string_334" HPOS="479" VPOS="1326" WIDTH="103" HEIGHT="16" WC="0.96" CONTENT="närmaste"/><SP WIDTH="15" VPOS="1326" HPOS="582"/>
							<String ID="string_335" HPOS="597" VPOS="1329" WIDTH="25" HEIGHT="13" WC="0.93" CONTENT="en"/><SP WIDTH="16" VPOS="1329" HPOS="622"/>
							<String ID="string_336" HPOS="638" VPOS="1322" WIDTH="100" HEIGHT="25" WC="0.92" CONTENT="fjerdedel"/><SP WIDTH="14" VPOS="1322" HPOS="738"/>
							<String ID="string_337" HPOS="752" VPOS="1322" WIDTH="23" HEIGHT="19" WC="0.97" CONTENT="af"/><SP WIDTH="13" VPOS="1322" HPOS="775"/>
							<String ID="string_338" HPOS="788" VPOS="1321" WIDTH="35" HEIGHT="21" WC="0.96" CONTENT="det"/><SP WIDTH="14" VPOS="1321" HPOS="823"/>
							<String ID="string_339" HPOS="837" VPOS="1328" WIDTH="29" HEIGHT="14" WC="0.96" CONTENT="nu"/>
						</TextLine>
						<TextLine ID="line_40" HPOS="115" VPOS="1350" WIDTH="751" HEIGHT="26">
							<String ID="string_340" HPOS="115" VPOS="1352" WIDTH="32" HEIGHT="19" WC="0.93" CONTENT="till"/><SP WIDTH="14" VPOS="1352" HPOS="147"/>
							<String ID="string_341" HPOS="161" VPOS="1352" WIDTH="117" HEIGHT="24" WC="0.92" CONTENT="uttaxering"/><SP WIDTH="15" VPOS="1352" HPOS="278"/>
							<String ID="string_342" HPOS="293" VPOS="1351" WIDTH="52" HEIGHT="20" WC="0.96" CONTENT="efter"/><SP WIDTH="17" VPOS="1351" HPOS="345"/>
							<String ID="string_343" HPOS="362" VPOS="1352" WIDTH="25" HEIGHT="18" WC="0.95" CONTENT="15"/><SP WIDTH="17" VPOS="1352" HPOS="387"/>
							<String ID="string_344" HPOS="404" VPOS="1351" WIDTH="57" HEIGHT="19" WC="0.96" CONTENT="mark"/><SP WIDTH="15" VPOS="1351" HPOS="461"/>
							<String ID="string_345" HPOS="476" VPOS="1350" WIDTH="32" HEIGHT="20" WC="0.93" CONTENT="för"/><SP WIDTH="15" VPOS="1350" HPOS="508"/>
							<String ID="string_346" HPOS="523" VPOS="1351" WIDTH="101" HEIGHT="19" WC="0.91" CONTENT="skattöret"/><SP WIDTH="13" VPOS="1351" HPOS="624"/>
							<String ID="string_347" HPOS="637" VPOS="1350" WIDTH="110" HEIGHT="20" WC="0.92" CONTENT="faststälda"/><SP WIDTH="15" VPOS="1350" HPOS="747"/>
							<String ID="string_348" HPOS="762" VPOS="1350" WIDTH="104" HEIGHT="25" WC="0.96" CONTENT="beloppet."/>
						</TextLine>
					</TextBlock>
					<TextBlock ID="block_5" HPOS="115" VPOS="1378" WIDTH="751" HEIGHT="114">
						<TextLine ID="line_41" HPOS="184" VPOS="1378" WIDTH="682" HEIGHT="27">
							<String ID="string_349" HPOS="184" VPOS="1379" WIDTH="187" HEIGHT="26" WC="0.92" CONTENT="Nödvändigheten"/><SP WIDTH="15" VPOS="1379" HPOS="371"/>
							<String ID="string_350" HPOS="386" VPOS="1379" WIDTH="23" HEIGHT="19" WC="0.93" CONTENT="af"/><SP WIDTH="13" VPOS="1379" HPOS="409"/>
							<String ID="string_351" HPOS="422" VPOS="1379" WIDTH="84" HEIGHT="20" WC="0.92" CONTENT="skolans"/><SP WIDTH="14" VPOS="1379" HPOS="506"/>
							<String ID="string_352" HPOS="520" VPOS="1378" WIDTH="126" HEIGHT="26" WC="0.92" CONTENT="utvidgande"/><SP WIDTH="15" VPOS="1378" HPOS="646"/>
							<String ID="string_353" HPOS="661" VPOS="1379" WIDTH="33" HEIGHT="19" WC="0.96" CONTENT="till"/><SP WIDTH="14" VPOS="1379" HPOS="694"/>
							<String ID="string_354" HPOS="708" VPOS="1378" WIDTH="124" HEIGHT="25" WC="0.95" CONTENT="fullständig"/><SP WIDTH="11" VPOS="1378" HPOS="832"/>
							<String ID="string_355" HPOS="843" VPOS="1381" WIDTH="23" HEIGHT="16" WC="0.94" CONTENT="är"/>
						</TextLine>
						<TextLine ID="line_42" HPOS="116" VPOS="1406" WIDTH="750" HEIGHT="28">
							<String ID="string_356" HPOS="116" VPOS="1408" WIDTH="53" HEIGHT="20" WC="0.93" CONTENT="dock"/><SP WIDTH="15" VPOS="1408" HPOS="169"/>
							<String ID="string_357" HPOS="184" VPOS="1408" WIDTH="98" HEIGHT="26" WC="0.87" CONTENT="betingad"/><SP WIDTH="15" VPOS="1408" HPOS="282"/>
							<String ID="string_358" HPOS="297" VPOS="1408" WIDTH="23" HEIGHT="20" WC="0.93" CONTENT="af"/><SP WIDTH="13" VPOS="1408" HPOS="320"/>
							<String ID="string_359" HPOS="333" VPOS="1407" WIDTH="132" HEIGHT="26" WC="0.93" CONTENT="svärigheten"/><SP WIDTH="15" VPOS="1407" HPOS="465"/>
							<String ID="string_360" HPOS="480" VPOS="1407" WIDTH="32" HEIGHT="21" WC="0.93" CONTENT="för"/><SP WIDTH="14" VPOS="1407" HPOS="512"/>
							<String ID="string_361" HPOS="526" VPOS="1408" WIDTH="105" HEIGHT="20" WC="0.92" CONTENT="elevernas"/><SP WIDTH="16" VPOS="1408" HPOS="631"/>
							<String ID="string_362" HPOS="647" VPOS="1407" WIDTH="106" HEIGHT="27" WC="0.92" CONTENT="föräldrar,"/><SP WIDTH="10" VPOS="1407" HPOS="753"/>
							<String ID="string_363" HPOS="763" VPOS="1406" WIDTH="24" HEIGHT="20" WC="0.93" CONTENT="af"/><SP WIDTH="7" VPOS="1406" HPOS="787"/>
							<String ID="string_364" HPOS="794" VPOS="1406" WIDTH="72" HEIGHT="21" WC="0.93" CONTENT="hvilka"/>
						</TextLine>
						<TextLine ID="line_43" HPOS="115" VPOS="1435" WIDTH="750" HEIGHT="28">
							<String ID="string_365" HPOS="115" VPOS="1436" WIDTH="88" HEIGHT="21" WC="0.92" CONTENT="flertalet"/><SP WIDTH="23" VPOS="1436" HPOS="203"/>
							<String ID="string_366" HPOS="226" VPOS="1437" WIDTH="64" HEIGHT="20" WC="0.92" CONTENT="lefver"/><SP WIDTH="18" VPOS="1437" HPOS="290"/>
							<String ID="string_367" HPOS="308" VPOS="1437" WIDTH="7" HEIGHT="19" WC="0.97" CONTENT="i"/><SP WIDTH="18" VPOS="1437" HPOS="315"/>
							<String ID="string_368" HPOS="333" VPOS="1436" WIDTH="83" HEIGHT="20" WC="0.93" CONTENT="relativt"/><SP WIDTH="16" VPOS="1436" HPOS="416"/>
							<String ID="string_369" HPOS="432" VPOS="1436" WIDTH="144" HEIGHT="27" WC="0.96" CONTENT="anspråkslösa"/><SP WIDTH="15" VPOS="1436" HPOS="576"/>
							<String ID="string_370" HPOS="591" VPOS="1436" WIDTH="133" HEIGHT="20" WC="0.93" CONTENT="ekonomiska"/><SP WIDTH="15" VPOS="1436" HPOS="724"/>
							<String ID="string_371" HPOS="739" VPOS="1435" WIDTH="126" HEIGHT="27" WC="0.92" CONTENT="omständig-"/>
						</TextLine>
						<TextLine ID="line_44" HPOS="115" VPOS="1464" WIDTH="751" HEIGHT="28">
							<String ID="string_372" HPOS="115" VPOS="1466" WIDTH="64" HEIGHT="26" WC="0.96" CONTENT="heter,"/><SP WIDTH="17" VPOS="1466" HPOS="179"/>
							<String ID="string_373" HPOS="196" VPOS="1469" WIDTH="31" HEIGHT="18" WC="0.93" CONTENT="att"/><SP WIDTH="14" VPOS="1469" HPOS="227"/>
							<String ID="string_374" HPOS="241" VPOS="1467" WIDTH="12" HEIGHT="19" WC="0.93" CONTENT="&amp;"/><SP WIDTH="14" VPOS="1467" HPOS="253"/>
							<String ID="string_375" HPOS="267" VPOS="1466" WIDTH="126" HEIGHT="21" WC="0.96" CONTENT="främmande"/><SP WIDTH="15" VPOS="1466" HPOS="393"/>
							<String ID="string_376" HPOS="408" VPOS="1469" WIDTH="32" HEIGHT="17" WC="0.96" CONTENT="ort"/><SP WIDTH="16" VPOS="1469" HPOS="440"/>
							<String ID="string_377" HPOS="456" VPOS="1466" WIDTH="50" HEIGHT="20" WC="0.93" CONTENT="söka"/><SP WIDTH="15" VPOS="1466" HPOS="506"/>
							<String ID="string_378" HPOS="521" VPOS="1466" WIDTH="83" HEIGHT="20" WC="0.90" CONTENT="fortsatt"/><SP WIDTH="15" VPOS="1466" HPOS="604"/>
							<String ID="string_379" HPOS="619" VPOS="1465" WIDTH="141" HEIGHT="27" WC="0.90" CONTENT="skolbildning"/><SP WIDTH="14" VPOS="1465" HPOS="760"/>
							<String ID="string_380" HPOS="774" VPOS="1464" WIDTH="33" HEIGHT="21" WC="0.96" CONTENT="för"/><SP WIDTH="14" VPOS="1464" HPOS="807"/>
							<String ID="string_381" HPOS="821" VPOS="1464" WIDTH="45" HEIGHT="21" WC="0.96" CONTENT="sina"/>
						</TextLine>
					</TextBlock>
				</ComposedBlock>
				<ComposedBlock ID="cblock_2" HPOS="183" VPOS="1504" WIDTH="492" HEIGHT="20">
					<TextBlock ID="block_6" HPOS="183" VPOS="1504" WIDTH="492" HEIGHT="20">
						<TextLine ID="line_45" HPOS="183" VPOS="1504" WIDTH="492" HEIGHT="20">
							<String ID="string_382" HPOS="183" VPOS="1506" WIDTH="101" HEIGHT="18" WC="0.93" CONTENT="Allmänna"/><SP WIDTH="12" VPOS="1506" HPOS="284"/>
							<String ID="string_383" HPOS="296" VPOS="1505" WIDTH="172" HEIGHT="18" WC="0.69" CONTENT="Besvärsutskottets"/><SP WIDTH="12" VPOS="1505" HPOS="468"/>
							<String ID="string_384" HPOS="480" VPOS="1505" WIDTH="110" HEIGHT="19" WC="0.96" CONTENT="betänkande"/><SP WIDTH="11" VPOS="1505" HPOS="590"/>
							<String ID="string_385" HPOS="601" VPOS="1504" WIDTH="34" HEIGHT="19" WC="0.92" CONTENT="N:o"/><SP WIDTH="13" VPOS="1504" HPOS="635"/>
							<String ID="string_386" HPOS="648" VPOS="1505" WIDTH="27" HEIGHT="17" WC="0.96" CONTENT="15."/>
						</TextLine>
					</TextBlock>
				</ComposedBlock>
			</PrintSpace>
		</Page>
	</Layout>
</alto>
