1061 1709
303 152 268 23 Petitionsbetänkande
586 153 40 22 N:o
642 153 34 22 20.
823 154 14 21 5

117 221 86 22 allvarlig
218 221 122 23 öfvertygelse
356 221 47 18 eller
418 223 26 16 ett
460 222 53 22 djupt
524 222 59 17 kändt
594 222 62 18 behof.
679 222 29 18 De
721 222 64 22 tvinga
798 222 69 17 enhvar

116 249 104 23 lagstiftare
233 251 27 16 att
272 250 42 17 med
326 250 82 17 vördnad
421 252 67 16 stanna
497 250 49 18 inför
556 250 61 18 denna
627 250 22 18 de
660 250 57 22 djupa
727 250 87 17 ledernas
823 255 44 17 sega

117 278 33 18 och
166 278 116 22 outtröttliga
294 278 55 22 kamp
362 280 48 16 samt
422 278 72 18 komma
506 279 66 17 honom
585 280 27 16 att
623 278 52 23 fråga
687 278 72 18 hvilket
771 278 32 18 det
815 278 52 17 miss-

115 306 119 18 förhållande
247 308 26 20 är,
286 312 39 12 som
337 306 69 18 förmår
418 306 60 18 drifva
490 308 21 16 så
523 308 50 16 stora
585 312 69 12 massor
667 306 20 18 af
697 306 60 18 folket
768 306 29 18 till
809 306 58 18 hand-

116 334 40 23 ling
169 334 34 18 och
216 334 66 23 bringa
295 335 42 18 dem
349 335 29 17 till
391 340 22 13 en
427 335 56 23 dylik,
496 335 97 23 endräktig
604 335 74 18 fasthet.
696 335 24 18 Vi
732 335 44 23 vilja
785 335 34 17 här
825 334 42 18 icke

117 365 85 16 närmare
216 363 67 18 beröra
296 364 37 17 den
345 364 128 22 oupphörliga,
486 364 81 22 ständigt
579 364 88 22 ljudande
681 364 73 22 klagan,
767 368 38 13 som
815 363 52 23 dryc-

115 392 119 22 kenskapens
255 392 119 18 förbannelse
396 392 95 23 afpressar
512 392 22 18 de
555 392 121 18 folkklassers
693 393 72 22 läppar,
781 392 64 18 hvilka
859 392 8 17 i

116 420 78 18 främsta
210 423 79 15 rummet
301 421 39 17 lida
352 421 98 18 derunder.
474 422 66 17 Denna
552 422 68 22 klagan
632 426 54 18 synes
698 421 28 18 för
739 421 56 23 öfrigt
806 420 25 18 ha
843 426 23 12 en

116 449 81 18 särskild
213 449 84 23 förmåga
311 452 28 15 att
351 455 89 13 enervera
452 451 35 17 och
500 450 74 18 uttråka
587 450 46 22 dem,
646 450 63 18 hvilka
720 450 77 18 framför
809 449 58 18 andra

116 478 57 18 borde
186 479 71 17 skänka
269 479 36 18 den
320 479 29 17 sin
362 479 168 23 uppmärksamhet.
554 480 24 17 Vi
591 479 55 23 bedja
658 479 48 18 dock
717 480 27 16 att
755 478 43 18 med
809 479 58 22 några

116 506 147 24 sifferuppgifter
278 508 19 18 få
309 508 66 23 belysa
387 508 68 18 sakens
468 508 119 19 ekonomiska
599 508 46 22 sida,
658 508 76 18 hvilken
746 508 57 18 likväl
815 508 16 22 ej
846 509 21 16 är

117 536 42 18 dess
171 537 104 23 viktigaste.

184 566 24 17 Vi
224 566 24 18 ha
260 567 24 22 på
296 566 61 23 grund
370 566 20 18 af
400 566 89 18 officiella
500 566 94 24 uppgifter
606 566 99 18 antecknat
717 566 22 18 de
753 566 50 18 olika
815 566 52 17 inom

116 594 64 18 landet
196 595 111 18 tillverkade
323 596 33 17 och
373 595 22 18 de
411 595 30 18 till
456 595 64 18 landet
531 595 74 18 införda
616 595 146 23 rusdryckernas
774 594 93 18 kvantitet

117 626 47 15 samt
176 624 109 22 uppskattat
297 624 55 18 deras
364 625 38 22 pris
416 624 48 18 efter
476 624 31 18 det
519 624 67 22 belopp
600 624 22 18 de
635 625 6 17 i
654 624 87 18 medeltal
750 623 53 18 torde
813 624 54 16 kosta

116 652 137 18 konsumenten
266 653 35 17 och
314 652 58 23 därpå
384 653 91 18 beräknat
487 653 54 17 deras
553 652 155 23 penningevärde.
732 653 37 17 För
781 654 26 15 att
819 652 47 17 und-

116 680 43 18 vika
174 680 95 24 tillfälliga
284 681 94 18 faktorers
393 681 102 23 inflytande
510 682 23 22 på
549 681 60 18 denna
625 681 104 22 beräkning
747 681 25 17 ha
789 681 18 18 vi
820 680 47 22 tagit

117 710 23 17 de
156 710 58 22 årliga
229 710 112 18 medeltalen
357 710 20 17 af
390 712 28 16 tre
431 710 155 23 femårsperioder
599 710 121 22 begynnande
733 710 43 17 med
788 710 21 17 år
821 709 44 17 1881

116 738 34 18 och
165 738 72 22 gående
254 739 49 17 ända
318 739 29 18 till
361 739 51 18 1895.
436 739 82 17 Sålunda
532 740 24 16 ha
571 739 18 17 vi
601 739 75 17 erhållit
687 738 82 23 följande
781 738 85 21 tabeller,

116 767 64 17 hvilka
194 768 116 22 någorlunda
325 770 103 20 noggrannt
445 768 59 18 utvisa
516 768 48 17 hvad
576 767 90 18 Finlands
679 767 39 18 folk
731 767 71 23 årligen
814 767 51 17 beta-

116 796 28 17 lar
161 796 29 17 för
209 796 62 18 starka
290 796 84 23 drycker.
401 797 37 17 För
456 797 61 17 bättre
536 796 97 23 öfversigts
652 796 50 17 skull
719 796 25 17 ha
761 796 18 16 vi
794 795 29 18 för
835 796 32 16 det

116 826 60 16 mesta
188 826 86 22 upptagit
287 825 50 18 talen
349 826 7 16 i
366 826 65 22 jemna
442 825 97 18 tusenden.

189 1506 178 18 Ekonomiutskottets
381 1505 111 18 betänkande
506 1504 35 19 N:o
555 1504 18 19 8.
