1061 1703
335 116 273 24 Petitionsbetänkande
623 117 45 24 N:o
683 117 36 22 18.
883 119 11 20 7

146 183 51 22 flere
219 184 22 21 af
263 185 122 21 Utskottets
405 186 136 21 medlemmar
558 188 71 19 ansett
643 188 32 19 att
690 186 40 21 den
745 187 8 20 i
768 186 127 27 nyssnämdt

145 218 100 21 afseende
270 220 101 26 stadgade
393 219 134 28 åldersgräns
550 220 41 21 tolf
610 221 24 20 år
657 221 66 21 borde
737 221 7 20 i
760 220 69 27 någon
846 220 49 21 mån

144 251 99 28 förhöjas.
273 253 40 21 Till
336 253 48 21 stöd
405 253 33 22 för
460 255 70 20 denna
552 255 137 26 uppfattning
706 255 38 20 har
762 253 132 26 framhållits,

145 286 101 21 hurusom
274 287 131 26 lagstiftaren
427 288 103 21 härintills
556 288 45 21 icke
626 288 107 21 tillerkänt
760 289 57 23 barn,
848 294 46 15 som

145 320 18 26 ej
180 321 91 25 uppnått
285 321 80 21 femton
381 321 34 21 års
431 321 63 25 ålder,
510 322 69 26 någon
594 321 210 27 handlingsförmåga
818 322 7 20 i
837 321 57 21 civil-

144 354 93 26 rättsligt
260 354 120 22 hänseende
401 355 51 21 eller
468 362 38 14 ens
526 357 70 19 ansett
610 355 76 21 sådant
700 356 51 20 barn
767 355 73 21 kunna
854 355 40 21 till-

144 388 53 21 låtas
212 388 68 22 vittna
295 389 51 21 eller
361 388 33 22 för
409 390 107 26 begånget
529 390 58 20 brott
602 390 72 21 kunna
688 389 113 21 bestraffas
815 395 77 16 annor-

143 423 65 21 lunda
223 424 25 20 än
265 430 76 20 genom
356 430 45 20 aga.
424 424 41 21 Vid
480 424 75 21 sådant
569 423 130 22 förhållande
714 424 39 21 och
769 424 26 20 då
809 424 39 21 hos
864 425 30 19 ett

144 457 52 21 barn
211 457 22 21 af
252 458 76 21 endast
345 457 40 22 tolf
398 458 35 21 års
449 458 57 21 ålder
522 458 44 22 icke
582 458 70 21 kunde
669 458 124 21 förutsättas
809 458 85 27 religiös

143 492 98 26 mognad,
256 492 67 22 borde
338 492 17 27 ej
372 492 71 25 heller,
458 492 75 22 medan
549 492 75 21 barnet
642 492 76 22 befann
735 493 32 26 sig
782 492 7 21 i
804 492 23 22 så
838 498 57 21 unga

142 526 29 26 år,
194 526 49 22 dess
266 527 99 27 religiösa
382 527 86 22 känslor
486 527 71 22 kunna
575 527 99 22 tillmätas
693 527 123 28 betydelsen
832 526 23 22 af
867 533 26 15 en

143 561 81 27 verklig
232 561 146 28 öfvertygelse.
398 562 42 21 Det
448 569 51 14 vore
507 562 61 21 äfven
581 561 31 22 för
624 564 30 19 ett
667 562 64 21 barns
741 561 121 28 utbildning
874 561 22 22 af

142 597 80 20 största
229 596 50 27 vigt,
288 598 31 19 att
327 596 35 21 det
368 597 74 20 intima
449 596 135 25 förhållande,
593 602 45 15 som
646 597 65 20 borde
719 603 40 20 ega
764 603 47 14 rum
817 596 77 21 mellan

143 630 74 21 barnet
235 631 40 20 och
293 631 49 20 dess
361 630 108 26 föräldrar,
483 631 45 21 icke
540 630 142 27 försvagades,
704 632 54 19 samt
773 633 31 18 att
820 631 74 20 barnet

141 663 56 27 finge
215 665 82 26 åtnjuta
313 665 86 26 religiös
415 664 134 32 uppfostran
559 664 22 21 af
594 665 45 20 sina
654 665 109 21 föräldrar.
793 665 49 20 Men
859 671 34 14 om

141 700 32 19 ett
192 699 75 21 endast
281 698 41 22 tolf
335 699 23 21 år
374 698 100 28 gammalt
490 699 57 25 barn,
563 698 63 22 hvars
647 698 102 22 föräldrar
769 698 124 26 öfvergingo

141 732 32 21 till
195 735 64 19 annat
281 732 151 26 trossamfund,
448 733 27 26 på
494 733 68 27 grund
577 732 23 21 af
612 739 26 15 en
654 732 105 22 måhända
774 732 53 21 blott
842 732 52 28 ytlig

140 766 86 28 religiös
241 767 98 27 kunskap
354 767 50 21 eller
419 767 7 21 i
436 766 52 28 följd
498 766 22 22 af
528 768 55 26 yttre
593 766 114 28 inflytelser
718 767 45 21 icke
772 766 65 27 följde
847 767 47 21 sina

142 800 103 22 föräldrar
253 802 26 24 åt,
288 802 92 21 utsattes
392 802 76 20 barnet
477 802 33 20 för
518 801 71 21 risken
598 803 30 19 att
638 800 96 22 beröfvas
743 801 150 27 nyssantydda,

142 834 33 22 för
190 836 48 20 dess
255 836 85 26 andliga
357 835 122 27 utveckling
488 835 133 27 nödvändiga
632 835 134 26 betingelser.
786 835 107 27 Ifrågava-

142 870 65 21 rande
227 870 123 26 stadgande,
365 876 46 14 som
426 870 73 27 afsåge
514 871 31 19 att
562 870 80 26 skydda
659 870 76 20 barnet
752 871 45 19 mot
813 875 26 15 en
852 869 41 21 för-

143 906 58 19 ment
233 904 141 26 samvetsnöd,
402 904 71 21 kunde
498 904 88 21 sålunda
604 903 33 21 för
661 904 117 20 detsamma
799 904 95 21 medföra

142 938 63 27 högst
229 938 102 28 olyckliga
355 938 109 27 påföljder.
493 938 49 21 Med
564 938 99 21 afseende
684 938 52 20 härå
758 938 38 20 och
819 938 26 21 då
863 940 31 19 ett

143 972 52 22 barn
210 972 46 22 icke
271 973 89 27 tidigare
375 974 26 19 än
417 973 35 21 vid
466 972 81 22 femton
563 973 23 20 år
600 972 71 21 kunde
687 978 62 15 anses
765 971 62 22 hafva
841 978 52 21 upp-

143 1006 46 21 nått
206 1007 41 20 den
267 1007 99 26 religiösa
380 1008 98 25 mognad,
494 1013 45 15 som
555 1007 65 26 enligt
636 1006 27 21 13
678 1006 11 27 $
704 1006 7 21 i
727 1006 166 27 dissenterlagen

142 1040 132 27 förutsättes,
289 1041 38 21 har
342 1041 58 20 inom
416 1041 110 21 Utskottet
540 1041 120 26 föreslagits
683 1042 31 19 att
733 1039 161 27 ifrågavarande

142 1075 135 26 åldersgräns
293 1074 41 22 tolf
346 1075 24 20 år
385 1075 65 21 borde
466 1075 59 27 höjas
540 1075 32 21 till
586 1075 80 21 femton
682 1075 29 21 år.

213 1109 74 22 Såsom
293 1109 122 27 ytterligare
426 1109 45 21 skäl
479 1109 35 21 för
525 1109 126 27 vidtagande
661 1109 22 21 af
696 1116 26 14 en
738 1109 65 21 sådan
819 1109 75 26 åtgärd

143 1143 39 21 har
196 1143 57 21 inom
269 1143 111 22 Utskottet
394 1143 132 26 framhållits,
544 1144 103 20 hurusom
663 1144 41 21 den
719 1143 97 26 tolkning
827 1143 67 20 borde

144 1177 67 28 gifvas
233 1178 22 21 åt
278 1178 5 21 3
305 1184 63 15 mom.
389 1178 26 21 13
435 1178 11 27 $
467 1178 7 20 i
494 1178 166 26 dissenterlagen
682 1179 31 20 att
733 1178 59 26 barn,
814 1177 80 21 hvilket

143 1212 45 21 icke
203 1212 92 27 uppnått
312 1212 40 21 den
368 1212 8 21 i
390 1212 32 28 &:n
438 1212 101 27 stadgade
555 1212 63 26 ålder,
632 1212 18 27 ej
668 1212 139 26 ovilkorligen
820 1212 73 24 måste,

144 1246 35 22 vid
188 1246 142 22 föräldrarnes
341 1246 115 27 öfvergång
464 1246 31 22 till
503 1253 70 24 annan
580 1246 95 26 troslära,
686 1246 8 20 i
703 1246 58 21 detta
773 1246 121 21 hänseende

144 1280 52 28 följa
210 1281 48 21 dem
277 1281 28 26 åt,
321 1282 50 20 utan
386 1280 131 22 föräldrarne
531 1280 88 22 fastmer
634 1280 63 22 hafva
711 1281 43 20 rätt
769 1282 32 19 att
815 1279 79 27 afgöra,

143 1315 106 21 huruvida
271 1315 76 21 sådant
368 1315 53 21 barn
440 1315 78 27 jemväl
536 1315 66 21 borde
617 1314 31 22 till
664 1315 36 21 det
715 1320 41 21 nya
770 1314 124 27 kyrkosam-

143 1348 76 21 fundet
234 1348 88 27 öfvergå
337 1348 50 21 eller
404 1354 34 15 om
454 1348 117 21 detsamma
585 1348 130 20 fortfarande
730 1347 69 21 skulle
809 1347 84 20 tillhöra

144 1382 36 21 det
195 1381 104 27 samfund,
314 1382 8 21 i
336 1382 62 21 hvars
420 1381 45 21 lära
488 1382 74 21 barnet
576 1381 57 21 förut
649 1381 138 27 uppfostrats.
819 1381 76 20 Denna

144 1416 97 28 tolkning
262 1416 39 21 har
325 1416 117 22 emellertid
456 1416 45 21 icke
516 1415 22 22 af
554 1415 112 22 Utskottet
680 1415 112 28 godkänts.
822 1415 73 27 Enligt

212 1463 133 23 Lagutskottets
358 1462 110 18 betänkande
480 1462 37 18 N:o
532 1463 25 16 11.
