1095 1745
255 159 41 20 160
406 157 277 23 Petitionsbetänkande
698 157 45 22 N:o
759 156 34 23 14.

294 225 169 22 Vidkommande
487 226 26 20 de
534 225 23 21 af
577 225 111 22 Utskottet
709 224 32 21 för
764 225 83 26 privata
863 225 113 26 järnvägs-

225 260 83 27 företag
330 259 121 28 föreslagna
474 259 116 22 statslånen
619 259 37 21 har
681 259 111 21 Utskottet
814 258 61 21 tänkt
890 259 39 26 sig,
944 259 32 20 att

226 294 108 21 desamma
348 294 46 21 icke
409 294 66 21 borde
490 293 81 22 belasta
585 292 280 22 kommunikationsfonden.
892 292 31 21 Af
935 292 41 21 den

207 344 2 2 -
228 328 117 21 Ständerna
370 327 123 22 meddelade
516 327 168 27 approximativa
706 327 97 26 kalkylen
829 326 60 21 öfver
913 327 63 20 stats-

226 362 91 21 fondens
339 361 102 26 ställning
462 361 32 22 för
513 362 51 21 åren
580 361 140 21 1900—1904
735 361 38 21 har
788 361 112 21 Utskottet
914 360 63 21 äfven

226 396 76 26 funnit,
317 398 32 19 att
371 402 80 15 samma
467 395 135 28 uppfattning
618 395 57 21 delas
690 395 23 21 af
726 395 229 27 Finansexpeditionen
970 395 7 20 i

227 430 120 28 Kejserliga
362 431 98 25 Senaten,
476 433 50 18 enär
542 430 30 21 uti
588 436 25 14 en
629 429 140 27 anmärkning
784 429 31 21 till
830 430 66 26 sagda
908 429 70 26 kalkyl

228 464 140 28 uttryckligen
390 464 102 27 angifves,
508 466 32 20 att
557 464 68 21 medel
643 463 32 22 för
691 470 29 15 nu
735 464 77 21 nämda
827 464 22 21 år
864 463 67 22 borde
945 469 33 15 re-

228 505 97 15 serveras
340 499 33 21 för
388 498 141 22 befordrande
544 498 22 22 af
578 498 83 27 privata
673 498 121 27 järnvägar,
810 498 83 22 »hvilka
908 498 70 21 såsom

227 533 100 21 afseende
343 532 86 22 allmänt
445 533 81 27 nyttiga
541 533 82 26 företag
637 532 33 21 för
684 533 78 25 landet,
778 538 62 21 synas
855 532 73 21 kunna
942 532 36 27 på-

229 567 66 21 räkna
311 567 116 21 understöd
443 573 76 20 genom
535 566 139 27 fördelaktiga
688 567 34 20 lån
739 573 25 14 ur
775 566 106 22 allmänna
890 566 89 22 medel».

298 602 11 20 I
331 601 94 27 enlighet
447 602 48 20 med
516 602 26 20 de
565 601 73 23 vilkor,
653 607 46 15 som
721 601 34 21 vid
771 601 88 27 tidigare
876 600 103 28 beviljade

229 635 111 22 enahanda
353 635 35 21 lån
405 635 113 27 uppstälts,
533 635 38 21 har
586 635 110 22 Utskottet
711 637 76 24 ansett,
800 637 31 19 att
845 635 61 21 äfven
916 634 62 22 fram-

230 671 50 25 gent
295 670 13 20 &
322 670 79 20 sådana
416 670 34 21 lån
466 670 66 21 borde
547 669 96 27 erläggas
660 676 25 14 en
701 670 97 20 annuitet
813 668 23 22 af
843 669 9 21 5
865 669 34 27 ?/,
907 669 74 21 hvaraf

230 704 44 27 3!/,
284 704 27 26 9/,
327 704 70 21 såsom
412 705 62 19 ränta
489 704 38 20 och
543 704 122 21 återstoden
681 704 71 20 såsom
768 704 136 26 amortering.
931 703 48 21 Till-

229 738 43 22 lika
288 734 63 31 synes
366 738 74 26 billigt,
455 740 31 19 att
503 738 66 21 under
584 738 26 21 de
625 737 68 22 första
707 741 32 17 tre
753 738 51 21 åren
815 738 93 20 hvarken
919 739 63 19 ränta

229 772 51 22 eller
296 772 130 26 amortering
441 772 67 21 skulle
524 772 32 21 för
571 772 57 21 lånet
643 772 110 26 beräknas,
767 772 26 21 då
808 773 36 20 det
857 772 24 27 ju
896 772 85 27 ligger
970 768 15 35 i

230 806 77 22 sakens
322 808 70 24 natur,
410 808 32 19 att
461 808 31 19 ett
506 806 76 22 sådant
597 806 83 26 företag
695 806 16 27 ej
729 806 67 21 under
811 806 168 27 byggnadstiden

230 840 38 21 har
287 840 66 27 några
370 840 118 21 inkomster
505 842 33 19 att
552 840 99 27 påräkna,
667 840 92 21 hvarhos
775 840 67 24 under
857 840 41 21 den
913 840 67 21 första

231 874 57 21 tiden
311 873 53 22 efter
382 874 81 21 banans
479 875 112 26 öppnande
606 874 98 26 vanligen
719 880 26 14 en
762 874 77 26 mängd
853 874 127 26 komplette-

230 908 147 27 ringsarbeten
400 908 80 21 återstå
502 910 31 19 att
555 907 75 27 utföra,
649 908 67 26 jämte
738 908 36 21 det
796 907 183 22 trafikinkomsten

231 942 67 21 måste
313 942 93 21 förutses
421 948 51 15 vara
487 942 112 27 obetydlig.

299 975 130 22 Härutöfver
444 976 37 21 har
496 976 112 22 Utskottet
622 976 69 21 funnit
707 976 33 27 sig
756 977 49 20 böra
821 977 48 20 med
881 976 99 21 afseende

231 1011 13 20 å
259 1011 62 21 dessa
337 1010 88 21 statslån
442 1011 81 26 påpeka
538 1017 26 14 en
580 1011 157 26 omständighet
751 1010 23 21 af
787 1010 49 21 vikt.
861 1011 42 20 Det
913 1010 67 21 måste

231 1045 99 26 förutses,
345 1046 32 19 att
392 1045 63 26 bolag
469 1051 46 15 som
530 1045 81 27 bygger
623 1045 91 26 järnväg
729 1045 128 21 åtminstone
867 1045 8 20 i
885 1045 26 21 de
921 1044 60 21 flesta

230 1079 38 21 fall
283 1079 53 21 skall
346 1079 65 20 anlita
423 1080 91 26 utvägen
525 1081 31 19 att
568 1079 79 21 medels
660 1079 138 21 emitterande
811 1077 22 22 af
842 1079 140 27 obligationer

231 1113 51 21 eller
292 1109 68 36 privat
371 1113 106 27 upplåning
489 1114 7 20 i
502 1120 70 14 annan
580 1113 54 22 form
643 1114 112 26 tillgodose
763 1114 37 21 sitt
808 1113 65 22 behof
879 1113 23 22 af
908 1114 74 20 kredit.

232 1148 47 20 Om.
296 1148 36 21 det
352 1147 68 26 äfven,
436 1148 71 21 såsom
529 1149 80 24 nämdt,
631 1148 45 21 icke
699 1148 41 21 kan
763 1154 62 15 anses
841 1148 95 26 lämpligt
951 1149 31 19 att

232 1183 69 20 staten
317 1182 75 21 härvid
408 1182 68 21 skulle
490 1182 62 27 åtaga
568 1182 33 27 sig
617 1182 81 26 garanti
713 1182 33 21 för
762 1183 62 21 dessa
839 1182 40 24 lån,
888 1188 49 16 vare
950 1182 33 27 sig

232 1216 32 21 till
281 1216 79 27 kapital
375 1216 50 21 eller
444 1218 66 23 ränta,
525 1216 41 22 kan
582 1218 69 20 staten
668 1217 96 21 däremot
779 1217 120 21 underlätta
914 1217 69 21 denna

232 1250 119 27 upplåning
369 1256 77 21 genom
468 1252 31 19 att
520 1250 107 27 medgifva
641 1250 67 28 öfriga
723 1250 116 28 långifvare
854 1252 43 20 rätt
911 1251 32 21 till
957 1251 26 21 ti-

232 1284 73 26 digare
319 1284 128 26 inteckning.
476 1284 76 26 Någon
568 1285 93 25 egentlig
675 1285 43 20 risk
734 1291 62 20 synes
812 1285 45 20 icke
872 1284 34 21 för
919 1287 63 19 stats-

232 1317 74 21 värket
321 1323 50 15 vara
386 1317 119 21 förbunden
521 1318 49 21 med
585 1319 31 19 ett
630 1317 75 21 sådant
721 1317 152 27 medgifvande,
885 1318 27 21 då
922 1318 7 20 i
940 1318 42 27 gäl-

233 1351 62 22 lande
316 1351 175 28 koncessionslag
512 1351 23 22 af
555 1352 41 21 den
616 1351 25 22 15
656 1351 60 28 April
733 1352 55 21 1889
803 1354 30 19 ett
848 1351 136 28 aktiekapital

233 1386 150 21 motsvarande
397 1385 71 22 halfva
482 1386 261 28 anläggningskostnaden
760 1387 120 27 stipuleras.

301 1502 185 22 Järnvägsutskottets
498 1502 112 18 betänkande
622 1502 37 18 N:o
671 1502 18 17 2.
