1092 1753
245 171 26 18 28
410 166 275 24 Petitionsbetänkande
701 167 41 22 N:o
758 166 34 22 14.

491 232 28 16 att
539 228 28 25 på
587 230 65 23 grund
673 229 64 23 däraf
759 227 68 24 Nådig
848 229 124 22 Proposition

422 256 58 21 måtte
498 259 109 18 kommande
623 257 128 19 ständermöte
767 257 115 24 föreläggas
895 262 28 13 om
937 257 32 18 ba-

422 293 51 12 nans
488 288 111 22 utförande,
618 288 91 21 antingen
719 284 29 25 på
760 292 22 12 en
794 284 52 25 gång
858 287 7 16 i
878 287 43 16 dess
932 285 39 18 hel-

422 317 36 21 het,
477 317 45 17 eller
540 318 6 16 i
557 315 101 19 särskilda
671 315 59 22 delar,
743 313 23 20 sä
780 316 29 17 att
820 316 75 21 främst
908 316 62 17 sträc-

424 346 60 16 korna
497 344 209 22 Gla-Karleby—Vetil
718 344 33 18 och
765 343 207 18 Suolahti-Karstula

423 373 89 23 beläggas
526 374 39 18 med
578 373 68 17 arbete.

287 436 115 22 Helsingfors
415 436 34 18 den
463 436 21 18 10
497 436 87 18 Februari
599 436 49 18 1900.

725 493 25 23 lv.
766 492 20 24 R.
803 492 100 24 Forsman.

581 648 28 24 16.

447 717 51 18 Till
510 717 234 24 Borgareständet.

288 779 59 19 Sedan
365 780 172 23 järnvägsfrägorna
555 780 123 18 behandlades
690 779 30 19 vid
736 780 41 18 1897
791 781 29 17 års
833 779 94 24 landtdag,
939 780 35 17 har

218 809 82 18 komitén
312 810 30 17 för
353 809 137 18 värkställande
501 809 20 18 af
532 809 106 18 ckonomisk
650 808 137 23 undersökning
799 805 19 22 af
827 808 90 19 särskilda
925 809 48 22 järn-

218 838 172 23 vägssträekningar
407 838 5 17 i
431 837 61 19 landet
510 839 89 17 aflämnat
616 838 39 17 sina
673 837 127 19 betänkanden
819 837 35 19 och
865 838 6 17 i
884 837 35 19 N:o
931 838 11 17 2
954 837 20 18 af

218 866 53 19 dessa
283 866 55 19 bland
352 866 58 18 andra
421 866 93 24 föreslagit
527 867 53 18 äfven
592 866 81 23 följande
684 866 58 18 banor

494 936 20 12 en
533 931 48 17 bana
598 931 41 17 frän
657 930 75 23 lämplig
750 930 59 23 punkt
828 931 5 17 i
850 930 90 18 närheten
955 930 20 18 af

425 959 85 18 Suolahti
528 959 72 21 station,
619 959 107 22 förslagsvis
746 959 42 18 från
809 959 118 24 Kapeakoski
947 959 26 18 till

425 988 96 22 Saarijärvi
535 988 92 23 kyrkoby;

492 1023 22 12 en
532 1017 48 18 bana
597 1017 42 18 från
657 1017 94 18 Ylivieska
769 1017 68 18 station
849 1017 10 18 å
871 1017 102 23 Uleåborgs

426 1046 59 17 banan
504 1045 51 18 öfver
573 1045 112 23 Haapajärvi
703 1045 34 18 och
755 1045 98 18 Kiuruvesi
865 1045 110 19 kommuner

425 1074 27 17 till
465 1073 70 19 Tisalmi
547 1074 50 22 stad;

492 1109 22 12 en
531 1104 47 17 bana
595 1103 42 18 från
654 1103 91 18 Kauhava
761 1103 67 18 station
847 1104 11 17 &
872 1103 103 24 Uleåborgs

424 1132 60 17 banan
496 1132 28 17 till
536 1132 75 23 lämplig
623 1132 60 23 punkt
696 1132 4 16 i
713 1132 109 23 Lappajärvi
832 1132 95 22 kommun,
936 1132 37 18 för-

424 1160 77 23 slagsvis
514 1160 27 18 till
553 1166 55 12 norra
619 1160 61 18 ändan
693 1160 19 18 af
724 1160 109 24 Lappajärvi
845 1161 33 22 sjö.

287 1223 58 23 Ingen
357 1222 20 18 af
388 1222 53 18 dessa
452 1223 58 17 banor
522 1222 53 24 fyller
587 1222 100 18 emellertid
699 1222 35 18 den
746 1224 79 22 uppgift,
837 1230 39 12 som
889 1230 22 11 en
920 1223 55 22 bana,

218 1251 69 23 dragen
305 1257 66 17 genom
387 1251 32 18 det
430 1253 51 16 stora
493 1252 79 21 område,
584 1251 70 18 hvilket
666 1252 97 23 begränsas
776 1252 19 18 af
807 1252 168 23 Uleåborg—Vasa

219 1290 12 2 —
255 1279 94 23 Jyväskylä,
366 1279 329 23 Suonenjoki--Kuopio—Idensalmi
711 1280 36 18 och
758 1280 104 22 föreslagna
874 1280 101 18 Idensalmi

227 1307 109 17 Ylivieska
353 1307 88 20 banorna,
459 1307 60 17 skulle
537 1313 36 17 ega.
597 1307 75 18 Nämda
691 1308 74 17 område
783 1310 90 21 upptager
891 1314 21 12 en
925 1309 49 17 areal

218 1335 20 17 af
254 1335 84 22 omkring
354 1335 63 20 29,000
434 1334 175 18 kvadratkilometer
626 1335 43 17 med
681 1341 22 12 en
715 1336 106 22 befolkning
833 1336 19 17 af
864 1336 69 18 inemot
945 1336 29 23 !/,,

218 1362 20 18 af
249 1362 41 18 hela
302 1362 71 18 landets
385 1362 36 18 och
432 1362 48 19 ändä
490 1362 77 18 föresläs
580 1362 15 23 ej
608 1364 58 22 nägon
679 1362 102 20 detsamma
793 1364 76 18 delande
880 1364 94 24 järnvägs-

218 1391 47 22 linje.
288 1390 73 19 Endast
373 1392 26 16 ett
411 1397 33 17 par
456 1392 74 17 kortare
542 1392 92 22 sugbanor
645 1393 32 16 äro
689 1392 20 17 af
716 1392 82 18 komitén
807 1393 123 23 accepterade,
939 1394 37 17 och

218 1420 20 17 af
254 1419 52 19 dessa
322 1419 34 18 den
370 1425 39 16 ena,
421 1420 61 18 såsom
494 1420 34 17 ock
541 1420 4 17 i
558 1426 21 12 en
592 1421 111 18 reservation
715 1421 28 18 till
755 1422 90 18 komiténs
858 1422 117 19 betänkande

219 1448 73 19 slående
308 1449 111 21 framhålles,
436 1448 43 18 ledd
491 1449 5 16 i
508 1455 22 11 en
542 1455 39 12 mer
594 1449 94 18 teoretiskt
700 1450 161 23 uppkonstruerad
874 1452 22 17 än
909 1451 20 18 af
939 1457 36 12 nu-

218 1477 80 18 varande
310 1477 128 18 förhållanden
450 1477 76 23 påvisad
538 1477 86 24 riktning.

284 1518 187 22 Järnvägsutskottets
481 1519 109 17 betänkande
603 1518 37 18 N:o
653 1520 18 16 2.
