1067 1709
320 108 274 24 Petitionsbetänkande
609 110 42 22 N:o
666 109 36 23 29.
874 111 12 20 9

134 176 70 22 oäkta
226 176 87 27 barnet,
329 177 81 21 såvida
424 177 128 22 detsamma
566 177 52 22 icke
633 181 25 18 är
672 177 72 22 afladt
759 178 9 21 i
783 177 103 27 hordom,

133 210 38 21 arf
190 210 59 22 efter
271 211 94 21 modren
388 212 43 20 och
453 212 87 21 hennes
562 212 67 28 slägt,
645 218 52 15 men
717 212 104 21 deremot
835 212 51 21 icke

133 244 59 21 efter
208 244 66 22 fader
293 244 43 22 och
351 244 195 23 fädernefränder.
576 245 65 21 Dock
658 249 24 17 är
696 245 81 21 fadren
793 245 94 28 skyldig

133 280 35 18 att
182 278 61 22 ända
257 278 49 21 tills
320 279 82 21 barnet
417 280 101 27 uppnått
532 286 28 14 en
576 279 64 21 ålder
655 279 26 21 af
696 280 32 26 14,
740 279 56 21 eller
806 279 7 21 i
824 279 62 21 vissa

133 311 42 21 fall
198 312 36 20 till
257 312 43 21 och
322 313 52 21 med
395 314 26 20 18
437 313 30 26 år,
483 313 95 28 bidraga
593 313 37 20 till
645 312 143 29 nödtorftigt
803 312 83 22 under-

132 345 48 22 håll
199 346 36 21 för
250 346 132 22 detsamma.
413 346 12 22 I
440 346 73 22 likhet
528 346 52 22 med
594 346 62 22 hvad
672 347 44 22 den
731 347 71 28 tyska
818 346 68 28 lagen

132 380 9 21 i
163 380 83 22 sådant
268 380 107 22 afseende
397 381 95 29 stadgar
512 381 46 22 kan
578 380 68 23 äfven
662 381 74 29 enligt
751 381 74 22 dansk
840 382 47 20 rätt

133 417 34 19 ett
184 414 70 22 oäkta
272 415 57 22 barn
347 415 149 29 legitimeras,
511 416 111 28 antingen
638 416 133 29 derigenom
787 418 34 19 att
836 415 50 21 bar-

133 452 52 19 nets
207 449 65 22 fader
293 450 68 28 ingår
383 450 127 28 äktenskap
533 450 52 22 med
604 450 52 22 dess
672 450 86 26 moder,
774 450 9 21 i
798 449 90 22 hvilket

133 484 41 21 fall
189 484 82 22 barnet
285 484 45 22 blir
344 484 8 21 i
368 485 44 21 alla
427 484 123 22 afseenden
565 484 107 22 likstäldt
687 484 51 22 med
754 484 54 22 äkta
823 484 64 26 barn,

134 518 56 22 eller
205 518 43 22 ock
263 518 97 22 sålunda
375 521 35 19 att
424 519 81 21 fadren
520 519 62 21 inför
597 519 99 22 domstol
711 519 113 21 erkänner
837 519 49 21 bar-

133 556 41 18 net
195 552 75 22 såsom
293 553 47 26 sitt,
362 552 90 23 hvilket
474 554 49 20 åter
540 553 42 22 har
597 554 37 20 till
648 553 90 29 påföljd
753 555 41 24 att,
810 553 40 21 der
865 552 21 28 ej

134 587 81 21 fadren
230 587 158 29 uttryckligen
404 588 143 22 annorlunda
560 588 125 27 förordnat,
696 588 83 22 barnet
790 587 98 21 erhåller

134 624 46 19 rätt
195 621 36 21 till
246 622 38 20 arf
296 622 58 21 efter
373 622 80 21 fadren
470 622 42 21 och
527 622 57 22 hans
600 622 99 28 fränder,
716 622 59 22 dock
790 622 97 21 sålunda

134 658 40 24 att,
191 663 36 15 om
249 656 81 22 fadren
350 656 147 22 efterlemnar
519 657 54 21 äkta
595 657 62 25 barn,
673 656 39 22 det
727 656 160 28 legitimerade

134 690 81 22 barnet
230 690 76 22 ärfver
322 690 81 22 endast
417 690 52 22 half
482 691 44 21 lott
541 694 61 19 emot
616 690 40 22 det
671 691 61 21 äkta.
754 690 47 22 För
816 690 71 29 öfrigt

135 732 54 22 eger
204 725 94 21 modren
312 725 240 29 föräldramyndighet
561 728 119 26 gentemot
690 726 42 21 sitt
742 725 70 22 oäkta
822 725 66 21 barn.

205 864 45 21 Vid
266 864 139 29 pröfningen
420 864 26 21 af
459 864 82 29 frågan
557 865 8 21 i
580 864 62 22 hvad
657 864 52 21 mån
725 864 45 21 den
788 864 100 27 arfsrätt,

136 906 48 14 som
207 900 41 20 vår
268 899 149 29 lagstiftning
439 898 36 22 för
492 898 144 22 närvarande
651 898 152 22 tillerkänner
818 898 70 22 oäkta

136 933 63 28 barn,
221 933 70 22 borde
313 934 109 28 utvidgas
445 933 35 21 för
503 936 35 19 att
560 941 28 13 en
606 932 130 22 förbättrad
752 933 135 28 ställning
875 928 15 38 i

136 968 64 21 detta
222 968 108 21 afseende
351 968 74 21 skulle
448 968 51 21 dem
520 968 158 28 tillförsäkras,
693 968 46 21 kan
757 968 39 21 det
815 968 13 20 å
844 974 44 14 ena

136 1002 66 22 sidan
224 1003 51 21 icke
297 1002 107 22 förnekas
427 1005 35 18 att
484 1002 121 29 allvarliga
623 1002 50 22 skäl
689 1002 47 21 tala
752 1005 63 19 emot
830 1005 35 18 att
880 1002 7 20 i

135 1036 67 29 fråga
222 1044 35 14 om
274 1036 122 22 arfsrätten
411 1036 103 22 likställa
529 1038 63 27 barn,
601 1036 79 22 hvilka
694 1039 85 26 utgöra
794 1037 93 21 frukten

136 1071 26 21 af
182 1070 93 30 olofliga
290 1070 218 28 könsförbindelser,
524 1071 52 21 med
591 1070 91 27 sådana,
698 1078 48 14 som
762 1074 38 18 äro
817 1070 71 22 födda

136 1107 7 20 i
159 1105 120 29 laggiltigt
300 1105 133 29 äktenskap.
463 1105 53 21 Men
535 1106 13 21 å
563 1105 71 22 andra
649 1105 66 21 sidan
730 1105 65 21 torde
811 1105 39 21 det
865 1105 20 28 ej

136 1140 79 21 kunna
237 1139 112 22 bestridas
372 1142 34 19 att
429 1140 129 26 arfsrätten,
574 1140 74 20 såsom
664 1140 134 21 densamma
813 1139 75 28 enligt

136 1174 92 21 landets
250 1174 149 28 lagstiftning
414 1178 26 17 är
454 1174 36 21 för
506 1174 27 21 de
548 1174 70 21 oäkta
634 1174 87 21 barnen
739 1174 94 26 ordnad,
852 1174 37 21 för

136 1208 66 21 dessa
218 1208 56 21 barn
289 1208 89 22 medför
390 1207 168 29 jemförelsevis
574 1208 67 28 ringa
655 1210 73 26 nytta.
752 1208 35 28 Ty
798 1207 91 22 oafsedt

137 1245 35 19 att
186 1242 40 21 det
241 1242 75 29 ligger
330 1242 9 21 i
354 1243 82 21 sakens
452 1245 69 19 natur
536 1245 34 19 att
585 1250 29 14 en
628 1250 96 20 persons
739 1244 47 19 rätt
801 1242 36 21 till
854 1242 37 22 arf

137 1277 59 21 efter
218 1284 58 21 egna
292 1276 182 29 bröstarfvingar
488 1276 8 22 i
511 1277 63 28 regel
588 1276 52 22 icke
655 1280 25 18 är
694 1276 36 22 för
747 1276 77 22 denna
838 1284 51 21 per-

136 1319 42 14 son
194 1311 26 22 af
229 1312 77 28 någon
322 1312 119 28 synnerlig
452 1311 124 27 betydelse,
586 1311 42 21 bör
638 1310 40 22 det
687 1310 159 29 ihågkommas
855 1313 34 19 att

137 1346 94 20 modren
254 1345 36 20 till
313 1344 70 22 oäkta
400 1345 58 21 barn
476 1344 8 21 i
500 1344 38 21 det
553 1347 61 18 stora
629 1344 99 22 flertalet
743 1344 41 21 fall
800 1347 25 18 är
841 1350 48 15 mer

137 1378 55 22 eller
215 1378 90 22 mindre
327 1378 117 27 medellös,
467 1378 92 22 hvadan
574 1377 88 22 således
679 1378 69 21 äfven
764 1378 125 21 arfsrätten

138 1412 58 22 efter
218 1412 75 22 henne
316 1412 81 22 endast
419 1412 73 22 sällan
508 1412 44 22 kan
568 1412 83 22 bereda
666 1412 39 22 det
720 1412 70 22 oäkta
806 1412 83 22 barnet

208 1460 132 22 Lagutskottets
352 1460 110 17 betänkande
474 1459 38 18 N:o
524 1460 29 16 16.
