1061 1706
191 188 12 18 2
348 185 72 23 Ständ.
436 185 44 23 Pet.
498 200 23 2 —
538 186 143 22 Petitionsbet.
698 185 34 23 N:o
747 185 30 22 14.

191 248 54 21 Dels
260 248 49 21 afse
324 248 64 21 dessa
402 248 192 28 framställningar
608 248 170 28 undersökning
793 248 26 20 af
830 255 47 21 nya
884 248 55 21 ban-

191 282 157 28 sträckningar
362 282 54 22 eller
431 282 121 29 byggande
568 281 26 23 af
606 282 83 22 sådana
704 290 82 20 genom
797 284 84 20 statens
892 282 44 21 för-

191 324 58 21 sorg,
265 316 48 22 dels
328 316 99 22 anhålles
442 317 7 20 i
464 316 250 29 petitionsmemorialen
729 324 37 14 om
776 316 127 29 främjande
915 316 26 21 af

191 350 109 22 särskilda
319 350 243 29 jernvägsbyggnader
583 351 84 21 medels
685 351 135 22 subvention
835 350 25 22 af
874 353 63 19 stats-

191 385 78 22 medel.
292 386 75 21 Jemte
382 385 38 22 det
436 385 124 22 Ständerna
576 386 7 21 i
598 386 34 21 sin
648 387 12 19 å
675 386 84 28 nådiga
768 386 171 28 propositionen

191 418 117 29 angående
325 418 77 23 vidare
422 418 242 30 jernvägsbyggnader
679 419 7 21 i
701 419 76 22 landet
795 418 88 30 afgifna
898 427 41 14 un-

191 453 123 29 derdåniga
335 453 182 22 svarsskrifvelse
538 454 81 21 uttalat
634 454 35 28 sig
684 454 116 29 angående
816 454 27 21 de
859 454 77 26 banor,

190 488 78 21 hvilka
283 488 126 21 Ständerna
424 488 35 21 för
474 489 35 21 sin
524 489 36 21 del
574 491 74 19 ansett
663 488 53 22 böra
731 489 71 21 under
816 491 53 20 åren
881 491 52 20 1901

191 524 84 20 —1904
289 522 51 21 med
356 522 75 21 arbete
446 523 113 28 beläggas,
574 523 24 21 få
613 523 126 21 Ständerna
749 523 82 22 härhos
842 524 7 21 i
857 524 81 21 under-

191 556 107 29 dånighet
320 556 112 22 frambära
454 557 27 21 de
506 557 176 28 önskningsmål,
705 557 78 22 hvilka
806 558 134 21 derutöfver

191 593 63 26 synts
270 591 74 21 denna
358 592 62 27 gång
434 591 99 28 förtjena
548 591 112 22 afseende.

258 763 94 28 Förslag
367 770 36 14 om
418 771 28 13 en
459 763 97 30 jernväg
568 763 55 29 från
633 764 65 21 Kemi
708 764 49 21 stad
767 764 33 21 till
810 765 129 21 Rovaniemi

190 797 94 28 kyrkoby
299 797 69 22 hafva
382 798 69 21 redan
465 798 39 21 vid
519 799 94 28 tidigare
628 798 133 29 landtdagar
772 799 59 21 varit
841 799 95 21 föremål

189 831 36 22 för
241 831 136 22 Ständernas
392 832 138 28 behandling
545 833 43 21 och
602 832 131 22 föranledde
749 835 24 18 år
791 835 53 19 1897
857 833 82 21 under-

190 865 68 28 dånig
273 866 112 25 anhållan,
408 868 32 19 att
454 866 91 21 teknisk
560 866 42 22 och
620 867 131 20 ekonomisk
765 866 175 29 undersökning

189 899 36 22 för
240 907 27 14 en
283 900 132 28 smalspårig
427 899 98 30 jernväg
539 901 82 21 mellan
635 901 82 21 nämda
733 903 59 19 orter
807 902 71 20 måtte
890 901 51 22 före

189 941 32 14 nu
235 934 118 29 pågående
367 934 108 29 landtdag
497 935 93 22 utföras.
619 935 12 21 I
646 935 100 29 enlighet
761 935 92 22 härmed
869 935 71 22 hafva

190 967 69 23 äfven
281 969 194 28 undersökningar
497 969 126 26 verkstälts,
639 969 88 22 hvilkas
746 969 95 22 resultat
857 969 82 29 delgif-

189 1003 44 21 vits
249 1003 131 21 Ständerna.

257 1037 34 22 Af
305 1037 64 22 dessa
383 1038 164 28 upplysningar
562 1040 57 19 samt
634 1038 28 21 de
677 1039 34 20 till
721 1039 94 26 Preste-,
826 1039 109 28 Borgare-

189 1071 43 22 och
246 1071 174 22 Bondestånden
436 1072 7 21 i
458 1072 81 29 frågan
549 1073 126 21 inlemnade
685 1073 250 28 petitionsmemorialen

189 1105 68 22 hafva
272 1105 126 22 Ständerna
412 1106 83 26 funnit,
507 1109 31 18 att
553 1107 163 28 befolkningen
731 1107 6 21 i
754 1107 28 21 de
797 1107 139 26 kommuner,

188 1139 77 22 hvilka
280 1142 99 19 närmast
393 1140 90 21 komme
497 1143 33 18 att
544 1141 26 21 af
583 1141 44 20 den
640 1141 133 28 ifrågasatta
782 1141 75 21 banan
867 1141 69 22 hafva

188 1174 80 26 fördel,
290 1174 72 21 under
384 1174 111 21 årtiondet
518 1177 138 19 1887—1896
680 1175 63 22 ökats
765 1175 52 22 med
836 1177 46 23 23,3
901 1176 36 27 %,

187 1208 82 22 medan
290 1208 158 21 motsvarande
468 1209 33 21 tal
520 1209 35 22 för
577 1209 51 21 hela
646 1209 75 22 landet
736 1209 88 29 utgjort
841 1211 45 24 14,4
901 1210 34 28 9/,.

187 1242 35 21 Af
242 1243 73 20 denna
336 1242 134 28 befolkning
492 1246 38 17 äro
554 1245 76 24 183,280
649 1251 106 20 personer
773 1244 88 20 bosatta
876 1244 61 21 inom

188 1278 32 19 ett
246 1276 66 21 smalt
335 1276 58 21 bälte
415 1278 29 26 pä
466 1277 109 21 hvardera
600 1276 64 22 sidan
686 1284 36 15 om
737 1277 68 21 Kemi
820 1277 36 22 elf.
880 1277 53 22 Men

187 1310 79 22 härvid
284 1310 100 22 kommer
402 1310 114 22 dessutom
531 1311 7 21 i
553 1310 153 27 betraktande,
723 1313 32 20 att
771 1311 70 22 omkr.
859 1313 76 24 10,000

187 1345 101 22 arbetare
311 1345 51 21 frän
384 1345 69 21 andra
473 1345 61 22 delar
552 1345 25 22 af
590 1345 76 22 landet
681 1345 87 29 ärligen
783 1353 91 21 passera
888 1346 47 22 Ro-

186 1380 96 21 vaniemi
301 1379 36 22 för
356 1382 33 19 att
406 1379 87 29 spridas
508 1380 34 21 till
558 1380 26 22 de
600 1380 139 22 omfattande
755 1381 178 28 skogshyggena

187 1414 42 22 och
253 1413 271 29 timmerutdrifningarna
547 1415 7 20 i
575 1414 140 27 Rovaniemi,
738 1415 131 22 Kemiträsk
891 1415 43 22 och

186 1449 133 28 Kuolajärvi
342 1449 101 22 socknar.
472 1449 71 22 Dessa
566 1449 51 22 data
639 1450 74 21 utvisa
734 1450 70 21 redan
819 1450 6 21 i
841 1450 42 22 och
898 1450 36 22 för

185 1483 41 28 sig,
249 1485 34 19 att
305 1483 171 28 ifrägavarunde
495 1483 56 22 bana
566 1483 51 22 med
632 1483 105 22 afseende
753 1486 13 19 ä
780 1484 150 28 persontrafik
