1061 1706
328 148 250 23 Petitionsbetänkande
595 149 37 22 N:o
649 148 33 23 16.
868 149 13 21 9

129 211 63 22 stånd
214 212 35 21 vid
272 212 128 26 landtdagen
424 213 61 21 1894.
515 212 72 28 Enligt
609 213 69 21 denna
700 213 118 21 minoritets
839 213 43 20 för-

129 245 46 28 slag
197 246 68 21 skulle
288 246 62 22 ofvan
373 246 90 22 anförda
478 246 52 28 fyra
539 248 73 25 poster
626 247 39 21 och
680 247 61 21 deras
756 246 126 22 slutsumma

129 280 91 26 gestalta
234 280 32 26 sig
280 281 28 26 på
322 280 93 27 följande
430 283 53 19 sätt:

198 342 108 27 Lyceerna
320 343 8 21 i
343 342 132 28 Helsingfors
497 360 5 4 .
532 358 5 5 .
568 358 4 5 .
603 360 5 4 .
638 360 4 4 .
673 358 5 6 .
721 343 79 25 -31,600
814 342 67 22 mark.

241 394 9 9 »
322 377 7 21 i
345 376 68 28 öfriga
427 377 72 21 städer
532 394 6 5 .
568 394 5 4 .
604 392 4 5 .
638 393 5 5 .
674 394 4 4 .
709 377 91 26 120375
839 394 12 10 ,,

199 410 255 23 Fruntimmersskolorna
469 412 7 20 i
491 411 132 27 Helsingfors
640 427 5 5 .
676 428 4 5 .
726 411 75 26 18,950
840 428 12 10 ,,

314 462 10 11 5
443 447 6 20 i
465 446 69 27 öfriga
549 446 71 22 städer
643 461 1 5 .
675 463 4 5 .
724 446 77 23 39750
840 462 12 10 ,,

593 485 85 22 Summa
706 486 93 26 210,675
814 487 68 21 mark.

200 553 148 28 Minskningen
366 555 7 20 i
390 553 116 27 inflytande
522 553 84 28 afgifter
621 554 69 22 blefve
705 555 88 21 sälunda
808 555 74 21 endast

132 588 75 27 18,725
222 589 67 21 mark.

200 622 73 22 Under
295 622 135 22 erkännande
452 623 23 21 af
495 622 33 22 att
543 623 118 21 finansiella
683 623 45 21 skäl
744 624 44 20 tala
802 623 34 21 för
852 625 30 20 ett

129 657 83 27 förslag
231 657 76 22 sädant
319 664 45 15 som
376 658 36 21 det
423 657 61 22 ofvan
496 657 125 27 refererade,
632 658 39 21 har
680 657 122 22 Utskottets
812 657 70 22 flertal

130 692 55 21 dock
211 692 47 21 icke
280 692 82 21 kunnat
383 691 75 22 förena
477 693 32 26 sig
524 698 33 15 om
574 691 122 22 detsamma.
725 691 55 22 Frän
795 692 86 27 kompe-

130 728 48 19 tent
200 727 43 21 häll
265 725 43 28 harj
332 727 104 26 nämligen
459 726 133 26 framhällits,
618 729 32 18 att
672 727 35 20 det
722 727 65 21 redan
803 733 29 14 nu
847 727 35 21 vid

129 761 218 22 landsortsstädernas
370 761 69 26 lyceer
461 761 88 22 bereder
566 761 47 22 icke
628 761 61 27 ringa
704 760 131 28 svärigheter
850 765 33 18 att

129 796 92 21 indrifva
239 796 176 26 terminsafgiften
433 795 22 22 af
467 796 28 21 20
505 795 67 22 mark.
594 796 50 21 Icke
660 795 66 22 sällan
737 795 102 26 inträffar,
850 798 33 20 att

130 831 114 26 utsökning
261 830 68 21 mäste
344 830 111 27 tillgripas,
472 829 87 22 hvarvid
574 829 83 22 elevens
672 829 105 22 föräldrar
792 830 6 21 i
811 831 71 26 regeln

130 867 37 19 äro
186 866 7 21 i
212 865 61 22 ständ
296 866 33 20 att
346 866 95 25 prestera
460 865 58 21 bevis
532 864 34 21 för
578 865 32 21 sin
626 864 110 27 oförmäga
751 867 32 19 att
798 865 85 27 erlägga

129 899 96 28 afgiften.
255 899 113 28 Lyceerna,
391 899 101 22 särskildt
519 899 25 21 de
567 899 58 27 lägre
643 899 115 24 klasserna,
775 899 72 22 hvilka
859 899 24 27 ju

130 940 88 15 numera
219 929 12 36 i
245 933 143 28 reallyceerna
398 933 58 22 bilda
471 940 26 15 en
513 940 16 15 s.
544 933 20 22 k.
576 933 134 22 bottenskola
720 933 48 22 med
779 933 104 22 afslutade

130 969 81 26 kurser,
234 969 90 21 besökas
348 968 32 21 till
402 970 46 20 stor
470 969 34 20 del
526 968 23 21 af
569 969 70 20 elever
658 967 47 22 frän
720 968 41 21 den
776 968 107 27 fattigaste

130 1003 88 27 borgar-
234 1003 39 21 och
288 1003 233 22 handtverkarklassen.
544 1002 48 22 Ifall
608 1002 113 22 resultatet
735 1002 23 22 af
766 1003 117 26 petitionen

130 1044 34 15 om
186 1044 26 15 en
235 1037 136 27 nedsättning
389 1037 23 21 af
433 1037 255 22 fruntimmersskolornas
709 1037 174 26 terminsafgifter

130 1072 74 26 blefve,
220 1073 32 20 att
267 1072 63 21 dessa
344 1071 85 26 afgifter
444 1072 7 21 i
466 1072 26 21 de
508 1071 62 22 flesta
579 1071 111 27 gosskolor
704 1072 7 21 i
721 1071 72 21 landet
804 1071 79 27 höjdes,

131 1106 68 22 skulle
210 1109 51 18 utan
272 1105 73 22 tvifvel
355 1111 26 15 en
392 1105 77 22 allmän
480 1105 146 27 misstämning
634 1105 134 27 uppkomma,
776 1106 7 20 i
791 1105 35 22 det
835 1112 48 15 man

132 1141 105 26 nämligen
252 1140 84 27 ansäge,
352 1141 31 20 att
399 1142 69 19 staten
490 1141 48 20 med
552 1146 40 15 ena
607 1139 84 22 handen
706 1139 54 28 tagit
775 1139 54 22 hvad
844 1140 39 21 den

130 1174 62 27 gifvit
214 1175 48 21 med
285 1175 39 20 den
347 1175 74 20 andra.
443 1186 28 3 —
487 1174 72 22 Denna
578 1173 135 27 uppfattning
731 1173 95 27 hyllades
849 1174 34 21 vid

130 1208 129 27 landtdagen
284 1208 56 22 1894
361 1209 23 20 af
405 1211 77 19 tvenne
504 1208 68 27 ständ,
595 1207 83 22 Preste-
696 1207 39 22 och
753 1207 130 23 Bondestän-

131 1243 47 26 den,
196 1243 71 21 hvilka
284 1249 77 21 genom
377 1245 31 19 att
423 1242 135 22 tillbakavisa
574 1243 35 20 det
625 1242 258 27 sammanjämkningsför-

131 1277 51 26 slag,
208 1283 46 16 som
276 1277 28 22 dä
326 1277 23 21 af
362 1278 113 20 Allmänna
491 1277 195 22 Besvärsutskottet
700 1277 128 26 uppgjordes
844 1277 39 20 och

131 1312 66 26 hvari,
213 1312 68 21 såsom
297 1311 62 22 ofvan
374 1311 89 26 anförts,
479 1318 26 15 en
520 1311 117 26 utjämning
652 1311 23 21 af
682 1311 201 26 terminsafgifterna

131 1346 7 21 i
153 1345 105 21 allmänna
277 1345 88 26 ordalag
387 1345 125 26 päyrkades,
527 1344 91 26 vägrade
633 1346 32 19 att
680 1345 107 25 samtycka
797 1344 33 21 till
846 1344 37 21 nä-

131 1385 41 20 gon
182 1385 45 15 som
238 1379 56 21 helst
304 1378 86 27 höjning
405 1378 23 21 af
441 1379 66 26 sagda
523 1377 85 27 afgifter
622 1378 8 20 i
644 1377 144 27 gosskolorna.

200 1413 30 22 Pä
252 1413 61 21 dessa
335 1413 52 26 skäl,
410 1412 39 21 och
472 1412 27 21 dä
521 1413 39 20 den
583 1411 126 28 ifrägasatta
727 1412 119 27 stegringen
863 1412 22 21 af

132 1447 172 28 statsutgifterna
318 1447 34 22 för
368 1447 40 22 den
423 1447 65 26 högre
503 1446 169 27 skolbildningen
688 1446 53 22 dock
757 1447 45 21 icke
814 1446 69 23 blefve

200 1488 101 18 Allmänna
313 1487 172 18 Besvärsutskottets
497 1486 111 19 betänkande
620 1486 35 19 N:o
667 1487 28 18 13.
