1059 1714
185 140 11 17 6
481 151 15 1 =

163 196 64 23 förslag
239 201 27 12 om
279 195 106 18 tillsättande
397 196 18 17 af
427 201 22 13 en
461 195 121 18 kommission
594 196 28 17 för
631 195 106 23 behandling
744 195 19 18 af
772 195 90 18 arbetare-

162 225 79 23 SO
285 227 35 20 sr
359 237 75 6 TER
458 221 71 31 ERE
543 237 33 6 SE
602 237 88 6 KN
715 237 32 5 KK
772 237 4 5 A
800 221 39 31 ER
851 221 10 31 FR

300 253 82 18 Finlands
393 253 83 18 Ständers
488 253 117 23 underdäniga
617 253 77 23 petition.

231 311 185 18 Ekonomiutskottetts
428 311 108 18 betänkande
548 312 33 17 N:o
594 312 21 17 15
627 311 6 17 i
645 311 94 23 anledning
750 311 19 18 af
781 311 25 18 ett
815 311 47 18 inom

164 340 131 18 Bondeständet
307 340 50 18 väckt
368 340 147 23 petitionsförslag
527 345 27 13 om
567 339 107 19 tillsättande
683 340 19 17 af
711 345 22 12 en
741 339 123 19 kommission

163 369 28 18 för
205 370 26 17 att
241 369 100 18 undersöka
348 369 114 22 jordbrukets
474 369 32 18 och
518 369 164 23 boskapsskötselns
694 369 77 18 tillstånd
786 369 3 18 i
801 369 63 23 Lapp-

164 397 85 19 markens
261 398 53 17 härad
326 399 46 16 samt
383 397 64 18 föreslå
458 398 81 23 åtgärder
550 397 27 19 till
589 398 40 17 dess
641 397 75 23 höjande
745 411 5 4 =.
774 411 4 5 .
803 411 4 5 .
831 411 4 4 .
859 411 4 4 .

301 427 82 18 Finlands
395 427 82 18 Ständers
489 427 117 22 underdåniga
618 426 77 23 petition.

235 485 44 22 Lag-
292 485 32 18 och
336 485 178 18 Ekonomiutskottets
526 484 109 19 betänkande
647 485 33 18 N:o
693 485 22 18 10
726 485 6 17 i
743 484 93 23 anledning
847 485 18 17 af

165 514 25 17 ett
201 513 6 18 i
219 513 126 23 Ridderskapet
357 513 32 18 och
401 513 57 18 Adeln
470 513 96 19 inlemnadt
578 513 140 23 motionsförslag
730 513 46 18 samt
788 513 29 18 två
828 515 37 16 sär-

164 541 55 19 skilda
231 543 6 16 i
249 542 70 18 Preste-
337 542 32 18 och
387 542 145 23 Borgareståndet
549 542 102 18 framstälda
668 541 148 24 petitionsförslag
833 547 29 12 an-

164 571 67 22 gående
248 571 92 22 ändringar
358 571 19 18 af
393 571 47 18 vissa
456 571 107 22 stadganden
580 571 6 17 i
597 571 124 22 förordningen
734 576 28 12 om
778 570 88 18 allmänna

165 599 122 23 fattigvården
299 600 18 18 af
329 599 33 18 den
376 600 20 17 17
409 599 46 18 Mars
468 600 44 17 1879
545 613 4 4 .
573 613 4 4 .
601 613 4 3 .
717 613 34 4 NE
775 612 33 6 RA
835 613 3 4 s
862 613 5 4 p

302 628 81 18 Finlands
395 628 82 18 Ständers
489 628 117 22 underdåniga
618 613 77 37 petition.

234 686 45 22 Lag-
297 685 32 18 och
341 685 178 18 Ekonomiutskoitets
532 685 107 18 betänkande
651 684 34 19 N:o
697 686 21 17 11
731 685 5 17 i
745 685 94 23 anledning
848 686 19 17 af

165 716 65 17 tvenne
242 715 5 17 i
259 714 126 23 Ridderskapet
396 714 32 18 och
441 715 56 17 Adeln
509 715 46 17 samt
567 714 131 18 Bondeständet
709 714 99 18 inlemnade
821 714 44 23 peti-

165 743 110 23 tionsförslag
287 748 28 13 om
328 743 168 17 subventionerande
509 744 18 16 af
539 748 22 13 en
570 742 196 19 centralkreditanstalt
777 742 31 24 för
816 742 49 18 min-

166 772 30 18 dre
205 768 129 31 jordbrukares
348 768 52 31 behof
412 786 1 4 .
434 786 4 3 «
463 768 19 31 ao
497 768 37 31 «
689 785 147 5 L.

233 830 177 18 Fkonomiutskottets
434 830 107 18 betänkande
564 830 33 18 N:o
615 830 22 18 16
654 830 5 18 i
677 830 93 23 anledning
787 830 19 18 af
823 830 43 18 etti

166 859 129 19 Bondeständet
306 859 96 18 inlemnadt
414 859 146 23 petitionsförslag
572 864 28 13 om
613 859 104 23 vidtagande
725 859 19 18 af
753 859 80 23 ätgärder
839 859 28 18 för

165 888 131 19 underlättande
308 889 18 17 af
338 890 133 21 smörerporten
490 903 4 3 .
519 902 4 4 .
547 902 4 5 .
575 902 4 4 .
661 902 89 5 SK:
775 902 4 5 =

302 917 82 18 Finlands
396 917 81 18 Ständers
489 898 119 48 anderdäniga
619 898 78 48 petition.

234 976 44 22 Lag-
293 976 32 18 och
338 976 176 18 Ekonomiutskottets
527 976 107 18 betänkande
645 976 34 18 N:o
692 976 21 17 12
725 976 6 17 i
743 975 94 23 anledning
849 976 18 17 af

167 1006 26 16 ett
203 1005 48 18 inom
263 1004 130 19 Bondeståndet
401 1004 97 18 inlemnadt
505 1004 146 24 petitionsförslag
660 1004 90 23 angående
760 1005 33 17 den
802 1004 6 18 i
817 1010 49 12 man-

167 1033 23 19 tal
202 1034 45 18 satta
252 1033 71 23 jordens
331 1033 98 23 fritagande
440 1033 37 18 från
486 1033 144 23 fångforslings-
639 1034 32 17 och
679 1033 186 23 fångvårdsbesväret.

234 1091 45 23 Lag-
291 1091 33 17 och
335 1091 178 18 Ekonomiutskottets
524 1091 109 18 betänkande
646 1091 33 18 N:o
692 1092 21 17 13
725 1092 5 16 i
743 1091 94 23 anledning
848 1091 19 18 af

166 1120 25 18 ett
207 1120 47 18 inom
270 1120 127 22 Ridderskapet
408 1120 32 17 och
453 1120 55 18 Adeln
521 1120 95 18 inlemnadt
628 1120 173 22 petitionsmemorial
812 1121 52 21 angå-

167 1148 44 18 ende
222 1148 123 24 upphäfvande
357 1148 20 18 af
389 1148 61 22 nådiga
462 1148 115 23 kungörelsen
589 1149 34 17 den
636 1149 21 17 14
666 1148 36 18 Juli
713 1148 44 18 1892
766 1154 28 12 om
804 1148 63 18 förbud

166 1177 95 18 tillsvidare
273 1178 36 18 mot
321 1178 112 22 tillverkning
444 1178 18 17 af
475 1178 96 23 margarin
583 1178 5 17 i
600 1178 73 18 Finland
690 1192 3 4 .
719 1192 4 4 .
747 1192 4 4 .
775 1192 5 4 .

235 1236 44 21 Lag-
292 1234 31 19 och
337 1234 176 19 Ekonomiutskottets
525 1235 107 18 betänkande
645 1235 33 17 N:o
692 1236 21 17 14
725 1235 6 17 i
742 1234 94 24 anledning
848 1236 19 17 af

167 1265 26 15 tre
208 1263 2 17 i
222 1263 131 17 Bondeståndet
370 1263 101 17 framstälda
489 1263 148 21 petitionsförslag
655 1264 90 21 angående
762 1263 104 22 skjutshåll-

166 1291 69 22 ningen
247 1290 31 18 och
289 1290 154 23 gästgifverierna
461 1304 4 4 .
489 1304 4 4 .
719 1304 61 4 een
805 1304 4 5 a
862 1305 4 4 i

303 1319 82 18 Finlands
395 1319 82 18 Ständers
489 1304 118 38 underdåniga
619 1304 79 37 petition.

886 397 30 19 35.

888 772 30 18 37.

890 1178 28 18 40.

890 1292 28 17 11.

236 1440 15 23 *)
269 1439 8 18 I
289 1439 43 23 följd
349 1439 18 18 af
379 1439 76 22 tryckfel
467 1439 10 18 å
488 1439 118 18 betänkandet
617 1439 78 23 angifvet
707 1439 57 18 såsom
776 1440 141 23 petitionsbetän-

167 1469 56 18 kande
235 1469 33 18 N:o
280 1469 28 18 35.
