1061 1706
317 154 251 23 Petitionsbetänkande
583 154 38 24 N:o
636 154 34 23 26.
814 157 24 19 17

115 223 113 26 anledning
245 224 33 20 till
297 231 24 13 en
340 226 23 18 så
377 224 68 27 viktig
460 224 202 27 principförändring
676 232 43 13 som
735 226 62 24 skett,
812 228 56 18 näm-

114 252 57 26 ligen
189 252 33 20 till
240 252 40 20 den
298 253 85 20 fordran
401 256 31 17 att
449 254 42 20 alla
505 254 187 24 elementarskolor,
708 254 60 20 äfven
784 254 25 20 de
824 261 44 13 som

114 287 74 19 genom
204 281 122 26 tillräckligt
341 282 56 20 antal
412 282 69 20 elever
495 282 112 26 ådagalade
622 283 33 19 sin
669 282 150 26 lifskraftighet
829 283 39 19 och

114 309 133 25 behöflighet,
263 310 67 20 skulle
348 311 93 25 upphöra
459 313 31 17 att
505 317 48 14 vara
568 310 24 20 af
604 314 68 17 staten
687 311 114 21 bekostade
814 311 53 20 läro-

115 338 144 26 inrättningar.

184 378 47 20 Men
250 386 33 13 om
300 386 28 12 nu
347 379 39 20 den
404 379 84 21 fordran
507 383 66 22 göres,
589 382 31 17 att
634 380 102 20 allmänna
751 380 116 20 läroinrätt-

114 407 74 26 ningar
206 408 49 19 böra
273 408 131 19 underhållas
419 408 24 19 af
454 408 126 24 kommuner,
597 408 95 20 enskilda
705 415 98 19 personer
818 409 50 20 eller

114 435 48 20 med
180 435 106 21 elevernas
304 436 176 27 terminsafgifter,
496 437 23 20 så
537 436 67 21 skulle
622 443 47 13 man
687 437 64 26 tycka
765 440 31 17 att
811 437 57 20 detta

114 463 74 21 främst
204 465 64 19 borde
282 465 55 26 gälla
350 465 44 25 just
408 466 50 19 våra
473 466 75 25 lyceer,
564 465 71 20 hvilka
650 465 75 20 bereda
740 466 45 19 sina
800 467 68 19 elever

114 493 83 20 tillfälle
213 493 33 20 till
261 494 67 19 bättre
343 494 92 20 utkomst
450 494 6 19 i
473 494 59 20 lifvet
548 497 26 17 än
588 494 58 25 lägre
661 495 75 20 skolor.

183 533 49 20 Man
249 535 33 19 må
300 541 83 13 numera
403 534 18 27 ej
439 535 61 26 påstå
515 537 30 18 att
560 535 96 26 lyceerna
671 537 34 18 äro
721 535 32 19 till
768 535 53 20 blott
835 535 31 20 för

113 565 32 18 att
163 563 75 20 bereda
256 566 68 17 staten
340 563 84 26 dugliga
439 563 124 26 tjänstemän
579 566 53 17 samt
648 566 30 17 att
694 564 25 20 de
735 564 69 20 därför
818 565 50 20 böra

114 591 132 21 underhållas
262 592 22 19 af
297 592 131 20 statsvärket.
452 592 45 19 Den
513 593 79 25 åsigten
608 592 58 20 torde
682 593 62 20 redan
755 599 49 14 vara
816 595 52 18 täm-

114 620 56 26 ligen
189 621 81 24 allmän,
289 623 31 17 att
337 621 95 25 lyceerna
451 621 86 20 likasom
556 621 26 20 de
601 621 64 25 högre
680 621 188 20 fruntimmerssko-

113 649 65 24 lorna,
197 649 119 20 elementar-
335 649 38 20 och
391 649 184 26 borgareskolorna
593 649 73 20 främst
684 650 68 25 åsyfta
770 652 31 17 att
818 650 50 26 höja

114 677 40 20 den
169 678 103 19 allmänna
285 678 255 25 medborgarebildningen
552 681 54 16 samt
620 680 31 17 att
666 678 102 20 vinnande
783 678 23 19 af
815 679 52 25 dug-

113 705 44 26 liga
174 706 124 25 tjänstemän
318 709 22 16 är
357 709 30 16 ett
405 707 40 18 mål
463 706 23 20 af
501 707 64 19 andra
583 713 58 18 rang.
671 707 47 19 Men
738 707 67 20 skulle
820 713 47 14 man

114 735 39 19 ock
168 734 55 21 fästa
238 735 40 19 den
293 737 76 18 största
383 735 72 20 vikten
470 735 36 20 vid
517 735 127 20 sistnämnda
656 735 158 26 omständighet,
826 735 41 20 kan

113 769 47 14 man
176 764 33 19 väl
226 763 17 25 ej
259 764 53 19 neka
327 767 31 16 att
373 764 73 25 många
461 764 86 25 dugliga
562 767 73 16 ämnen
650 764 32 19 till
696 764 125 25 tjänstemän
832 767 34 17 äro

113 793 32 18 att
159 791 89 27 påträffa
262 792 61 20 äfven
338 792 63 20 bland
416 793 120 19 elementar-
552 793 38 19 och
605 792 183 26 borgarskolornas
803 793 63 20 alum-

113 827 43 14 ner.
185 821 33 20 Då
236 821 82 20 således
336 821 127 20 statsvärket
481 821 97 20 bekostar
595 821 95 26 lyceerna
709 821 38 20 och
763 821 25 20 de
803 821 64 27 högre

113 849 244 26 fruntimmersskolorna,
373 853 23 17 är
411 850 35 20 det
461 853 42 17 rätt
517 851 37 19 och
570 850 75 26 billigt,
661 852 31 17 att
702 850 61 21 äfven
774 850 26 20 de
809 850 58 27 lägre

113 878 33 20 för
161 885 77 14 samma
253 879 41 20 mål
309 879 110 20 arbetande
435 879 97 20 skolorna
546 879 81 26 åtnjuta
642 885 77 14 samma
734 879 84 20 förmån.

182 919 73 21 Denna
273 920 86 19 rättvisa
377 919 39 21 och
431 919 73 27 billiga
519 919 82 20 fordran
617 920 37 19 har
668 919 122 27 regeringen
806 919 61 20 äfven

113 947 63 21 redan
196 948 79 24 erkänt,
291 948 27 20 då
335 948 39 20 den
393 948 111 26 öfvertagit
522 948 176 26 privatklasserna
715 948 7 20 i
740 948 127 20 Mariehamn

113 979 55 18 samt
182 977 19 20 V
216 977 83 20 klassen
309 978 7 19 i
327 977 79 20 Torneå
416 977 38 19 och
465 976 99 21 ombildat
574 977 96 20 skolorna
682 976 7 20 i
699 977 89 19 nämnda
798 976 70 21 städer

113 1005 33 20 till
162 1006 115 26 5-klassiga
287 1006 150 20 mellanskolor.
460 1006 31 19 Af
499 1006 26 19 de
536 1006 115 25 4-klassiga
660 1006 208 19 elementarskolorna

113 1034 78 20 återstå
206 1034 114 20 emellertid
330 1034 8 20 i
348 1034 69 20 landet
433 1037 54 17 ännu
497 1034 52 26 fyra,
562 1034 104 26 nämligen
676 1034 8 20 i
694 1034 89 24 Ekenäs,
794 1034 74 20 Gamla

113 1063 99 25 Karleby,
228 1063 76 20 Lovisa
322 1063 38 19 och
377 1063 95 21 Heinola.
502 1063 30 20 Af
548 1062 61 20 dessa
627 1066 35 16 äro
680 1063 64 25 några
762 1063 63 19 redan
841 1063 27 25 på

113 1098 54 20 resp.
186 1092 82 20 städers
286 1092 115 20 bekostnad
417 1092 115 20 ombildade
548 1091 32 21 till
597 1092 121 26 5-klassiga,
734 1092 26 19 då
775 1092 92 20 däremot

112 1121 66 19 andra
192 1121 56 20 velat
262 1121 85 20 invänta
362 1120 39 20 den
417 1120 36 24 tid,
470 1120 26 20 då
506 1121 63 19 andra
579 1120 104 26 principer
693 1120 67 20 blefve
771 1119 96 27 gällande

113 1150 39 19 och
167 1152 68 17 staten
250 1150 63 20 funne
328 1150 31 19 för
374 1150 51 25 godt
440 1152 31 17 att
486 1150 89 20 ombilda
590 1149 103 20 skolorna.
718 1149 39 19 Att
773 1149 25 20 de
812 1149 56 26 prin-

113 1178 63 26 ciper,
192 1185 43 13 som
250 1179 76 19 hittills
341 1178 84 20 förmått
440 1178 102 25 styrelsen
554 1181 30 17 att
595 1178 46 20 icke
652 1178 89 20 ombilda
751 1178 26 19 de
787 1178 79 20 4-klas-

111 1207 48 25 siga
171 1207 102 25 skolorna,
288 1207 46 20 icke
350 1210 34 16 äro
399 1208 35 19 väl
449 1207 106 25 grundade
570 1206 63 20 hafva
647 1207 21 19 vi
684 1206 60 20 ofvan
759 1206 48 20 sökt
821 1206 46 20 visa

113 1236 40 19 och
170 1236 21 20 få
209 1236 27 25 pä
254 1236 66 20 denna
339 1236 67 25 grund
424 1235 82 21 anhälla
524 1238 31 17 att
573 1235 103 25 vällofliga
691 1234 175 26 Borgareständet

113 1264 50 20 ville
177 1264 112 20 medvärka
304 1264 32 20 till
352 1270 25 14 en
391 1264 88 26 petition
495 1264 69 20 därom

320 1340 28 17 att
367 1338 23 19 de
405 1338 122 24 fyrklassiga
542 1338 94 19 skolorna
650 1338 8 18 i
672 1338 95 24 Heinola,
783 1338 83 24 Lovisa,

252 1366 74 20 Gamla
341 1366 89 25 Karleby
445 1366 35 20 och
495 1366 81 19 Ekenäs
591 1366 61 23 blefve
664 1366 30 24 på
706 1367 75 19 statens
792 1366 75 19 bekost-

182 1498 102 18 Allmänna
296 1497 172 18 Besvärsutskottets
479 1496 111 19 betänkande
601 1497 35 18 N:o
648 1497 26 17 15.
