1061 1709
180 115 13 20 4
371 113 276 23 Petitionsbetänkande
662 112 41 23 N:o
718 112 38 23 29.

180 182 36 20 sitt
237 182 48 20 eller
304 182 76 20 medels
395 182 166 25 domstolsutslag
576 182 65 20 blifvit
655 182 98 20 förklarad
767 182 30 20 för
811 182 46 19 dess
873 181 60 20 fader.

180 211 100 25 Derjemte
302 211 106 25 uttalades,
425 212 29 18 att
468 210 63 20 ehuru
547 211 144 19 fädernearfvet
705 211 71 19 endast
790 210 6 19 i
811 210 122 25 undantags-

180 239 36 20 fall
237 239 67 20 kunde
326 240 96 19 förbättra
436 239 34 20 det
486 240 57 20 oäkta
557 240 80 19 barnets
652 239 128 20 ekonomiska
795 238 100 25 ställning,
911 238 23 20 så

180 268 65 20 skulle
267 268 51 20 dock
339 268 60 20 redan
422 268 38 20 den
483 268 70 26 riktiga
575 268 110 26 principen,
702 270 30 18 att
746 268 25 19 de
786 267 59 21 oäkta
860 267 73 20 barnen

180 297 96 20 erkändes
298 304 47 13 vara
358 297 41 20 lika
414 297 123 26 berättigade
551 297 45 20 med
611 297 62 25 öfriga
687 297 133 24 medborgare,
834 296 46 25 höja
894 296 39 20 den

180 326 76 25 sedliga
270 326 170 25 uppfattningen
433 321 13 34 i
452 326 109 19 samhället.
591 325 38 20 Vid
645 325 145 25 behandlingen
805 325 20 20 af
839 325 39 19 den
893 331 40 19 nya

180 354 234 26 förmynderskapslagen
437 354 34 19 vid
494 355 53 20 1897
570 353 33 21 års
625 354 95 25 landtdag
734 354 92 19 förenade
842 353 31 25 sig
886 353 48 20 flere

180 383 60 20 ärade
263 383 128 20 medlemmar
412 383 20 19 af
446 383 189 25 representationen,
651 383 116 24 isynnerhet
781 383 53 19 inom
850 381 83 20 Ridder-

180 411 71 26 skapet
272 412 38 19 och
332 411 70 25 Adeln,
424 417 32 14 om
478 412 38 19 den
535 412 6 19 i
556 411 167 26 Borgareståndet
738 411 72 20 väckta
825 410 108 26 petitionen

180 440 74 25 derom,
274 442 30 18 att
327 441 29 18 för
378 440 58 20 oäkta
457 440 48 20 barn
527 440 56 20 alltid
597 440 60 19 borde
673 440 33 19 vid
720 439 88 20 domstol
823 441 56 18 utses
894 439 38 20 för-

180 468 106 26 myndare;
303 474 45 14 men
363 469 43 20 icke
420 474 37 14 ens
471 469 64 20 denna
549 468 121 25 berättigade
684 469 80 19 fordran
780 474 52 13 vann
847 467 85 20 tillräck-

180 497 37 25 ligt
232 497 112 20 understöd.

249 525 28 20 På
299 525 65 26 grund
385 526 20 19 af
424 526 53 19 hvad
492 526 20 19 vi
527 527 59 19 ofvan
600 525 70 26 anfört,
686 525 50 25 våga
750 525 21 20 vi
786 525 36 20 hos
837 525 33 20 det
885 525 48 25 hög-

180 554 81 25 vördiga
282 554 151 20 Presteståndet
455 555 100 20 vördsamt
575 553 72 21 föreslå
668 561 26 13 en
708 553 126 26 underdånig
848 553 85 27 petition

180 583 72 25 derom,

454 642 27 18 att
502 641 56 20 Hans
578 640 105 25 Kejserliga
705 639 91 26 Majestät
810 640 69 19 täcktes
893 639 40 20 låta

385 671 88 23 uppgöra
494 669 34 20 och
549 669 30 20 till
599 668 228 20 nästsammanträdande
850 668 83 20 Ständer

386 697 116 26 öfverlemna
522 697 74 26 förslag
617 697 29 20 till
669 697 36 25 lag,
727 697 75 20 hvilken
817 697 60 20 skulle
891 703 41 13 om-

385 726 50 25 fatta
457 733 24 12 en
499 727 9 19 i
524 726 131 26 ofvanantydd
668 726 87 25 riktning
768 725 73 26 gående
854 731 78 20 genom-

385 755 93 25 gripande
497 755 72 25 reform
583 755 26 25 af
620 754 145 26 lagstiftningen
779 754 82 20 rörande
876 754 56 20 oäkta

386 783 60 20 barns
460 783 188 26 rättsförhållanden.

247 853 125 26 Helsingfors
387 853 39 20 den
442 854 12 19 8
468 853 84 21 februari
570 853 59 20 1900.

247 922 23 21 A.
285 921 97 23 Auvinen.
663 922 63 21 Josua
740 921 122 22 Johansson.

247 1110 47 22 Det
312 1114 67 18 ämne
393 1111 166 22 ofvanstående
578 1111 232 29 petitionsmemorial
826 1111 65 21 berör
907 1113 25 18 är

179 1144 123 29 onekligen
325 1144 27 22 af
371 1146 93 27 mycket
486 1145 189 30 behjertansvärd
691 1145 43 22 och
748 1144 129 29 grannlaga
893 1144 38 22 be-

179 1179 136 22 skaffenhet.
330 1180 118 21 Förnekas
456 1179 46 23 kan
511 1180 20 29 ej
543 1182 36 20 att
587 1180 28 21 de
625 1182 63 19 utom
702 1179 150 28 äktenskapet
860 1179 71 22 födda

179 1213 98 22 barnens
300 1213 114 30 ställning
435 1214 63 22 inom
521 1213 122 23 samhället
661 1217 25 18 är
701 1214 7 21 i
722 1213 84 29 många
821 1213 110 22 hänseen-

178 1248 47 20 den
248 1248 190 27 beklagansvärd.
469 1249 82 20 Redan
573 1248 40 20 vid
636 1249 41 20 sitt
698 1248 92 20 inträde
811 1248 9 20 i
834 1247 97 21 verlden

179 1281 73 21 sakna
278 1282 66 20 dessa
371 1281 57 21 barn
450 1281 8 21 i
481 1281 28 22 de
533 1281 68 22 festa
624 1281 42 22 fall
688 1281 45 21 den
754 1281 64 28 hjelp
834 1281 43 22 och
892 1281 39 21 det

178 1314 83 29 skydd,
284 1315 86 22 hvaraf
387 1315 73 22 andra
484 1315 56 22 barn
555 1315 92 22 komma
661 1315 10 21 i
685 1314 144 29 åtnjutande,
845 1315 43 22 och
903 1314 28 23 de

178 1349 25 22 få
217 1350 111 29 vanligen
344 1353 108 25 uppväxa
466 1352 58 19 utan
538 1349 53 22 hem
604 1349 43 22 och
659 1351 56 20 utan
723 1349 124 22 föräldrars
856 1353 75 19 ömma

178 1384 58 21 vård
258 1384 43 22 och
316 1384 150 22 kärleksfulla
482 1391 97 22 omsorg.
609 1384 72 21 Deras
696 1384 136 29 uppfostran
848 1384 83 22 blifver

178 1421 84 20 nästan
284 1419 67 22 alltid
372 1419 142 23 försummad
529 1419 43 23 och
588 1418 65 24 deras
669 1419 69 22 oäkta
755 1418 55 23 börd
826 1419 105 23 vidlåder

247 1466 132 23 Lagutskottets
392 1466 112 18 betänkande
515 1466 37 18 N:o
565 1466 29 18 16.
