<?xml version="1.0" encoding="UTF-8"?>
<alto xmlns="http://www.loc.gov/standards/alto/ns-v3#" xmlns:xlink="http://www.w3.org/1999/xlink" xmlns:xsi="http://www.w3.org/2001/XMLSchema-instance" xsi:schemaLocation="http://www.loc.gov/standards/alto/ns-v3# http://www.loc.gov/alto/v3/alto-3-0.xsd">
	<Description>
		<MeasurementUnit>pixel</MeasurementUnit>
		<sourceImageInformation>
			<fileName>/tmp/tess_jggy6zry_input.PNG</fileName>
		</sourceImageInformation>
		<OCRProcessing ID="OCR_0">
			<ocrProcessingStep>
				<processingSoftware>
					<softwareName>tesseract 5.3.4</softwareName>
				</processingSoftware>
			</ocrProcessingStep>
		</OCRProcessing>
	</Description>
	<Layout>
		<Page WIDTH="1061" HEIGHT="1717" PHYSICAL_IMG_NR="0" ID="page_0">
			<PrintSpace HPOS="0" VPOS="0" WIDTH="1061" HEIGHT="1717">
				<ComposedBlock ID="cblock_0" HPOS="303" VPOS="146" WIDTH="376" HEIGHT="23">
					<TextBlock ID="block_0" HPOS="303" VPOS="146" WIDTH="376" HEIGHT="23">
						<TextLine ID="line_0" HPOS="303" VPOS="146" WIDTH="376" HEIGHT="23">
							<String ID="string_0" HPOS="303" VPOS="146" WIDTH="270" HEIGHT="23" WC="0.92" CONTENT="Petitionsbetänkande"/><SP WIDTH="15" VPOS="146" HPOS="573"/>
							<String ID="string_1" HPOS="588" VPOS="147" WIDTH="40" HEIGHT="22" WC="0.96" CONTENT="N:o"/><SP WIDTH="17" VPOS="147" HPOS="628"/>
							<String ID="string_2" HPOS="645" VPOS="147" WIDTH="34" HEIGHT="21" WC="0.96" CONTENT="27."/>
						</TextLine>
					</TextBlock>
				</ComposedBlock>
				<ComposedBlock ID="cblock_1" HPOS="313" VPOS="457" WIDTH="549" HEIGHT="199">
					<TextBlock ID="block_1" HPOS="313" VPOS="457" WIDTH="549" HEIGHT="199">
						<TextLine ID="line_1" HPOS="384" VPOS="457" WIDTH="478" HEIGHT="22">
							<String ID="string_3" HPOS="384" VPOS="457" WIDTH="206" HEIGHT="22" WC="0.92" CONTENT="Ekonomiutskottets"/><SP WIDTH="20" VPOS="457" HPOS="590"/>
							<String ID="string_4" HPOS="610" VPOS="457" WIDTH="127" HEIGHT="22" WC="0.96" CONTENT="betänkande"/><SP WIDTH="17" VPOS="457" HPOS="737"/>
							<String ID="string_5" HPOS="754" VPOS="457" WIDTH="34" HEIGHT="22" WC="0.96" CONTENT="N:o"/><SP WIDTH="24" VPOS="457" HPOS="788"/>
							<String ID="string_6" HPOS="812" VPOS="457" WIDTH="25" HEIGHT="21" WC="0.95" CONTENT="12"/><SP WIDTH="19" VPOS="457" HPOS="837"/>
							<String ID="string_7" HPOS="856" VPOS="457" WIDTH="6" HEIGHT="21" WC="0.95" CONTENT="i"/>
						</TextLine>
						<TextLine ID="line_2" HPOS="314" VPOS="491" WIDTH="548" HEIGHT="28">
							<String ID="string_8" HPOS="314" VPOS="491" WIDTH="110" HEIGHT="27" WC="0.96" CONTENT="anledning"/><SP WIDTH="24" VPOS="491" HPOS="424"/>
							<String ID="string_9" HPOS="448" VPOS="491" WIDTH="20" HEIGHT="21" WC="0.96" CONTENT="af"/><SP WIDTH="25" VPOS="491" HPOS="468"/>
							<String ID="string_10" HPOS="493" VPOS="491" WIDTH="29" HEIGHT="21" WC="0.96" CONTENT="ett"/><SP WIDTH="18" VPOS="491" HPOS="522"/>
							<String ID="string_11" HPOS="540" VPOS="492" WIDTH="4" HEIGHT="20" WC="0.93" CONTENT="i"/><SP WIDTH="21" VPOS="492" HPOS="544"/>
							<String ID="string_12" HPOS="565" VPOS="491" WIDTH="151" HEIGHT="22" WC="0.91" CONTENT="Bondeståndet"/><SP WIDTH="19" VPOS="491" HPOS="716"/>
							<String ID="string_13" HPOS="735" VPOS="492" WIDTH="59" HEIGHT="21" WC="0.92" CONTENT="väckt"/><SP WIDTH="19" VPOS="492" HPOS="794"/>
							<String ID="string_14" HPOS="813" VPOS="492" WIDTH="49" HEIGHT="27" WC="0.91" CONTENT="peti-"/>
						</TextLine>
						<TextLine ID="line_3" HPOS="313" VPOS="525" WIDTH="549" HEIGHT="27">
							<String ID="string_15" HPOS="313" VPOS="525" WIDTH="136" HEIGHT="27" WC="0.91" CONTENT="tionsförslag"/><SP WIDTH="26" VPOS="525" HPOS="449"/>
							<String ID="string_16" HPOS="475" VPOS="531" WIDTH="31" HEIGHT="16" WC="0.95" CONTENT="om"/><SP WIDTH="19" VPOS="531" HPOS="506"/>
							<String ID="string_17" HPOS="525" VPOS="526" WIDTH="124" HEIGHT="26" WC="0.96" CONTENT="förlängning"/><SP WIDTH="21" VPOS="526" HPOS="649"/>
							<String ID="string_18" HPOS="670" VPOS="527" WIDTH="21" HEIGHT="20" WC="0.92" CONTENT="af"/><SP WIDTH="19" VPOS="527" HPOS="691"/>
							<String ID="string_19" HPOS="710" VPOS="526" WIDTH="102" HEIGHT="21" WC="0.92" CONTENT="lånetiden"/><SP WIDTH="18" VPOS="526" HPOS="812"/>
							<String ID="string_20" HPOS="830" VPOS="527" WIDTH="32" HEIGHT="20" WC="0.95" CONTENT="för"/>
						</TextLine>
						<TextLine ID="line_4" HPOS="314" VPOS="560" WIDTH="548" HEIGHT="26">
							<String ID="string_21" HPOS="314" VPOS="560" WIDTH="24" HEIGHT="21" WC="0.96" CONTENT="de"/><SP WIDTH="16" VPOS="560" HPOS="338"/>
							<String ID="string_22" HPOS="354" VPOS="565" WIDTH="72" HEIGHT="21" WC="0.93" CONTENT="genom"/><SP WIDTH="18" VPOS="565" HPOS="426"/>
							<String ID="string_23" HPOS="444" VPOS="560" WIDTH="168" HEIGHT="21" WC="0.90" CONTENT="cirkulärbrefvet"/><SP WIDTH="16" VPOS="560" HPOS="612"/>
							<String ID="string_24" HPOS="628" VPOS="560" WIDTH="20" HEIGHT="21" WC="0.96" CONTENT="af"/><SP WIDTH="16" VPOS="560" HPOS="648"/>
							<String ID="string_25" HPOS="664" VPOS="561" WIDTH="37" HEIGHT="20" WC="0.96" CONTENT="den"/><SP WIDTH="13" VPOS="561" HPOS="701"/>
							<String ID="string_26" HPOS="714" VPOS="560" WIDTH="28" HEIGHT="21" WC="0.96" CONTENT="26"/><SP WIDTH="10" VPOS="560" HPOS="742"/>
							<String ID="string_27" HPOS="752" VPOS="561" WIDTH="42" HEIGHT="21" WC="0.96" CONTENT="Juni"/><SP WIDTH="14" VPOS="561" HPOS="794"/>
							<String ID="string_28" HPOS="808" VPOS="561" WIDTH="54" HEIGHT="21" WC="0.96" CONTENT="1885"/>
						</TextLine>
						<TextLine ID="line_5" HPOS="315" VPOS="593" WIDTH="547" HEIGHT="28">
							<String ID="string_29" HPOS="315" VPOS="593" WIDTH="98" HEIGHT="28" WC="0.93" CONTENT="beviljade"/><SP WIDTH="25" VPOS="593" HPOS="413"/>
							<String ID="string_30" HPOS="438" VPOS="594" WIDTH="134" HEIGHT="22" WC="0.87" CONTENT="låneförskott"/><SP WIDTH="23" VPOS="594" HPOS="572"/>
							<String ID="string_31" HPOS="595" VPOS="595" WIDTH="32" HEIGHT="21" WC="0.96" CONTENT="för"/><SP WIDTH="23" VPOS="595" HPOS="627"/>
							<String ID="string_32" HPOS="650" VPOS="595" WIDTH="93" HEIGHT="22" WC="0.96" CONTENT="bildande"/><SP WIDTH="24" VPOS="595" HPOS="743"/>
							<String ID="string_33" HPOS="767" VPOS="595" WIDTH="21" HEIGHT="22" WC="0.93" CONTENT="af"/><SP WIDTH="20" VPOS="595" HPOS="788"/>
							<String ID="string_34" HPOS="808" VPOS="595" WIDTH="54" HEIGHT="22" WC="0.92" CONTENT="kom-"/>
						</TextLine>
						<TextLine ID="line_6" HPOS="314" VPOS="629" WIDTH="255" HEIGHT="27">
							<String ID="string_35" HPOS="314" VPOS="629" WIDTH="80" HEIGHT="21" WC="0.92" CONTENT="munala"/><SP WIDTH="17" VPOS="629" HPOS="394"/>
							<String ID="string_36" HPOS="411" VPOS="629" WIDTH="158" HEIGHT="27" WC="0.90" CONTENT="odlingsfonder."/>
						</TextLine>
					</TextBlock>
				</ComposedBlock>
				<ComposedBlock ID="cblock_2" HPOS="109" VPOS="697" WIDTH="752" HEIGHT="100">
					<TextBlock ID="block_2" HPOS="109" VPOS="697" WIDTH="752" HEIGHT="100">
						<TextLine ID="line_7" HPOS="177" VPOS="697" WIDTH="684" HEIGHT="28">
							<String ID="string_37" HPOS="177" VPOS="697" WIDTH="80" HEIGHT="22" WC="0.92" CONTENT="Genom"/><SP WIDTH="18" VPOS="697" HPOS="257"/>
							<String ID="string_38" HPOS="275" VPOS="698" WIDTH="197" HEIGHT="27" WC="0.92" CONTENT="protokollsutdrag"/><SP WIDTH="16" VPOS="698" HPOS="472"/>
							<String ID="string_39" HPOS="488" VPOS="699" WIDTH="21" HEIGHT="21" WC="0.96" CONTENT="af"/><SP WIDTH="15" VPOS="699" HPOS="509"/>
							<String ID="string_40" HPOS="524" VPOS="699" WIDTH="39" HEIGHT="20" WC="0.96" CONTENT="den"/><SP WIDTH="14" VPOS="699" HPOS="563"/>
							<String ID="string_41" HPOS="577" VPOS="699" WIDTH="26" HEIGHT="21" WC="0.96" CONTENT="10"/><SP WIDTH="10" VPOS="699" HPOS="603"/>
							<String ID="string_42" HPOS="613" VPOS="699" WIDTH="104" HEIGHT="21" WC="0.96" CONTENT="Februari"/><SP WIDTH="11" VPOS="699" HPOS="717"/>
							<String ID="string_43" HPOS="728" VPOS="699" WIDTH="40" HEIGHT="21" WC="0.93" CONTENT="har"/><SP WIDTH="12" VPOS="699" HPOS="768"/>
							<String ID="string_44" HPOS="780" VPOS="699" WIDTH="81" HEIGHT="21" WC="0.92" CONTENT="Bonde-"/>
						</TextLine>
						<TextLine ID="line_8" HPOS="109" VPOS="733" WIDTH="752" HEIGHT="28">
							<String ID="string_45" HPOS="109" VPOS="733" WIDTH="86" HEIGHT="20" WC="0.95" CONTENT="ståndet"/><SP WIDTH="26" VPOS="733" HPOS="195"/>
							<String ID="string_46" HPOS="221" VPOS="733" WIDTH="32" HEIGHT="21" WC="0.92" CONTENT="till"/><SP WIDTH="27" VPOS="733" HPOS="253"/>
							<String ID="string_47" HPOS="280" VPOS="733" WIDTH="223" HEIGHT="22" WC="0.91" CONTENT="Ekonomiutskottets"/><SP WIDTH="22" VPOS="733" HPOS="503"/>
							<String ID="string_48" HPOS="525" VPOS="733" WIDTH="155" HEIGHT="22" WC="0.96" CONTENT="förberedande"/><SP WIDTH="23" VPOS="733" HPOS="680"/>
							<String ID="string_49" HPOS="703" VPOS="733" WIDTH="158" HEIGHT="28" WC="0.96" CONTENT="handläggning"/>
						</TextLine>
						<TextLine ID="line_9" HPOS="109" VPOS="767" WIDTH="435" HEIGHT="30">
							<String ID="string_50" HPOS="109" VPOS="767" WIDTH="118" HEIGHT="30" WC="0.91" CONTENT="hänskjutit"/><SP WIDTH="15" VPOS="767" HPOS="227"/>
							<String ID="string_51" HPOS="242" VPOS="767" WIDTH="94" HEIGHT="28" WC="0.93" CONTENT="följande"/><SP WIDTH="16" VPOS="767" HPOS="336"/>
							<String ID="string_52" HPOS="352" VPOS="768" WIDTH="192" HEIGHT="27" WC="0.88" CONTENT="petitionsförslag:"/>
						</TextLine>
					</TextBlock>
				</ComposedBlock>
				<ComposedBlock ID="cblock_3" HPOS="178" VPOS="867" WIDTH="162" HEIGHT="26">
					<TextBlock ID="block_3" HPOS="178" VPOS="867" WIDTH="162" HEIGHT="26">
						<TextLine ID="line_10" HPOS="178" VPOS="867" WIDTH="162" HEIGHT="26">
							<String ID="string_53" HPOS="178" VPOS="867" WIDTH="162" HEIGHT="26" WC="0.91" CONTENT="(Öfversättning)."/>
						</TextLine>
					</TextBlock>
				</ComposedBlock>
				<ComposedBlock ID="cblock_4" HPOS="281" VPOS="945" WIDTH="406" HEIGHT="20">
					<TextBlock ID="block_4" HPOS="281" VPOS="945" WIDTH="406" HEIGHT="20">
						<TextLine ID="line_11" HPOS="281" VPOS="945" WIDTH="406" HEIGHT="20">
							<String ID="string_54" HPOS="281" VPOS="946" WIDTH="45" HEIGHT="17" WC="0.93" CONTENT="Till"/><SP WIDTH="20" VPOS="946" HPOS="326"/>
							<String ID="string_55" HPOS="346" VPOS="945" WIDTH="149" HEIGHT="19" WC="0.91" CONTENT="Hedervärda"/><SP WIDTH="17" VPOS="945" HPOS="495"/>
							<String ID="string_56" HPOS="512" VPOS="947" WIDTH="175" HEIGHT="18" WC="0.92" CONTENT="Bondeståndet."/>
						</TextLine>
					</TextBlock>
				</ComposedBlock>
				<ComposedBlock ID="cblock_5" HPOS="106" VPOS="1010" WIDTH="759" HEIGHT="480">
					<TextBlock ID="block_5" HPOS="107" VPOS="1010" WIDTH="758" HEIGHT="338">
						<TextLine ID="line_12" HPOS="179" VPOS="1010" WIDTH="683" HEIGHT="23">
							<String ID="string_57" HPOS="179" VPOS="1010" WIDTH="69" HEIGHT="17" WC="0.95" CONTENT="Genom"/><SP WIDTH="13" VPOS="1010" HPOS="248"/>
							<String ID="string_58" HPOS="261" VPOS="1010" WIDTH="69" HEIGHT="23" WC="0.90" CONTENT="nådiga"/><SP WIDTH="16" VPOS="1010" HPOS="330"/>
							<String ID="string_59" HPOS="346" VPOS="1010" WIDTH="157" HEIGHT="17" WC="0.90" CONTENT="cirkulärbrefvet"/><SP WIDTH="12" VPOS="1010" HPOS="503"/>
							<String ID="string_60" HPOS="515" VPOS="1010" WIDTH="19" HEIGHT="17" WC="0.96" CONTENT="af"/><SP WIDTH="14" VPOS="1010" HPOS="534"/>
							<String ID="string_61" HPOS="548" VPOS="1010" WIDTH="35" HEIGHT="18" WC="0.96" CONTENT="den"/><SP WIDTH="13" VPOS="1010" HPOS="583"/>
							<String ID="string_62" HPOS="596" VPOS="1011" WIDTH="22" HEIGHT="18" WC="0.96" CONTENT="26"/><SP WIDTH="11" VPOS="1011" HPOS="618"/>
							<String ID="string_63" HPOS="629" VPOS="1011" WIDTH="46" HEIGHT="17" WC="0.96" CONTENT="Juni"/><SP WIDTH="13" VPOS="1011" HPOS="675"/>
							<String ID="string_64" HPOS="688" VPOS="1011" WIDTH="45" HEIGHT="18" WC="0.95" CONTENT="1885"/><SP WIDTH="16" VPOS="1011" HPOS="733"/>
							<String ID="string_65" HPOS="749" VPOS="1011" WIDTH="25" HEIGHT="17" WC="0.93" CONTENT="ha"/><SP WIDTH="11" VPOS="1011" HPOS="774"/>
							<String ID="string_66" HPOS="785" VPOS="1011" WIDTH="77" HEIGHT="18" WC="0.92" CONTENT="tillsam-"/>
						</TextLine>
						<TextLine ID="line_13" HPOS="110" VPOS="1035" WIDTH="753" HEIGHT="26">
							<String ID="string_67" HPOS="110" VPOS="1040" WIDTH="95" HEIGHT="21" WC="0.91" CONTENT="mantaget"/><SP WIDTH="12" VPOS="1040" HPOS="205"/>
							<String ID="string_68" HPOS="217" VPOS="1035" WIDTH="91" HEIGHT="25" WC="0.91" CONTENT="2,000,000"/><SP WIDTH="10" VPOS="1035" HPOS="308"/>
							<String ID="string_69" HPOS="318" VPOS="1039" WIDTH="52" HEIGHT="18" WC="0.96" CONTENT="mark"/><SP WIDTH="9" VPOS="1039" HPOS="370"/>
							<String ID="string_70" HPOS="379" VPOS="1038" WIDTH="60" HEIGHT="18" WC="0.96" CONTENT="blifvit"/><SP WIDTH="13" VPOS="1038" HPOS="439"/>
							<String ID="string_71" HPOS="452" VPOS="1044" WIDTH="22" HEIGHT="12" WC="0.96" CONTENT="ur"/><SP WIDTH="7" VPOS="1044" HPOS="474"/>
							<String ID="string_72" HPOS="481" VPOS="1039" WIDTH="92" HEIGHT="18" WC="0.93" CONTENT="allmänna"/><SP WIDTH="9" VPOS="1039" HPOS="573"/>
							<String ID="string_73" HPOS="582" VPOS="1039" WIDTH="108" HEIGHT="18" WC="0.91" CONTENT="statsmedel"/><SP WIDTH="10" VPOS="1039" HPOS="690"/>
							<String ID="string_74" HPOS="700" VPOS="1040" WIDTH="89" HEIGHT="21" WC="0.91" CONTENT="anslagna"/><SP WIDTH="9" VPOS="1040" HPOS="789"/>
							<String ID="string_75" HPOS="798" VPOS="1039" WIDTH="30" HEIGHT="18" WC="0.96" CONTENT="för"/><SP WIDTH="8" VPOS="1039" HPOS="828"/>
							<String ID="string_76" HPOS="836" VPOS="1041" WIDTH="27" HEIGHT="16" WC="0.96" CONTENT="att"/>
						</TextLine>
						<TextLine ID="line_14" HPOS="108" VPOS="1067" WIDTH="754" HEIGHT="23">
							<String ID="string_77" HPOS="108" VPOS="1068" WIDTH="7" HEIGHT="17" WC="0.96" CONTENT="i"/><SP WIDTH="15" VPOS="1068" HPOS="115"/>
							<String ID="string_78" HPOS="130" VPOS="1067" WIDTH="46" HEIGHT="18" WC="0.96" CONTENT="form"/><SP WIDTH="16" VPOS="1067" HPOS="176"/>
							<String ID="string_79" HPOS="192" VPOS="1067" WIDTH="20" HEIGHT="18" WC="0.96" CONTENT="af"/><SP WIDTH="11" VPOS="1067" HPOS="212"/>
							<String ID="string_80" HPOS="223" VPOS="1067" WIDTH="31" HEIGHT="18" WC="0.96" CONTENT="lån"/><SP WIDTH="18" VPOS="1067" HPOS="254"/>
							<String ID="string_81" HPOS="272" VPOS="1068" WIDTH="74" HEIGHT="18" WC="0.96" CONTENT="utdelas"/><SP WIDTH="17" VPOS="1068" HPOS="346"/>
							<String ID="string_82" HPOS="363" VPOS="1068" WIDTH="29" HEIGHT="17" WC="0.94" CONTENT="till"/><SP WIDTH="20" VPOS="1068" HPOS="392"/>
							<String ID="string_83" HPOS="412" VPOS="1067" WIDTH="195" HEIGHT="22" WC="0.90" CONTENT="landskommunerna,"/><SP WIDTH="15" VPOS="1067" HPOS="607"/>
							<String ID="string_84" HPOS="622" VPOS="1073" WIDTH="39" HEIGHT="12" WC="0.96" CONTENT="som"/><SP WIDTH="17" VPOS="1073" HPOS="661"/>
							<String ID="string_85" HPOS="678" VPOS="1068" WIDTH="56" HEIGHT="18" WC="0.93" CONTENT="deraf"/><SP WIDTH="17" VPOS="1068" HPOS="734"/>
							<String ID="string_86" HPOS="751" VPOS="1068" WIDTH="45" HEIGHT="22" WC="0.93" CONTENT="egde"/><SP WIDTH="15" VPOS="1068" HPOS="796"/>
							<String ID="string_87" HPOS="811" VPOS="1068" WIDTH="51" HEIGHT="18" WC="0.96" CONTENT="bilda"/>
						</TextLine>
						<TextLine ID="line_15" HPOS="109" VPOS="1096" WIDTH="753" HEIGHT="24">
							<String ID="string_88" HPOS="109" VPOS="1096" WIDTH="147" HEIGHT="23" WC="0.92" CONTENT="odlingsfonder,"/><SP WIDTH="13" VPOS="1096" HPOS="256"/>
							<String ID="string_89" HPOS="269" VPOS="1101" WIDTH="24" HEIGHT="13" WC="0.96" CONTENT="ur"/><SP WIDTH="14" VPOS="1101" HPOS="293"/>
							<String ID="string_90" HPOS="307" VPOS="1096" WIDTH="64" HEIGHT="19" WC="0.96" CONTENT="hvilka"/><SP WIDTH="16" VPOS="1096" HPOS="371"/>
							<String ID="string_91" HPOS="387" VPOS="1098" WIDTH="70" HEIGHT="16" WC="0.96" CONTENT="smärre"/><SP WIDTH="16" VPOS="1098" HPOS="457"/>
							<String ID="string_92" HPOS="473" VPOS="1097" WIDTH="32" HEIGHT="17" WC="0.96" CONTENT="lån"/><SP WIDTH="12" VPOS="1097" HPOS="505"/>
							<String ID="string_93" HPOS="517" VPOS="1097" WIDTH="61" HEIGHT="18" WC="0.93" CONTENT="skulle"/><SP WIDTH="13" VPOS="1097" HPOS="578"/>
							<String ID="string_94" HPOS="591" VPOS="1097" WIDTH="81" HEIGHT="23" WC="0.91" CONTENT="utgifvas"/><SP WIDTH="12" VPOS="1097" HPOS="672"/>
							<String ID="string_95" HPOS="684" VPOS="1097" WIDTH="20" HEIGHT="18" WC="0.95" CONTENT="åt"/><SP WIDTH="12" VPOS="1097" HPOS="704"/>
							<String ID="string_96" HPOS="716" VPOS="1097" WIDTH="86" HEIGHT="18" WC="0.92" CONTENT="enskilda"/><SP WIDTH="10" VPOS="1097" HPOS="802"/>
							<String ID="string_97" HPOS="812" VPOS="1097" WIDTH="50" HEIGHT="22" WC="0.92" CONTENT="jord-"/>
						</TextLine>
						<TextLine ID="line_16" HPOS="109" VPOS="1125" WIDTH="753" HEIGHT="23">
							<String ID="string_98" HPOS="109" VPOS="1125" WIDTH="80" HEIGHT="18" WC="0.96" CONTENT="brukare"/><SP WIDTH="18" VPOS="1125" HPOS="189"/>
							<String ID="string_99" HPOS="207" VPOS="1126" WIDTH="6" HEIGHT="17" WC="0.96" CONTENT="i"/><SP WIDTH="15" VPOS="1126" HPOS="213"/>
							<String ID="string_100" HPOS="228" VPOS="1125" WIDTH="86" HEIGHT="18" WC="0.96" CONTENT="ändamål"/><SP WIDTH="19" VPOS="1125" HPOS="314"/>
							<String ID="string_101" HPOS="333" VPOS="1127" WIDTH="27" HEIGHT="16" WC="0.96" CONTENT="att"/><SP WIDTH="17" VPOS="1127" HPOS="360"/>
							<String ID="string_102" HPOS="377" VPOS="1125" WIDTH="92" HEIGHT="23" WC="0.96" CONTENT="befrämja"/><SP WIDTH="17" VPOS="1125" HPOS="469"/>
							<String ID="string_103" HPOS="486" VPOS="1125" WIDTH="50" HEIGHT="18" WC="0.93" CONTENT="såväl"/><SP WIDTH="18" VPOS="1125" HPOS="536"/>
							<String ID="string_104" HPOS="554" VPOS="1125" WIDTH="110" HEIGHT="23" WC="0.91" CONTENT="nyodlingar"/><SP WIDTH="16" VPOS="1125" HPOS="664"/>
							<String ID="string_105" HPOS="680" VPOS="1131" WIDTH="38" HEIGHT="12" WC="0.95" CONTENT="som"/><SP WIDTH="16" VPOS="1131" HPOS="718"/>
							<String ID="string_106" HPOS="734" VPOS="1125" WIDTH="55" HEIGHT="18" WC="0.95" CONTENT="äfven"/><SP WIDTH="15" VPOS="1125" HPOS="789"/>
							<String ID="string_107" HPOS="804" VPOS="1125" WIDTH="58" HEIGHT="18" WC="0.96" CONTENT="andra"/>
						</TextLine>
						<TextLine ID="line_17" HPOS="110" VPOS="1154" WIDTH="755" HEIGHT="23">
							<String ID="string_108" HPOS="110" VPOS="1154" WIDTH="119" HEIGHT="19" WC="0.92" CONTENT="sträfvanden"/><SP WIDTH="12" VPOS="1154" HPOS="229"/>
							<String ID="string_109" HPOS="241" VPOS="1154" WIDTH="29" HEIGHT="18" WC="0.96" CONTENT="för"/><SP WIDTH="9" VPOS="1154" HPOS="270"/>
							<String ID="string_110" HPOS="279" VPOS="1154" WIDTH="121" HEIGHT="23" WC="0.96" CONTENT="jordbrukets"/><SP WIDTH="13" VPOS="1154" HPOS="400"/>
							<String ID="string_111" HPOS="413" VPOS="1154" WIDTH="133" HEIGHT="18" WC="0.96" CONTENT="förbättrande."/><SP WIDTH="18" VPOS="1154" HPOS="546"/>
							<String ID="string_112" HPOS="564" VPOS="1155" WIDTH="66" HEIGHT="22" WC="0.96" CONTENT="Enligt"/><SP WIDTH="12" VPOS="1155" HPOS="630"/>
							<String ID="string_113" HPOS="642" VPOS="1154" WIDTH="80" HEIGHT="18" WC="0.93" CONTENT="nämnda"/><SP WIDTH="17" VPOS="1154" HPOS="722"/>
							<String ID="string_114" HPOS="739" VPOS="1154" WIDTH="126" HEIGHT="18" WC="0.91" CONTENT="cirkulärbref"/>
						</TextLine>
						<TextLine ID="line_18" HPOS="108" VPOS="1183" WIDTH="755" HEIGHT="23">
							<String ID="string_115" HPOS="108" VPOS="1183" WIDTH="38" HEIGHT="17" WC="0.96" CONTENT="kan"/><SP WIDTH="12" VPOS="1183" HPOS="146"/>
							<String ID="string_116" HPOS="158" VPOS="1188" WIDTH="22" HEIGHT="12" WC="0.96" CONTENT="en"/><SP WIDTH="13" VPOS="1188" HPOS="180"/>
							<String ID="string_117" HPOS="193" VPOS="1183" WIDTH="143" HEIGHT="18" WC="0.95" CONTENT="landskommun"/><SP WIDTH="7" VPOS="1183" HPOS="336"/>
							<String ID="string_118" HPOS="343" VPOS="1183" WIDTH="29" HEIGHT="18" WC="0.93" CONTENT="för"/><SP WIDTH="6" VPOS="1183" HPOS="372"/>
							<String ID="string_119" HPOS="378" VPOS="1183" WIDTH="83" HEIGHT="23" WC="0.92" CONTENT="antydda"/><SP WIDTH="6" VPOS="1183" HPOS="461"/>
							<String ID="string_120" HPOS="467" VPOS="1183" WIDTH="84" HEIGHT="18" WC="0.95" CONTENT="ändamål"/><SP WIDTH="9" VPOS="1183" HPOS="551"/>
							<String ID="string_121" HPOS="560" VPOS="1183" WIDTH="70" HEIGHT="18" WC="0.96" CONTENT="erhålla"/><SP WIDTH="8" VPOS="1183" HPOS="630"/>
							<String ID="string_122" HPOS="638" VPOS="1185" WIDTH="26" HEIGHT="16" WC="0.96" CONTENT="ett"/><SP WIDTH="6" VPOS="1185" HPOS="664"/>
							<String ID="string_123" HPOS="670" VPOS="1183" WIDTH="32" HEIGHT="18" WC="0.96" CONTENT="lån"/><SP WIDTH="6" VPOS="1183" HPOS="702"/>
							<String ID="string_124" HPOS="708" VPOS="1184" WIDTH="24" HEIGHT="21" WC="0.96" CONTENT="på"/><SP WIDTH="8" VPOS="1184" HPOS="732"/>
							<String ID="string_125" HPOS="740" VPOS="1183" WIDTH="54" HEIGHT="22" WC="0.93" CONTENT="högst"/><SP WIDTH="7" VPOS="1183" HPOS="794"/>
							<String ID="string_126" HPOS="801" VPOS="1183" WIDTH="62" HEIGHT="22" WC="0.91" CONTENT="15,000"/>
						</TextLine>
						<TextLine ID="line_19" HPOS="109" VPOS="1211" WIDTH="754" HEIGHT="24">
							<String ID="string_127" HPOS="109" VPOS="1212" WIDTH="55" HEIGHT="17" WC="0.96" CONTENT="mark"/><SP WIDTH="13" VPOS="1212" HPOS="164"/>
							<String ID="string_128" HPOS="177" VPOS="1213" WIDTH="27" HEIGHT="16" WC="0.96" CONTENT="att"/><SP WIDTH="13" VPOS="1213" HPOS="204"/>
							<String ID="string_129" HPOS="217" VPOS="1211" WIDTH="60" HEIGHT="19" WC="0.96" CONTENT="såsom"/><SP WIDTH="16" VPOS="1211" HPOS="277"/>
							<String ID="string_130" HPOS="293" VPOS="1211" WIDTH="32" HEIGHT="18" WC="0.90" CONTENT="län"/><SP WIDTH="13" VPOS="1211" HPOS="325"/>
							<String ID="string_131" HPOS="338" VPOS="1211" WIDTH="20" HEIGHT="18" WC="0.96" CONTENT="af"/><SP WIDTH="10" VPOS="1211" HPOS="358"/>
							<String ID="string_132" HPOS="368" VPOS="1211" WIDTH="54" HEIGHT="23" WC="0.65" CONTENT="bögst"/><SP WIDTH="12" VPOS="1211" HPOS="422"/>
							<String ID="string_133" HPOS="434" VPOS="1212" WIDTH="40" HEIGHT="21" WC="0.96" CONTENT="800,"/><SP WIDTH="12" VPOS="1212" HPOS="474"/>
							<String ID="string_134" HPOS="486" VPOS="1212" WIDTH="7" HEIGHT="17" WC="0.96" CONTENT="i"/><SP WIDTH="13" VPOS="1212" HPOS="493"/>
							<String ID="string_135" HPOS="506" VPOS="1211" WIDTH="138" HEIGHT="24" WC="0.92" CONTENT="undantagsfall"/><SP WIDTH="13" VPOS="1211" HPOS="644"/>
							<String ID="string_136" HPOS="657" VPOS="1212" WIDTH="50" HEIGHT="21" WC="0.96" CONTENT="1,000"/><SP WIDTH="12" VPOS="1212" HPOS="707"/>
							<String ID="string_137" HPOS="719" VPOS="1212" WIDTH="61" HEIGHT="17" WC="0.96" CONTENT="marks"/><SP WIDTH="13" VPOS="1212" HPOS="780"/>
							<String ID="string_138" HPOS="793" VPOS="1211" WIDTH="70" HEIGHT="18" WC="0.96" CONTENT="storlek"/>
						</TextLine>
						<TextLine ID="line_20" HPOS="108" VPOS="1240" WIDTH="754" HEIGHT="23">
							<String ID="string_139" HPOS="108" VPOS="1240" WIDTH="73" HEIGHT="18" WC="0.96" CONTENT="utdelas"/><SP WIDTH="17" VPOS="1240" HPOS="181"/>
							<String ID="string_140" HPOS="198" VPOS="1241" WIDTH="19" HEIGHT="17" WC="0.96" CONTENT="åt"/><SP WIDTH="18" VPOS="1241" HPOS="217"/>
							<String ID="string_141" HPOS="235" VPOS="1240" WIDTH="86" HEIGHT="18" WC="0.96" CONTENT="enskilda"/><SP WIDTH="15" VPOS="1240" HPOS="321"/>
							<String ID="string_142" HPOS="336" VPOS="1241" WIDTH="123" HEIGHT="22" WC="0.96" CONTENT="jordbrukare"/><SP WIDTH="14" VPOS="1241" HPOS="459"/>
							<String ID="string_143" HPOS="473" VPOS="1241" WIDTH="28" HEIGHT="17" WC="0.96" CONTENT="för"/><SP WIDTH="13" VPOS="1241" HPOS="501"/>
							<String ID="string_144" HPOS="514" VPOS="1246" WIDTH="23" HEIGHT="12" WC="0.96" CONTENT="en"/><SP WIDTH="11" VPOS="1246" HPOS="537"/>
							<String ID="string_145" HPOS="548" VPOS="1241" WIDTH="29" HEIGHT="18" WC="0.96" CONTENT="tid"/><SP WIDTH="13" VPOS="1241" HPOS="577"/>
							<String ID="string_146" HPOS="590" VPOS="1241" WIDTH="19" HEIGHT="17" WC="0.96" CONTENT="af"/><SP WIDTH="10" VPOS="1241" HPOS="609"/>
							<String ID="string_147" HPOS="619" VPOS="1241" WIDTH="55" HEIGHT="22" WC="0.96" CONTENT="högst"/><SP WIDTH="12" VPOS="1241" HPOS="674"/>
							<String ID="string_148" HPOS="686" VPOS="1241" WIDTH="10" HEIGHT="17" WC="0.96" CONTENT="7"/><SP WIDTH="13" VPOS="1241" HPOS="696"/>
							<String ID="string_149" HPOS="709" VPOS="1241" WIDTH="21" HEIGHT="17" WC="0.96" CONTENT="år"/><SP WIDTH="12" VPOS="1241" HPOS="730"/>
							<String ID="string_150" HPOS="742" VPOS="1241" WIDTH="35" HEIGHT="18" WC="0.96" CONTENT="och"/><SP WIDTH="12" VPOS="1241" HPOS="777"/>
							<String ID="string_151" HPOS="789" VPOS="1243" WIDTH="39" HEIGHT="15" WC="0.96" CONTENT="mot"/><SP WIDTH="11" VPOS="1243" HPOS="828"/>
							<String ID="string_152" HPOS="839" VPOS="1245" WIDTH="23" HEIGHT="12" WC="0.95" CONTENT="en"/>
						</TextLine>
						<TextLine ID="line_21" HPOS="107" VPOS="1265" WIDTH="756" HEIGHT="27">
							<String ID="string_153" HPOS="107" VPOS="1271" WIDTH="55" HEIGHT="15" WC="0.96" CONTENT="ränta"/><SP WIDTH="16" VPOS="1271" HPOS="162"/>
							<String ID="string_154" HPOS="178" VPOS="1269" WIDTH="20" HEIGHT="17" WC="0.96" CONTENT="af"/><SP WIDTH="14" VPOS="1269" HPOS="198"/>
							<String ID="string_155" HPOS="212" VPOS="1270" WIDTH="27" HEIGHT="20" WC="0.96" CONTENT="3,6"/><SP WIDTH="13" VPOS="1270" HPOS="239"/>
							<String ID="string_156" HPOS="252" VPOS="1271" WIDTH="84" HEIGHT="20" WC="0.96" CONTENT="procent."/><SP WIDTH="24" VPOS="1271" HPOS="336"/>
							<String ID="string_157" HPOS="360" VPOS="1265" WIDTH="26" HEIGHT="22" WC="0.95" CONTENT="Åt"/><SP WIDTH="17" VPOS="1265" HPOS="386"/>
							<String ID="string_158" HPOS="403" VPOS="1269" WIDTH="134" HEIGHT="18" WC="0.96" CONTENT="kommunerna"/><SP WIDTH="11" VPOS="1269" HPOS="537"/>
							<String ID="string_159" HPOS="548" VPOS="1269" WIDTH="78" HEIGHT="22" WC="0.96" CONTENT="beviljas"/><SP WIDTH="16" VPOS="1269" HPOS="626"/>
							<String ID="string_160" HPOS="642" VPOS="1269" WIDTH="62" HEIGHT="22" WC="0.96" CONTENT="lånen,"/><SP WIDTH="16" VPOS="1269" HPOS="704"/>
							<String ID="string_161" HPOS="720" VPOS="1269" WIDTH="59" HEIGHT="23" WC="0.96" CONTENT="enligt"/><SP WIDTH="15" VPOS="1269" HPOS="779"/>
							<String ID="string_162" HPOS="794" VPOS="1274" WIDTH="69" HEIGHT="12" WC="0.96" CONTENT="samma"/>
						</TextLine>
						<TextLine ID="line_22" HPOS="109" VPOS="1297" WIDTH="753" HEIGHT="23">
							<String ID="string_163" HPOS="109" VPOS="1298" WIDTH="146" HEIGHT="22" WC="0.96" CONTENT="bestämningar,"/><SP WIDTH="13" VPOS="1298" HPOS="255"/>
							<String ID="string_164" HPOS="268" VPOS="1298" WIDTH="29" HEIGHT="18" WC="0.96" CONTENT="för"/><SP WIDTH="12" VPOS="1298" HPOS="297"/>
							<String ID="string_165" HPOS="309" VPOS="1298" WIDTH="23" HEIGHT="17" WC="0.96" CONTENT="20"/><SP WIDTH="15" VPOS="1298" HPOS="332"/>
							<String ID="string_166" HPOS="347" VPOS="1298" WIDTH="30" HEIGHT="17" WC="0.96" CONTENT="års"/><SP WIDTH="15" VPOS="1298" HPOS="377"/>
							<String ID="string_167" HPOS="392" VPOS="1298" WIDTH="29" HEIGHT="17" WC="0.96" CONTENT="tid"/><SP WIDTH="15" VPOS="1298" HPOS="421"/>
							<String ID="string_168" HPOS="436" VPOS="1300" WIDTH="27" HEIGHT="15" WC="0.96" CONTENT="att"/><SP WIDTH="12" VPOS="1300" HPOS="463"/>
							<String ID="string_169" HPOS="475" VPOS="1298" WIDTH="111" HEIGHT="18" WC="0.96" CONTENT="återbetalas"/><SP WIDTH="14" VPOS="1298" HPOS="586"/>
							<String ID="string_170" HPOS="600" VPOS="1298" WIDTH="60" HEIGHT="17" WC="0.96" CONTENT="under"/><SP WIDTH="12" VPOS="1298" HPOS="660"/>
							<String ID="string_171" HPOS="672" VPOS="1297" WIDTH="23" HEIGHT="18" WC="0.96" CONTENT="de"/><SP WIDTH="13" VPOS="1297" HPOS="695"/>
							<String ID="string_172" HPOS="708" VPOS="1297" WIDTH="37" HEIGHT="18" WC="0.96" CONTENT="fem"/><SP WIDTH="14" VPOS="1297" HPOS="745"/>
							<String ID="string_173" HPOS="759" VPOS="1298" WIDTH="47" HEIGHT="18" WC="0.95" CONTENT="sista"/><SP WIDTH="11" VPOS="1298" HPOS="806"/>
							<String ID="string_174" HPOS="817" VPOS="1298" WIDTH="45" HEIGHT="17" WC="0.96" CONTENT="åren"/>
						</TextLine>
						<TextLine ID="line_23" HPOS="109" VPOS="1326" WIDTH="296" HEIGHT="22">
							<String ID="string_175" HPOS="109" VPOS="1326" WIDTH="43" HEIGHT="18" WC="0.96" CONTENT="med"/><SP WIDTH="13" VPOS="1326" HPOS="152"/>
							<String ID="string_176" HPOS="165" VPOS="1331" WIDTH="23" HEIGHT="12" WC="0.96" CONTENT="en"/><SP WIDTH="13" VPOS="1331" HPOS="188"/>
							<String ID="string_177" HPOS="201" VPOS="1326" WIDTH="89" HEIGHT="18" WC="0.93" CONTENT="femtedel"/><SP WIDTH="13" VPOS="1326" HPOS="290"/>
							<String ID="string_178" HPOS="303" VPOS="1326" WIDTH="63" HEIGHT="22" WC="0.96" CONTENT="hvarje"/><SP WIDTH="14" VPOS="1326" HPOS="366"/>
							<String ID="string_179" HPOS="380" VPOS="1326" WIDTH="25" HEIGHT="17" WC="0.96" CONTENT="år."/>
						</TextLine>
					</TextBlock>
					<TextBlock ID="block_6" HPOS="106" VPOS="1354" WIDTH="758" HEIGHT="136">
						<TextLine ID="line_24" HPOS="177" VPOS="1354" WIDTH="687" HEIGHT="22">
							<String ID="string_180" HPOS="177" VPOS="1354" WIDTH="44" HEIGHT="17" WC="0.96" CONTENT="Med"/><SP WIDTH="14" VPOS="1354" HPOS="221"/>
							<String ID="string_181" HPOS="235" VPOS="1354" WIDTH="54" HEIGHT="17" WC="0.95" CONTENT="dessa"/><SP WIDTH="14" VPOS="1354" HPOS="289"/>
							<String ID="string_182" HPOS="303" VPOS="1354" WIDTH="31" HEIGHT="17" WC="0.96" CONTENT="lån"/><SP WIDTH="13" VPOS="1354" HPOS="334"/>
							<String ID="string_183" HPOS="347" VPOS="1355" WIDTH="33" HEIGHT="17" WC="0.93" CONTENT="har"/><SP WIDTH="13" VPOS="1355" HPOS="380"/>
							<String ID="string_184" HPOS="393" VPOS="1354" WIDTH="80" HEIGHT="22" WC="0.90" CONTENT="åsyftats"/><SP WIDTH="12" VPOS="1354" HPOS="473"/>
							<String ID="string_185" HPOS="485" VPOS="1356" WIDTH="28" HEIGHT="15" WC="0.96" CONTENT="att"/><SP WIDTH="12" VPOS="1356" HPOS="513"/>
							<String ID="string_186" HPOS="525" VPOS="1354" WIDTH="89" HEIGHT="22" WC="0.96" CONTENT="befrämja"/><SP WIDTH="13" VPOS="1354" HPOS="614"/>
							<String ID="string_187" HPOS="627" VPOS="1354" WIDTH="31" HEIGHT="17" WC="0.96" CONTENT="det"/><SP WIDTH="12" VPOS="1354" HPOS="658"/>
							<String ID="string_188" HPOS="670" VPOS="1354" WIDTH="72" HEIGHT="18" WC="0.96" CONTENT="mindre"/><SP WIDTH="9" VPOS="1354" HPOS="742"/>
							<String ID="string_189" HPOS="751" VPOS="1354" WIDTH="113" HEIGHT="22" WC="0.96" CONTENT="jordbruket"/>
						</TextLine>
						<TextLine ID="line_25" HPOS="108" VPOS="1381" WIDTH="754" HEIGHT="23">
							<String ID="string_190" HPOS="108" VPOS="1386" WIDTH="67" HEIGHT="17" WC="0.96" CONTENT="genom"/><SP WIDTH="16" VPOS="1386" HPOS="175"/>
							<String ID="string_191" HPOS="191" VPOS="1384" WIDTH="26" HEIGHT="14" WC="0.96" CONTENT="att"/><SP WIDTH="15" VPOS="1384" HPOS="217"/>
							<String ID="string_192" HPOS="232" VPOS="1382" WIDTH="70" HEIGHT="17" WC="0.96" CONTENT="bereda"/><SP WIDTH="17" VPOS="1382" HPOS="302"/>
							<String ID="string_193" HPOS="319" VPOS="1382" WIDTH="72" HEIGHT="17" WC="0.93" CONTENT="mindre"/><SP WIDTH="17" VPOS="1382" HPOS="391"/>
							<String ID="string_194" HPOS="408" VPOS="1382" WIDTH="158" HEIGHT="21" WC="0.89" CONTENT="hemmansegare,"/><SP WIDTH="12" VPOS="1382" HPOS="566"/>
							<String ID="string_195" HPOS="578" VPOS="1383" WIDTH="74" HEIGHT="21" WC="0.96" CONTENT="torpare"/><SP WIDTH="16" VPOS="1383" HPOS="652"/>
							<String ID="string_196" HPOS="668" VPOS="1382" WIDTH="34" HEIGHT="16" WC="0.96" CONTENT="och"/><SP WIDTH="15" VPOS="1382" HPOS="702"/>
							<String ID="string_197" HPOS="717" VPOS="1381" WIDTH="58" HEIGHT="18" WC="0.96" CONTENT="andra"/><SP WIDTH="15" VPOS="1381" HPOS="775"/>
							<String ID="string_198" HPOS="790" VPOS="1382" WIDTH="72" HEIGHT="17" WC="0.96" CONTENT="mindre"/>
						</TextLine>
						<TextLine ID="line_26" HPOS="106" VPOS="1409" WIDTH="757" HEIGHT="24">
							<String ID="string_199" HPOS="106" VPOS="1410" WIDTH="133" HEIGHT="23" WC="0.96" CONTENT="jordbrukare,"/><SP WIDTH="11" VPOS="1410" HPOS="239"/>
							<String ID="string_200" HPOS="250" VPOS="1410" WIDTH="30" HEIGHT="18" WC="0.96" CONTENT="för"/><SP WIDTH="12" VPOS="1410" HPOS="280"/>
							<String ID="string_201" HPOS="292" VPOS="1410" WIDTH="64" HEIGHT="18" WC="0.96" CONTENT="hvilka"/><SP WIDTH="14" VPOS="1410" HPOS="356"/>
							<String ID="string_202" HPOS="370" VPOS="1410" WIDTH="32" HEIGHT="18" WC="0.96" CONTENT="det"/><SP WIDTH="12" VPOS="1410" HPOS="402"/>
							<String ID="string_203" HPOS="414" VPOS="1412" WIDTH="21" HEIGHT="16" WC="0.96" CONTENT="är"/><SP WIDTH="12" VPOS="1412" HPOS="435"/>
							<String ID="string_204" HPOS="447" VPOS="1410" WIDTH="55" HEIGHT="22" WC="0.96" CONTENT="svårt,"/><SP WIDTH="13" VPOS="1410" HPOS="502"/>
							<String ID="string_205" HPOS="515" VPOS="1409" WIDTH="38" HEIGHT="19" WC="0.97" CONTENT="ofta"/><SP WIDTH="12" VPOS="1409" HPOS="553"/>
							<String ID="string_206" HPOS="565" VPOS="1410" WIDTH="88" HEIGHT="22" WC="0.96" CONTENT="omöjligt,"/><SP WIDTH="13" VPOS="1410" HPOS="653"/>
							<String ID="string_207" HPOS="666" VPOS="1412" WIDTH="26" HEIGHT="16" WC="0.96" CONTENT="att"/><SP WIDTH="12" VPOS="1412" HPOS="692"/>
							<String ID="string_208" HPOS="704" VPOS="1410" WIDTH="73" HEIGHT="18" WC="0.93" CONTENT="erhålla"/><SP WIDTH="10" VPOS="1410" HPOS="777"/>
							<String ID="string_209" HPOS="787" VPOS="1410" WIDTH="76" HEIGHT="23" WC="0.91" CONTENT="pennin-"/>
						</TextLine>
						<TextLine ID="line_27" HPOS="109" VPOS="1438" WIDTH="755" HEIGHT="24">
							<String ID="string_210" HPOS="109" VPOS="1438" WIDTH="189" HEIGHT="23" WC="0.92" CONTENT="geförsträckningar,"/><SP WIDTH="16" VPOS="1438" HPOS="298"/>
							<String ID="string_211" HPOS="314" VPOS="1438" WIDTH="76" HEIGHT="18" WC="0.96" CONTENT="tillfälle"/><SP WIDTH="16" VPOS="1438" HPOS="390"/>
							<String ID="string_212" HPOS="406" VPOS="1440" WIDTH="27" HEIGHT="16" WC="0.96" CONTENT="att"/><SP WIDTH="15" VPOS="1440" HPOS="433"/>
							<String ID="string_213" HPOS="448" VPOS="1438" WIDTH="84" HEIGHT="19" WC="0.96" CONTENT="anskaffa"/><SP WIDTH="14" VPOS="1438" HPOS="532"/>
							<String ID="string_214" HPOS="546" VPOS="1439" WIDTH="29" HEIGHT="18" WC="0.93" CONTENT="för"/><SP WIDTH="15" VPOS="1439" HPOS="575"/>
							<String ID="string_215" HPOS="590" VPOS="1438" WIDTH="110" HEIGHT="24" WC="0.91" CONTENT="nyodlingar"/><SP WIDTH="15" VPOS="1438" HPOS="700"/>
							<String ID="string_216" HPOS="715" VPOS="1439" WIDTH="35" HEIGHT="18" WC="0.97" CONTENT="och"/><SP WIDTH="18" VPOS="1439" HPOS="750"/>
							<String ID="string_217" HPOS="768" VPOS="1439" WIDTH="29" HEIGHT="17" WC="0.92" CONTENT="för"/><SP WIDTH="15" VPOS="1439" HPOS="797"/>
							<String ID="string_218" HPOS="812" VPOS="1439" WIDTH="52" HEIGHT="22" WC="0.92" CONTENT="jord-"/>
						</TextLine>
						<TextLine ID="line_28" HPOS="108" VPOS="1467" WIDTH="756" HEIGHT="23">
							<String ID="string_219" HPOS="108" VPOS="1467" WIDTH="117" HEIGHT="19" WC="0.92" CONTENT="bruksbehof"/><SP WIDTH="14" VPOS="1467" HPOS="225"/>
							<String ID="string_220" HPOS="239" VPOS="1468" WIDTH="94" HEIGHT="22" WC="0.91" CONTENT="behöfliga"/><SP WIDTH="15" VPOS="1468" HPOS="333"/>
							<String ID="string_221" HPOS="348" VPOS="1468" WIDTH="162" HEIGHT="22" WC="0.90" CONTENT="penningemedel."/><SP WIDTH="23" VPOS="1468" HPOS="510"/>
							<String ID="string_222" HPOS="533" VPOS="1468" WIDTH="56" HEIGHT="18" WC="0.96" CONTENT="Detta"/><SP WIDTH="19" VPOS="1468" HPOS="589"/>
							<String ID="string_223" HPOS="608" VPOS="1467" WIDTH="47" HEIGHT="23" WC="0.95" CONTENT="syfte"/><SP WIDTH="13" VPOS="1467" HPOS="655"/>
							<String ID="string_224" HPOS="668" VPOS="1468" WIDTH="34" HEIGHT="18" WC="0.96" CONTENT="har"/><SP WIDTH="15" VPOS="1468" HPOS="702"/>
							<String ID="string_225" HPOS="717" VPOS="1467" WIDTH="54" HEIGHT="19" WC="0.96" CONTENT="äfven"/><SP WIDTH="13" VPOS="1467" HPOS="771"/>
							<String ID="string_226" HPOS="784" VPOS="1467" WIDTH="30" HEIGHT="19" WC="0.96" CONTENT="till"/><SP WIDTH="12" VPOS="1467" HPOS="814"/>
							<String ID="string_227" HPOS="826" VPOS="1470" WIDTH="38" HEIGHT="16" WC="0.96" CONTENT="stor"/>
						</TextLine>
					</TextBlock>
				</ComposedBlock>
				<ComposedBlock ID="cblock_6" HPOS="181" VPOS="1508" WIDTH="395" HEIGHT="24">
					<TextBlock ID="block_7" HPOS="181" VPOS="1508" WIDTH="395" HEIGHT="24">
						<TextLine ID="line_29" HPOS="181" VPOS="1508" WIDTH="395" HEIGHT="24">
							<String ID="string_228" HPOS="181" VPOS="1508" WIDTH="183" HEIGHT="18" WC="0.87" CONTENT="Ekonomiutskottets"/><SP WIDTH="13" VPOS="1508" HPOS="364"/>
							<String ID="string_229" HPOS="377" VPOS="1508" WIDTH="111" HEIGHT="24" WC="0.80" CONTENT="betänkande"/><SP WIDTH="12" VPOS="1508" HPOS="488"/>
							<String ID="string_230" HPOS="500" VPOS="1508" WIDTH="36" HEIGHT="18" WC="0.96" CONTENT="N:o"/><SP WIDTH="12" VPOS="1508" HPOS="536"/>
							<String ID="string_231" HPOS="548" VPOS="1508" WIDTH="28" HEIGHT="18" WC="0.96" CONTENT="12."/>
						</TextLine>
					</TextBlock>
				</ComposedBlock>
			</PrintSpace>
		</Page>
	</Layout>
</alto>
