1098 1745
256 153 39 19 118
421 151 277 23 Petitiousbetänkande
712 151 43 22 N:o
770 152 35 21 14.

433 221 105 22 byggandet
560 223 27 21 af
608 221 95 18 Savolaks
721 220 33 18 och
773 220 91 18 karelska
882 220 97 17 banornas

431 249 245 23 sammanbindningsbana
693 249 31 18 och
738 251 48 16 utan
799 251 31 15 att
841 250 80 17 invänta
934 248 45 17 den-

433 284 78 16 samma,
524 280 50 16 samt

501 309 29 16 att
547 307 111 18 Ständerna
674 304 58 20 måtte
744 307 69 16 anvisa
824 307 36 21 för
872 305 106 24 byggandet

433 337 26 21 af
470 336 63 17 denna
545 335 109 18 hamnbana
668 335 130 22 erforderliga
810 335 62 18 medel.

295 387 117 23 Helsingfors
425 387 34 17 den
474 387 20 18 10
506 387 89 18 Februari
611 387 47 17 1900.

776 438 20 23 A.
812 438 19 24 6.
847 437 65 24 Walle.

589 571 34 24 70.

367 628 51 17 Till
444 629 142 22 vällofliga
610 628 232 22 Borgareständet.

297 685 60 18 Sedan
374 686 214 23 Jäynvägsaktiebolaget
604 685 144 18 Fredrikshamn
764 686 5 17 i
782 685 78 24 enlighet
872 685 42 18 med
926 685 54 18 Stän-

228 713 66 20 dernas
307 713 31 19 vid
351 714 43 17 1897
407 715 30 16 års
449 714 89 23 landtdag
550 714 63 18 därom
626 713 63 24 gjorda
701 714 135 24 framställning
844 715 84 22 beviljats
938 714 42 18 sub-

228 743 73 18 vention
313 743 20 18 af
344 743 75 22 400,000
430 743 53 18 mark
495 743 29 18 för
535 743 105 23 byggandet
653 743 19 17 af
684 749 22 12 en
718 744 132 22 normalspärig
861 743 68 18 bibana
939 743 41 18 frän

228 772 109 18 Inkeroinen
355 772 68 18 station
441 773 11 17 &
466 772 86 18 Kouvola

575 764 62 26 Kotka
648 772 76 23 järnväg
737 772 27 17 till
777 772 144 18 Fredrikshamn
933 771 48 20 stad,

227 800 35 19 har
280 801 57 23 sagda
355 801 66 18 bibana
439 807 77 12 numera
530 801 61 18 blifvit
602 801 64 18 utförd
679 801 34 18 och
726 802 46 23 stiga
784 801 100 23 utgifterna
896 801 30 18 för
938 801 42 18 den-

227 836 72 13 samma
311 831 56 22 enligt
379 831 96 17 närslutna
487 831 49 18 tablå
549 831 27 18 till
589 831 55 23 något
656 830 52 18 öfver
721 831 90 21 1,570,000
820 831 58 18 mark.

296 859 44 18 Med
358 859 58 23 dryga
433 859 100 19 kostnader
549 860 34 17 har
600 859 143 18 Fredrikshamn
756 860 42 17 stad
810 860 40 17 låtit
863 859 119 24 uppmuddra

228 894 22 12 en
269 888 84 22 omkring
371 888 23 18 40
410 891 58 15 meter
482 888 45 18 bred
539 889 35 17 och
586 889 25 18 4,2
621 891 57 15 meter
690 888 44 23 djup
746 888 58 18 farled
817 889 26 17 till
857 888 73 18 stadens
943 888 39 18 inre

227 917 64 21 hamn,
304 916 33 19 der
347 917 67 22 jämväl
426 917 202 23 kajbyggnadsarbeten
641 917 58 18 blifvit
712 917 81 18 utförda.
812 918 104 22 Farkoster,
928 918 54 18 hvar-

228 946 43 18 med
288 946 180 23 inrikesseglationen
487 946 139 24 upprätthälles,
643 946 63 18 kunna
718 946 53 19 äfven
783 946 121 19 obebindradt
916 947 66 23 anlöpa

228 975 36 18 den
282 975 39 18 inre
339 975 83 18 hamnen.
447 975 87 18 Däremot
553 975 70 24 nödgas
641 975 23 18 de
682 977 48 16 stora
748 975 68 24 fartyg,
830 976 64 18 hvilka
906 981 77 12 numera

228 1004 5 17 i
253 1004 60 23 regeln
332 1003 71 18 användas
441 1004 29 17 för
482 1003 60 19 dirckt
554 1003 145 18 varubefordran
710 1003 28 18 till
750 1003 35 18 och
796 1003 49 19 ifrån
857 1004 125 20 utrikesorter,

228 1033 59 18 ankra
304 1033 6 17 i
328 1032 74 18 stadens
419 1034 50 21 yttre
486 1033 61 21 hamn,
560 1033 35 17 och
607 1033 111 22 omlastning
730 1033 35 17 blir
778 1033 75 18 sålunda
866 1034 6 17 i
884 1033 54 18 dessa
949 1033 33 18 fall

228 1061 113 24 nödvändig.
366 1061 67 18 Härtill
453 1062 82 17 kommer
551 1064 27 16 att
597 1062 5 17 i
634 1063 72 16 närheten
724 1061 20 18 af
756 1063 38 16 inre
806 1062 78 18 hamnen
896 1063 86 23 upplags-

229 1091 69 23 platser
310 1091 5 17 i
328 1090 99 23 tillräcklig
438 1090 68 23 mängd
518 1091 40 18 icke
570 1091 60 18 finnas
642 1093 28 15 att
683 1091 56 22 tillgå.

298 1119 83 18 Emedan
399 1119 104 23 betydande
521 1119 131 18 trävarutrafik
671 1119 36 18 kan
724 1120 10 17 &
750 1119 60 18 banan
823 1121 83 21 emotses,
919 1122 20 16 är
951 1120 30 18 det

228 1147 114 24 nödvändigt
354 1150 27 15 att
394 1149 45 17 söka
452 1148 81 18 undvika
545 1147 82 24 antydda
680 1148 78 22 enheter,
771 1149 35 17 och
814 1148 34 18 har
856 1149 54 23 fråga
919 1149 63 18 därför

229 1177 64 18 väckts
306 1179 27 16 att
346 1177 95 18 utsträcka
452 1177 98 23 järnvägen
564 1177 25 18 till
603 1179 49 21 yttre
664 1170 84 28 hamnen,
761 1183 40 12 som
810 1183 65 18 genom
884 1178 98 24 rymlighet

228 1205 36 18 och
275 1205 45 24 djup
332 1208 103 16 motsvarar
447 1207 36 17 alla
494 1206 104 23 fordringar
609 1206 29 18 för
650 1212 22 11 on
682 1206 96 17 utvecklad
789 1206 69 22 sjöfart.
877 1207 77 24 Bilagda
963 1209 19 17 af

229 1234 107 24 Ingeniören
355 1235 25 18 H.
395 1235 93 18 Norrmén
499 1234 102 25 uppgjorda
613 1235 69 23 förslag
696 1235 26 17 till
734 1235 110 19 hamnbana,
856 1236 126 23 utmynnande

228 1263 32 18 vid
277 1263 103 18 Ristiniemi
398 1263 49 18 udde
465 1265 9 16 &
493 1264 67 18 Villnäs
577 1263 69 20 landet,
658 1266 90 21 upptager
760 1270 21 11 cn
793 1264 55 23 längd
860 1265 30 17 för
902 1265 80 18 hufvud-

228 1293 62 20 spåret
308 1292 19 17 af
345 1293 26 16 4,7
387 1292 94 17 kilometer
493 1292 35 17 och
539 1292 63 16 bispär
614 1292 24 19 3,3
651 1292 95 16 kilometer
757 1292 43 17 eller
812 1292 79 17 sålunda
902 1298 21 12 en
936 1294 45 16 total

229 1318 99 24 spårlängd
343 1318 20 18 af
374 1319 11 17 8
398 1319 100 17 kilometer.
521 1319 108 18 Kostnaden
641 1319 34 17 har
687 1319 98 17 beräknats
799 1320 25 16 till
838 1320 74 21 441,500
923 1320 59 22 mark,

228 1346 41 19 däri
280 1347 102 23 inbegripet
393 1347 63 19 36,000
468 1348 53 17 mark
533 1347 29 18 för
574 1348 69 17 inlösen
656 1347 19 18 af
686 1347 39 22 jord
738 1348 27 18 till
774 1349 152 23 upplagsplatser.
946 1349 36 19 För

228 1375 68 25 nödiga
313 1376 163 24 kajanläggningar
491 1376 34 18 har
541 1376 86 18 likaledes
640 1376 69 23 förslag
721 1377 95 23 uppgjorts
829 1378 42 18 med
883 1384 22 12 en
917 1378 65 18 beräk-

228 1404 37 19 nad
278 1405 56 23 utgift
346 1405 19 18 af
377 1405 74 22 346,000
463 1405 58 18 mark.

298 1434 77 18 Planens
392 1434 148 23 förvärkligande
552 1434 108 18 förutsätter
673 1434 54 23 högst
739 1435 104 23 betydande
854 1436 128 24 uppoffringar

229 1464 12 17 &
258 1465 56 16 orten.
339 1462 143 19 Fredrikshamn
500 1463 47 20 stad,
559 1463 75 19 hvilken
646 1462 76 24 tidigare
733 1464 42 18 haft
787 1470 20 12 en
820 1464 40 18 icke
873 1465 53 24 ringa
937 1465 45 18 han-

297 1505 186 22 Järnvägsutskottets
493 1505 110 18 betänkande
616 1505 36 17 N:o
669 1505 9 12 2.
