1059 1709
275 154 72 23 Ständ.
363 155 43 23 Pet.
423 169 26 3 —
466 156 142 23 Petitionsbet.
624 156 35 23 N:o
674 157 30 22 14.
838 160 25 18 17

116 216 127 23 inlemnade
265 218 252 28 petitionsmemorialen
539 220 200 28 vidhandengifva,
756 221 59 21 visat
830 222 36 28 sig

117 250 84 22 beredd
216 252 33 21 till
272 254 61 20 stora
354 253 158 29 uppoffringar
531 254 36 22 för
582 254 198 22 åstadkommande
796 255 26 21 af
833 263 33 13 nu

116 284 173 29 ifrågavarande
300 286 64 22 bana.
388 287 124 22 Osäkerhet
522 287 64 22 råder
594 287 123 22 emellertid
724 288 141 23 fortfarande

117 320 117 27 angående
250 320 44 21 den
308 321 108 28 riktning,
432 329 48 14 som
494 321 36 22 för
546 329 28 14 en
588 322 131 29 anslutning
733 323 36 21 till
784 323 27 21 de
821 323 45 22 fär-

117 353 53 28 diga
182 353 153 30 jernvägarna
349 355 77 21 kunde
441 363 65 14 anses
516 356 134 29 lämpligast,
662 356 42 22 och
714 359 25 18 är
749 357 82 28 frågan
842 359 24 20 så

116 387 92 28 mycket
222 395 47 15 mer
284 389 102 26 svårlöst,
402 397 48 14 som
465 392 120 27 terrängen
600 391 173 28 mångenstädes
784 391 7 21 i
802 391 64 22 dessa

116 422 86 21 trakter
217 423 122 28 begränsar
354 423 148 29 möjligheten
517 427 33 18 att
564 425 78 28 bygga
655 425 103 28 jernväg.
782 426 84 29 Många

116 457 50 20 skäl
181 457 45 21 tala
241 457 124 22 emellertid
382 458 36 22 för
434 461 32 19 att
482 459 43 24 den
538 459 102 28 jernväg,
656 459 93 22 hvilken
764 460 41 21 här
820 463 24 18 är
859 461 7 20 i

116 490 72 29 fråga,
211 491 72 22 skulle
306 492 80 29 dragas
408 493 35 21 till
464 495 77 27 någon
563 493 26 22 af
606 493 28 22 de
648 496 100 19 närmast
769 494 97 29 belägna

116 526 139 22 stationerna
270 529 13 19 &
298 527 112 22 Karelska
430 527 82 26 banan,
532 528 8 21 i
558 528 87 22 hvilket
667 528 40 21 fall
730 536 28 14 en
780 529 87 28 ganska

117 560 51 21 kort
191 561 57 22 bana
270 569 54 14 vore
346 561 36 22 för
400 562 127 22 ändamålet
541 563 209 28 tillfyllesgörande.
781 563 33 22 På
829 564 38 21 det

117 597 33 19 att
174 595 70 29 nödig
265 596 123 29 utredning
410 597 118 28 angående
551 597 40 22 sist
612 597 95 22 berörda
729 597 138 22 förbindelse

119 631 70 20 måtte
203 630 87 26 vinnas,
306 631 24 21 få
345 631 127 22 Ständerna
486 631 41 22 hos
542 631 72 22 Eders
624 631 128 29 Kejserliga
762 632 106 29 Majestät

118 664 7 21 i
139 664 181 29 underdånighet
336 665 98 22 anhålla:

389 737 32 20 att
436 735 120 22 ekonomisk
566 735 36 22 och
611 735 84 23 teknisk
704 737 164 28 undersökning

320 770 36 27 för
378 776 27 15 en
421 769 95 29 jernväg
537 769 55 29 från
613 770 106 23 Kexholm
734 771 32 22 till
780 771 88 28 lämplig

318 804 74 27 punkt
406 803 15 23 &
435 804 109 22 Karelska
566 804 73 23 banan
662 805 47 28 före
730 805 139 22 nästinstun-

322 838 72 22 dande
408 838 107 29 landtdag
529 839 66 28 blefve
609 839 113 22 verkstäld.

183 976 82 22 Derest
284 977 106 28 samtliga
404 977 26 22 af
443 977 126 22 Ständerna
584 977 70 22 ofvan
669 977 121 22 förordade
805 980 65 19 stats-

121 1011 123 22 understöd
258 1019 77 14 vunne
351 1011 71 22 Eders
438 1012 128 29 Kejserliga
576 1011 116 30 Majestäts
702 1012 167 29 godkännande

120 1048 57 19 samt
190 1045 84 29 jemväl
289 1046 72 21 under
375 1048 73 19 utsatt
462 1047 34 20 tid
510 1049 64 26 toges
590 1047 8 20 i
613 1047 104 28 anspråk,
730 1047 90 21 komme
830 1054 40 14 un-

121 1079 39 22 der
181 1079 181 30 finansperioden
387 1083 140 20 1901—1904
547 1083 33 20 att
599 1081 36 22 för
649 1081 183 22 understödande
847 1081 26 22 af

121 1114 89 28 privata
229 1114 123 29 jernvägar
373 1115 113 22 erfordras
502 1115 163 28 sammanlagdt
680 1117 112 24 2,850,000
807 1116 64 21 mark

119 1149 7 20 i
141 1148 161 23 subventioner
324 1149 43 22 och
391 1151 114 24 4,450,000
525 1149 66 22 mark
608 1150 8 21 i
634 1149 99 22 statslån.
764 1150 52 21 Med
839 1149 32 22 af-

120 1183 81 21 seende
217 1185 13 19 å
244 1183 44 22 den
303 1183 63 22 olika
380 1183 135 22 karakteren
529 1183 26 22 af
568 1184 28 21 de
611 1183 57 26 kraf,
683 1183 77 23 hvilka
775 1184 95 21 sålunda

118 1217 90 22 komme
223 1219 33 20 att
274 1217 76 22 ställas
366 1219 29 27 på
411 1218 143 25 statsverket,
569 1218 65 21 torde
644 1217 101 29 följande
755 1218 117 29 synpunk-

119 1253 34 20 ter
168 1251 139 22 beträffande
323 1252 28 21 de
362 1251 63 22 båda
440 1253 79 28 slagen
529 1252 26 21 af
564 1251 179 23 statsunderstöd
754 1252 118 22 äfvensom

121 1286 104 21 vilkoren
238 1286 36 22 för
289 1287 113 22 desamma
416 1287 42 21 här
472 1287 24 21 få
511 1287 137 22 framhållas.

183 1320 11 21 I
216 1320 66 29 fråga
306 1328 38 15 om
360 1321 104 28 anslaget
479 1321 36 22 för
529 1321 161 22 subventioner
704 1321 41 22 har
759 1321 8 21 i
782 1321 89 21 betrak-

116 1353 68 22 tande
194 1354 76 27 tagits,
280 1356 32 19 att
322 1355 159 21 motsvarande
492 1355 78 27 anslag
581 1354 36 21 för
627 1354 152 21 innevarande
790 1354 82 21 finans-

119 1387 79 29 period
212 1388 8 20 i
235 1388 44 21 den
294 1388 35 21 till
345 1388 129 21 Ständerna
488 1388 39 21 vid
544 1390 53 19 1897
614 1390 35 19 års
664 1387 110 29 landtdag
788 1387 83 22 aflåtna

118 1422 83 28 nådiga
222 1422 170 29 propositionen
414 1422 58 22 hade
496 1422 117 28 upptagits
634 1422 35 21 till
684 1422 80 21 endast
779 1423 95 24 500,000

117 1456 70 27 mark,
210 1464 52 14 men
277 1458 33 20 att
326 1456 128 22 Ständerna
469 1456 72 22 funno
556 1456 79 29 nödigt
651 1458 32 20 att
697 1456 53 29 höja
766 1456 102 28 anslaget

792 1504 11 15 2
