1061 1709
310 106 275 24 Petitionsbetänkande
602 108 43 22 N:o
657 107 38 23 29.
859 110 12 20 7

119 181 76 15 annan
219 174 110 22 händelse
351 175 54 22 fullt
420 176 41 25 arf,
476 176 99 22 hvarhos
591 176 39 22 det
645 176 68 22 oäkta
728 176 81 22 barnet
824 176 46 21 till-

119 208 112 22 erkännes
246 212 47 19 rätt
308 210 36 21 till
360 210 37 22 arf
410 210 59 23 efter
479 218 59 21 egna
548 210 182 29 bröstarfvingar
740 212 60 20 samt
810 210 60 22 efter

119 243 92 28 syskon,
227 244 80 20 hvilka
328 247 38 18 äro
382 244 69 22 oäkta
466 244 57 21 barn
537 244 37 21 till
589 252 86 13 samma
691 244 84 27 moder,
792 244 77 22 äfven-

118 283 48 15 som
190 277 64 21 deras
278 278 160 27 afkomlingar.
468 278 109 21 Deremot
598 285 43 20 ega
662 278 70 21 oäkta
747 278 56 21 barn
818 278 51 21 icke

118 311 65 21 ärfva
201 311 71 22 andra
290 311 208 26 mödernefränder,
515 311 96 22 likasom
627 311 28 21 de
668 311 42 22 ock
726 311 143 22 fortfarande

117 348 40 18 äro
173 344 123 23 beröfvade
312 345 30 22 all
357 347 47 20 rätt
418 345 36 22 till
465 345 38 22 arf
510 345 59 22 efter
579 345 65 22 fader
655 345 41 22 och
706 345 58 22 hans
775 346 91 28 skylde-

117 383 60 18 män.
211 379 69 22 Hvad
310 380 49 20 åter
383 379 154 22 föräldrarnes
561 379 156 29 förpligtelser
742 383 62 18 emot
828 380 40 21 det

117 413 69 22 oäkta
207 414 81 21 barnet
308 413 115 27 beträffar,
439 414 77 21 blefvo
532 414 115 21 desamma
662 421 83 21 genom
763 415 53 20 1878
832 415 36 20 års

117 447 137 29 förordning
268 448 9 21 i
292 449 25 20 så
333 449 71 20 måtto
419 448 133 29 utvidgade,
560 450 35 19 att
609 448 141 22 föräldrarne
763 448 105 29 skyldig-

116 482 86 21 kändes
219 485 49 22 ,att
282 482 82 22 barnet
379 483 135 21 underhålla
529 483 43 21 och
587 483 120 28 uppfostra
720 483 36 21 till
767 483 51 21 dess
830 483 38 22 det

116 516 36 29 sig
174 516 55 29 sjelf
241 516 97 29 försörja
360 517 66 28 kau",
449 519 56 19 utan
527 520 34 19 att
583 517 145 22 underhållet
750 517 44 22 och
812 525 52 21 upp-

115 550 89 22 fostran
219 551 146 22 inskränktes
381 551 37 22 till
434 551 81 22 endast
530 551 156 29 ,nödtorftig"
702 551 78 22 sådan.

183 585 108 22 Rörande
314 585 234 29 förmyndarevården
571 585 64 22 öfver
658 585 125 29 omyndiga
798 586 70 21 oäkta

116 619 56 22 barn
192 619 104 22 innehöll
313 621 54 20 1734
383 621 35 20 års
434 620 39 28 lag
488 620 50 22 icke
554 621 72 28 några
641 620 112 22 särskilda
769 621 98 21 bestäm-

115 653 89 29 ningar.
235 654 52 21 Men
300 661 94 14 numera
410 654 41 21 har
466 662 83 21 genom
565 656 27 20 23
609 655 12 27 $
636 655 7 20 i
659 655 68 28 lagen
750 655 117 28 angående

113 687 192 30 förmynderskap
322 688 26 21 af
365 689 45 21 den
428 690 24 21 19
468 689 100 28 Augusti
585 690 53 21 1898
654 689 160 27 föreskrifvits,
831 692 34 19 att

115 722 94 22 modren
224 723 59 21 skall
298 731 55 13 vara
368 723 144 29 lagbestämd
528 723 147 29 förmyndare
691 723 36 22 för
742 723 41 22 sitt
798 724 68 21 oäkta

114 757 63 26 barn,
203 757 80 22 såvida
312 758 51 21 icke
387 760 76 19 rätten
490 758 94 29 pröfvar
611 758 75 21 henne
710 765 53 15 vara
789 758 77 22 dertill

114 791 117 30 olämplig.

181 827 149 22 Beträffande
346 827 109 29 slutligen
471 827 189 22 konstaterandet
675 827 25 22 af
713 827 152 30 faderskapet,

113 861 77 22 såvidt
212 861 64 22 detta
299 865 25 18 är
341 862 145 29 nödvändigt
501 863 36 21 för
551 865 35 19 att
600 862 217 29 underhållsbidrag
830 862 36 22 för

113 895 69 22 oäkta
205 895 56 22 barn
280 896 59 21 skall
353 896 80 22 kunna
447 897 112 27 utdömas,
574 897 62 28 gälla
651 897 80 28 lagens
747 897 118 22 allmänna

113 930 146 29 bevisregler,
268 931 73 21 ehuru
356 931 39 21 det
407 931 134 29 visserligen
553 931 40 22 bör
603 931 120 25 erkännas,
734 934 35 19 att
780 931 8 22 i
801 931 63 22 detta

112 964 97 23 likasom
217 966 8 20 i
234 965 72 22 andra
315 965 42 22 fall
368 973 28 14 en
404 968 74 19 större
488 966 70 21 frihet
568 966 8 21 i
588 966 204 28 bevispröfningon
803 966 63 29 gjort

112 999 37 29 sig
163 999 107 28 gällande
284 1000 8 21 i
307 1000 129 28 praktiken.

181 1034 80 21 Såsom
285 1034 26 21 af
330 1034 39 22 det
391 1034 97 22 anförda
506 1035 101 28 framgår
622 1038 25 17 är
662 1036 26 19 de
703 1037 64 19 utom
783 1035 81 21 äkten-

112 1067 82 30 skapet
214 1068 70 22 födda
302 1068 98 22 barnens
415 1069 107 28 rättsliga
537 1069 111 28 ställning
663 1069 75 28 enligt
752 1069 60 21 finsk
827 1071 38 26 lag

112 1103 149 29 synnerligen
284 1103 145 30 oförmånlig.
458 1104 47 21 För
528 1106 34 19 att
585 1103 78 29 belysa
684 1103 63 22 detta
762 1103 42 22 vill
822 1103 42 22 Ut-

112 1137 87 22 skottet
220 1137 42 22 här
285 1138 104 22 meddela
411 1139 73 28 några
503 1138 118 29 uppgifter
643 1138 119 29 angående
780 1138 29 21 de
826 1139 38 21 be-

112 1172 150 29 stämningar,
283 1179 49 15 som
353 1180 29 14 en
404 1173 37 21 del
456 1180 72 21 nyare
545 1172 124 21 utländska
684 1172 64 29 lagar
763 1173 9 21 i
787 1176 78 18 ämnet

111 1206 125 22 innehålla.

180 1241 52 21 Den
246 1241 95 22 franska
355 1241 70 29 lagen
440 1241 27 22 af
480 1241 44 21 den
539 1242 26 20 25
581 1241 61 21 Mars
658 1243 60 26 1896,
730 1253 28 4 —
769 1241 95 22 hvilken

111 1275 122 22 bibehållit
255 1275 45 22 den
322 1275 74 28 enligt
416 1275 63 22 Code
494 1274 54 23 civil
563 1275 108 28 gällande
685 1275 81 29 regeln
781 1278 35 19 att
830 1278 34 19 ut-

111 1309 99 28 redning
226 1309 26 22 af
264 1309 148 29 faderskapet
427 1309 40 22 vid
485 1309 99 22 domstol
599 1313 26 18 är
639 1309 130 29 förbjuden,
780 1322 27 3 —
819 1309 45 22 till-

111 1343 113 20 erkänner
239 1343 85 21 sådant
339 1343 56 21 barn
409 1345 47 19 rätt
471 1343 36 20 till
523 1343 37 20 arf
567 1343 59 20 efter
638 1350 59 20 egna
707 1343 157 28 afkomlingar

111 1378 60 19 samt
193 1376 58 21 efter
273 1376 79 22 moder
374 1376 44 21 och
440 1376 70 27 fader,
525 1377 8 20 i
547 1376 111 22 händelse
680 1377 45 21 hon
747 1376 55 21 eller
817 1376 47 22 han

111 1409 102 30 lagligen
236 1410 82 22 erkänt
345 1410 81 22 barnet
448 1411 75 21 såsom
544 1410 47 28 sitt,
613 1418 53 14 men
689 1410 102 22 deremot
812 1410 51 22 icke

180 1457 132 23 Lagutskottets
324 1457 111 18 betänkande
447 1457 37 18 N:o
496 1457 29 18 16.
