1061 1714
217 167 26 19 32
382 163 250 23 Petitionsbetänkande
646 163 38 22 N:o
700 162 34 22 26.

189 234 34 20 lan
238 236 74 24 genast
327 233 7 20 i
350 235 52 18 stort
417 233 57 19 antal
489 232 38 20 och
542 232 37 20 har
594 232 117 20 densamma
726 231 32 20 för
773 231 127 20 närvarande
915 232 27 25 på

189 266 32 17 tre
235 263 81 20 klasser
339 262 25 21 93
381 262 74 20 elever.
485 261 97 20 Afsikten
598 263 23 17 är
636 263 31 17 att
681 260 87 26 utvidga
783 260 72 20 skolan
870 260 31 20 till
917 266 25 14 en

191 292 110 26 8-klassig,
323 291 33 19 till
378 290 145 20 universitetet
545 290 87 20 ledande
652 289 156 24 lärdomsskola,
823 296 73 19 genom
912 291 31 17 att

191 321 71 25 hvarje
285 321 23 19 år
330 320 76 20 inrätta
422 326 25 13 en
462 326 29 19 ny
505 319 64 21 klass,
599 318 87 20 Skolans
702 321 96 23 garanter
813 319 38 19 och
866 321 77 17 vänner

191 350 62 20 hafva
275 349 61 21 äfven
359 348 81 20 försökt
462 348 107 26 frikostigt
590 347 125 20 understöda
731 347 123 25 densamma,
870 354 73 19 genom

191 381 31 18 att
244 378 93 20 anskaffa
360 384 51 20 egen
434 377 106 26 skolgård,
562 377 37 19 där
621 384 45 12 rum
688 376 63 20 redan
769 376 66 21 finnes
850 376 32 20 för
897 376 46 26 fyra

190 408 81 20 klasser
284 407 64 26 jämte
363 413 25 13 en
403 406 73 20 festsal
500 406 38 20 och
553 405 54 21 skall
622 406 54 19 inom
690 406 48 19 kort
748 406 80 19 arbetet
838 405 46 20 med
892 412 51 19 upp-

191 436 85 21 förande
301 436 22 20 af
343 435 121 27 byggnader
486 434 33 20 för
540 434 26 21 de
588 442 41 18 nya
652 434 106 20 klasserna
780 434 90 26 vidtaga.
899 434 45 20 Allt

192 466 57 20 detta
271 464 58 21 torde
352 467 73 23 utgöra
440 464 125 26 tillräckliga
580 464 58 20 bevis
653 463 32 20 för
700 463 98 21 behofvet
813 464 23 19 af
849 470 25 14 en
889 463 55 21 finsk

191 494 59 21 skola
265 494 7 20 i
288 493 165 26 Gamlakarleby.

259 523 72 20 Ehuru
352 523 73 20 skolan
441 522 90 26 åtnjuter
546 525 30 17 ett
591 522 166 20 statsunderstöd
772 522 23 20 af
809 522 62 24 2,500
886 521 58 20 mark

191 553 34 20 för
239 553 64 24 klass,
319 551 80 20 hvilket
414 551 47 20 med
476 551 128 20 tacksamhet
619 551 37 19 bör
672 551 108 24 erkännas,
796 551 40 20 blir
850 553 94 23 upprätt-

192 581 106 20 hållandet
320 580 23 20 af
363 580 117 20 densamma
502 580 64 20 likväl
589 580 137 25 betungande,
746 579 140 26 synnerligast
901 586 44 13 som

193 611 36 19 det
243 610 46 20 icke
309 609 78 26 lämpar
402 609 33 25 sig
451 611 30 17 att
497 609 60 20 ställa
572 609 197 25 terminsafgifterna
784 609 59 25 höga.
873 608 72 20 Under

194 639 77 20 sådana
287 638 176 25 omständigheter
478 638 62 25 hyses
556 637 23 20 af
591 637 147 26 befolkningen
750 637 39 20 den
800 637 65 26 lifliga
874 638 70 19 åstun-

193 668 48 24 dan,
260 670 31 17 att
307 667 72 20 skolan
394 667 63 19 måtte
473 667 162 25 omorganiseras
650 666 32 19 till
698 669 30 17 ett
743 666 148 20 statsläroverk
907 665 38 20 och

193 696 151 27 upprätthållas
359 696 67 19 såsom
443 702 24 13 en
483 695 32 20 till
530 695 143 20 universitetet
683 695 86 20 ledande
781 695 102 25 8-klassig
893 701 52 13 sam-

193 726 66 23 skola,
275 725 56 24 eller,
343 731 31 12 om
385 724 103 25 styrelsen
498 724 47 19 icke
560 723 69 20 kunde
644 724 49 25 ingå
705 724 70 25 härpå,
784 726 31 17 att
823 724 123 19 åtminstone

193 755 27 26 på
242 754 47 20 dess
313 754 11 19 5
347 753 56 26 lägre
425 753 80 20 klasser
528 752 82 20 tillfälle
633 753 63 19 måtte
711 753 97 26 erbjudas
824 753 58 19 såväl
897 759 49 20 gos-

194 790 35 13 sar
243 789 44 14 som
302 782 73 20 flickor
389 784 31 17 att
435 782 80 25 åtnjuta
530 781 149 26 undervisning
694 784 53 17 samt
762 784 31 17 att
807 782 7 19 i
824 781 75 20 sådant
909 781 37 20 fall

195 812 25 20 de
243 815 31 17 tre
297 811 74 26 högsta
392 811 108 19 klasserna
522 817 48 14 vore
586 811 131 25 tillgängliga
732 810 74 21 endast
820 810 32 20 för
867 817 79 19 gossar.

194 841 42 20 För
258 841 67 20 denna
343 839 98 20 händelse
463 846 48 13 vore
527 839 34 20 det
576 840 67 25 bolag,
659 846 43 13 som
717 846 48 19 eger
780 840 79 24 skolan,
875 839 72 20 bered-

194 870 70 26 villigt
279 871 31 18 att
325 869 53 20 afstä
394 869 39 19 den
448 868 32 20 för
495 869 83 20 skolans
594 869 64 19 behof
671 869 101 26 uppförda
782 869 100 20 bekväma
892 868 54 20 skol-

195 899 77 26 gården
288 899 21 19 åt
325 900 67 18 staten
406 897 34 20 för
455 897 39 20 den
510 904 84 18 summa,
604 897 84 20 hvartill
699 897 248 26 byggnadskostnaderna

195 928 66 26 stigit,
285 927 83 20 hvilken
391 934 78 12 summa
485 927 6 19 i
507 926 136 20 betraktande
658 926 23 20 af
693 927 160 26 byggnadernas
869 926 78 20 storlek

195 960 24 17 är
233 956 80 27 ganska
327 956 40 25 läg.

263 986 30 19 Pä
315 985 61 20 ofvan
391 984 86 20 anförda
491 984 91 26 grunder
597 985 63 25 vägar
672 984 37 26 jag
724 984 82 20 anhällä
821 992 32 12 om
868 984 79 20 Heder-

195 1014 65 21 värda
275 1013 166 21 Bondeständets
457 1013 124 20 medverkan
596 1013 33 19 för
644 1020 25 13 en
679 1013 129 26 underdänig
818 1013 86 26 petition
915 1013 33 20 till

195 1043 60 20 Hans
270 1042 118 27 Kejserliga
402 1042 97 26 Majestät
515 1042 69 20 därom

402 1090 29 18 att
457 1089 64 24 finska
546 1088 114 20 samskolan
675 1089 9 19 i
708 1088 156 26 Gamlakarleby
889 1088 60 21 måtte

333 1118 112 24 öfvertagas
468 1118 25 24 af
510 1119 64 18 staten
593 1118 93 24 antingen
701 1124 42 13 som
759 1124 23 14 en
797 1118 103 25 8-klassig,
916 1118 33 19 till

333 1146 136 20 universitetet
484 1146 81 20 ledande
579 1146 101 20 samskola
699 1147 54 24 eller,
769 1153 31 13 om
816 1146 44 25 från
874 1148 75 18 statens

334 1176 45 20 sida
394 1176 59 24 bifall
463 1176 71 19 därtill
549 1176 42 19 icke
605 1176 65 19 kunde
685 1176 80 26 lemnas,
780 1182 42 14 som
837 1182 24 14 en
875 1176 74 19 5-klas-

333 1205 31 25 sig
378 1204 107 26 samskola,
502 1204 44 20 med
560 1204 107 25 åtföljande
682 1206 28 18 tre
726 1204 33 20 till
773 1205 136 19 universitetet
924 1205 25 19 le-

335 1234 62 19 dande
411 1233 84 25 klasser,
511 1233 81 25 afsedda
606 1234 124 19 uteslutande
746 1234 32 24 för
791 1240 77 19 gossar.

266 1277 137 26 Helsingfors,
420 1277 40 20 den
477 1278 10 19 9
504 1277 90 20 februari
612 1278 60 19 1900.

493 1322 54 23 Juho
562 1322 94 28 Torppa.

266 1370 77 19 Härom
358 1369 70 20 förena
443 1369 42 26 sig:

198 1409 23 24 0.
238 1409 22 24 E.
277 1409 77 24 Könni.
427 1409 21 23 F.
464 1409 29 23 W.
509 1409 139 29 Lagerstedt.
723 1409 62 24 Antti
801 1409 147 24 Tuomikoski.

266 1513 104 18 Allmänna
382 1513 178 18 Besvärsutskottets
573 1513 115 18 betänkande
700 1513 35 18 N:o
751 1514 25 17 15.
