1059 1711
276 158 72 23 Ständ.
364 159 44 23 Pet.
424 173 26 3 —
466 160 142 22 Petitionsbet.
626 160 34 22 N:o
674 160 30 21 14.
838 162 25 19 19

319 222 76 27 period
410 223 87 21 anvisat
507 225 27 19 ett
544 223 78 28 anslag
632 223 27 27 af
666 223 125 26 2,850,000
801 223 62 21 mark

322 258 32 20 att
368 264 28 13 ur
418 257 276 27 kommunikationsfonden
712 257 60 28 utgä,
785 257 31 27 pä
831 257 34 21 det

321 290 67 22 vilkor
407 293 31 19 att
453 291 36 21 vid
503 291 89 22 skeende
607 291 81 22 inlösen
704 291 28 27 af
745 291 57 22 bana
816 291 48 21 sud-

322 325 113 22 ventionen
450 325 54 22 skall
518 325 54 28 frän
584 325 41 22 den
636 325 121 22 beräknade
767 325 98 23 lösesum-

322 367 51 15 man
389 360 112 29 afdragas.

185 428 179 23 Vidkommande
380 429 27 22 de
422 429 26 22 af
462 429 126 22 Ständerna
602 429 36 22 för
650 429 88 28 privata
746 429 116 29 jernvägs-

116 463 89 29 företag
228 463 129 29 föreslagna
378 463 68 22 länen
468 463 69 22 hafva
552 464 126 21 Ständerna
692 464 66 21 tänkt
774 465 40 27 sig,
830 466 33 19 att

116 498 71 26 dessa,
210 499 73 20 säsom
308 498 106 22 afseende
438 499 92 21 allmänt
552 499 90 28 nyttiga
664 498 110 26 ändamäl,
795 498 69 22 borde

116 532 95 29 beviljäs
232 540 27 14 ur
282 533 211 22 öfverskottsmedel
514 533 8 21 i
537 533 111 22 allmänna
664 533 140 22 statsfonden
820 533 42 22 och

115 567 63 28 förty
193 567 50 21 icke
258 567 85 22 belasta
358 567 297 22 kommunikationsfonden.

184 601 12 21 I
211 601 100 29 enlighet
326 602 50 21 med
393 602 27 21 de
435 602 80 26 vilkor,
531 609 47 15 som
593 602 39 22 vid
646 602 95 28 tidigare
752 602 112 28 beviljade

116 636 118 21 enahanda
248 636 38 21 län
301 636 119 29 uppstälts,
435 636 69 22 hafva
519 636 127 22 Ständerna
660 638 79 24 ansett,
750 639 33 19 att
794 636 68 22 äfven

115 670 115 28 framgent
245 672 13 20 å
272 671 84 21 sådana
371 670 38 22 län
424 671 69 22 borde
508 672 103 28 erläggas
623 678 28 14 en
661 671 101 21 annuitet
773 670 25 22 af
806 673 12 19 5
830 672 33 27 ?/,,

115 704 84 22 hvaraf
219 706 41 28 3!/,
275 706 27 27 9/,
318 707 73 20 såsom
411 708 64 19 ränta
497 706 42 22 och
562 705 127 22 återstoden
704 708 73 19 såsom
792 713 70 14 amor-

116 739 80 28 tering.
226 739 82 21 Tillika
323 747 67 20 synes
406 740 37 21 det
457 740 117 28 sakenligt,
586 742 32 19 att
628 740 72 21 under
710 740 28 21 de
748 740 71 21 första
829 742 34 19 tre

116 775 54 20 åren
192 773 102 22 hvarken
313 776 64 19 ränta
392 774 54 21 eller
461 774 137 28 amortering
613 774 71 21 skulle
700 774 35 21 för
750 774 61 21 lånet
826 774 36 21 be-

116 808 88 25 räknas,
220 808 28 21 dä
264 808 38 21 det
317 809 72 28 ligger
404 809 8 20 i
424 809 81 21 sakens
516 811 72 24 natur,
599 810 33 20 att
644 810 32 20 etl
686 809 80 21 sådant
776 808 88 29 företag

116 842 20 28 ej
152 842 72 22 under
238 843 184 27 byggnadstiden
437 843 41 21 har
492 845 72 26 några
578 843 123 21 inkomster
714 845 33 19 att
756 843 107 28 påräkna,

115 876 98 22 hvarhos
236 876 71 22 under
330 877 44 21 den
395 877 71 21 första
488 878 63 20 tiden
570 877 57 22 efter
642 877 85 21 banans
743 877 119 29 öppnande

115 911 108 28 vanligen
242 918 28 14 en
290 912 84 28 mängd
389 912 279 28 kompletteringsarbeten
684 913 82 20 återstå
782 914 32 19 att
828 914 34 19 ut-

115 946 57 26 föra,
184 945 70 29 jemte
270 946 38 21 det
323 946 195 22 trafikinkomsten
533 948 71 20 måste
619 946 97 22 förutses
731 946 72 22 blifva
813 946 51 22 obe-

114 980 82 29 tydlig.

183 1015 140 22 Härutöfver
337 1015 70 22 hafva
422 1016 127 22 Ständerna
564 1016 76 22 funnit
654 1016 35 28 sig
705 1016 53 22 böra
770 1016 51 21 med
832 1015 32 22 af-

116 1049 82 22 seende
214 1051 13 20 å
241 1050 173 28 ifrågavarande
429 1050 39 22 lån
482 1050 124 26 framhålla,
622 1050 108 22 hurusom
745 1050 38 22 det
795 1052 70 20 måste

115 1084 105 26 förutses,
242 1087 33 19 att
293 1084 74 29 bolag,
383 1092 47 15 som
446 1085 88 29 bygger
547 1084 103 30 jernväg,
666 1085 134 21 åtminstone
815 1085 7 21 i
838 1084 28 22 de

115 1119 65 21 flesta
202 1118 41 22 fall
263 1119 57 21 skall
336 1120 69 21 anlita
418 1122 101 26 utvägen
534 1122 32 19 att
581 1119 83 22 medels
680 1120 146 21 emitterande
841 1119 25 22 af

116 1153 149 28 obligationer
280 1153 54 22 eller
349 1153 75 29 privat
438 1154 126 29 upplåning
574 1154 7 21 i
592 1161 74 14 annan
676 1153 59 22 form
744 1153 120 29 tillgodose

116 1188 38 21 sitt
178 1187 70 22 behof
268 1187 26 22 af
314 1188 80 21 kredit.
424 1188 43 21 Om
485 1189 38 20 det
538 1189 73 25 äfven,
627 1190 73 19 såsom
714 1188 85 25 nämdt,
814 1188 50 21 icke

116 1224 84 19 ansetts
222 1222 104 29 lämpligt
348 1225 32 19 att
402 1225 74 19 staten
498 1223 72 21 skulle
593 1225 66 26 åtaga
676 1223 35 28 sig
726 1223 88 28 garanti
829 1222 35 22 för

116 1256 64 22 dessa
202 1256 44 26 lån,
269 1264 53 14 vare
345 1257 35 28 sig
402 1257 34 21 till
459 1257 85 29 kapital
567 1257 52 22 eller
641 1259 70 24 ränta,
731 1257 45 22 kan
792 1259 73 19 staten

116 1291 100 21 deremot
240 1291 129 22 underlätta
394 1291 74 22 denna
492 1291 126 29 upplåning
642 1299 82 21 genom
749 1293 33 20 att
805 1291 60 22 med-

116 1325 64 28 gifva
194 1325 74 28 öfriga
282 1325 126 28 långifvare
424 1328 45 19 rätt
479 1327 34 20 till
523 1327 95 27 tidigare
628 1326 138 27 inteckning.
782 1326 82 27 Någon

116 1358 102 28 egentlig
240 1358 46 21 risk
308 1365 68 21 synes
398 1359 50 21 icke
469 1358 36 22 för
521 1359 134 21 statsverket
669 1366 54 14 vara
737 1358 128 22 förbunden

115 1391 52 21 med
182 1393 33 19 ett
230 1391 80 21 sådant
324 1392 166 28 medgifvande,
506 1392 28 21 då
549 1392 8 20 i
566 1392 105 28 gällande
680 1392 184 28 koncessionslag

117 1426 26 21 af
157 1425 43 22 den
217 1427 26 20 15
258 1426 66 28 April
340 1428 54 19 1889
410 1428 33 19 ett
458 1426 146 29 aktiekapital
618 1426 157 22 motsvarande
789 1426 79 22 halfva
