1075 1711
299 178 270 24 Petitionsbetänkande
584 179 41 23 N:o
641 180 35 22 22.
817 182 23 21 11

117 247 81 27 åtgärd,
222 247 61 22 äfven
306 254 33 15 om
362 248 122 21 densamma
501 248 48 21 icke
570 248 103 22 befunnes
692 249 95 21 medföra
803 249 66 26 någon

116 282 51 26 risk,
190 282 7 20 i
219 282 47 21 vårt
281 282 56 26 land,
353 283 38 20 der
405 283 117 20 tillsvidare
538 283 75 20 endast
628 289 26 14 en
669 283 202 27 hypoteksförening

116 315 74 27 finnes,
214 316 68 21 skulle
305 316 65 21 blifva
389 316 22 21 af
423 316 154 27 jemförelsevis
592 317 61 26 ringa
668 317 115 27 betydelse,
800 318 23 20 så
838 318 33 20 till

116 350 48 22 vida
184 357 44 15 som
245 351 67 21 denna
328 351 95 27 förening
437 352 35 20 vid
489 352 39 21 den
544 352 151 26 tillströmning
710 352 23 20 af
747 352 123 21 låneansök-

116 386 81 26 ningar,
221 392 45 15 som
290 388 51 19 utan
365 386 73 21 tvifvel
457 386 68 21 blefve
540 386 80 27 följden
636 386 23 21 af
672 392 26 15 en
714 386 58 27 dylik
787 386 82 27 åtgärd,

115 420 47 22 icke
188 420 68 22 skulle
278 420 73 30 kunna
372 420 75 21 bifalla
470 421 47 25 alla,
533 422 51 20 utan
599 427 50 15 vore
664 423 93 25 tvungen
773 424 30 18 att
819 422 51 25 göra

116 457 30 19 ett
171 456 59 20 urval
254 456 40 21 och
317 455 27 21 då
359 455 106 27 sjelffallet
479 455 84 21 komme
579 457 31 19 att
626 455 80 27 utvälja
721 455 87 26 sådana,
824 462 45 14 som

116 490 90 27 erbjuda
221 491 40 20 den
278 492 79 20 största
373 490 99 22 säkerhet
487 490 32 21 för
534 490 130 28 föreningen.

186 525 169 21 Vidkommande
382 525 35 21 det
444 524 81 28 belopp,
546 525 32 21 till
604 525 82 21 hvilket
712 525 157 27 värdegränsen

114 559 68 21 borde
207 560 84 25 sänkas,
315 560 64 20 hafva
401 560 77 20 tvenne
499 559 81 26 förslag
601 560 56 19 inom
681 559 111 21 Utskottet
806 559 63 21 fram-

114 593 77 26 ställts,
220 593 36 22 det
283 600 40 15 ena
345 593 81 27 gående
448 595 24 19 ut
494 593 27 27 på
541 595 103 25 gränsens
666 593 149 21 fastställande
837 593 32 20 till

113 628 70 27 4,000,
200 629 36 20 det
251 628 66 21 andra
332 628 32 21 till
380 628 64 25 6,000
459 628 65 21 mark.
555 627 44 22 För
615 628 35 20 det
666 627 145 22 förstnämnda
827 627 41 21 för-

114 663 68 26 slaget
206 663 38 21 har
267 663 82 21 anförts
371 665 32 18 att
426 663 116 21 detsamma
557 663 49 20 bäst
621 662 68 21 skulle
704 663 108 20 motsvara
827 662 42 21 för-

114 697 128 22 hållandena
264 698 7 20 i
294 698 83 21 landets
399 703 63 15 norra
484 697 39 22 och
545 698 45 21 inre
614 697 65 26 delar,
702 697 38 21 der
759 703 24 14 en
804 697 65 26 högre

114 732 129 27 värdegräns
266 731 131 22 fortfarande
420 732 69 20 skulle
511 734 113 24 utestänga
644 731 91 21 flertalet
750 731 23 20 af
787 731 81 20 mindre

112 766 143 27 jordbrukare
277 766 45 21 från
346 766 131 26 delaktighet
494 766 5 21 i
515 765 241 28 Hypoteksföreningen.
785 765 84 21 Jemväl

113 801 39 20 har
174 800 128 22 framhållits
325 802 32 20 att
380 801 39 20 den
443 801 121 26 föreslagna
586 800 130 27 sänkningen
739 800 47 21 icke
801 799 67 21 heller

112 835 72 21 kunde
208 835 101 21 innebära
329 835 68 27 någon
413 835 44 21 risk
473 835 32 21 för
521 835 130 26 föreningen,
668 835 88 20 emedan
770 834 98 26 jordbru-

113 870 77 20 karens
214 870 138 21 ekonomiska
371 870 100 25 ställning
490 870 46 20 icke
556 875 86 15 numera
661 868 39 22 bör
715 868 102 21 bedömas
832 874 35 14 en-

113 904 48 21 dast
183 904 54 21 efter
258 904 76 21 vidden
350 904 23 20 af
387 904 53 20 hans
455 910 57 21 egor,
529 906 50 19 utan
594 904 33 20 till
642 910 25 14 en
684 905 44 19 stor
744 903 33 21 del
793 904 24 19 är
832 902 35 21 be-

113 938 80 22 roende
216 938 22 22 af
259 938 36 22 det
316 944 45 16 mer
384 938 51 21 eller
458 938 80 21 mindre
561 938 104 21 intensiva
680 939 49 25 sätt,
745 937 28 27 på
788 936 79 22 hvilket

112 974 132 26 egendomen
271 974 79 21 skötes.
380 973 122 21 Utskottets
528 973 69 21 flertal
622 972 39 22 har
686 972 65 21 likväl
777 972 27 26 pä
826 972 40 20 den

112 1008 68 26 grund
204 1010 32 19 att
258 1008 101 21 Finlands
382 1008 218 27 Hypoteksförenings
622 1007 105 21 direktion
742 1007 78 21 uttalat
835 1006 32 26 sig

113 1042 33 22 för
169 1043 169 20 bestämmandet
361 1042 23 21 af
404 1042 65 26 6,000
486 1042 59 21 mark
561 1048 44 15 som
621 1042 128 26 värdegräns
765 1043 55 19 samt
835 1043 31 18 att

113 1077 135 27 föreningens
270 1077 97 26 delegare
390 1076 102 28 enhälligt
509 1076 84 21 förenat
608 1076 32 27 sig
656 1083 32 14 om
704 1076 60 21 detta
779 1076 86 27 förslag,

112 1113 72 20 ansett
200 1111 116 22 detsamma
330 1111 75 22 främst
420 1111 61 21 värdt
497 1111 124 21 beaktande.

181 1146 48 21 Med
247 1146 48 21 stöd
314 1146 23 21 af
354 1146 36 21 det
408 1145 90 21 anförda
513 1145 31 21 får
559 1145 111 21 Utskottet
684 1145 109 21 vördsamt
808 1144 57 22 hem-

112 1181 64 21 ställa
198 1182 32 20 att
249 1180 119 22 Ständerna
383 1180 49 21 ville
447 1180 49 27 ingå
510 1180 32 21 till
558 1180 58 20 Hans
632 1179 118 27 Kejserliga
764 1179 101 27 Majestät

111 1215 49 21 med
175 1215 147 27 underdåning
337 1215 89 27 petition
441 1215 74 21 derom

317 1280 32 19 att
368 1278 40 21 den
424 1278 32 21 uti
471 1279 14 20 4
500 1279 15 27 $
529 1278 28 27 af
569 1277 83 28 nådiga
667 1276 141 29 kungörelsen
824 1277 40 21 den

247 1313 30 21 25
299 1313 51 27 Maj
365 1313 58 21 1859
439 1313 111 28 angående
569 1312 105 21 villkoren
692 1311 38 21 och
749 1312 115 20 allmänna

246 1348 127 26 grunderna
403 1347 35 26 för
467 1346 230 27 hypoteksföreningar
726 1346 9 19 i
764 1346 100 19 Finland

248 1380 104 27 stadgade
375 1380 71 27 lägsta
464 1380 160 27 värdegränsen
643 1379 28 27 af
687 1378 98 21 tvåtusen
803 1378 60 21 rubel

248 1414 82 27 silfver,
349 1414 65 21 måtte
429 1414 82 20 sänkas
529 1414 36 20 till
583 1418 100 16 sextusen
701 1412 72 27 finska
792 1412 69 21 mark.

182 1530 182 19 Ekonomiutskottets
376 1529 110 18 betänkande
499 1529 36 18 N:o
547 1530 25 17 11.
