1061 1703
303 111 274 24 Petitionsbetänkande
591 113 44 22 N:o
650 112 38 23 29.
848 114 27 20 13

124 179 77 22 kunde
222 179 82 22 vinnas
327 187 82 22 genom
434 181 112 28 åtgärder,
569 181 90 28 gående
679 181 8 21 i
702 181 44 22 den
768 181 106 28 riktning

123 216 36 19 att
173 213 248 28 förmyndarenämden
443 215 62 21 inom
527 214 79 29 hvarje
627 215 109 21 kommun
751 214 122 29 uttryckli-

121 255 47 20 gen
184 247 78 22 ålades
278 250 34 19 att
327 251 133 25 noggrannt
475 249 125 21 öfvervaka
615 248 28 21 de
658 248 130 29 omyndiga,
804 249 70 20 oäkta

124 281 98 22 barnens
237 283 47 19 rätt
299 281 42 22 och
361 281 75 22 fördel
455 283 60 20 samt
532 281 62 22 tillse
612 281 39 22 det
666 282 86 21 sådana
768 282 55 21 barn
839 283 35 20 åt-

122 315 65 28 njöto
203 314 96 29 behörig
320 315 58 22 vård
400 315 43 22 och
467 315 142 29 uppfostran,
625 315 119 22 äfvensom
759 315 9 21 i
782 315 29 22 de
825 315 49 26 fall,

120 348 32 22 då
167 348 39 22 det
220 348 78 22 kunde
313 348 78 22 finnas
406 349 89 28 nödigt,
511 348 97 22 utverka
618 350 35 20 att
663 348 98 22 särskild
772 349 101 28 förmyn-

120 382 56 23 dare
190 382 37 22 för
241 382 82 22 barnet
338 382 26 22 af
375 385 77 19 rätten
467 382 156 23 förordnades.

188 521 34 21 På
244 520 76 29 grund
336 520 26 22 af
374 520 62 22 hvad
460 521 69 22 ofvan
546 520 139 22 framhållits
700 521 37 21 får
751 521 121 22 Utskottet

120 555 118 22 vördsamt
252 555 91 27 föreslå,
352 558 35 19 att
397 555 130 22 Ständerna
541 555 56 22 ville
611 555 9 21 i
634 555 186 29 underdånighet
830 556 41 21 hos

119 589 66 23 Hans
200 589 132 30 Kejserliga
345 589 109 29 Majestät
469 589 101 23 anhålla:

396 660 34 20 det
453 659 80 22 täcktes
548 659 64 21 Hans
628 659 124 27 Kejserliga
768 659 103 28 Majestät

326 694 47 21 låta
383 693 133 21 underkasta
529 693 104 28 gällande
648 694 143 27 lagstiftning
804 695 67 26 angå-

326 729 52 20 ende
393 728 65 21 oäkta
469 728 64 21 barns
549 728 213 28 rättsförhållanden
772 729 99 25 revision,

325 763 118 28 åsyftande
449 763 138 28 förbättring
596 763 31 27 af
633 763 87 21 sådana
730 763 65 20 barns
805 765 66 19 rätts-

326 798 44 27 liga
393 798 113 27 ställning,
528 799 56 19 samt
596 797 32 28 på
642 798 74 27 grund
730 797 72 27 häraf
810 798 62 27 före-

325 833 64 27 lägga
412 831 257 22 nästsammanträdande
689 831 93 22 Ständer
804 831 68 28 nådig

324 866 137 28 proposition
478 867 7 19 i
500 868 76 19 ämnet.

187 1005 43 21 Uti
245 1004 107 21 ärendets
367 1003 143 29 behandling
524 1003 69 22 hafva
609 1003 99 29 deltagit
717 1002 154 22 ordföranden

119 1039 107 21 Friherre
241 1038 28 22 R.
285 1038 28 22 A.
328 1038 92 24 Wrede,
435 1038 156 21 ledamöterne
601 1037 131 29 Stjernvall,
742 1037 27 22 B.
780 1037 22 21 J.
814 1037 58 21 Gro-

120 1072 88 27 tenfelt,
232 1071 178 29 Schwartzberg,
426 1072 28 21 H.
470 1072 26 21 E.
513 1071 146 25 Schroderus,
681 1071 115 27 Hellman,
811 1072 59 27 Aug.

119 1107 109 27 Jusélius,
251 1106 104 27 Kumlin,
379 1106 133 28 Stigzelius,
531 1100 111 32 Åkesson,
659 1105 115 27 Hollmén,
790 1105 81 22 Teitti-

119 1149 53 19 nen,
188 1140 140 23 Tensikkala
342 1140 43 22 och
400 1140 93 28 Torppa
508 1143 59 19 samt
584 1140 177 28 suppleanterne
776 1140 26 21 af
815 1139 56 22 Fro-

121 1178 74 20 sterus
210 1175 44 22 och
270 1175 84 21 Granö.

188 1232 146 29 Helsingfors
350 1232 44 22 den
410 1234 27 20 29
452 1232 46 28 Maj
517 1233 59 22 1900.

250 1417 115 22 Helsingfors
378 1417 50 16 1900.
453 1416 115 21 Helsingfors
579 1415 165 21 Centraltryckeri.
