1095 1750
243 168 26 18 94
387 165 272 23 Petitionsbetänkande
675 164 48 23 N:o
735 164 33 22 14.

570 221 33 23 62.

735 280 157 26 (Öfversättning).

382 343 47 18 Till
441 342 150 24 högvördiga
603 342 191 18 Presteständet.

281 400 120 18 Hänvisande
410 401 27 17 till
446 401 45 17 flere
499 400 108 23 föregående
615 400 119 23 landtdagars
743 399 108 18 utlåtanden
860 399 35 17 och
900 399 62 17 beslut

213 435 29 13 om
260 429 84 18 behofvet
361 429 19 18 af
395 434 21 13 en
434 428 227 24 sammanbindningsbana
677 429 75 22 emellan
770 428 90 22 karelska,
873 427 88 19 Savolaks

213 458 35 19 och
260 459 52 17 Vasa
322 458 82 18 banorna
416 458 20 17 få
449 458 16 18 vi
477 457 95 18 vördsamt
584 457 76 19 föreslå:

486 511 29 16 att
531 515 26 12 nu
573 509 122 23 församlade
711 509 83 18 Ständer
810 507 59 19 måtte
882 506 79 20 anhålla

417 544 29 11 om
459 538 106 23 byggandet
578 539 27 21 af
616 544 20 11 en
646 537 80 23 järnväg
734 539 8 16 i
751 537 81 23 enlighet
839 537 41 18 med
886 539 76 16 senaste

418 572 82 12 sommar
516 566 143 19 instrumentalt
671 566 104 18 undersökt
786 566 115 22 sträckning
910 563 52 26 från

417 595 101 22 Kurkijoki
525 595 82 22 kyrkoby
613 600 64 18 genom
683 594 131 18 Elisenvaara
820 596 56 21 öfver
882 595 79 17 Punka-

417 624 56 22 harju
490 624 31 18 till
534 624 80 22 Nyslott,
628 623 33 19 och
674 624 68 17 anvisa
755 623 66 18 därtill
834 623 128 23 erforderliga

417 653 58 17 medel
487 654 50 16 samt
549 650 80 21 anhälla
638 658 29 12 om
674 650 59 25 nådig
741 652 119 23 proposition
869 652 31 18 till
909 654 54 16 näst-

417 682 130 18 instundande
563 682 94 22 landtdag
673 679 99 23 angäende
781 681 144 23 fortsättandet
937 681 27 22 af

418 710 63 18 denna
499 710 51 18 bana
565 708 52 25 frän
634 709 77 23 Nyslott
727 715 65 17 genom
809 711 27 16 S:t
850 710 70 18 Michel
932 709 31 18 till

416 739 108 22 Jyväskylä.

281 796 123 24 Helsingfors,
416 796 35 18 den
463 798 8 15 1
485 797 89 17 Februari
587 796 48 18 1900.

280 854 63 23 Juuso
359 853 97 29 Hedberg.
671 852 56 24 Ludv.
743 852 149 24 Wennerström.

280 894 19 22 A.
316 894 102 28 Bergroth.
669 893 20 23 6.
705 893 18 23 0.
739 892 18 24 T.
773 893 119 23 Nordström.

493 934 18 24 0.
527 934 20 23 4.
563 934 117 24 Forsström.

577 1066 34 24 53.

734 1124 158 27 (Öfversättning).

380 1187 47 17 Till
440 1186 151 19 hedervärda
601 1186 189 19 Bondeständet.

279 1243 119 19 Hänvisande
414 1244 28 17 till
456 1243 23 18 de
495 1244 19 17 af
531 1246 26 16 ett
573 1246 41 16 sant
629 1244 56 18 behof
700 1243 129 19 framalstrade
840 1244 117 24 förhoppnin-

211 1279 38 18 gar,
258 1279 39 12 som
309 1272 89 19 allisedan
411 1272 88 19 Savolaks
511 1273 105 18 stambanas
627 1272 48 19 tider
682 1272 30 19 vid
719 1273 133 23 landtdagarna
858 1273 35 19 och
899 1273 62 18 ibland

211 1302 121 17 allmänheten
343 1302 82 16 kommit.
433 1301 28 17 till
473 1301 81 23 uttryck,
566 1301 28 18 till
606 1301 44 17 flera
661 1300 42 18 frän
716 1301 88 18 Savolaks
814 1300 80 19 utsända
902 1301 56 23 depu-

211 1330 86 18 tationers
314 1329 161 23 framställningar,
494 1330 28 16 till
539 1329 105 18 ständernas
659 1335 64 12 varma
735 1329 99 19 understöd
847 1329 30 18 vid
890 1332 71 15 senaste

210 1358 76 24 lagtima
297 1357 88 24 landtdag
397 1358 20 18 år
431 1357 49 23 1897,
492 1358 28 18 till
532 1356 23 19 de
567 1351 65 35 varma”
636 1351 149 35 förhoppningar,
798 1355 43 21 som
850 1358 28 18 till
889 1357 35 19 den
936 1357 24 19 dä

211 1386 77 19 tillsatta
304 1386 165 23 järnvägskomiten
488 1386 11 18 &
516 1388 63 16 möten
594 1386 41 18 med
650 1386 136 19 vederbörande
797 1388 59 16 orters
868 1393 91 17 represen-

210 1418 60 16 tanter
282 1415 91 19 uttalades
386 1417 48 16 samt
446 1416 28 17 till
484 1415 69 18 nämda
563 1416 78 17 komitös
654 1415 74 24 slutliga
739 1415 115 19 betänkande
866 1416 35 18 och
911 1416 49 24 isyn-

210 1444 65 18 nerhet
286 1445 28 17 till
325 1444 42 18 dess
379 1444 101 18 minoritets
492 1444 67 24 sakligt
571 1444 111 18 motiverade
694 1445 130 18 reservationer
836 1445 28 17 uti
876 1444 35 18 den
921 1445 38 18 vik-

210 1474 38 23 tiga
268 1472 363 20 karelska—Savolaks—österbottniska
653 1473 187 25 sammanbindnings-
859 1474 35 18 och
911 1475 49 17 tvär-

277 1514 186 22 Järnvägsutskottets
475 1514 109 18 betänkande
596 1514 37 18 N:o
646 1514 18 18 2.
