1061 1706
247 154 13 20 6
420 150 268 23 Petitionsbetänkande
703 150 40 21 N:o
756 150 34 21 17.

219 223 54 18 samt
295 220 32 22 S:t
346 219 88 22 Michels
450 219 42 21 län.
522 220 10 20 I
547 219 92 27 enlighet
654 218 87 20 härmed
756 218 131 21 öfverfördes
902 216 67 22 under

219 254 159 22 nedanstående
398 254 24 21 år
441 253 23 21 af
477 254 106 20 allmänna
598 252 122 22 statsmedel
736 252 93 27 följande
844 252 78 26 belopp
937 251 33 21 till

220 288 101 22 särskildt
337 288 70 26 konto,
424 288 100 21 benämdt
539 288 77 21 fonden
632 288 33 20 för
680 287 81 21 inlösen
777 287 22 21 af
814 286 155 27 skogsmarker,

220 326 31 18 att
266 322 23 22 af
304 322 158 22 Statskontoret
478 322 112 22 förvaltas:

358 386 24 21 år
398 386 78 22 1876
472 380 15 38 .
509 402 5 5 .
543 401 5 5 .
580 402 4 4 .
614 402 5 5 .
650 401 4 4 .
684 385 93 26 200,000
793 384 41 22 mk.

363 437 9 10 »
398 421 77 26 1877
477 405 13 46 0
507 436 4 4 2
577 436 75 5 0.0.
684 420 90 26 100000
804 436 9 10 +

366 472 9 10 »
400 440 54 46 1888
477 471 2 4 .
511 470 4 5 .
546 471 4 5 .
581 471 4 5 .
616 471 4 5 .
652 470 4 4 .
686 440 93 46 200,00
808 471 9 10 ,

366 506 9 10 ,
400 474 54 46 18799
477 506 1 4 .
511 505 3 5 2
544 505 4 4 .
603 504 52 5 0.
686 474 92 46 200,00
807 505 9 10 ,

366 541 8 10 >
399 524 78 22 1880.
509 540 5 4 .
545 539 110 6 0.
699 523 118 27 50,00
796 508 25 47 ,

366 576 8 9 ,
399 559 79 21 1881.
509 574 5 5 .
545 575 4 4 .
615 573 42 6 0.
688 558 91 26 120,00
808 574 9 10 ,

366 610 9 10 ,
400 594 54 20 1889
475 610 3 4 .
510 610 4 4 .
569 577 88 47 0.0.
689 577 90 47 150,000
809 608 9 10 ,

279 644 4 8 N
366 644 9 10 >
399 628 79 21 1883.
515 644 1 5 2
588 642 68 7 0.
700 627 79 24 50.000
809 642 9 10 ,

573 668 85 21 Summa
668 667 111 26 1,070,000
795 667 41 21 mk.

291 738 49 21 Med
358 737 63 21 dessa
439 738 112 27 tillgångar
570 737 44 22 blef
632 738 68 20 under
714 737 93 22 nämnda
822 736 45 22 åtta
886 736 23 22 är
927 736 47 22 från

223 773 42 21 245
287 772 105 22 särskilda
412 772 122 26 lägenheter
549 772 155 27 sammanlagdt
718 772 78 25 67,295
811 772 75 21 hektar
901 771 73 27 skogs-

223 807 60 21 mark
305 806 34 22 för
361 809 80 19 statens
464 807 90 27 räkning
569 808 57 20 inom
641 801 47 27 Åbo
704 807 39 21 och
759 806 159 28 Björneborgs-,
934 805 40 22 Ta-

223 841 116 26 vastehus-,
362 840 31 22 S:t
416 840 100 22 Michels-
535 842 39 21 och
589 842 65 20 Wasa
670 841 35 21 län
720 841 75 27 inköpt
811 841 39 21 och
866 840 107 22 utbruten.

224 876 180 20 Totalkostnaden
426 875 33 21 för
482 876 61 21 dessa
565 876 65 26 inköp
653 876 60 21 torde
729 876 63 21 hafva
808 876 72 26 belöpt
895 875 32 26 sig
942 875 33 21 till

225 910 112 25 1,042,264
360 910 66 26 mark,
450 910 93 26 emedan,
567 910 65 26 enligt
654 910 39 20 den
717 910 118 21 Ständerna
850 909 125 22 meddelade

224 944 238 26 generalhufvudboken
484 944 59 21 öfver
559 944 156 22 statsfonderna
729 944 33 22 för
778 944 23 22 är
817 945 62 26 1896,
895 944 80 21 behäll-

224 978 76 27 ningen
323 978 6 20 i
353 978 68 21 denna
444 978 50 21 fond
517 979 35 21 vid
572 979 56 21 årets
644 979 43 20 slut
701 978 98 27 utgjorde
815 979 77 26 27,736
908 978 66 21 mark.

223 1012 213 27 Medelinköpspriset
457 1012 34 21 för
514 1013 61 21 dessa
591 1013 84 21 marker
691 1013 90 27 uppgick
797 1013 89 21 sälunda
900 1012 32 22 till
949 1012 27 22 15

223 1047 42 21 mk.
280 1047 28 21 49
323 1053 20 20 p.
359 1053 37 20 per
412 1048 84 20 hektar.

291 1081 63 21 Trots
368 1081 189 21 bestämmelserna
572 1081 7 21 i
595 1081 36 21 det
646 1081 79 27 nädiga
741 1081 114 26 reskriptet
866 1081 109 27 upphörde

224 1115 118 21 emellertid
359 1115 24 20 är
399 1115 54 21 1883
470 1115 28 21 all
514 1115 72 21 vidare
602 1115 130 26 öfverföring
748 1115 23 20 af
785 1115 68 21 medel
865 1115 33 21 till
909 1115 66 28 sagde

223 1149 52 21 fond
295 1149 45 26 och,
356 1149 68 21 sävidt
439 1149 112 22 Utskottet
565 1149 39 21 har
619 1150 33 26 sig
667 1150 86 26 bekant,
768 1149 61 22 äfven
846 1149 42 21 alla
903 1149 73 21 vidare

224 1183 71 28 inköp.

292 1217 43 22 För
350 1219 32 20 att
396 1218 53 21 söka
464 1218 141 27 ävägabringa
616 1224 25 15 en
652 1217 142 27 förändring
783 1213 12 36 i
807 1217 59 22 detta
876 1217 100 22 afseende

223 1252 70 25 ingick
317 1251 167 25 Forststyrelsen
507 1251 33 21 till
566 1251 252 26 Kammarexpeditionen
833 1252 7 19 i
856 1251 120 26 Kejserliga

224 1285 91 21 Senaten
339 1285 47 20 med
408 1291 25 15 en
450 1285 40 21 den
506 1285 27 22 29
549 1285 127 26 September
692 1285 55 22 1894
763 1285 133 26 dagtecknad
912 1284 64 21 skrif-

223 1319 63 26 velse,
303 1318 45 22 deri
362 1318 175 28 Forststyrelsen,
553 1319 47 21 med
618 1319 112 27 anledning
747 1319 23 22 af
780 1321 32 20 att
822 1319 154 26 skogsförödel-

223 1361 38 14 sen
284 1354 12 21 &
319 1354 74 21 frälse-
408 1354 39 21 och
466 1354 168 22 skattehemman
656 1354 47 21 icke
717 1354 92 21 allenast
824 1353 153 22 oförminskadt

223 1389 90 26 fortgätt
336 1389 65 22 sedan
425 1389 55 21 1874
502 1389 34 21 års
558 1389 79 21 komit6
659 1388 58 27 afgaf
732 1389 37 21 sitt
791 1388 117 27 utlåtande,
924 1391 52 19 utan

224 1426 91 19 tvärtom
330 1424 7 21 i
352 1423 93 28 betydlig
467 1423 49 22 män
539 1424 68 25 ökats,
624 1423 40 21 och
684 1424 40 21 den
739 1423 24 22 är
780 1423 55 22 1886
851 1424 125 21 emanerade

225 1459 126 26 skogslagen
366 1458 19 27 ej
401 1458 67 21 heller
482 1458 81 21 kunnat
577 1457 73 22 utöfva
666 1458 65 26 nägot
745 1457 116 28 inflytande
876 1459 33 20 till
924 1458 53 21 stäf-

292 1503 182 19 Ekonomiutskottets
486 1503 111 19 betänkande
609 1503 35 18 N:o
658 1504 18 17 6.
