1061 1709
300 142 276 24 Petitionsbetänkande
590 144 42 22 N:o
648 144 36 22 25.
853 146 12 19 3

656 226 141 27 Öfrersättning.

280 304 48 20 Till
344 305 156 26 högvördiga
514 305 199 20 Presteständet.

184 367 9 20 I
216 367 38 20 den
276 367 70 20 nutida
360 367 133 26 fattigvärden
509 369 35 19 har
558 369 259 25 fattiggärdsinstitutionen
832 369 35 20 allt

115 403 54 13 mera
196 396 83 20 kommit
303 396 30 20 till
355 397 134 26 användning.
519 397 50 20 Frän
589 398 23 19 är
635 398 60 25 1884,
710 397 25 21 dä
753 399 38 19 den
807 398 60 20 första

115 425 133 26 fattiggården
270 425 26 25 pä
318 425 140 26 landsbygden
476 427 6 18 i
498 426 44 20 vårt
557 427 45 19 land
618 427 112 25 uppfördes,
745 427 49 20 hade
809 427 58 20 deras

115 455 54 19 antal
184 453 31 21 till
231 454 62 19 slutet
307 455 21 18 af
342 454 22 20 är
380 455 53 19 1898
450 455 55 25 stigit
520 455 32 20 till
562 455 46 25 108,
619 455 5 19 i
635 455 65 20 hvilka
711 461 44 14 mer
766 457 26 18 än
805 456 61 24 6,000

115 483 87 20 interner
224 483 134 20 underhållas.
388 483 42 20 Och
452 483 5 19 i
480 483 128 21 betraktande
630 484 20 19 af
664 484 38 20 den
717 484 51 19 ifver
782 485 38 19 och
833 485 34 19 det

116 511 92 24 intresse,
224 511 94 20 hvarmed
333 511 55 20 säväl
403 511 25 20 de
443 513 94 24 styrande
552 513 104 19 kretsarne
671 519 43 13 som
721 513 39 19 den
768 513 99 20 allmänna

116 540 107 25 opinionen
239 541 83 18 omfatta
336 539 264 26 fattiggärdsinstitutionen,
616 543 22 17 är
652 541 34 20 det
700 541 81 25 mycket
795 547 71 14 sanno-

116 569 42 24 likt,
179 571 29 17 att
230 569 75 19 antalet
320 569 129 25 fattiggärdar
463 569 58 20 äfven
536 569 104 20 framdeles
656 569 51 20 skall
722 576 47 13 vara
783 570 6 19 i
803 570 64 25 jemnt

116 597 90 25 stigande
227 597 52 20 intill
301 597 47 20 dess
363 598 24 19 de
401 598 58 19 flesta
473 598 117 20 kommuner
604 599 59 19 hafva
678 599 43 19 sina
735 604 50 19 egna
800 599 67 25 fattig-

115 626 77 25 gårdar.
222 625 44 20 Men
281 626 136 20 erfarenheten
432 626 36 20 har
483 627 57 24 visat,
555 629 29 17 att
599 629 73 22 nyttan
687 627 20 19 af
720 633 25 13 en
760 626 107 26 fattiggärd

116 654 70 19 endast
209 654 25 19 dä
256 656 23 17 är
302 655 80 24 verklig.
404 656 36 18 när
455 655 114 20 densamma
584 655 35 19 har
634 661 25 13 en
674 655 82 25 lämplig
770 655 97 20 förestän-

115 683 54 24 dare,
184 682 103 20 hvaremot
302 689 25 13 en
342 683 108 25 fattiggärd
465 683 64 20 under
546 683 54 26 dälig
614 683 82 26 ledning
710 684 38 19 blir
763 686 29 17 ett
807 690 60 13 sann-

116 711 90 25 skyldigt
228 713 58 18 näste
301 712 29 19 för
351 712 36 19 allt
401 712 76 19 elände.
506 712 46 20 Men
568 712 126 25 möjligheten
709 715 30 17 att
753 712 74 20 erhålla
842 719 25 13 en

116 740 83 25 lämplig
221 740 135 20 föreständare
378 741 57 19 beror
449 741 31 19 till
495 742 41 19 stor
551 741 33 20 del
598 741 20 19 af
632 741 38 20 den
685 741 33 20 lön
732 747 47 14 man
794 741 74 20 betalar

117 768 20 20 åt
160 769 77 20 honom.
266 768 32 21 Nu
321 771 23 18 är
361 769 111 20 emellertid
487 769 60 21 saken
562 770 44 24 den,
622 772 30 17 att
666 769 25 21 de
705 770 58 20 flesta
777 770 91 20 kommu-

116 804 36 13 ner
166 798 43 20 icke
224 798 59 19 hafva
304 800 65 18 ansett
385 798 31 25 sig
430 798 68 20 kunna
513 798 64 20 betala
591 798 21 20 ät
627 798 240 26 fattiggärdsförestända-

117 832 35 14 ren
174 826 22 20 sä
218 828 42 18 stor
282 826 40 26 lön,
344 828 29 18 att
395 826 67 26 nägon
483 828 29 18 till
530 828 67 19 denna
612 827 126 20 verksamhet
753 828 114 24 kompetent

117 861 72 19 person
213 855 64 20 skulle
300 856 5 19 i
328 855 85 26 längden
430 855 66 20 kunna
511 856 77 19 komma
603 857 30 19 till
648 858 51 18 rätta
714 856 85 20 dermed.
828 856 40 20 En-

117 884 37 25 ligt
176 884 256 26 fattiggärdsinspektörens
453 884 23 20 är
499 885 53 20 1896
568 885 73 25 afgifna
656 885 107 20 berättelse
778 891 47 13 voro
840 885 28 19 lö-

118 919 61 13 nerna
194 913 31 19 för
239 913 24 20 de
278 913 112 20 dåvarande
405 913 279 25 fattiggärdsföreständarena
698 913 93 26 följande:

186 971 30 18 för
230 977 24 12 en
276 986 1 3 .
343 986 3 3 <
377 986 3 3 ss
411 986 4 3 sc
447 986 3 3 so
482 985 37 4 cc
650 970 39 20 150
705 971 61 19 mark.

186 999 30 19 för
230 998 98 26 tjugufem
350 1015 3 3 .
453 1014 71 4 n
583 999 111 20 200—350
712 995 15 34 —
738 1008 7 7 >

187 1027 28 20 för
230 1027 102 25 tjudufyra
348 1043 3 3 .
384 1043 1 3 <
416 1043 4 2 <
487 1043 37 3 0.
654 1027 41 20 400
715 1023 12 34 —
738 1037 7 8 >

186 1056 30 19 för
230 1057 104 18 trettosex
347 1072 3 3 .
382 1072 3 3 .
416 1071 3 3 <
450 1071 3 4 .
485 1072 3 3 .
519 1072 3 3 .
581 1056 112 20 420—650
713 1052 9 33 =
737 1065 8 7 >

186 1085 30 19 för
232 1086 71 18 sexton
348 1101 3 2 =.
382 1100 3 3 so
417 1100 2 3 so
451 1100 38 3 so.
582 1084 111 21 700—860
736 1094 8 7 >»

187 1113 36 20 och
239 1113 71 20 endast
326 1113 28 20 för
370 1114 32 19 nio
418 1129 1 3 .
451 1129 3 2 .
485 1129 3 3 .
519 1130 3 3 .
654 1113 39 20 9200
712 1109 15 34 —
737 1123 8 8 >

187 1170 36 20 och
246 1171 119 19 derutöfver.
395 1171 60 19 Häraf
477 1171 89 25 framgår,
590 1173 29 17 att
641 1171 56 19 lönen
722 1172 27 18 för
764 1177 25 14 en
804 1171 66 25 fattig-

118 1198 196 26 gärdsföreständare
336 1199 5 19 i
365 1199 24 19 de
404 1199 57 19 flesta
477 1199 32 20 fall
525 1199 42 20 icke
582 1201 22 18 är
618 1199 64 20 bättre
696 1201 25 18 än
737 1199 30 20 för
781 1205 24 14 en
822 1205 46 14 van-

118 1228 29 24 lig
168 1227 130 26 arbetsdräng
321 1227 25 26 pä
368 1228 74 23 landet,
462 1234 45 13 men
527 1228 160 19 föreständarene
702 1229 33 18 äro
751 1227 59 20 ocksä
825 1228 44 19 der-

118 1255 55 20 efter.
201 1255 46 20 Med
270 1256 108 25 anledning
399 1257 57 18 häraf
470 1259 64 22 yttrar
548 1257 59 18 äfven
622 1255 248 26 fattigvärdsinspektören

118 1285 7 19 i
140 1285 32 19 sin
191 1285 146 19 ofvannämnda
356 1285 139 19 årsberättelse
511 1285 23 19 bl.
550 1292 22 17 a.,
587 1287 29 17 att
631 1284 72 26 följden
718 1285 20 19 af
752 1285 25 19 de
792 1285 78 26 knappa

118 1314 82 19 lönerna
217 1310 55 23 varit
295 1313 45 25 den,
355 1316 30 17 att
402 1313 106 25 ledningen
523 1315 19 18 af
556 1314 48 20 flere
618 1313 131 25 fattiggårdar
763 1314 85 19 lemnats
863 1314 6 18 i

118 1342 100 18 händerna
248 1341 25 25 på
295 1348 100 18 personer,
419 1342 66 18 hvilka
510 1342 50 18 varit
583 1341 121 25 fullkomligt
725 1342 93 24 odugliga
840 1342 30 18 till

119 1369 65 19 denna
206 1369 132 24 verksamhet,
359 1372 51 16 samt
431 1371 30 17 att
483 1370 150 24 olägenheterna
648 1369 56 19 häraf
718 1369 22 19 år
754 1370 29 18 för
798 1369 22 19 år
835 1369 35 19 allt

119 1403 54 13 mera
188 1397 52 20 trädt
255 1398 6 18 i
276 1398 64 24 dagen
355 1398 37 19 och
407 1403 62 19 synes
484 1398 54 19 faran
554 1398 59 19 blifva
628 1398 35 19 allt
678 1403 53 15 mera
746 1398 91 19 hotande.

188 1426 26 20 Af
235 1426 34 20 det
291 1426 58 20 ofvan
368 1426 60 26 sagda
443 1426 55 20 torde
514 1426 81 26 framgå,
610 1428 30 18 att
656 1428 28 18 ett
700 1426 170 20 missförhållande

120 1455 25 25 på
168 1456 54 19 detta
238 1455 79 20 område
332 1457 22 18 är
369 1456 29 19 för
413 1455 83 19 handen.
526 1455 44 19 Men
586 1455 25 19 då
626 1455 34 19 det
678 1455 56 20 torde
750 1461 46 13 vara
811 1455 59 25 omöj-

190 1500 46 23 Lag-
249 1500 32 18 och
294 1500 183 18 Ekonomiutskottets
490 1499 109 19 betänkande
612 1500 40 18 N:o
669 1500 14 17 T.
