<?xml version="1.0" encoding="UTF-8"?>
<alto xmlns="http://www.loc.gov/standards/alto/ns-v3#" xmlns:xlink="http://www.w3.org/1999/xlink" xmlns:xsi="http://www.w3.org/2001/XMLSchema-instance" xsi:schemaLocation="http://www.loc.gov/standards/alto/ns-v3# http://www.loc.gov/alto/v3/alto-3-0.xsd">
	<Description>
		<MeasurementUnit>pixel</MeasurementUnit>
		<sourceImageInformation>
			<fileName>/tmp/tess_u71gog1v_input.PNG</fileName>
		</sourceImageInformation>
		<OCRProcessing ID="OCR_0">
			<ocrProcessingStep>
				<processingSoftware>
					<softwareName>tesseract 5.3.4</softwareName>
				</processingSoftware>
			</ocrProcessingStep>
		</OCRProcessing>
	</Description>
	<Layout>
		<Page WIDTH="1064" HEIGHT="1709" PHYSICAL_IMG_NR="0" ID="page_0">
			<PrintSpace HPOS="0" VPOS="0" WIDTH="1064" HEIGHT="1709">
				<ComposedBlock ID="cblock_0" HPOS="332" VPOS="178" WIDTH="523" HEIGHT="24">
					<TextBlock ID="block_0" HPOS="332" VPOS="178" WIDTH="523" HEIGHT="24">
						<TextLine ID="line_0" HPOS="332" VPOS="178" WIDTH="523" HEIGHT="24">
							<String ID="string_0" HPOS="332" VPOS="178" WIDTH="258" HEIGHT="23" WC="0.92" CONTENT="Motionsbetänkande"/><SP WIDTH="18" VPOS="178" HPOS="590"/>
							<String ID="string_1" HPOS="608" VPOS="179" WIDTH="45" HEIGHT="23" WC="0.95" CONTENT="N:o"/><SP WIDTH="15" VPOS="179" HPOS="653"/>
							<String ID="string_2" HPOS="668" VPOS="179" WIDTH="21" HEIGHT="22" WC="0.96" CONTENT="1."/><SP WIDTH="152" VPOS="179" HPOS="689"/>
							<String ID="string_3" HPOS="841" VPOS="179" WIDTH="14" HEIGHT="22" WC="0.96" CONTENT="5"/>
						</TextLine>
					</TextBlock>
				</ComposedBlock>
				<ComposedBlock ID="cblock_1" HPOS="132" VPOS="246" WIDTH="756" HEIGHT="1259">
					<TextBlock ID="block_1" HPOS="132" VPOS="246" WIDTH="752" HEIGHT="95">
						<TextLine ID="line_1" HPOS="133" VPOS="246" WIDTH="750" HEIGHT="28">
							<String ID="string_4" HPOS="133" VPOS="246" WIDTH="44" HEIGHT="20" WC="0.96" CONTENT="blef"/><SP WIDTH="19" VPOS="246" HPOS="177"/>
							<String ID="string_5" HPOS="196" VPOS="248" WIDTH="31" HEIGHT="19" WC="0.96" CONTENT="ett"/><SP WIDTH="21" VPOS="248" HPOS="227"/>
							<String ID="string_6" HPOS="248" VPOS="247" WIDTH="49" HEIGHT="27" WC="0.81" CONTENT="byte"/><SP WIDTH="17" VPOS="247" HPOS="297"/>
							<String ID="string_7" HPOS="314" VPOS="246" WIDTH="33" HEIGHT="22" WC="0.93" CONTENT="för"/><SP WIDTH="21" VPOS="246" HPOS="347"/>
							<String ID="string_8" HPOS="368" VPOS="246" WIDTH="81" HEIGHT="28" WC="0.92" CONTENT="rofdjur"/><SP WIDTH="16" VPOS="246" HPOS="449"/>
							<String ID="string_9" HPOS="465" VPOS="248" WIDTH="50" HEIGHT="20" WC="0.96" CONTENT="eller"/><SP WIDTH="15" VPOS="248" HPOS="515"/>
							<String ID="string_10" HPOS="530" VPOS="248" WIDTH="67" HEIGHT="21" WC="0.96" CONTENT="under"/><SP WIDTH="17" VPOS="248" HPOS="597"/>
							<String ID="string_11" HPOS="614" VPOS="248" WIDTH="38" HEIGHT="21" WC="0.93" CONTENT="den"/><SP WIDTH="18" VPOS="248" HPOS="652"/>
							<String ID="string_12" HPOS="670" VPOS="255" WIDTH="95" HEIGHT="14" WC="0.96" CONTENT="varmare"/><SP WIDTH="16" VPOS="255" HPOS="765"/>
							<String ID="string_13" HPOS="781" VPOS="248" WIDTH="56" HEIGHT="21" WC="0.96" CONTENT="tiden"/><SP WIDTH="16" VPOS="248" HPOS="837"/>
							<String ID="string_14" HPOS="853" VPOS="248" WIDTH="30" HEIGHT="22" WC="0.96" CONTENT="till"/>
						</TextLine>
						<TextLine ID="line_2" HPOS="133" VPOS="280" WIDTH="751" HEIGHT="27">
							<String ID="string_15" HPOS="133" VPOS="280" WIDTH="38" HEIGHT="20" WC="0.96" CONTENT="och"/><SP WIDTH="16" VPOS="280" HPOS="171"/>
							<String ID="string_16" HPOS="187" VPOS="280" WIDTH="48" HEIGHT="21" WC="0.96" CONTENT="med"/><SP WIDTH="16" VPOS="280" HPOS="235"/>
							<String ID="string_17" HPOS="251" VPOS="280" WIDTH="47" HEIGHT="27" WC="0.93" CONTENT="gick"/><SP WIDTH="14" VPOS="280" HPOS="298"/>
							<String ID="string_18" HPOS="312" VPOS="280" WIDTH="103" HEIGHT="21" WC="0.92" CONTENT="förloradt"/><SP WIDTH="15" VPOS="280" HPOS="415"/>
							<String ID="string_19" HPOS="430" VPOS="287" WIDTH="75" HEIGHT="20" WC="0.96" CONTENT="genom"/><SP WIDTH="16" VPOS="287" HPOS="505"/>
							<String ID="string_20" HPOS="521" VPOS="283" WIDTH="32" HEIGHT="19" WC="0.93" CONTENT="att"/><SP WIDTH="14" VPOS="283" HPOS="553"/>
							<String ID="string_21" HPOS="567" VPOS="281" WIDTH="95" HEIGHT="26" WC="0.93" CONTENT="förfaras,"/><SP WIDTH="16" VPOS="281" HPOS="662"/>
							<String ID="string_22" HPOS="678" VPOS="282" WIDTH="63" HEIGHT="21" WC="0.92" CONTENT="innan"/><SP WIDTH="16" VPOS="282" HPOS="741"/>
							<String ID="string_23" HPOS="757" VPOS="283" WIDTH="36" HEIGHT="20" WC="0.96" CONTENT="det"/><SP WIDTH="15" VPOS="283" HPOS="793"/>
							<String ID="string_24" HPOS="808" VPOS="282" WIDTH="76" HEIGHT="21" WC="0.96" CONTENT="hunnit"/>
						</TextLine>
						<TextLine ID="line_3" HPOS="132" VPOS="313" WIDTH="159" HEIGHT="28">
							<String ID="string_25" HPOS="132" VPOS="313" WIDTH="159" HEIGHT="28" WC="0.86" CONTENT="tillgodogöras."/>
						</TextLine>
					</TextBlock>
					<TextBlock ID="block_2" HPOS="132" VPOS="348" WIDTH="753" HEIGHT="577">
						<TextLine ID="line_4" HPOS="201" VPOS="348" WIDTH="682" HEIGHT="27">
							<String ID="string_26" HPOS="201" VPOS="348" WIDTH="41" HEIGHT="21" WC="0.93" CONTENT="Vid"/><SP WIDTH="16" VPOS="348" HPOS="242"/>
							<String ID="string_27" HPOS="258" VPOS="349" WIDTH="75" HEIGHT="21" WC="0.96" CONTENT="sådant"/><SP WIDTH="14" VPOS="349" HPOS="333"/>
							<String ID="string_28" HPOS="347" VPOS="349" WIDTH="130" HEIGHT="22" WC="0.96" CONTENT="förhållande"/><SP WIDTH="15" VPOS="349" HPOS="477"/>
							<String ID="string_29" HPOS="492" VPOS="349" WIDTH="43" HEIGHT="21" WC="0.93" CONTENT="höll"/><SP WIDTH="14" VPOS="349" HPOS="535"/>
							<String ID="string_30" HPOS="549" VPOS="349" WIDTH="94" HEIGHT="22" WC="0.44" CONTENT="komitön"/><SP WIDTH="16" VPOS="349" HPOS="643"/>
							<String ID="string_31" HPOS="659" VPOS="349" WIDTH="50" HEIGHT="26" WC="0.96" CONTENT="före,"/><SP WIDTH="16" VPOS="349" HPOS="709"/>
							<String ID="string_32" HPOS="725" VPOS="351" WIDTH="36" HEIGHT="24" WC="0.93" CONTENT="att,"/><SP WIDTH="12" VPOS="351" HPOS="761"/>
							<String ID="string_33" HPOS="773" VPOS="350" WIDTH="70" HEIGHT="21" WC="0.93" CONTENT="hvilka"/><SP WIDTH="10" VPOS="350" HPOS="843"/>
							<String ID="string_34" HPOS="853" VPOS="351" WIDTH="30" HEIGHT="20" WC="0.91" CONTENT="ät-"/>
						</TextLine>
						<TextLine ID="line_5" HPOS="133" VPOS="382" WIDTH="751" HEIGHT="29">
							<String ID="string_35" HPOS="133" VPOS="383" WIDTH="76" HEIGHT="26" WC="0.92" CONTENT="gärder"/><SP WIDTH="20" VPOS="383" HPOS="209"/>
							<String ID="string_36" HPOS="229" VPOS="382" WIDTH="32" HEIGHT="21" WC="0.93" CONTENT="för"/><SP WIDTH="20" VPOS="382" HPOS="261"/>
							<String ID="string_37" HPOS="281" VPOS="383" WIDTH="86" HEIGHT="27" WC="0.92" CONTENT="jagtens"/><SP WIDTH="15" VPOS="383" HPOS="367"/>
							<String ID="string_38" HPOS="382" VPOS="383" WIDTH="91" HEIGHT="27" WC="0.92" CONTENT="höjande"/><SP WIDTH="15" VPOS="383" HPOS="473"/>
							<String ID="string_39" HPOS="488" VPOS="386" WIDTH="27" HEIGHT="19" WC="0.93" CONTENT="än"/><SP WIDTH="15" VPOS="386" HPOS="515"/>
							<String ID="string_40" HPOS="530" VPOS="384" WIDTH="103" HEIGHT="27" WC="0.92" CONTENT="vidtoges,"/><SP WIDTH="16" VPOS="384" HPOS="633"/>
							<String ID="string_41" HPOS="649" VPOS="384" WIDTH="107" HEIGHT="21" WC="0.92" CONTENT="desamma"/><SP WIDTH="15" VPOS="384" HPOS="756"/>
							<String ID="string_42" HPOS="771" VPOS="384" WIDTH="53" HEIGHT="21" WC="0.93" CONTENT="dock"/><SP WIDTH="14" VPOS="384" HPOS="824"/>
							<String ID="string_43" HPOS="838" VPOS="385" WIDTH="46" HEIGHT="21" WC="0.92" CONTENT="icke"/>
						</TextLine>
						<TextLine ID="line_6" HPOS="133" VPOS="417" WIDTH="750" HEIGHT="28">
							<String ID="string_44" HPOS="133" VPOS="417" WIDTH="68" HEIGHT="21" WC="0.93" CONTENT="skulle"/><SP WIDTH="15" VPOS="417" HPOS="201"/>
							<String ID="string_45" HPOS="216" VPOS="417" WIDTH="94" HEIGHT="22" WC="0.92" CONTENT="medföra"/><SP WIDTH="15" VPOS="417" HPOS="310"/>
							<String ID="string_46" HPOS="325" VPOS="418" WIDTH="126" HEIGHT="21" WC="0.90" CONTENT="nämnvärdt"/><SP WIDTH="14" VPOS="418" HPOS="451"/>
							<String ID="string_47" HPOS="465" VPOS="418" WIDTH="94" HEIGHT="26" WC="0.93" CONTENT="resultat,"/><SP WIDTH="17" VPOS="418" HPOS="559"/>
							<String ID="string_48" HPOS="576" VPOS="418" WIDTH="71" HEIGHT="21" WC="0.93" CONTENT="sävida"/><SP WIDTH="15" VPOS="418" HPOS="647"/>
							<String ID="string_49" HPOS="662" VPOS="419" WIDTH="45" HEIGHT="20" WC="0.92" CONTENT="icke"/><SP WIDTH="18" VPOS="419" HPOS="707"/>
							<String ID="string_50" HPOS="725" VPOS="418" WIDTH="158" HEIGHT="27" WC="0.91" CONTENT="gillerfängsten"/>
						</TextLine>
						<TextLine ID="line_7" HPOS="132" VPOS="450" WIDTH="752" HEIGHT="29">
							<String ID="string_51" HPOS="132" VPOS="450" WIDTH="95" HEIGHT="28" WC="0.89" CONTENT="förbjöds"/><SP WIDTH="22" VPOS="450" HPOS="227"/>
							<String ID="string_52" HPOS="249" VPOS="451" WIDTH="50" HEIGHT="22" WC="0.92" CONTENT="eller"/><SP WIDTH="16" VPOS="451" HPOS="299"/>
							<String ID="string_53" HPOS="315" VPOS="452" WIDTH="128" HEIGHT="21" WC="0.92" CONTENT="ätminstone"/><SP WIDTH="15" VPOS="452" HPOS="443"/>
							<String ID="string_54" HPOS="458" VPOS="453" WIDTH="6" HEIGHT="20" WC="0.93" CONTENT="i"/><SP WIDTH="16" VPOS="453" HPOS="464"/>
							<String ID="string_55" HPOS="480" VPOS="453" WIDTH="43" HEIGHT="26" WC="0.92" CONTENT="hög"/><SP WIDTH="15" VPOS="453" HPOS="523"/>
							<String ID="string_56" HPOS="538" VPOS="453" WIDTH="52" HEIGHT="26" WC="0.93" CONTENT="grad"/><SP WIDTH="15" VPOS="453" HPOS="590"/>
							<String ID="string_57" HPOS="605" VPOS="453" WIDTH="140" HEIGHT="21" WC="0.91" CONTENT="inskränktes."/><SP WIDTH="29" VPOS="453" HPOS="745"/>
							<String ID="string_58" HPOS="774" VPOS="453" WIDTH="65" HEIGHT="21" WC="0.95" CONTENT="Emot"/><SP WIDTH="14" VPOS="453" HPOS="839"/>
							<String ID="string_59" HPOS="853" VPOS="455" WIDTH="31" HEIGHT="19" WC="0.96" CONTENT="ett"/>
						</TextLine>
						<TextLine ID="line_8" HPOS="133" VPOS="485" WIDTH="750" HEIGHT="28">
							<String ID="string_60" HPOS="133" VPOS="485" WIDTH="66" HEIGHT="27" WC="0.90" CONTENT="dylikt"/><SP WIDTH="18" VPOS="485" HPOS="199"/>
							<String ID="string_61" HPOS="217" VPOS="485" WIDTH="78" HEIGHT="22" WC="0.93" CONTENT="förbud"/><SP WIDTH="15" VPOS="485" HPOS="295"/>
							<String ID="string_62" HPOS="310" VPOS="486" WIDTH="54" HEIGHT="21" WC="0.93" CONTENT="hade"/><SP WIDTH="15" VPOS="486" HPOS="364"/>
							<String ID="string_63" HPOS="379" VPOS="487" WIDTH="123" HEIGHT="26" WC="0.93" CONTENT="visserligen"/><SP WIDTH="17" VPOS="487" HPOS="502"/>
							<String ID="string_64" HPOS="519" VPOS="487" WIDTH="87" HEIGHT="26" WC="0.92" CONTENT="anförts,"/><SP WIDTH="15" VPOS="487" HPOS="606"/>
							<String ID="string_65" HPOS="621" VPOS="489" WIDTH="32" HEIGHT="19" WC="0.93" CONTENT="att"/><SP WIDTH="15" VPOS="489" HPOS="653"/>
							<String ID="string_66" HPOS="668" VPOS="487" WIDTH="117" HEIGHT="21" WC="0.92" CONTENT="detsamma"/><SP WIDTH="14" VPOS="487" HPOS="785"/>
							<String ID="string_67" HPOS="799" VPOS="487" WIDTH="84" HEIGHT="21" WC="0.92" CONTENT="komme"/>
						</TextLine>
						<TextLine ID="line_9" HPOS="133" VPOS="519" WIDTH="750" HEIGHT="28">
							<String ID="string_68" HPOS="133" VPOS="522" WIDTH="32" HEIGHT="19" WC="0.93" CONTENT="att"/><SP WIDTH="14" VPOS="522" HPOS="165"/>
							<String ID="string_69" HPOS="179" VPOS="519" WIDTH="87" HEIGHT="22" WC="0.92" CONTENT="beröfva"/><SP WIDTH="15" VPOS="519" HPOS="266"/>
							<String ID="string_70" HPOS="281" VPOS="521" WIDTH="104" HEIGHT="26" WC="0.95" CONTENT="allmogen"/><SP WIDTH="16" VPOS="521" HPOS="385"/>
							<String ID="string_71" HPOS="401" VPOS="520" WIDTH="80" HEIGHT="22" WC="0.96" CONTENT="tillfälle"/><SP WIDTH="16" VPOS="520" HPOS="481"/>
							<String ID="string_72" HPOS="497" VPOS="521" WIDTH="30" HEIGHT="21" WC="0.93" CONTENT="till"/><SP WIDTH="16" VPOS="521" HPOS="527"/>
							<String ID="string_73" HPOS="543" VPOS="527" WIDTH="25" HEIGHT="15" WC="0.93" CONTENT="en"/><SP WIDTH="16" VPOS="527" HPOS="568"/>
							<String ID="string_74" HPOS="584" VPOS="521" WIDTH="45" HEIGHT="21" WC="0.96" CONTENT="icke"/><SP WIDTH="15" VPOS="521" HPOS="629"/>
							<String ID="string_75" HPOS="644" VPOS="521" WIDTH="120" HEIGHT="26" WC="0.93" CONTENT="oväsentlig"/><SP WIDTH="13" VPOS="521" HPOS="764"/>
							<String ID="string_76" HPOS="777" VPOS="521" WIDTH="106" HEIGHT="26" WC="0.92" CONTENT="förtjenst."/>
						</TextLine>
						<TextLine ID="line_10" HPOS="133" VPOS="554" WIDTH="751" HEIGHT="26">
							<String ID="string_77" HPOS="133" VPOS="554" WIDTH="34" HEIGHT="21" WC="0.91" CONTENT="Dä"/><SP WIDTH="22" VPOS="554" HPOS="167"/>
							<String ID="string_78" HPOS="189" VPOS="554" WIDTH="118" HEIGHT="21" WC="0.91" CONTENT="emellertid"/><SP WIDTH="23" VPOS="554" HPOS="307"/>
							<String ID="string_79" HPOS="330" VPOS="555" WIDTH="6" HEIGHT="20" WC="0.96" CONTENT="i"/><SP WIDTH="24" VPOS="555" HPOS="336"/>
							<String ID="string_80" HPOS="360" VPOS="555" WIDTH="69" HEIGHT="25" WC="0.93" CONTENT="södra,"/><SP WIDTH="22" VPOS="555" HPOS="429"/>
							<String ID="string_81" HPOS="451" VPOS="557" WIDTH="73" HEIGHT="19" WC="0.92" CONTENT="vestra"/><SP WIDTH="17" VPOS="557" HPOS="524"/>
							<String ID="string_82" HPOS="541" VPOS="555" WIDTH="38" HEIGHT="21" WC="0.93" CONTENT="och"/><SP WIDTH="21" VPOS="555" HPOS="579"/>
							<String ID="string_83" HPOS="600" VPOS="555" WIDTH="107" HEIGHT="21" WC="0.92" CONTENT="mellersta"/><SP WIDTH="15" VPOS="555" HPOS="707"/>
							<String ID="string_84" HPOS="722" VPOS="555" WIDTH="89" HEIGHT="21" WC="0.92" CONTENT="Finland"/><SP WIDTH="15" VPOS="555" HPOS="811"/>
							<String ID="string_85" HPOS="826" VPOS="555" WIDTH="58" HEIGHT="21" WC="0.89" CONTENT="ville-"/>
						</TextLine>
						<TextLine ID="line_11" HPOS="133" VPOS="589" WIDTH="751" HEIGHT="27">
							<String ID="string_86" HPOS="133" VPOS="589" WIDTH="169" HEIGHT="21" WC="0.89" CONTENT="brädsstammen"/><SP WIDTH="23" VPOS="589" HPOS="302"/>
							<String ID="string_87" HPOS="325" VPOS="589" WIDTH="102" HEIGHT="26" WC="0.93" CONTENT="öfverallt,"/><SP WIDTH="23" VPOS="589" HPOS="427"/>
							<String ID="string_88" HPOS="450" VPOS="589" WIDTH="37" HEIGHT="21" WC="0.93" CONTENT="der"/><SP WIDTH="22" VPOS="589" HPOS="487"/>
							<String ID="string_89" HPOS="509" VPOS="589" WIDTH="71" HEIGHT="27" WC="0.95" CONTENT="fångst"/><SP WIDTH="22" VPOS="589" HPOS="580"/>
							<String ID="string_90" HPOS="602" VPOS="589" WIDTH="48" HEIGHT="21" WC="0.93" CONTENT="med"/><SP WIDTH="22" VPOS="589" HPOS="650"/>
							<String ID="string_91" HPOS="672" VPOS="589" WIDTH="59" HEIGHT="27" WC="0.91" CONTENT="giller"/><SP WIDTH="16" VPOS="589" HPOS="731"/>
							<String ID="string_92" HPOS="747" VPOS="589" WIDTH="86" HEIGHT="22" WC="0.93" CONTENT="allmänt"/><SP WIDTH="16" VPOS="589" HPOS="833"/>
							<String ID="string_93" HPOS="849" VPOS="591" WIDTH="35" HEIGHT="25" WC="0.96" CONTENT="egt"/>
						</TextLine>
						<TextLine ID="line_12" HPOS="133" VPOS="623" WIDTH="750" HEIGHT="27">
							<String ID="string_94" HPOS="133" VPOS="629" WIDTH="54" HEIGHT="19" WC="0.96" CONTENT="rum,"/><SP WIDTH="12" VPOS="629" HPOS="187"/>
							<String ID="string_95" HPOS="199" VPOS="623" WIDTH="7" HEIGHT="20" WC="0.93" CONTENT="i"/><SP WIDTH="15" VPOS="623" HPOS="206"/>
							<String ID="string_96" HPOS="221" VPOS="623" WIDTH="146" HEIGHT="21" WC="0.96" CONTENT="oroväckande"/><SP WIDTH="19" VPOS="623" HPOS="367"/>
							<String ID="string_97" HPOS="386" VPOS="623" WIDTH="51" HEIGHT="27" WC="0.93" CONTENT="grad"/><SP WIDTH="16" VPOS="623" HPOS="437"/>
							<String ID="string_98" HPOS="453" VPOS="624" WIDTH="124" HEIGHT="21" WC="0.92" CONTENT="decimerats"/><SP WIDTH="16" VPOS="624" HPOS="577"/>
							<String ID="string_99" HPOS="593" VPOS="624" WIDTH="37" HEIGHT="21" WC="0.97" CONTENT="och"/><SP WIDTH="18" VPOS="624" HPOS="630"/>
							<String ID="string_100" HPOS="648" VPOS="624" WIDTH="36" HEIGHT="21" WC="0.93" CONTENT="det"/><SP WIDTH="13" VPOS="624" HPOS="684"/>
							<String ID="string_101" HPOS="697" VPOS="623" WIDTH="57" HEIGHT="27" WC="0.92" CONTENT="förty"/><SP WIDTH="15" VPOS="623" HPOS="754"/>
							<String ID="string_102" HPOS="769" VPOS="624" WIDTH="68" HEIGHT="21" WC="0.93" CONTENT="måste"/><SP WIDTH="10" VPOS="624" HPOS="837"/>
							<String ID="string_103" HPOS="847" VPOS="630" WIDTH="36" HEIGHT="15" WC="0.90" CONTENT="an-"/>
						</TextLine>
						<TextLine ID="line_13" HPOS="133" VPOS="657" WIDTH="750" HEIGHT="27">
							<String ID="string_104" HPOS="133" VPOS="663" WIDTH="35" HEIGHT="15" WC="0.92" CONTENT="ses"/><SP WIDTH="23" VPOS="663" HPOS="168"/>
							<String ID="string_105" HPOS="191" VPOS="657" WIDTH="70" HEIGHT="26" WC="0.68" CONTENT="gifvet,"/><SP WIDTH="21" VPOS="657" HPOS="261"/>
							<String ID="string_106" HPOS="282" VPOS="659" WIDTH="31" HEIGHT="20" WC="0.95" CONTENT="att"/><SP WIDTH="23" VPOS="659" HPOS="313"/>
							<String ID="string_107" HPOS="336" VPOS="658" WIDTH="40" HEIGHT="20" WC="0.95" CONTENT="den"/><SP WIDTH="23" VPOS="658" HPOS="376"/>
							<String ID="string_108" HPOS="399" VPOS="660" WIDTH="57" HEIGHT="19" WC="0.93" CONTENT="ännu"/><SP WIDTH="22" VPOS="660" HPOS="456"/>
							<String ID="string_109" HPOS="478" VPOS="657" WIDTH="173" HEIGHT="22" WC="0.95" CONTENT="förekommande"/><SP WIDTH="20" VPOS="657" HPOS="651"/>
							<String ID="string_110" HPOS="671" VPOS="657" WIDTH="84" HEIGHT="27" WC="0.93" CONTENT="fåtaliga"/><SP WIDTH="16" VPOS="657" HPOS="755"/>
							<String ID="string_111" HPOS="771" VPOS="657" WIDTH="112" HEIGHT="22" WC="0.92" CONTENT="vildafveln"/>
						</TextLine>
						<TextLine ID="line_14" HPOS="133" VPOS="691" WIDTH="751" HEIGHT="28">
							<String ID="string_112" HPOS="133" VPOS="697" WIDTH="76" HEIGHT="21" WC="0.93" CONTENT="genom"/><SP WIDTH="24" VPOS="697" HPOS="209"/>
							<String ID="string_113" HPOS="233" VPOS="692" WIDTH="92" HEIGHT="26" WC="0.91" CONTENT="antydda"/><SP WIDTH="21" VPOS="692" HPOS="325"/>
							<String ID="string_114" HPOS="346" VPOS="691" WIDTH="114" HEIGHT="28" WC="0.91" CONTENT="fängstsätt"/><SP WIDTH="15" VPOS="691" HPOS="460"/>
							<String ID="string_115" HPOS="475" VPOS="692" WIDTH="84" HEIGHT="21" WC="0.92" CONTENT="komme"/><SP WIDTH="14" VPOS="692" HPOS="559"/>
							<String ID="string_116" HPOS="573" VPOS="694" WIDTH="31" HEIGHT="19" WC="0.96" CONTENT="att"/><SP WIDTH="15" VPOS="694" HPOS="604"/>
							<String ID="string_117" HPOS="619" VPOS="692" WIDTH="24" HEIGHT="21" WC="0.93" CONTENT="sä"/><SP WIDTH="16" VPOS="692" HPOS="643"/>
							<String ID="string_118" HPOS="659" VPOS="693" WIDTH="51" HEIGHT="25" WC="0.92" CONTENT="godt"/><SP WIDTH="15" VPOS="693" HPOS="710"/>
							<String ID="string_119" HPOS="725" VPOS="698" WIDTH="45" HEIGHT="15" WC="0.96" CONTENT="som"/><SP WIDTH="15" VPOS="698" HPOS="770"/>
							<String ID="string_120" HPOS="785" VPOS="692" WIDTH="44" HEIGHT="21" WC="0.96" CONTENT="helt"/><SP WIDTH="15" VPOS="692" HPOS="829"/>
							<String ID="string_121" HPOS="844" VPOS="692" WIDTH="40" HEIGHT="21" WC="0.96" CONTENT="och"/>
						</TextLine>
						<TextLine ID="line_15" HPOS="133" VPOS="725" WIDTH="751" HEIGHT="28">
							<String ID="string_122" HPOS="133" VPOS="725" WIDTH="65" HEIGHT="21" WC="0.95" CONTENT="hållet"/><SP WIDTH="16" VPOS="725" HPOS="198"/>
							<String ID="string_123" HPOS="214" VPOS="727" WIDTH="87" HEIGHT="24" WC="0.96" CONTENT="utrotas,"/><SP WIDTH="18" VPOS="727" HPOS="301"/>
							<String ID="string_124" HPOS="319" VPOS="726" WIDTH="66" HEIGHT="27" WC="0.93" CONTENT="ansåg"/><SP WIDTH="14" VPOS="726" HPOS="385"/>
							<String ID="string_125" HPOS="399" VPOS="726" WIDTH="100" HEIGHT="26" WC="0.42" CONTENT="komit6n,"/><SP WIDTH="16" VPOS="726" HPOS="499"/>
							<String ID="string_126" HPOS="515" VPOS="727" WIDTH="48" HEIGHT="20" WC="0.93" CONTENT="med"/><SP WIDTH="15" VPOS="727" HPOS="563"/>
							<String ID="string_127" HPOS="578" VPOS="726" WIDTH="100" HEIGHT="21" WC="0.93" CONTENT="afseende"/><SP WIDTH="11" VPOS="726" HPOS="678"/>
							<String ID="string_128" HPOS="689" VPOS="726" WIDTH="79" HEIGHT="27" WC="0.48" CONTENT="jemväl"/><SP WIDTH="16" VPOS="726" HPOS="768"/>
							<String ID="string_129" HPOS="784" VPOS="727" WIDTH="55" HEIGHT="25" WC="0.92" CONTENT="derä,"/><SP WIDTH="13" VPOS="727" HPOS="839"/>
							<String ID="string_130" HPOS="852" VPOS="728" WIDTH="32" HEIGHT="19" WC="0.96" CONTENT="att"/>
						</TextLine>
						<TextLine ID="line_16" HPOS="133" VPOS="759" WIDTH="750" HEIGHT="28">
							<String ID="string_131" HPOS="133" VPOS="759" WIDTH="71" HEIGHT="26" WC="0.90" CONTENT="fängst"/><SP WIDTH="19" VPOS="759" HPOS="204"/>
							<String ID="string_132" HPOS="223" VPOS="760" WIDTH="47" HEIGHT="21" WC="0.93" CONTENT="med"/><SP WIDTH="16" VPOS="760" HPOS="270"/>
							<String ID="string_133" HPOS="286" VPOS="760" WIDTH="60" HEIGHT="27" WC="0.93" CONTENT="giller"/><SP WIDTH="14" VPOS="760" HPOS="346"/>
							<String ID="string_134" HPOS="360" VPOS="759" WIDTH="151" HEIGHT="22" WC="0.93" CONTENT="företrädesvis"/><SP WIDTH="16" VPOS="759" HPOS="511"/>
							<String ID="string_135" HPOS="527" VPOS="760" WIDTH="86" HEIGHT="22" WC="0.93" CONTENT="idkades"/><SP WIDTH="16" VPOS="760" HPOS="613"/>
							<String ID="string_136" HPOS="629" VPOS="759" WIDTH="23" HEIGHT="22" WC="0.96" CONTENT="af"/><SP WIDTH="13" VPOS="759" HPOS="652"/>
							<String ID="string_137" HPOS="665" VPOS="760" WIDTH="40" HEIGHT="21" WC="0.97" CONTENT="den"/><SP WIDTH="16" VPOS="760" HPOS="705"/>
							<String ID="string_138" HPOS="721" VPOS="760" WIDTH="33" HEIGHT="21" WC="0.96" CONTENT="del"/><SP WIDTH="15" VPOS="760" HPOS="754"/>
							<String ID="string_139" HPOS="769" VPOS="760" WIDTH="23" HEIGHT="21" WC="0.93" CONTENT="af"/><SP WIDTH="13" VPOS="760" HPOS="792"/>
							<String ID="string_140" HPOS="805" VPOS="760" WIDTH="78" HEIGHT="21" WC="0.91" CONTENT="befolk-"/>
						</TextLine>
						<TextLine ID="line_17" HPOS="133" VPOS="794" WIDTH="751" HEIGHT="28">
							<String ID="string_141" HPOS="133" VPOS="794" WIDTH="85" HEIGHT="26" WC="0.92" CONTENT="ningen,"/><SP WIDTH="16" VPOS="794" HPOS="218"/>
							<String ID="string_142" HPOS="234" VPOS="801" WIDTH="46" HEIGHT="14" WC="0.93" CONTENT="som"/><SP WIDTH="19" VPOS="801" HPOS="280"/>
							<String ID="string_143" HPOS="299" VPOS="795" WIDTH="45" HEIGHT="20" WC="0.91" CONTENT="icke"/><SP WIDTH="20" VPOS="795" HPOS="344"/>
							<String ID="string_144" HPOS="364" VPOS="795" WIDTH="53" HEIGHT="26" WC="0.91" CONTENT="egde"/><SP WIDTH="12" VPOS="795" HPOS="417"/>
							<String ID="string_145" HPOS="429" VPOS="795" WIDTH="94" HEIGHT="27" WC="0.90" CONTENT="jagträtt,"/><SP WIDTH="16" VPOS="795" HPOS="523"/>
							<String ID="string_146" HPOS="539" VPOS="796" WIDTH="55" HEIGHT="20" WC="0.93" CONTENT="samt"/><SP WIDTH="15" VPOS="796" HPOS="594"/>
							<String ID="string_147" HPOS="609" VPOS="795" WIDTH="12" HEIGHT="20" WC="0.92" CONTENT="ä"/><SP WIDTH="16" VPOS="795" HPOS="621"/>
							<String ID="string_148" HPOS="637" VPOS="795" WIDTH="40" HEIGHT="21" WC="0.93" CONTENT="den"/><SP WIDTH="16" VPOS="795" HPOS="677"/>
							<String ID="string_149" HPOS="693" VPOS="795" WIDTH="191" HEIGHT="26" WC="0.92" CONTENT="omständigheten,"/>
						</TextLine>
						<TextLine ID="line_18" HPOS="133" VPOS="829" WIDTH="752" HEIGHT="26">
							<String ID="string_150" HPOS="133" VPOS="830" WIDTH="32" HEIGHT="19" WC="0.96" CONTENT="att"/><SP WIDTH="14" VPOS="830" HPOS="165"/>
							<String ID="string_151" HPOS="179" VPOS="835" WIDTH="25" HEIGHT="14" WC="0.96" CONTENT="en"/><SP WIDTH="17" VPOS="835" HPOS="204"/>
							<String ID="string_152" HPOS="221" VPOS="829" WIDTH="32" HEIGHT="21" WC="0.93" CONTENT="del"/><SP WIDTH="17" VPOS="829" HPOS="253"/>
							<String ID="string_153" HPOS="270" VPOS="829" WIDTH="59" HEIGHT="26" WC="0.93" CONTENT="giller"/><SP WIDTH="16" VPOS="829" HPOS="329"/>
							<String ID="string_154" HPOS="345" VPOS="829" WIDTH="63" HEIGHT="21" WC="0.96" CONTENT="redan"/><SP WIDTH="16" VPOS="829" HPOS="408"/>
							<String ID="string_155" HPOS="424" VPOS="829" WIDTH="7" HEIGHT="21" WC="0.93" CONTENT="i"/><SP WIDTH="16" VPOS="829" HPOS="431"/>
							<String ID="string_156" HPOS="447" VPOS="829" WIDTH="155" HEIGHT="22" WC="0.92" CONTENT="humanitetens"/><SP WIDTH="16" VPOS="829" HPOS="602"/>
							<String ID="string_157" HPOS="618" VPOS="829" WIDTH="91" HEIGHT="22" WC="0.96" CONTENT="intresse"/><SP WIDTH="15" VPOS="829" HPOS="709"/>
							<String ID="string_158" HPOS="724" VPOS="829" WIDTH="67" HEIGHT="22" WC="0.93" CONTENT="borde"/><SP WIDTH="11" VPOS="829" HPOS="791"/>
							<String ID="string_159" HPOS="802" VPOS="831" WIDTH="83" HEIGHT="20" WC="0.91" CONTENT="utmön-"/>
						</TextLine>
						<TextLine ID="line_19" HPOS="134" VPOS="863" WIDTH="751" HEIGHT="28">
							<String ID="string_160" HPOS="134" VPOS="865" WIDTH="61" HEIGHT="24" WC="0.88" CONTENT="stras,"/><SP WIDTH="20" VPOS="865" HPOS="195"/>
							<String ID="string_161" HPOS="215" VPOS="863" WIDTH="157" HEIGHT="28" WC="0.91" CONTENT="ofvanantydda"/><SP WIDTH="14" VPOS="863" HPOS="372"/>
							<String ID="string_162" HPOS="386" VPOS="864" WIDTH="109" HEIGHT="21" WC="0.93" CONTENT="uttalande"/><SP WIDTH="15" VPOS="864" HPOS="495"/>
							<String ID="string_163" HPOS="510" VPOS="864" WIDTH="45" HEIGHT="22" WC="0.91" CONTENT="icke"/><SP WIDTH="14" VPOS="864" HPOS="555"/>
							<String ID="string_164" HPOS="569" VPOS="863" WIDTH="73" HEIGHT="22" WC="0.96" CONTENT="kunna"/><SP WIDTH="15" VPOS="863" HPOS="642"/>
							<String ID="string_165" HPOS="657" VPOS="863" WIDTH="34" HEIGHT="22" WC="0.93" CONTENT="vid"/><SP WIDTH="15" VPOS="863" HPOS="691"/>
							<String ID="string_166" HPOS="706" VPOS="864" WIDTH="142" HEIGHT="21" WC="0.93" CONTENT="bedömandet"/><SP WIDTH="15" VPOS="864" HPOS="848"/>
							<String ID="string_167" HPOS="863" VPOS="863" WIDTH="22" HEIGHT="21" WC="0.97" CONTENT="af"/>
						</TextLine>
						<TextLine ID="line_20" HPOS="133" VPOS="897" WIDTH="673" HEIGHT="28">
							<String ID="string_168" HPOS="133" VPOS="897" WIDTH="74" HEIGHT="28" WC="0.93" CONTENT="frägan"/><SP WIDTH="16" VPOS="897" HPOS="207"/>
							<String ID="string_169" HPOS="223" VPOS="905" WIDTH="33" HEIGHT="14" WC="0.93" CONTENT="om"/><SP WIDTH="17" VPOS="905" HPOS="256"/>
							<String ID="string_170" HPOS="273" VPOS="898" WIDTH="158" HEIGHT="27" WC="0.93" CONTENT="gillerfängsten"/><SP WIDTH="16" VPOS="898" HPOS="431"/>
							<String ID="string_171" HPOS="447" VPOS="898" WIDTH="99" HEIGHT="22" WC="0.93" CONTENT="tillmätas"/><SP WIDTH="16" VPOS="898" HPOS="546"/>
							<String ID="string_172" HPOS="562" VPOS="898" WIDTH="115" HEIGHT="27" WC="0.92" CONTENT="afgörande"/><SP WIDTH="14" VPOS="898" HPOS="677"/>
							<String ID="string_173" HPOS="691" VPOS="898" WIDTH="115" HEIGHT="27" WC="0.96" CONTENT="betydelse."/>
						</TextLine>
					</TextBlock>
					<TextBlock ID="block_3" HPOS="133" VPOS="932" WIDTH="752" HEIGHT="302">
						<TextLine ID="line_21" HPOS="202" VPOS="932" WIDTH="683" HEIGHT="27">
							<String ID="string_174" HPOS="202" VPOS="932" WIDTH="134" HEIGHT="21" WC="0.86" CONTENT="Beträffande"/><SP WIDTH="19" VPOS="932" HPOS="336"/>
							<String ID="string_175" HPOS="355" VPOS="933" WIDTH="82" HEIGHT="20" WC="0.95" CONTENT="landets"/><SP WIDTH="16" VPOS="933" HPOS="437"/>
							<String ID="string_176" HPOS="453" VPOS="933" WIDTH="97" HEIGHT="26" WC="0.96" CONTENT="nordliga"/><SP WIDTH="15" VPOS="933" HPOS="550"/>
							<String ID="string_177" HPOS="565" VPOS="933" WIDTH="57" HEIGHT="21" WC="0.96" CONTENT="delar"/><SP WIDTH="16" VPOS="933" HPOS="622"/>
							<String ID="string_178" HPOS="638" VPOS="933" WIDTH="38" HEIGHT="21" WC="0.96" CONTENT="och"/><SP WIDTH="16" VPOS="933" HPOS="676"/>
							<String ID="string_179" HPOS="692" VPOS="939" WIDTH="25" HEIGHT="14" WC="0.97" CONTENT="en"/><SP WIDTH="16" VPOS="939" HPOS="717"/>
							<String ID="string_180" HPOS="733" VPOS="933" WIDTH="34" HEIGHT="21" WC="0.93" CONTENT="del"/><SP WIDTH="16" VPOS="933" HPOS="767"/>
							<String ID="string_181" HPOS="783" VPOS="933" WIDTH="80" HEIGHT="20" WC="0.96" CONTENT="trakter"/><SP WIDTH="15" VPOS="933" HPOS="863"/>
							<String ID="string_182" HPOS="878" VPOS="932" WIDTH="7" HEIGHT="20" WC="0.96" CONTENT="i"/>
						</TextLine>
						<TextLine ID="line_22" HPOS="133" VPOS="967" WIDTH="751" HEIGHT="28">
							<String ID="string_183" HPOS="133" VPOS="968" WIDTH="58" HEIGHT="20" WC="0.95" CONTENT="östra"/><SP WIDTH="21" VPOS="968" HPOS="191"/>
							<String ID="string_184" HPOS="212" VPOS="967" WIDTH="97" HEIGHT="26" WC="0.93" CONTENT="Finland,"/><SP WIDTH="15" VPOS="967" HPOS="309"/>
							<String ID="string_185" HPOS="324" VPOS="967" WIDTH="86" HEIGHT="21" WC="0.96" CONTENT="hvarest"/><SP WIDTH="15" VPOS="967" HPOS="410"/>
							<String ID="string_186" HPOS="425" VPOS="967" WIDTH="114" HEIGHT="27" WC="0.95" CONTENT="tillgången"/><SP WIDTH="15" VPOS="967" HPOS="539"/>
							<String ID="string_187" HPOS="554" VPOS="968" WIDTH="28" HEIGHT="27" WC="0.93" CONTENT="pä"/><SP WIDTH="14" VPOS="968" HPOS="582"/>
							<String ID="string_188" HPOS="596" VPOS="967" WIDTH="102" HEIGHT="21" WC="0.95" CONTENT="villebråd"/><SP WIDTH="15" VPOS="967" HPOS="698"/>
							<String ID="string_189" HPOS="713" VPOS="967" WIDTH="6" HEIGHT="20" WC="0.96" CONTENT="i"/><SP WIDTH="15" VPOS="967" HPOS="719"/>
							<String ID="string_190" HPOS="734" VPOS="967" WIDTH="52" HEIGHT="27" WC="0.96" CONTENT="följd"/><SP WIDTH="13" VPOS="967" HPOS="786"/>
							<String ID="string_191" HPOS="799" VPOS="967" WIDTH="22" HEIGHT="20" WC="0.93" CONTENT="af"/><SP WIDTH="8" VPOS="967" HPOS="821"/>
							<String ID="string_192" HPOS="829" VPOS="967" WIDTH="55" HEIGHT="26" WC="0.89" CONTENT="jem-"/>
						</TextLine>
						<TextLine ID="line_23" HPOS="133" VPOS="1001" WIDTH="751" HEIGHT="28">
							<String ID="string_193" HPOS="133" VPOS="1001" WIDTH="111" HEIGHT="22" WC="0.91" CONTENT="förelsevis"/><SP WIDTH="22" VPOS="1001" HPOS="244"/>
							<String ID="string_194" HPOS="266" VPOS="1001" WIDTH="81" HEIGHT="28" WC="0.91" CONTENT="glesare"/><SP WIDTH="24" VPOS="1001" HPOS="347"/>
							<String ID="string_195" HPOS="371" VPOS="1001" WIDTH="122" HEIGHT="28" WC="0.91" CONTENT="befolkning"/><SP WIDTH="22" VPOS="1001" HPOS="493"/>
							<String ID="string_196" HPOS="515" VPOS="1004" WIDTH="57" HEIGHT="19" WC="0.96" CONTENT="ännu"/><SP WIDTH="22" VPOS="1004" HPOS="572"/>
							<String ID="string_197" HPOS="594" VPOS="1008" WIDTH="37" HEIGHT="14" WC="0.93" CONTENT="var"/><SP WIDTH="21" VPOS="1008" HPOS="631"/>
							<String ID="string_198" HPOS="652" VPOS="1001" WIDTH="99" HEIGHT="27" WC="0.92" CONTENT="rikligare"/><SP WIDTH="15" VPOS="1001" HPOS="751"/>
							<String ID="string_199" HPOS="766" VPOS="1001" WIDTH="40" HEIGHT="21" WC="0.93" CONTENT="och"/><SP WIDTH="14" VPOS="1001" HPOS="806"/>
							<String ID="string_200" HPOS="820" VPOS="1001" WIDTH="64" HEIGHT="27" WC="0.92" CONTENT="fägel-"/>
						</TextLine>
						<TextLine ID="line_24" HPOS="133" VPOS="1035" WIDTH="752" HEIGHT="28">
							<String ID="string_201" HPOS="133" VPOS="1035" WIDTH="98" HEIGHT="27" WC="0.93" CONTENT="fångsten"/><SP WIDTH="26" VPOS="1035" HPOS="231"/>
							<String ID="string_202" HPOS="257" VPOS="1035" WIDTH="110" HEIGHT="22" WC="0.86" CONTENT="utöfvades"/><SP WIDTH="28" VPOS="1035" HPOS="367"/>
							<String ID="string_203" HPOS="395" VPOS="1042" WIDTH="46" HEIGHT="15" WC="0.90" CONTENT="som"/><SP WIDTH="26" VPOS="1042" HPOS="441"/>
							<String ID="string_204" HPOS="467" VPOS="1036" WIDTH="142" HEIGHT="27" WC="0.90" CONTENT="näringsfäng,"/><SP WIDTH="23" VPOS="1036" HPOS="609"/>
							<String ID="string_205" HPOS="632" VPOS="1035" WIDTH="51" HEIGHT="22" WC="0.93" CONTENT="fann"/><SP WIDTH="23" VPOS="1035" HPOS="683"/>
							<String ID="string_206" HPOS="706" VPOS="1035" WIDTH="93" HEIGHT="21" WC="0.52" CONTENT="komiten"/><SP WIDTH="23" VPOS="1035" HPOS="799"/>
							<String ID="string_207" HPOS="822" VPOS="1035" WIDTH="63" HEIGHT="21" WC="0.95" CONTENT="likväl"/>
						</TextLine>
						<TextLine ID="line_25" HPOS="134" VPOS="1069" WIDTH="751" HEIGHT="28">
							<String ID="string_208" HPOS="134" VPOS="1069" WIDTH="121" HEIGHT="22" WC="0.93" CONTENT="omedelbar"/><SP WIDTH="23" VPOS="1069" HPOS="255"/>
							<String ID="string_209" HPOS="278" VPOS="1070" WIDTH="116" HEIGHT="27" WC="0.69" CONTENT="öfvergäng"/><SP WIDTH="22" VPOS="1070" HPOS="394"/>
							<String ID="string_210" HPOS="416" VPOS="1070" WIDTH="31" HEIGHT="21" WC="0.96" CONTENT="till"/><SP WIDTH="20" VPOS="1070" HPOS="447"/>
							<String ID="string_211" HPOS="467" VPOS="1072" WIDTH="30" HEIGHT="19" WC="0.93" CONTENT="ett"/><SP WIDTH="18" VPOS="1072" HPOS="497"/>
							<String ID="string_212" HPOS="515" VPOS="1069" WIDTH="121" HEIGHT="28" WC="0.92" CONTENT="ovilkorligt"/><SP WIDTH="14" VPOS="1069" HPOS="636"/>
							<String ID="string_213" HPOS="650" VPOS="1069" WIDTH="77" HEIGHT="22" WC="0.96" CONTENT="förbud"/><SP WIDTH="15" VPOS="1069" HPOS="727"/>
							<String ID="string_214" HPOS="742" VPOS="1071" WIDTH="31" HEIGHT="20" WC="0.96" CONTENT="att"/><SP WIDTH="15" VPOS="1071" HPOS="773"/>
							<String ID="string_215" HPOS="788" VPOS="1070" WIDTH="97" HEIGHT="21" WC="0.96" CONTENT="använda"/>
						</TextLine>
						<TextLine ID="line_26" HPOS="135" VPOS="1103" WIDTH="750" HEIGHT="28">
							<String ID="string_216" HPOS="135" VPOS="1104" WIDTH="59" HEIGHT="27" WC="0.58" CONTENT="giller"/><SP WIDTH="16" VPOS="1104" HPOS="194"/>
							<String ID="string_217" HPOS="210" VPOS="1104" WIDTH="104" HEIGHT="22" WC="0.95" CONTENT="måhända"/><SP WIDTH="15" VPOS="1104" HPOS="314"/>
							<String ID="string_218" HPOS="329" VPOS="1104" WIDTH="64" HEIGHT="21" WC="0.95" CONTENT="blifva"/><SP WIDTH="15" VPOS="1104" HPOS="393"/>
							<String ID="string_219" HPOS="408" VPOS="1104" WIDTH="33" HEIGHT="21" WC="0.93" CONTENT="för"/><SP WIDTH="16" VPOS="1104" HPOS="441"/>
							<String ID="string_220" HPOS="457" VPOS="1105" WIDTH="62" HEIGHT="26" WC="0.96" CONTENT="skarp"/><SP WIDTH="16" VPOS="1105" HPOS="519"/>
							<String ID="string_221" HPOS="535" VPOS="1105" WIDTH="38" HEIGHT="20" WC="0.93" CONTENT="och"/><SP WIDTH="15" VPOS="1105" HPOS="573"/>
							<String ID="string_222" HPOS="588" VPOS="1104" WIDTH="93" HEIGHT="27" WC="0.96" CONTENT="föreslog"/><SP WIDTH="16" VPOS="1104" HPOS="681"/>
							<String ID="string_223" HPOS="697" VPOS="1103" WIDTH="70" HEIGHT="22" WC="0.96" CONTENT="derför"/><SP WIDTH="16" VPOS="1103" HPOS="767"/>
							<String ID="string_224" HPOS="783" VPOS="1105" WIDTH="30" HEIGHT="20" WC="0.93" CONTENT="ett"/><SP WIDTH="16" VPOS="1105" HPOS="813"/>
							<String ID="string_225" HPOS="829" VPOS="1104" WIDTH="56" HEIGHT="21" WC="0.93" CONTENT="stad-"/>
						</TextLine>
						<TextLine ID="line_27" HPOS="135" VPOS="1138" WIDTH="750" HEIGHT="28">
							<String ID="string_226" HPOS="135" VPOS="1139" WIDTH="73" HEIGHT="26" WC="0.92" CONTENT="gande,"/><SP WIDTH="17" VPOS="1139" HPOS="208"/>
							<String ID="string_227" HPOS="225" VPOS="1139" WIDTH="65" HEIGHT="27" WC="0.93" CONTENT="enligt"/><SP WIDTH="15" VPOS="1139" HPOS="290"/>
							<String ID="string_228" HPOS="305" VPOS="1139" WIDTH="80" HEIGHT="21" WC="0.91" CONTENT="hvilket"/><SP WIDTH="16" VPOS="1139" HPOS="385"/>
							<String ID="string_229" HPOS="401" VPOS="1139" WIDTH="148" HEIGHT="26" WC="0.92" CONTENT="begagnandet"/><SP WIDTH="14" VPOS="1139" HPOS="549"/>
							<String ID="string_230" HPOS="563" VPOS="1138" WIDTH="22" HEIGHT="22" WC="0.93" CONTENT="af"/><SP WIDTH="14" VPOS="1138" HPOS="585"/>
							<String ID="string_231" HPOS="599" VPOS="1138" WIDTH="61" HEIGHT="21" WC="0.93" CONTENT="fällor"/><SP WIDTH="16" VPOS="1138" HPOS="660"/>
							<String ID="string_232" HPOS="676" VPOS="1138" WIDTH="37" HEIGHT="21" WC="0.93" CONTENT="och"/><SP WIDTH="14" VPOS="1138" HPOS="713"/>
							<String ID="string_233" HPOS="727" VPOS="1144" WIDTH="76" HEIGHT="15" WC="0.92" CONTENT="snaror"/><SP WIDTH="14" VPOS="1144" HPOS="803"/>
							<String ID="string_234" HPOS="817" VPOS="1138" WIDTH="68" HEIGHT="21" WC="0.96" CONTENT="skulle"/>
						</TextLine>
						<TextLine ID="line_28" HPOS="134" VPOS="1171" WIDTH="751" HEIGHT="28">
							<String ID="string_235" HPOS="134" VPOS="1173" WIDTH="55" HEIGHT="21" WC="0.92" CONTENT="varit"/><SP WIDTH="23" VPOS="1173" HPOS="189"/>
							<String ID="string_236" HPOS="212" VPOS="1173" WIDTH="77" HEIGHT="21" WC="0.95" CONTENT="tillåtet"/><SP WIDTH="18" VPOS="1173" HPOS="289"/>
							<String ID="string_237" HPOS="307" VPOS="1174" WIDTH="3" HEIGHT="20" WC="0.93" CONTENT="i"/><SP WIDTH="15" VPOS="1174" HPOS="310"/>
							<String ID="string_238" HPOS="325" VPOS="1173" WIDTH="120" HEIGHT="26" WC="0.96" CONTENT="Uleåborgs"/><SP WIDTH="16" VPOS="1173" HPOS="445"/>
							<String ID="string_239" HPOS="461" VPOS="1173" WIDTH="32" HEIGHT="21" WC="0.93" CONTENT="län"/><SP WIDTH="17" VPOS="1173" HPOS="493"/>
							<String ID="string_240" HPOS="510" VPOS="1173" WIDTH="109" HEIGHT="21" WC="0.95" CONTENT="äfvensom"/><SP WIDTH="15" VPOS="1173" HPOS="619"/>
							<String ID="string_241" HPOS="634" VPOS="1173" WIDTH="7" HEIGHT="20" WC="0.96" CONTENT="i"/><SP WIDTH="16" VPOS="1173" HPOS="641"/>
							<String ID="string_242" HPOS="657" VPOS="1173" WIDTH="25" HEIGHT="20" WC="0.93" CONTENT="de"/><SP WIDTH="15" VPOS="1173" HPOS="682"/>
							<String ID="string_243" HPOS="697" VPOS="1172" WIDTH="80" HEIGHT="21" WC="0.96" CONTENT="trakter"/><SP WIDTH="15" VPOS="1172" HPOS="777"/>
							<String ID="string_244" HPOS="792" VPOS="1171" WIDTH="23" HEIGHT="22" WC="0.96" CONTENT="af"/><SP WIDTH="13" VPOS="1171" HPOS="815"/>
							<String ID="string_245" HPOS="828" VPOS="1174" WIDTH="57" HEIGHT="19" WC="0.96" CONTENT="östra"/>
						</TextLine>
						<TextLine ID="line_29" HPOS="134" VPOS="1206" WIDTH="560" HEIGHT="28">
							<String ID="string_246" HPOS="134" VPOS="1207" WIDTH="96" HEIGHT="25" WC="0.93" CONTENT="Finland,"/><SP WIDTH="15" VPOS="1207" HPOS="230"/>
							<String ID="string_247" HPOS="245" VPOS="1206" WIDTH="135" HEIGHT="22" WC="0.92" CONTENT="förestäende"/><SP WIDTH="15" VPOS="1206" HPOS="380"/>
							<String ID="string_248" HPOS="395" VPOS="1207" WIDTH="173" HEIGHT="27" WC="0.92" CONTENT="motionsförslag"/><SP WIDTH="15" VPOS="1207" HPOS="568"/>
							<String ID="string_249" HPOS="583" VPOS="1208" WIDTH="111" HEIGHT="26" WC="0.92" CONTENT="upptager."/>
						</TextLine>
					</TextBlock>
					<TextBlock ID="block_4" HPOS="134" VPOS="1240" WIDTH="754" HEIGHT="265">
						<TextLine ID="line_30" HPOS="203" VPOS="1240" WIDTH="681" HEIGHT="28">
							<String ID="string_250" HPOS="203" VPOS="1242" WIDTH="33" HEIGHT="20" WC="0.93" CONTENT="En"/><SP WIDTH="16" VPOS="1242" HPOS="236"/>
							<String ID="string_251" HPOS="252" VPOS="1241" WIDTH="56" HEIGHT="27" WC="0.92" CONTENT="dylik"/><SP WIDTH="15" VPOS="1241" HPOS="308"/>
							<String ID="string_252" HPOS="323" VPOS="1241" WIDTH="256" HEIGHT="27" WC="0.91" CONTENT="undantagsbestämning"/><SP WIDTH="14" VPOS="1241" HPOS="579"/>
							<String ID="string_253" HPOS="593" VPOS="1241" WIDTH="71" HEIGHT="26" WC="0.93" CONTENT="ingick"/><SP WIDTH="15" VPOS="1241" HPOS="664"/>
							<String ID="string_254" HPOS="679" VPOS="1240" WIDTH="61" HEIGHT="21" WC="0.93" CONTENT="äfven"/><SP WIDTH="16" VPOS="1240" HPOS="740"/>
							<String ID="string_255" HPOS="756" VPOS="1240" WIDTH="7" HEIGHT="21" WC="0.96" CONTENT="i"/><SP WIDTH="12" VPOS="1240" HPOS="763"/>
							<String ID="string_256" HPOS="775" VPOS="1241" WIDTH="40" HEIGHT="20" WC="0.96" CONTENT="den"/><SP WIDTH="16" VPOS="1241" HPOS="815"/>
							<String ID="string_257" HPOS="831" VPOS="1240" WIDTH="53" HEIGHT="21" WC="0.96" CONTENT="1897"/>
						</TextLine>
						<TextLine ID="line_31" HPOS="134" VPOS="1274" WIDTH="751" HEIGHT="28">
							<String ID="string_258" HPOS="134" VPOS="1275" WIDTH="35" HEIGHT="21" WC="0.91" CONTENT="ärs"/><SP WIDTH="16" VPOS="1275" HPOS="169"/>
							<String ID="string_259" HPOS="185" VPOS="1275" WIDTH="90" HEIGHT="21" WC="0.92" CONTENT="Ständer"/><SP WIDTH="15" VPOS="1275" HPOS="275"/>
							<String ID="string_260" HPOS="290" VPOS="1275" WIDTH="109" HEIGHT="26" WC="0.93" CONTENT="förelagda"/><SP WIDTH="14" VPOS="1275" HPOS="399"/>
							<String ID="string_261" HPOS="413" VPOS="1275" WIDTH="77" HEIGHT="27" WC="0.92" CONTENT="nädiga"/><SP WIDTH="14" VPOS="1275" HPOS="490"/>
							<String ID="string_262" HPOS="504" VPOS="1275" WIDTH="160" HEIGHT="27" WC="0.93" CONTENT="propositionen"/><SP WIDTH="16" VPOS="1275" HPOS="664"/>
							<String ID="string_263" HPOS="680" VPOS="1275" WIDTH="109" HEIGHT="26" WC="0.92" CONTENT="angäende"/><SP WIDTH="14" VPOS="1275" HPOS="789"/>
							<String ID="string_264" HPOS="803" VPOS="1274" WIDTH="82" HEIGHT="21" WC="0.93" CONTENT="förord-"/>
						</TextLine>
						<TextLine ID="line_32" HPOS="134" VPOS="1308" WIDTH="751" HEIGHT="28">
							<String ID="string_265" HPOS="134" VPOS="1309" WIDTH="53" HEIGHT="27" WC="0.96" CONTENT="ning"/><SP WIDTH="22" VPOS="1309" HPOS="187"/>
							<String ID="string_266" HPOS="209" VPOS="1315" WIDTH="33" HEIGHT="15" WC="0.93" CONTENT="om"/><SP WIDTH="24" VPOS="1315" HPOS="242"/>
							<String ID="string_267" HPOS="266" VPOS="1309" WIDTH="51" HEIGHT="27" WC="0.92" CONTENT="jagt,"/><SP WIDTH="24" VPOS="1309" HPOS="317"/>
							<String ID="string_268" HPOS="341" VPOS="1309" WIDTH="38" HEIGHT="21" WC="0.96" CONTENT="och"/><SP WIDTH="22" VPOS="1309" HPOS="379"/>
							<String ID="string_269" HPOS="401" VPOS="1309" WIDTH="32" HEIGHT="21" WC="0.96" CONTENT="till"/><SP WIDTH="22" VPOS="1309" HPOS="433"/>
							<String ID="string_270" HPOS="455" VPOS="1309" WIDTH="48" HEIGHT="21" WC="0.96" CONTENT="stöd"/><SP WIDTH="14" VPOS="1309" HPOS="503"/>
							<String ID="string_271" HPOS="517" VPOS="1309" WIDTH="32" HEIGHT="21" WC="0.93" CONTENT="för"/><SP WIDTH="16" VPOS="1309" HPOS="549"/>
							<String ID="string_272" HPOS="565" VPOS="1309" WIDTH="123" HEIGHT="21" WC="0.92" CONTENT="densamma"/><SP WIDTH="15" VPOS="1309" HPOS="688"/>
							<String ID="string_273" HPOS="703" VPOS="1308" WIDTH="98" HEIGHT="22" WC="0.92" CONTENT="anfördes"/><SP WIDTH="17" VPOS="1308" HPOS="801"/>
							<String ID="string_274" HPOS="818" VPOS="1308" WIDTH="67" HEIGHT="21" WC="0.96" CONTENT="under"/>
						</TextLine>
						<TextLine ID="line_33" HPOS="135" VPOS="1342" WIDTH="750" HEIGHT="26">
							<String ID="string_275" HPOS="135" VPOS="1344" WIDTH="99" HEIGHT="19" WC="0.95" CONTENT="ärendets"/><SP WIDTH="16" VPOS="1344" HPOS="234"/>
							<String ID="string_276" HPOS="250" VPOS="1343" WIDTH="129" HEIGHT="25" WC="0.96" CONTENT="behandling"/><SP WIDTH="14" VPOS="1343" HPOS="379"/>
							<String ID="string_277" HPOS="393" VPOS="1343" WIDTH="36" HEIGHT="20" WC="0.93" CONTENT="vid"/><SP WIDTH="14" VPOS="1343" HPOS="429"/>
							<String ID="string_278" HPOS="443" VPOS="1343" WIDTH="128" HEIGHT="25" WC="0.79" CONTENT="landtdagen"/><SP WIDTH="17" VPOS="1343" HPOS="571"/>
							<String ID="string_279" HPOS="588" VPOS="1348" WIDTH="81" HEIGHT="15" WC="0.96" CONTENT="samma"/><SP WIDTH="14" VPOS="1348" HPOS="669"/>
							<String ID="string_280" HPOS="683" VPOS="1343" WIDTH="51" HEIGHT="23" WC="0.94" CONTENT="skäl,"/><SP WIDTH="16" VPOS="1343" HPOS="734"/>
							<String ID="string_281" HPOS="750" VPOS="1348" WIDTH="46" HEIGHT="14" WC="0.93" CONTENT="som"/><SP WIDTH="14" VPOS="1348" HPOS="796"/>
							<String ID="string_282" HPOS="810" VPOS="1342" WIDTH="75" HEIGHT="20" WC="0.91" CONTENT="motio-"/>
						</TextLine>
						<TextLine ID="line_34" HPOS="135" VPOS="1374" WIDTH="753" HEIGHT="28">
							<String ID="string_283" HPOS="135" VPOS="1379" WIDTH="90" HEIGHT="18" WC="0.82" CONTENT="närerna"/><SP WIDTH="25" VPOS="1379" HPOS="225"/>
							<String ID="string_284" HPOS="250" VPOS="1383" WIDTH="29" HEIGHT="14" WC="0.91" CONTENT="nu"/><SP WIDTH="30" VPOS="1383" HPOS="279"/>
							<String ID="string_285" HPOS="309" VPOS="1376" WIDTH="113" HEIGHT="26" WC="0.80" CONTENT="förebragt."/><SP WIDTH="29" VPOS="1376" HPOS="422"/>
							<String ID="string_286" HPOS="451" VPOS="1375" WIDTH="49" HEIGHT="21" WC="0.93" CONTENT="Men"/><SP WIDTH="22" VPOS="1375" HPOS="500"/>
							<String ID="string_287" HPOS="522" VPOS="1375" WIDTH="160" HEIGHT="26" WC="0.95" CONTENT="bestämningen"/><SP WIDTH="23" VPOS="1375" HPOS="682"/>
							<String ID="string_288" HPOS="705" VPOS="1374" WIDTH="43" HEIGHT="22" WC="0.95" CONTENT="blef"/><SP WIDTH="20" VPOS="1374" HPOS="748"/>
							<String ID="string_289" HPOS="768" VPOS="1375" WIDTH="75" HEIGHT="21" WC="0.96" CONTENT="endast"/><SP WIDTH="23" VPOS="1375" HPOS="843"/>
							<String ID="string_290" HPOS="866" VPOS="1374" WIDTH="22" HEIGHT="21" WC="0.96" CONTENT="af"/>
						</TextLine>
						<TextLine ID="line_35" HPOS="136" VPOS="1409" WIDTH="750" HEIGHT="27">
							<String ID="string_291" HPOS="136" VPOS="1410" WIDTH="161" HEIGHT="21" WC="0.92" CONTENT="Presteständet"/><SP WIDTH="18" VPOS="1410" HPOS="297"/>
							<String ID="string_292" HPOS="315" VPOS="1409" WIDTH="48" HEIGHT="21" WC="0.93" CONTENT="med"/><SP WIDTH="15" VPOS="1409" HPOS="363"/>
							<String ID="string_293" HPOS="378" VPOS="1409" WIDTH="61" HEIGHT="27" WC="0.92" CONTENT="ringa"/><SP WIDTH="14" VPOS="1409" HPOS="439"/>
							<String ID="string_294" HPOS="453" VPOS="1409" WIDTH="151" HEIGHT="26" WC="0.92" CONTENT="röstöfvervigt"/><SP WIDTH="15" VPOS="1409" HPOS="604"/>
							<String ID="string_295" HPOS="619" VPOS="1410" WIDTH="97" HEIGHT="25" WC="0.92" CONTENT="antagen,"/><SP WIDTH="16" VPOS="1410" HPOS="716"/>
							<String ID="string_296" HPOS="732" VPOS="1409" WIDTH="111" HEIGHT="21" WC="0.92" CONTENT="hvaremot"/><SP WIDTH="17" VPOS="1409" HPOS="843"/>
							<String ID="string_297" HPOS="860" VPOS="1409" WIDTH="26" HEIGHT="20" WC="0.96" CONTENT="de"/>
						</TextLine>
						<TextLine ID="line_36" HPOS="135" VPOS="1443" WIDTH="750" HEIGHT="29">
							<String ID="string_298" HPOS="135" VPOS="1445" WIDTH="66" HEIGHT="27" WC="0.93" CONTENT="öfriga"/><SP WIDTH="24" VPOS="1445" HPOS="201"/>
							<String ID="string_299" HPOS="225" VPOS="1444" WIDTH="99" HEIGHT="26" WC="0.92" CONTENT="Ständen,"/><SP WIDTH="23" VPOS="1444" HPOS="324"/>
							<String ID="string_300" HPOS="347" VPOS="1444" WIDTH="28" HEIGHT="27" WC="0.96" CONTENT="pä"/><SP WIDTH="19" VPOS="1444" HPOS="375"/>
							<String ID="string_301" HPOS="394" VPOS="1443" WIDTH="80" HEIGHT="27" WC="0.93" CONTENT="förslag"/><SP WIDTH="28" VPOS="1443" HPOS="474"/>
							<String ID="string_302" HPOS="502" VPOS="1443" WIDTH="23" HEIGHT="21" WC="0.92" CONTENT="af"/><SP WIDTH="19" VPOS="1443" HPOS="525"/>
							<String ID="string_303" HPOS="544" VPOS="1444" WIDTH="53" HEIGHT="26" WC="0.80" CONTENT="Leg-"/><SP WIDTH="19" VPOS="1444" HPOS="597"/>
							<String ID="string_304" HPOS="616" VPOS="1443" WIDTH="38" HEIGHT="21" WC="0.91" CONTENT="och"/><SP WIDTH="16" VPOS="1443" HPOS="654"/>
							<String ID="string_305" HPOS="670" VPOS="1443" WIDTH="215" HEIGHT="22" WC="0.91" CONTENT="Ekonomiutskottet,"/>
						</TextLine>
						<TextLine ID="line_37" HPOS="136" VPOS="1477" WIDTH="751" HEIGHT="28">
							<String ID="string_306" HPOS="136" VPOS="1479" WIDTH="82" HEIGHT="22" WC="0.90" CONTENT="beslöto"/><SP WIDTH="24" VPOS="1479" HPOS="218"/>
							<String ID="string_307" HPOS="242" VPOS="1478" WIDTH="115" HEIGHT="22" WC="0.90" CONTENT="inskränka"/><SP WIDTH="22" VPOS="1478" HPOS="357"/>
							<String ID="string_308" HPOS="379" VPOS="1478" WIDTH="126" HEIGHT="27" WC="0.92" CONTENT="rättigheten"/><SP WIDTH="23" VPOS="1478" HPOS="505"/>
							<String ID="string_309" HPOS="528" VPOS="1479" WIDTH="31" HEIGHT="20" WC="0.96" CONTENT="att"/><SP WIDTH="19" VPOS="1479" HPOS="559"/>
							<String ID="string_310" HPOS="578" VPOS="1477" WIDTH="97" HEIGHT="21" WC="0.93" CONTENT="använda"/><SP WIDTH="15" VPOS="1477" HPOS="675"/>
							<String ID="string_311" HPOS="690" VPOS="1477" WIDTH="59" HEIGHT="27" WC="0.92" CONTENT="giller"/><SP WIDTH="16" VPOS="1477" HPOS="749"/>
							<String ID="string_312" HPOS="765" VPOS="1477" WIDTH="31" HEIGHT="21" WC="0.96" CONTENT="till"/><SP WIDTH="15" VPOS="1477" HPOS="796"/>
							<String ID="string_313" HPOS="811" VPOS="1477" WIDTH="76" HEIGHT="21" WC="0.96" CONTENT="endast"/>
						</TextLine>
					</TextBlock>
				</ComposedBlock>
				<ComposedBlock ID="cblock_2" HPOS="204" VPOS="1522" WIDTH="486" HEIGHT="25">
					<TextBlock ID="block_5" HPOS="204" VPOS="1522" WIDTH="486" HEIGHT="25">
						<TextLine ID="line_38" HPOS="204" VPOS="1522" WIDTH="486" HEIGHT="25">
							<String ID="string_314" HPOS="204" VPOS="1526" WIDTH="46" HEIGHT="21" WC="0.65" CONTENT="Zag-"/><SP WIDTH="13" VPOS="1526" HPOS="250"/>
							<String ID="string_315" HPOS="263" VPOS="1524" WIDTH="31" HEIGHT="18" WC="0.92" CONTENT="och"/><SP WIDTH="14" VPOS="1524" HPOS="294"/>
							<String ID="string_316" HPOS="308" VPOS="1523" WIDTH="183" HEIGHT="19" WC="0.91" CONTENT="Ekonomiutskottets"/><SP WIDTH="13" VPOS="1523" HPOS="491"/>
							<String ID="string_317" HPOS="504" VPOS="1522" WIDTH="110" HEIGHT="18" WC="0.95" CONTENT="betänkande"/><SP WIDTH="13" VPOS="1522" HPOS="614"/>
							<String ID="string_318" HPOS="627" VPOS="1524" WIDTH="34" HEIGHT="16" WC="0.92" CONTENT="N:o"/><SP WIDTH="12" VPOS="1524" HPOS="661"/>
							<String ID="string_319" HPOS="673" VPOS="1522" WIDTH="17" HEIGHT="18" WC="0.96" CONTENT="2."/>
						</TextLine>
					</TextBlock>
				</ComposedBlock>
			</PrintSpace>
		</Page>
	</Layout>
</alto>
