1061 1711
227 155 27 22 12
392 153 270 23 Petitionsbetänkande
675 153 41 22 N:o
731 153 35 22 28.

267 223 96 27 DenEtill
379 223 127 26 premiering
522 222 23 21 af
555 223 102 26 hingstar,
670 222 29 21 föl
711 222 38 21 och
762 223 48 20 ston
823 223 48 20 med
879 222 29 21 föl
916 222 36 21 vid

199 257 60 22 sidan
276 257 101 26 anslagna
392 263 96 15 summan
504 257 23 21 af
541 257 63 26 5,000
620 257 66 25 mark,
702 256 75 21 hvaraf
787 257 65 24 3,000
863 257 6 20 i
881 259 71 24 poster

199 298 34 15 om
253 292 42 21 250
315 290 12 22 å
342 292 42 20 350
399 292 61 20 mark
475 290 97 27 utgifvits
587 291 22 21 åt
624 290 82 21 landets
722 290 232 26 hästvänsföreningar,

199 328 23 19 är
241 326 59 20 äfven
321 325 64 26 enligt
404 324 122 22 Utskottets
545 325 55 26 åsigt
618 324 89 22 alldeles
723 324 135 27 otillräcklig.
888 324 9 21 TI
915 325 37 21 sitt

199 360 62 21 ofvan
278 359 134 26 omnämnda,
428 359 83 27 nyligen
528 359 32 21 till
576 358 90 22 Senaten
682 358 121 21 inlemnade
817 358 80 27 förslag
913 359 39 21 har

201 394 232 26 Landtbrukstyrelsen
449 394 100 20 hemstält
563 400 33 14 om
614 392 119 27 beviljande
747 393 24 20 af
785 393 74 21 inalles
876 394 76 25 19,500

199 429 60 21 mark
281 428 34 21 till
338 428 136 21 anordnande
497 427 23 21 af
540 427 204 26 hästutställningar.
777 427 75 21 Denna
871 434 81 15 summa

199 463 70 21 borde
289 462 67 27 enligt
371 461 252 28 Landtbruksstyrelsens
639 461 55 27 åsigt
709 461 94 22 fördelas
819 462 89 21 emellan
926 462 26 21 13

200 497 23 21 af
229 497 84 21 landets
322 496 156 27 hushällnings-
488 496 38 21 och
535 496 220 27 landtbrukssällskap
765 497 46 20 med
821 497 62 26 1,500
891 497 60 21 mark

201 531 22 22 åt
233 531 73 27 hvarje
319 531 100 26 sällskap.
442 531 33 21 Då
488 530 116 22 emellertid
616 530 198 27 hästutställoingar
826 531 39 20 och
877 531 75 21 främst

200 566 150 26 utställningar
371 565 23 21 af
414 565 30 21 föl
466 565 38 21 och
520 567 48 19 ston
585 565 47 21 med
647 565 29 21 föl
691 565 34 21 vid
741 565 60 21 sidan
817 567 36 19 äro
870 565 22 21 af
905 568 45 18 stor

200 600 109 27 betydelse
330 600 33 20 för
385 598 146 28 befrämjande
553 600 23 20 af
596 599 126 27 hästafveln,
739 600 39 20 och
795 600 27 20 då
837 602 26 19 än
879 600 73 21 vidare

201 634 62 22 ofvan
279 634 91 21 nämnda
378 634 105 26 sällskaps
493 633 245 22 verksamhetsområden
748 634 67 21 delvis
824 636 36 19 äro
869 634 81 26 ganska

199 668 131 22 vidsträckta
352 670 55 19 samt
430 668 98 27 möjligen
551 668 61 22 äfven
635 668 67 21 andra
724 668 93 27 sällskap
841 670 26 20 än
886 669 26 21 de
929 668 24 22 af

200 703 242 26 Landtbruksstyrelsen
460 703 121 26 föreslagna
596 702 66 22 borde
675 703 84 21 komma
774 703 7 20 i
797 703 123 27 åtnjutande
929 703 24 22 af

201 737 122 28 understöd,
347 738 38 20 och
408 738 27 20 då
458 738 107 21 dessutom
586 737 110 27 högeligen
718 737 117 21 önskvärdt
853 744 50 15 vore
919 740 33 20 att

201 772 128 21 åtminstone
351 772 148 27 utställningar
518 772 23 22 af
554 772 30 22 föl
600 772 39 22 och
656 772 114 27 unghästar
786 772 80 27 årligen
881 773 71 22 kunde

201 807 106 21 anordnas
329 806 111 22 ferstädes
462 808 56 20 inom
540 806 73 27 hvarje
629 807 41 25 län,
687 807 54 21 helst
756 807 56 21 inom
827 808 73 26 hvarje
915 808 37 20 hä-

200 841 46 26 rad,
263 841 84 21 hvartill
364 841 54 20 dock
434 842 36 19 det
485 842 23 20 af
522 841 239 26 Landtbruksstyrelsen
777 841 119 27 föreslagna
912 848 37 15 an-

200 875 68 27 slaget
291 875 46 21 icke
353 881 37 15 ens
406 876 135 20 närmelsevis
557 876 41 20 kan
614 875 72 26 förslå,
702 875 66 21 borde
783 876 67 26 enligt
864 876 88 21 Utskot-

200 912 41 19 tets
265 909 57 27 åsigt
344 911 68 19 denna
435 911 134 26 anslagspost
589 909 61 27 höjas
666 910 32 21 till
713 911 63 19 minst
791 911 78 25 50,000
885 911 66 21 mark.

200 943 35 21 En
248 944 66 21 sådan
321 944 121 26 förhöjning
452 944 22 21 af
482 944 57 21 detta
549 943 71 27 anslag
628 945 24 20 är
660 944 24 21 så
693 945 83 26 mycket
784 951 57 14 mera
850 945 22 20 af
879 945 73 21 behof-

200 981 35 19 vet
249 978 102 27 påkallad
367 984 44 15 som
428 979 34 20 vid
476 979 61 20 dessa
546 978 149 26 utställningar
704 979 46 20 icke
758 979 63 21 altför
829 979 123 28 obetydliga

200 1013 77 27 belopp
293 1013 66 21 borde
376 1013 69 21 anslås
460 1013 32 21 till
508 1013 90 26 premier
614 1013 22 21 åt
652 1013 85 21 skötare
752 1013 33 21 för
800 1014 41 25 god
852 1013 51 21 vård
912 1014 38 21 och

199 1047 82 22 skötsel
304 1047 23 21 af
346 1047 93 22 utstälda
462 1047 78 22 hästar.
572 1047 72 21 Såsom
661 1047 66 21 kändt
742 1049 23 19 är
779 1048 104 26 nämligen
898 1048 53 21 kun-

199 1082 100 26 nigheten
322 1082 7 20 i
352 1081 130 22 hästskötsel
505 1084 55 19 ännu
582 1082 83 26 mycket
686 1082 47 21 litet
755 1082 113 21 utvecklad
890 1082 60 21 här
937 1077 17 36 i

199 1117 79 24 landet,
301 1122 26 15 en
349 1116 53 21 brist
426 1117 26 25 på
470 1116 160 21 hästkulturens
649 1116 86 21 område
750 1116 32 21 till
798 1117 63 20 hvars
876 1117 75 26 afhjel-

199 1150 68 27 pande
284 1150 47 20 med
347 1150 35 20 det
397 1152 97 19 snaraste
510 1150 132 21 verksamma
657 1149 100 27 åtgärder
773 1151 64 20 borde
845 1150 104 27 vidtagas.

267 1184 32 21 De
323 1184 31 21 till
377 1185 117 20 understöd
516 1184 22 22 åt
560 1184 110 21 hästväns-
695 1185 38 20 och
756 1184 195 28 hingstföreningar

199 1219 109 25 anslagna,
324 1218 32 21 till
379 1218 64 26 5,000
466 1218 59 21 mark
547 1218 81 26 årligen
651 1218 124 27 uppgående
794 1219 89 27 medlen,
904 1225 45 15 som

198 1252 35 20 väl
260 1252 36 20 vid
320 1252 56 20 tiden
403 1252 33 20 för
463 1253 156 20 ofvannämnda
643 1253 138 25 kungörelses
803 1254 147 23 emanerande,

199 1285 70 21 kunde
293 1291 61 15 anses
373 1285 33 21 till
426 1285 68 27 fylles,
514 1288 35 18 äro
571 1292 87 14 numera
678 1286 64 26 enligt
758 1286 122 21 Utskottets
896 1287 54 26 åsigt

199 1320 86 21 alldeles
309 1319 146 27 otillräckliga.
492 1320 31 21 Pä
545 1322 84 20 senaste
648 1320 56 21 tider
719 1319 64 23 hafva
798 1321 105 27 nämligen
919 1321 31 22 uti

199 1354 56 22 olika
279 1354 82 22 trakter
384 1354 22 21 af
427 1355 73 21 landet
519 1355 76 21 bildats
615 1354 244 28 hästafvelsföreningar,
877 1356 71 22 hvilka

199 1389 68 21 förete
290 1389 83 27 mycket
396 1391 45 19 stor
463 1389 127 27 lifaktighet,
613 1390 39 21 och
674 1390 63 21 ledda
759 1396 46 15 som
828 1391 25 21 de
875 1393 37 19 äro
928 1391 23 21 af

199 1424 143 21 intresserade
368 1424 105 25 fackmän,
496 1424 85 21 komma
602 1425 62 21 dessa
686 1424 121 28 föreningar
829 1426 119 27 säkerligen

199 1461 32 19 att
254 1458 73 21 utöfva
343 1460 31 19 ett
388 1459 85 26 mycket
488 1461 53 19 stort
556 1458 124 28 infllytande
695 1459 26 28 på
737 1459 84 22 landets
836 1460 113 22 hästafvel.

268 1503 184 18 Ekonomiutskottets
464 1504 110 18 betänkande
587 1504 36 18 N:o
635 1505 29 18 13.
