<?xml version="1.0" encoding="UTF-8"?>
<alto xmlns="http://www.loc.gov/standards/alto/ns-v3#" xmlns:xlink="http://www.w3.org/1999/xlink" xmlns:xsi="http://www.w3.org/2001/XMLSchema-instance" xsi:schemaLocation="http://www.loc.gov/standards/alto/ns-v3# http://www.loc.gov/alto/v3/alto-3-0.xsd">
	<Description>
		<MeasurementUnit>pixel</MeasurementUnit>
		<sourceImageInformation>
			<fileName>/tmp/tess_nam_5zvx_input.PNG</fileName>
		</sourceImageInformation>
		<OCRProcessing ID="OCR_0">
			<ocrProcessingStep>
				<processingSoftware>
					<softwareName>tesseract 5.3.4</softwareName>
				</processingSoftware>
			</ocrProcessingStep>
		</OCRProcessing>
	</Description>
	<Layout>
		<Page WIDTH="1073" HEIGHT="1714" PHYSICAL_IMG_NR="0" ID="page_0">
			<PrintSpace HPOS="0" VPOS="0" WIDTH="1073" HEIGHT="1714">
				<ComposedBlock ID="cblock_0" HPOS="304" VPOS="153" WIDTH="542" HEIGHT="25">
					<TextBlock ID="block_0" HPOS="304" VPOS="153" WIDTH="542" HEIGHT="25">
						<TextLine ID="line_0" HPOS="304" VPOS="153" WIDTH="542" HEIGHT="25">
							<String ID="string_0" HPOS="304" VPOS="153" WIDTH="269" HEIGHT="24" WC="0.92" CONTENT="Petitionsbetänkande"/><SP WIDTH="15" VPOS="153" HPOS="573"/>
							<String ID="string_1" HPOS="588" VPOS="154" WIDTH="40" HEIGHT="23" WC="0.95" CONTENT="N:o"/><SP WIDTH="16" VPOS="154" HPOS="628"/>
							<String ID="string_2" HPOS="644" VPOS="155" WIDTH="37" HEIGHT="23" WC="0.96" CONTENT="20."/><SP WIDTH="141" VPOS="155" HPOS="681"/>
							<String ID="string_3" HPOS="822" VPOS="156" WIDTH="24" HEIGHT="22" WC="0.94" CONTENT="17"/>
						</TextLine>
					</TextBlock>
				</ComposedBlock>
				<ComposedBlock ID="cblock_1" HPOS="121" VPOS="215" WIDTH="754" HEIGHT="249">
					<TextBlock ID="block_1" HPOS="121" VPOS="215" WIDTH="754" HEIGHT="249">
						<TextLine ID="line_1" HPOS="125" VPOS="215" WIDTH="749" HEIGHT="25">
							<String ID="string_4" HPOS="125" VPOS="215" WIDTH="89" HEIGHT="18" WC="0.92" CONTENT="tillstånd."/><SP WIDTH="26" VPOS="215" HPOS="214"/>
							<String ID="string_5" HPOS="240" VPOS="216" WIDTH="75" HEIGHT="18" WC="0.78" CONTENT="Tvenne"/><SP WIDTH="19" VPOS="216" HPOS="315"/>
							<String ID="string_6" HPOS="334" VPOS="216" WIDTH="109" HEIGHT="18" WC="0.94" CONTENT="kommuner"/><SP WIDTH="18" VPOS="216" HPOS="443"/>
							<String ID="string_7" HPOS="461" VPOS="217" WIDTH="25" HEIGHT="17" WC="0.96" CONTENT="ha"/><SP WIDTH="17" VPOS="217" HPOS="486"/>
							<String ID="string_8" HPOS="503" VPOS="217" WIDTH="16" HEIGHT="22" WC="0.96" CONTENT="ej"/><SP WIDTH="19" VPOS="217" HPOS="519"/>
							<String ID="string_9" HPOS="538" VPOS="217" WIDTH="50" HEIGHT="18" WC="0.96" CONTENT="velat"/><SP WIDTH="18" VPOS="217" HPOS="588"/>
							<String ID="string_10" HPOS="606" VPOS="218" WIDTH="58" HEIGHT="17" WC="0.96" CONTENT="uttala"/><SP WIDTH="18" VPOS="218" HPOS="664"/>
							<String ID="string_11" HPOS="682" VPOS="218" WIDTH="29" HEIGHT="17" WC="0.93" CONTENT="sin"/><SP WIDTH="13" VPOS="218" HPOS="711"/>
							<String ID="string_12" HPOS="724" VPOS="218" WIDTH="53" HEIGHT="22" WC="0.91" CONTENT="åsigt."/><SP WIDTH="24" VPOS="218" HPOS="777"/>
							<String ID="string_13" HPOS="801" VPOS="218" WIDTH="73" HEIGHT="18" WC="0.92" CONTENT="Städer-"/>
						</TextLine>
						<TextLine ID="line_2" HPOS="125" VPOS="244" WIDTH="750" HEIGHT="24">
							<String ID="string_14" HPOS="125" VPOS="248" WIDTH="33" HEIGHT="14" WC="0.95" CONTENT="nas"/><SP WIDTH="18" VPOS="248" HPOS="158"/>
							<String ID="string_15" HPOS="176" VPOS="244" WIDTH="117" HEIGHT="22" WC="0.79" CONTENT="fullmäktige"/><SP WIDTH="18" VPOS="244" HPOS="293"/>
							<String ID="string_16" HPOS="311" VPOS="245" WIDTH="24" HEIGHT="17" WC="0.93" CONTENT="ha"/><SP WIDTH="22" VPOS="245" HPOS="335"/>
							<String ID="string_17" HPOS="357" VPOS="244" WIDTH="122" HEIGHT="18" WC="0.91" CONTENT="öfverhufvud"/><SP WIDTH="22" VPOS="244" HPOS="479"/>
							<String ID="string_18" HPOS="501" VPOS="245" WIDTH="42" HEIGHT="18" WC="0.96" CONTENT="icke"/><SP WIDTH="20" VPOS="245" HPOS="543"/>
							<String ID="string_19" HPOS="563" VPOS="246" WIDTH="85" HEIGHT="22" WC="0.96" CONTENT="upptagit"/><SP WIDTH="18" VPOS="246" HPOS="648"/>
							<String ID="string_20" HPOS="666" VPOS="246" WIDTH="64" HEIGHT="22" WC="0.96" CONTENT="frågan"/><SP WIDTH="17" VPOS="246" HPOS="730"/>
							<String ID="string_21" HPOS="747" VPOS="246" WIDTH="29" HEIGHT="18" WC="0.93" CONTENT="till"/><SP WIDTH="17" VPOS="246" HPOS="776"/>
							<String ID="string_22" HPOS="793" VPOS="246" WIDTH="82" HEIGHT="18" WC="0.91" CONTENT="behand-"/>
						</TextLine>
						<TextLine ID="line_3" HPOS="124" VPOS="272" WIDTH="751" HEIGHT="23">
							<String ID="string_23" HPOS="124" VPOS="272" WIDTH="46" HEIGHT="23" WC="0.96" CONTENT="ling,"/><SP WIDTH="16" VPOS="272" HPOS="170"/>
							<String ID="string_24" HPOS="186" VPOS="278" WIDTH="42" HEIGHT="12" WC="0.96" CONTENT="men"/><SP WIDTH="14" VPOS="278" HPOS="228"/>
							<String ID="string_25" HPOS="242" VPOS="272" WIDTH="21" HEIGHT="18" WC="0.96" CONTENT="af"/><SP WIDTH="11" VPOS="272" HPOS="263"/>
							<String ID="string_26" HPOS="274" VPOS="274" WIDTH="22" HEIGHT="16" WC="0.96" CONTENT="15"/><SP WIDTH="15" VPOS="274" HPOS="296"/>
							<String ID="string_27" HPOS="311" VPOS="273" WIDTH="67" HEIGHT="21" WC="0.96" CONTENT="städer,"/><SP WIDTH="16" VPOS="273" HPOS="378"/>
							<String ID="string_28" HPOS="394" VPOS="274" WIDTH="63" HEIGHT="17" WC="0.93" CONTENT="hvilka"/><SP WIDTH="12" VPOS="274" HPOS="457"/>
							<String ID="string_29" HPOS="469" VPOS="274" WIDTH="77" HEIGHT="18" WC="0.79" CONTENT="insändt"/><SP WIDTH="12" VPOS="274" HPOS="546"/>
							<String ID="string_30" HPOS="558" VPOS="279" WIDTH="46" HEIGHT="16" WC="0.96" CONTENT="svar,"/><SP WIDTH="12" VPOS="279" HPOS="604"/>
							<String ID="string_31" HPOS="616" VPOS="275" WIDTH="25" HEIGHT="17" WC="0.96" CONTENT="ha"/><SP WIDTH="12" VPOS="275" HPOS="641"/>
							<String ID="string_32" HPOS="653" VPOS="275" WIDTH="10" HEIGHT="17" WC="0.96" CONTENT="9"/><SP WIDTH="12" VPOS="275" HPOS="663"/>
							<String ID="string_33" HPOS="675" VPOS="274" WIDTH="83" HEIGHT="19" WC="0.96" CONTENT="förordat"/><SP WIDTH="11" VPOS="274" HPOS="758"/>
							<String ID="string_34" HPOS="769" VPOS="275" WIDTH="106" HEIGHT="18" WC="0.95" CONTENT="kommunal"/>
						</TextLine>
						<TextLine ID="line_4" HPOS="124" VPOS="300" WIDTH="751" HEIGHT="27">
							<String ID="string_35" HPOS="124" VPOS="300" WIDTH="122" HEIGHT="23" WC="0.92" CONTENT="förbudsrätt,"/><SP WIDTH="18" VPOS="300" HPOS="246"/>
							<String ID="string_36" HPOS="264" VPOS="302" WIDTH="3" HEIGHT="17" WC="0.90" CONTENT="I"/><SP WIDTH="17" VPOS="302" HPOS="267"/>
							<String ID="string_37" HPOS="284" VPOS="302" WIDTH="22" HEIGHT="18" WC="0.96" CONTENT="de"/><SP WIDTH="17" VPOS="302" HPOS="306"/>
							<String ID="string_38" HPOS="323" VPOS="302" WIDTH="105" HEIGHT="18" WC="0.96" CONTENT="nuvarande"/><SP WIDTH="16" VPOS="302" HPOS="428"/>
							<String ID="string_39" HPOS="444" VPOS="302" WIDTH="148" HEIGHT="22" WC="0.96" CONTENT="förhållandena,"/><SP WIDTH="13" VPOS="302" HPOS="592"/>
							<String ID="string_40" HPOS="605" VPOS="303" WIDTH="34" HEIGHT="17" WC="0.96" CONTENT="och"/><SP WIDTH="13" VPOS="303" HPOS="639"/>
							<String ID="string_41" HPOS="652" VPOS="304" WIDTH="11" HEIGHT="17" WC="0.96" CONTENT="5"/><SP WIDTH="12" VPOS="304" HPOS="663"/>
							<String ID="string_42" HPOS="675" VPOS="304" WIDTH="25" HEIGHT="17" WC="0.96" CONTENT="ha"/><SP WIDTH="12" VPOS="304" HPOS="700"/>
							<String ID="string_43" HPOS="712" VPOS="303" WIDTH="41" HEIGHT="19" WC="0.96" CONTENT="icke"/><SP WIDTH="13" VPOS="303" HPOS="753"/>
							<String ID="string_44" HPOS="766" VPOS="303" WIDTH="48" HEIGHT="19" WC="0.96" CONTENT="velat"/><SP WIDTH="12" VPOS="303" HPOS="814"/>
							<String ID="string_45" HPOS="826" VPOS="306" WIDTH="49" HEIGHT="21" WC="0.95" CONTENT="yttra"/>
						</TextLine>
						<TextLine ID="line_5" HPOS="124" VPOS="330" WIDTH="751" HEIGHT="25">
							<String ID="string_46" HPOS="124" VPOS="330" WIDTH="28" HEIGHT="22" WC="0.96" CONTENT="sig"/><SP WIDTH="18" VPOS="330" HPOS="152"/>
							<String ID="string_47" HPOS="170" VPOS="330" WIDTH="6" HEIGHT="17" WC="0.96" CONTENT="i"/><SP WIDTH="19" VPOS="330" HPOS="176"/>
							<String ID="string_48" HPOS="195" VPOS="330" WIDTH="64" HEIGHT="18" WC="0.80" CONTENT="saken."/><SP WIDTH="13" VPOS="330" HPOS="259"/>
							<String ID="string_49" HPOS="272" VPOS="340" WIDTH="20" HEIGHT="3" WC="0.92" CONTENT="—"/><SP WIDTH="14" VPOS="340" HPOS="292"/>
							<String ID="string_50" HPOS="306" VPOS="330" WIDTH="172" HEIGHT="24" WC="0.91" CONTENT="Förfrågningarna"/><SP WIDTH="12" VPOS="330" HPOS="478"/>
							<String ID="string_51" HPOS="490" VPOS="331" WIDTH="34" HEIGHT="18" WC="0.96" CONTENT="hos"/><SP WIDTH="13" VPOS="331" HPOS="524"/>
							<String ID="string_52" HPOS="537" VPOS="331" WIDTH="87" HEIGHT="18" WC="0.96" CONTENT="enskilda"/><SP WIDTH="14" VPOS="331" HPOS="624"/>
							<String ID="string_53" HPOS="638" VPOS="337" WIDTH="90" HEIGHT="18" WC="0.96" CONTENT="personer"/><SP WIDTH="12" VPOS="337" HPOS="728"/>
							<String ID="string_54" HPOS="740" VPOS="333" WIDTH="24" HEIGHT="17" WC="0.93" CONTENT="ha"/><SP WIDTH="12" VPOS="333" HPOS="764"/>
							<String ID="string_55" HPOS="776" VPOS="332" WIDTH="54" HEIGHT="23" WC="0.91" CONTENT="gifvit"/><SP WIDTH="12" VPOS="332" HPOS="830"/>
							<String ID="string_56" HPOS="842" VPOS="332" WIDTH="33" HEIGHT="18" WC="0.93" CONTENT="föl-"/>
						</TextLine>
						<TextLine ID="line_6" HPOS="121" VPOS="359" WIDTH="754" HEIGHT="24">
							<String ID="string_57" HPOS="121" VPOS="359" WIDTH="58" HEIGHT="23" WC="0.91" CONTENT="jande"/><SP WIDTH="18" VPOS="359" HPOS="179"/>
							<String ID="string_58" HPOS="197" VPOS="360" WIDTH="86" HEIGHT="18" WC="0.96" CONTENT="resultat:"/><SP WIDTH="19" VPOS="360" HPOS="283"/>
							<String ID="string_59" HPOS="302" VPOS="360" WIDTH="26" HEIGHT="18" WC="0.93" CONTENT="Af"/><SP WIDTH="16" VPOS="360" HPOS="328"/>
							<String ID="string_60" HPOS="344" VPOS="360" WIDTH="73" HEIGHT="21" WC="0.91" CONTENT="147,800"/><SP WIDTH="19" VPOS="360" HPOS="417"/>
							<String ID="string_61" HPOS="436" VPOS="365" WIDTH="91" HEIGHT="18" WC="0.96" CONTENT="personer"/><SP WIDTH="14" VPOS="365" HPOS="527"/>
							<String ID="string_62" HPOS="541" VPOS="360" WIDTH="42" HEIGHT="18" WC="0.95" CONTENT="från"/><SP WIDTH="15" VPOS="360" HPOS="583"/>
							<String ID="string_63" HPOS="598" VPOS="361" WIDTH="34" HEIGHT="18" WC="0.96" CONTENT="218"/><SP WIDTH="14" VPOS="361" HPOS="632"/>
							<String ID="string_64" HPOS="646" VPOS="361" WIDTH="108" HEIGHT="19" WC="0.96" CONTENT="kommuner"/><SP WIDTH="12" VPOS="361" HPOS="754"/>
							<String ID="string_65" HPOS="766" VPOS="362" WIDTH="24" HEIGHT="18" WC="0.93" CONTENT="ha"/><SP WIDTH="13" VPOS="362" HPOS="790"/>
							<String ID="string_66" HPOS="803" VPOS="362" WIDTH="72" HEIGHT="21" WC="0.91" CONTENT="132,249"/>
						</TextLine>
						<TextLine ID="line_7" HPOS="124" VPOS="388" WIDTH="750" HEIGHT="25">
							<String ID="string_67" HPOS="124" VPOS="388" WIDTH="71" HEIGHT="18" WC="0.92" CONTENT="fordrat"/><SP WIDTH="15" VPOS="388" HPOS="195"/>
							<String ID="string_68" HPOS="210" VPOS="388" WIDTH="113" HEIGHT="24" WC="0.85" CONTENT="fullständig"/><SP WIDTH="15" VPOS="388" HPOS="323"/>
							<String ID="string_69" HPOS="338" VPOS="388" WIDTH="47" HEIGHT="18" WC="0.93" CONTENT="eller"/><SP WIDTH="15" VPOS="388" HPOS="385"/>
							<String ID="string_70" HPOS="400" VPOS="389" WIDTH="111" HEIGHT="18" WC="0.96" CONTENT="åtminstone"/><SP WIDTH="13" VPOS="389" HPOS="511"/>
							<String ID="string_71" HPOS="524" VPOS="389" WIDTH="106" HEIGHT="18" WC="0.93" CONTENT="kommunal"/><SP WIDTH="13" VPOS="389" HPOS="630"/>
							<String ID="string_72" HPOS="643" VPOS="390" WIDTH="113" HEIGHT="23" WC="0.92" CONTENT="förbudslag,"/><SP WIDTH="12" VPOS="390" HPOS="756"/>
							<String ID="string_73" HPOS="768" VPOS="390" WIDTH="62" HEIGHT="22" WC="0.93" CONTENT="10,630"/><SP WIDTH="13" VPOS="390" HPOS="830"/>
							<String ID="string_74" HPOS="843" VPOS="396" WIDTH="31" HEIGHT="12" WC="0.91" CONTENT="en-"/>
						</TextLine>
						<TextLine ID="line_8" HPOS="124" VPOS="417" WIDTH="750" HEIGHT="24">
							<String ID="string_75" HPOS="124" VPOS="417" WIDTH="42" HEIGHT="18" WC="0.92" CONTENT="dast"/><SP WIDTH="11" VPOS="417" HPOS="166"/>
							<String ID="string_76" HPOS="177" VPOS="417" WIDTH="106" HEIGHT="18" WC="0.93" CONTENT="kommunal"/><SP WIDTH="13" VPOS="417" HPOS="283"/>
							<String ID="string_77" HPOS="296" VPOS="417" WIDTH="107" HEIGHT="23" WC="0.92" CONTENT="förbudslag"/><SP WIDTH="12" VPOS="417" HPOS="403"/>
							<String ID="string_78" HPOS="415" VPOS="418" WIDTH="36" HEIGHT="18" WC="0.96" CONTENT="och"/><SP WIDTH="12" VPOS="418" HPOS="451"/>
							<String ID="string_79" HPOS="463" VPOS="418" WIDTH="50" HEIGHT="22" WC="0.96" CONTENT="4,921"/><SP WIDTH="15" VPOS="418" HPOS="513"/>
							<String ID="string_80" HPOS="528" VPOS="418" WIDTH="24" HEIGHT="18" WC="0.96" CONTENT="ha"/><SP WIDTH="12" VPOS="418" HPOS="552"/>
							<String ID="string_81" HPOS="564" VPOS="420" WIDTH="48" HEIGHT="16" WC="0.93" CONTENT="varit"/><SP WIDTH="11" VPOS="420" HPOS="612"/>
							<String ID="string_82" HPOS="623" VPOS="419" WIDTH="57" HEIGHT="22" WC="0.96" CONTENT="nöjda"/><SP WIDTH="9" VPOS="419" HPOS="680"/>
							<String ID="string_83" HPOS="689" VPOS="419" WIDTH="43" HEIGHT="18" WC="0.93" CONTENT="med"/><SP WIDTH="10" VPOS="419" HPOS="732"/>
							<String ID="string_84" HPOS="742" VPOS="419" WIDTH="89" HEIGHT="18" WC="0.92" CONTENT="sakernas"/><SP WIDTH="11" VPOS="419" HPOS="831"/>
							<String ID="string_85" HPOS="842" VPOS="425" WIDTH="32" HEIGHT="12" WC="0.92" CONTENT="nu-"/>
						</TextLine>
						<TextLine ID="line_9" HPOS="124" VPOS="446" WIDTH="186" HEIGHT="18">
							<String ID="string_86" HPOS="124" VPOS="446" WIDTH="83" HEIGHT="18" WC="0.92" CONTENT="varande"/><SP WIDTH="13" VPOS="446" HPOS="207"/>
							<String ID="string_87" HPOS="220" VPOS="446" WIDTH="90" HEIGHT="18" WC="0.92" CONTENT="tillständ."/>
						</TextLine>
					</TextBlock>
				</ComposedBlock>
				<ComposedBlock ID="cblock_2" HPOS="108" VPOS="480" WIDTH="772" HEIGHT="947">
					<TextBlock ID="block_2" HPOS="123" VPOS="480" WIDTH="754" HEIGHT="399">
						<TextLine ID="line_10" HPOS="192" VPOS="480" WIDTH="683" HEIGHT="25">
							<String ID="string_88" HPOS="192" VPOS="480" WIDTH="60" HEIGHT="18" WC="0.90" CONTENT="Dessa"/><SP WIDTH="18" VPOS="480" HPOS="252"/>
							<String ID="string_89" HPOS="270" VPOS="480" WIDTH="66" HEIGHT="23" WC="0.93" CONTENT="siffror,"/><SP WIDTH="19" VPOS="480" HPOS="336"/>
							<String ID="string_90" HPOS="355" VPOS="481" WIDTH="89" HEIGHT="18" WC="0.65" CONTENT="ehuruvä]"/><SP WIDTH="18" VPOS="481" HPOS="444"/>
							<String ID="string_91" HPOS="462" VPOS="480" WIDTH="23" HEIGHT="19" WC="0.96" CONTENT="de"/><SP WIDTH="16" VPOS="480" HPOS="485"/>
							<String ID="string_92" HPOS="501" VPOS="482" WIDTH="6" HEIGHT="17" WC="0.93" CONTENT="i"/><SP WIDTH="13" VPOS="482" HPOS="507"/>
							<String ID="string_93" HPOS="520" VPOS="481" WIDTH="66" HEIGHT="23" WC="0.93" CONTENT="många"/><SP WIDTH="13" VPOS="481" HPOS="586"/>
							<String ID="string_94" HPOS="599" VPOS="481" WIDTH="102" HEIGHT="19" WC="0.93" CONTENT="afseenden"/><SP WIDTH="12" VPOS="481" HPOS="701"/>
							<String ID="string_95" HPOS="713" VPOS="483" WIDTH="32" HEIGHT="17" WC="0.96" CONTENT="äro"/><SP WIDTH="13" VPOS="483" HPOS="745"/>
							<String ID="string_96" HPOS="758" VPOS="482" WIDTH="117" HEIGHT="23" WC="0.96" CONTENT="bristfälliga,"/>
						</TextLine>
						<TextLine ID="line_11" HPOS="124" VPOS="509" WIDTH="751" HEIGHT="23">
							<String ID="string_97" HPOS="124" VPOS="509" WIDTH="38" HEIGHT="17" WC="0.92" CONTENT="tala"/><SP WIDTH="12" VPOS="509" HPOS="162"/>
							<String ID="string_98" HPOS="174" VPOS="509" WIDTH="48" HEIGHT="18" WC="0.96" CONTENT="dock"/><SP WIDTH="12" VPOS="509" HPOS="222"/>
							<String ID="string_99" HPOS="234" VPOS="511" WIDTH="27" HEIGHT="16" WC="0.96" CONTENT="ett"/><SP WIDTH="12" VPOS="511" HPOS="261"/>
							<String ID="string_100" HPOS="273" VPOS="510" WIDTH="74" HEIGHT="22" WC="0.96" CONTENT="mycket"/><SP WIDTH="11" VPOS="510" HPOS="347"/>
							<String ID="string_101" HPOS="358" VPOS="509" WIDTH="68" HEIGHT="23" WC="0.93" CONTENT="tydligt"/><SP WIDTH="12" VPOS="509" HPOS="426"/>
							<String ID="string_102" HPOS="438" VPOS="510" WIDTH="62" HEIGHT="22" WC="0.90" CONTENT="spräk."/><SP WIDTH="25" VPOS="510" HPOS="500"/>
							<String ID="string_103" HPOS="525" VPOS="510" WIDTH="27" HEIGHT="17" WC="0.93" CONTENT="De"/><SP WIDTH="14" VPOS="510" HPOS="552"/>
							<String ID="string_104" HPOS="566" VPOS="509" WIDTH="91" HEIGHT="22" WC="0.92" CONTENT="bekräfta,"/><SP WIDTH="12" VPOS="509" HPOS="657"/>
							<String ID="string_105" HPOS="669" VPOS="510" WIDTH="24" HEIGHT="22" WC="0.96" CONTENT="pä"/><SP WIDTH="13" VPOS="510" HPOS="693"/>
							<String ID="string_106" HPOS="706" VPOS="514" WIDTH="70" HEIGHT="14" WC="0.96" CONTENT="samma"/><SP WIDTH="12" VPOS="514" HPOS="776"/>
							<String ID="string_107" HPOS="788" VPOS="512" WIDTH="36" HEIGHT="16" WC="0.96" CONTENT="sätt"/><SP WIDTH="12" VPOS="512" HPOS="824"/>
							<String ID="string_108" HPOS="836" VPOS="516" WIDTH="39" HEIGHT="12" WC="0.96" CONTENT="som"/>
						</TextLine>
						<TextLine ID="line_12" HPOS="124" VPOS="538" WIDTH="750" HEIGHT="23">
							<String ID="string_109" HPOS="124" VPOS="538" WIDTH="44" HEIGHT="18" WC="0.91" CONTENT="vära"/><SP WIDTH="17" VPOS="538" HPOS="168"/>
							<String ID="string_110" HPOS="185" VPOS="538" WIDTH="173" HEIGHT="19" WC="0.91" CONTENT="landskommuners"/><SP WIDTH="18" VPOS="538" HPOS="358"/>
							<String ID="string_111" HPOS="376" VPOS="538" WIDTH="7" HEIGHT="17" WC="0.95" CONTENT="i"/><SP WIDTH="16" VPOS="538" HPOS="383"/>
							<String ID="string_112" HPOS="399" VPOS="538" WIDTH="44" HEIGHT="18" WC="0.96" CONTENT="hela"/><SP WIDTH="16" VPOS="538" HPOS="443"/>
							<String ID="string_113" HPOS="459" VPOS="538" WIDTH="64" HEIGHT="19" WC="0.96" CONTENT="landet"/><SP WIDTH="15" VPOS="538" HPOS="523"/>
							<String ID="string_114" HPOS="538" VPOS="538" WIDTH="50" HEIGHT="18" WC="0.96" CONTENT="inom"/><SP WIDTH="14" VPOS="538" HPOS="588"/>
							<String ID="string_115" HPOS="602" VPOS="538" WIDTH="22" HEIGHT="19" WC="0.96" CONTENT="de"/><SP WIDTH="13" VPOS="538" HPOS="624"/>
							<String ID="string_116" HPOS="637" VPOS="544" WIDTH="47" HEIGHT="17" WC="0.93" CONTENT="egna"/><SP WIDTH="12" VPOS="544" HPOS="684"/>
							<String ID="string_117" HPOS="696" VPOS="538" WIDTH="100" HEIGHT="19" WC="0.92" CONTENT="omrädena"/><SP WIDTH="12" VPOS="538" HPOS="796"/>
							<String ID="string_118" HPOS="808" VPOS="539" WIDTH="66" HEIGHT="18" WC="0.91" CONTENT="tilläm-"/>
						</TextLine>
						<TextLine ID="line_13" HPOS="123" VPOS="567" WIDTH="753" HEIGHT="24">
							<String ID="string_119" HPOS="123" VPOS="567" WIDTH="48" HEIGHT="23" WC="0.92" CONTENT="pade"/><SP WIDTH="15" VPOS="567" HPOS="171"/>
							<String ID="string_120" HPOS="186" VPOS="567" WIDTH="84" HEIGHT="18" WC="0.92" CONTENT="absoluta"/><SP WIDTH="21" VPOS="567" HPOS="270"/>
							<String ID="string_121" HPOS="291" VPOS="567" WIDTH="67" HEIGHT="18" WC="0.92" CONTENT="förbud"/><SP WIDTH="14" VPOS="567" HPOS="358"/>
							<String ID="string_122" HPOS="372" VPOS="569" WIDTH="37" HEIGHT="16" WC="0.93" CONTENT="mot"/><SP WIDTH="14" VPOS="569" HPOS="409"/>
							<String ID="string_123" HPOS="423" VPOS="567" WIDTH="119" HEIGHT="24" WC="0.92" CONTENT="rusdrycker,"/><SP WIDTH="15" VPOS="567" HPOS="542"/>
							<String ID="string_124" HPOS="557" VPOS="569" WIDTH="31" HEIGHT="20" WC="0.96" CONTENT="att,"/><SP WIDTH="17" VPOS="569" HPOS="588"/>
							<String ID="string_125" HPOS="605" VPOS="573" WIDTH="29" HEIGHT="12" WC="0.96" CONTENT="om"/><SP WIDTH="15" VPOS="573" HPOS="634"/>
							<String ID="string_126" HPOS="649" VPOS="573" WIDTH="43" HEIGHT="12" WC="0.96" CONTENT="man"/><SP WIDTH="18" VPOS="573" HPOS="692"/>
							<String ID="string_127" HPOS="710" VPOS="567" WIDTH="33" HEIGHT="18" WC="0.96" CONTENT="hos"/><SP WIDTH="21" VPOS="567" HPOS="743"/>
							<String ID="string_128" HPOS="764" VPOS="573" WIDTH="34" HEIGHT="17" WC="0.93" CONTENT="oss,"/><SP WIDTH="16" VPOS="573" HPOS="798"/>
							<String ID="string_129" HPOS="814" VPOS="568" WIDTH="62" HEIGHT="18" WC="0.91" CONTENT="säsom"/>
						</TextLine>
						<TextLine ID="line_14" HPOS="124" VPOS="595" WIDTH="751" HEIGHT="25">
							<String ID="string_130" HPOS="124" VPOS="596" WIDTH="6" HEIGHT="17" WC="0.93" CONTENT="i"/><SP WIDTH="16" VPOS="596" HPOS="130"/>
							<String ID="string_131" HPOS="146" VPOS="597" WIDTH="57" HEIGHT="22" WC="0.92" CONTENT="nägra"/><SP WIDTH="15" VPOS="597" HPOS="203"/>
							<String ID="string_132" HPOS="218" VPOS="597" WIDTH="57" HEIGHT="18" WC="0.96" CONTENT="andra"/><SP WIDTH="15" VPOS="597" HPOS="275"/>
							<String ID="string_133" HPOS="290" VPOS="596" WIDTH="71" HEIGHT="22" WC="0.93" CONTENT="länder,"/><SP WIDTH="16" VPOS="596" HPOS="361"/>
							<String ID="string_134" HPOS="377" VPOS="595" WIDTH="47" HEIGHT="24" WC="0.93" CONTENT="finge"/><SP WIDTH="16" VPOS="595" HPOS="424"/>
							<String ID="string_135" HPOS="440" VPOS="602" WIDTH="66" HEIGHT="17" WC="0.93" CONTENT="genom"/><SP WIDTH="15" VPOS="602" HPOS="506"/>
							<String ID="string_136" HPOS="521" VPOS="597" WIDTH="154" HEIGHT="23" WC="0.92" CONTENT="folkomröstning"/><SP WIDTH="12" VPOS="597" HPOS="675"/>
							<String ID="string_137" HPOS="687" VPOS="597" WIDTH="64" HEIGHT="23" WC="0.92" CONTENT="afgöra"/><SP WIDTH="13" VPOS="597" HPOS="751"/>
							<String ID="string_138" HPOS="764" VPOS="597" WIDTH="61" HEIGHT="19" WC="0.96" CONTENT="denna"/><SP WIDTH="12" VPOS="597" HPOS="825"/>
							<String ID="string_139" HPOS="837" VPOS="598" WIDTH="38" HEIGHT="21" WC="0.97" CONTENT="sak,"/>
						</TextLine>
						<TextLine ID="line_15" HPOS="124" VPOS="625" WIDTH="752" HEIGHT="24">
							<String ID="string_140" HPOS="124" VPOS="625" WIDTH="20" HEIGHT="18" WC="0.96" CONTENT="sä"/><SP WIDTH="13" VPOS="625" HPOS="144"/>
							<String ID="string_141" HPOS="157" VPOS="625" WIDTH="61" HEIGHT="18" WC="0.96" CONTENT="skulle"/><SP WIDTH="13" VPOS="625" HPOS="218"/>
							<String ID="string_142" HPOS="231" VPOS="625" WIDTH="80" HEIGHT="18" WC="0.95" CONTENT="Finland"/><SP WIDTH="12" VPOS="625" HPOS="311"/>
							<String ID="string_143" HPOS="323" VPOS="631" WIDTH="44" HEIGHT="12" WC="0.96" CONTENT="vara"/><SP WIDTH="12" VPOS="631" HPOS="367"/>
							<String ID="string_144" HPOS="379" VPOS="625" WIDTH="32" HEIGHT="18" WC="0.97" CONTENT="det"/><SP WIDTH="11" VPOS="625" HPOS="411"/>
							<String ID="string_145" HPOS="422" VPOS="625" WIDTH="59" HEIGHT="18" WC="0.96" CONTENT="första"/><SP WIDTH="12" VPOS="625" HPOS="481"/>
							<String ID="string_146" HPOS="493" VPOS="626" WIDTH="44" HEIGHT="17" WC="0.96" CONTENT="land"/><SP WIDTH="11" VPOS="626" HPOS="537"/>
							<String ID="string_147" HPOS="548" VPOS="626" WIDTH="7" HEIGHT="18" WC="0.96" CONTENT="i"/><SP WIDTH="12" VPOS="626" HPOS="555"/>
							<String ID="string_148" HPOS="567" VPOS="626" WIDTH="81" HEIGHT="23" WC="0.93" CONTENT="Europa,"/><SP WIDTH="12" VPOS="626" HPOS="648"/>
							<String ID="string_149" HPOS="660" VPOS="626" WIDTH="70" HEIGHT="18" WC="0.88" CONTENT="hvilket"/><SP WIDTH="15" VPOS="626" HPOS="730"/>
							<String ID="string_150" HPOS="745" VPOS="626" WIDTH="89" HEIGHT="23" WC="0.92" CONTENT="frigjorde"/><SP WIDTH="13" VPOS="626" HPOS="834"/>
							<String ID="string_151" HPOS="847" VPOS="627" WIDTH="29" HEIGHT="22" WC="0.97" CONTENT="sig"/>
						</TextLine>
						<TextLine ID="line_16" HPOS="124" VPOS="653" WIDTH="752" HEIGHT="24">
							<String ID="string_152" HPOS="124" VPOS="653" WIDTH="42" HEIGHT="19" WC="0.96" CONTENT="från"/><SP WIDTH="10" VPOS="653" HPOS="166"/>
							<String ID="string_153" HPOS="176" VPOS="655" WIDTH="24" HEIGHT="18" WC="0.93" CONTENT="de"/><SP WIDTH="10" VPOS="655" HPOS="200"/>
							<String ID="string_154" HPOS="210" VPOS="654" WIDTH="84" HEIGHT="23" WC="0.96" CONTENT="drycker,"/><SP WIDTH="10" VPOS="654" HPOS="294"/>
							<String ID="string_155" HPOS="304" VPOS="659" WIDTH="38" HEIGHT="13" WC="0.97" CONTENT="som"/><SP WIDTH="10" VPOS="659" HPOS="342"/>
							<String ID="string_156" HPOS="352" VPOS="654" WIDTH="60" HEIGHT="18" WC="0.93" CONTENT="under"/><SP WIDTH="9" VPOS="654" HPOS="412"/>
							<String ID="string_157" HPOS="421" VPOS="655" WIDTH="131" HEIGHT="18" WC="0.96" CONTENT="århundraden"/><SP WIDTH="10" VPOS="655" HPOS="552"/>
							<String ID="string_158" HPOS="562" VPOS="655" WIDTH="39" HEIGHT="21" WC="0.93" CONTENT="här,"/><SP WIDTH="9" VPOS="655" HPOS="601"/>
							<String ID="string_159" HPOS="610" VPOS="655" WIDTH="67" HEIGHT="18" WC="0.96" CONTENT="liksom"/><SP WIDTH="10" VPOS="655" HPOS="677"/>
							<String ID="string_160" HPOS="687" VPOS="655" WIDTH="6" HEIGHT="18" WC="0.96" CONTENT="i"/><SP WIDTH="10" VPOS="655" HPOS="693"/>
							<String ID="string_161" HPOS="703" VPOS="655" WIDTH="59" HEIGHT="18" WC="0.96" CONTENT="andra"/><SP WIDTH="9" VPOS="655" HPOS="762"/>
							<String ID="string_162" HPOS="771" VPOS="655" WIDTH="71" HEIGHT="20" WC="0.96" CONTENT="länder,"/><SP WIDTH="9" VPOS="655" HPOS="842"/>
							<String ID="string_163" HPOS="851" VPOS="656" WIDTH="25" HEIGHT="17" WC="0.96" CONTENT="ha"/>
						</TextLine>
						<TextLine ID="line_17" HPOS="124" VPOS="683" WIDTH="752" HEIGHT="23">
							<String ID="string_164" HPOS="124" VPOS="683" WIDTH="80" HEIGHT="18" WC="0.92" CONTENT="medfört"/><SP WIDTH="10" VPOS="683" HPOS="204"/>
							<String ID="string_165" HPOS="214" VPOS="683" WIDTH="34" HEIGHT="18" WC="0.93" CONTENT="och"/><SP WIDTH="10" VPOS="683" HPOS="248"/>
							<String ID="string_166" HPOS="258" VPOS="683" WIDTH="84" HEIGHT="18" WC="0.91" CONTENT="medföra"/><SP WIDTH="12" VPOS="683" HPOS="342"/>
							<String ID="string_167" HPOS="354" VPOS="683" WIDTH="68" HEIGHT="23" WC="0.92" CONTENT="sedligt"/><SP WIDTH="13" VPOS="683" HPOS="422"/>
							<String ID="string_168" HPOS="435" VPOS="684" WIDTH="35" HEIGHT="17" WC="0.93" CONTENT="och"/><SP WIDTH="10" VPOS="684" HPOS="470"/>
							<String ID="string_169" HPOS="480" VPOS="683" WIDTH="92" HEIGHT="19" WC="0.92" CONTENT="materielt"/><SP WIDTH="10" VPOS="683" HPOS="572"/>
							<String ID="string_170" HPOS="582" VPOS="684" WIDTH="74" HEIGHT="17" WC="0.92" CONTENT="elände."/><SP WIDTH="19" VPOS="684" HPOS="656"/>
							<String ID="string_171" HPOS="675" VPOS="684" WIDTH="46" HEIGHT="21" WC="0.96" CONTENT="Den,"/><SP WIDTH="10" VPOS="684" HPOS="721"/>
							<String ID="string_172" HPOS="731" VPOS="689" WIDTH="39" HEIGHT="12" WC="0.93" CONTENT="som"/><SP WIDTH="9" VPOS="689" HPOS="770"/>
							<String ID="string_173" HPOS="779" VPOS="684" WIDTH="97" HEIGHT="22" WC="0.92" CONTENT="ringaktar"/>
						</TextLine>
						<TextLine ID="line_18" HPOS="124" VPOS="712" WIDTH="751" HEIGHT="24">
							<String ID="string_174" HPOS="124" VPOS="712" WIDTH="34" HEIGHT="18" WC="0.95" CONTENT="och"/><SP WIDTH="10" VPOS="712" HPOS="158"/>
							<String ID="string_175" HPOS="168" VPOS="713" WIDTH="33" HEIGHT="17" WC="0.93" CONTENT="vill"/><SP WIDTH="9" VPOS="713" HPOS="201"/>
							<String ID="string_176" HPOS="210" VPOS="713" WIDTH="60" HEIGHT="18" WC="0.92" CONTENT="säsom"/><SP WIDTH="9" VPOS="713" HPOS="270"/>
							<String ID="string_177" HPOS="279" VPOS="713" WIDTH="44" HEIGHT="22" WC="0.92" CONTENT="föga"/><SP WIDTH="10" VPOS="713" HPOS="323"/>
							<String ID="string_178" HPOS="333" VPOS="713" WIDTH="104" HEIGHT="22" WC="0.93" CONTENT="betydande"/><SP WIDTH="10" VPOS="713" HPOS="437"/>
							<String ID="string_179" HPOS="447" VPOS="713" WIDTH="79" HEIGHT="22" WC="0.89" CONTENT="stämpla"/><SP WIDTH="10" VPOS="713" HPOS="526"/>
							<String ID="string_180" HPOS="536" VPOS="713" WIDTH="56" HEIGHT="18" WC="0.93" CONTENT="dessa"/><SP WIDTH="8" VPOS="713" HPOS="592"/>
							<String ID="string_181" HPOS="600" VPOS="713" WIDTH="74" HEIGHT="22" WC="0.92" CONTENT="uttryck"/><SP WIDTH="10" VPOS="713" HPOS="674"/>
							<String ID="string_182" HPOS="684" VPOS="713" WIDTH="20" HEIGHT="17" WC="0.96" CONTENT="af"/><SP WIDTH="4" VPOS="713" HPOS="704"/>
							<String ID="string_183" HPOS="708" VPOS="713" WIDTH="68" HEIGHT="18" WC="0.94" CONTENT="folkets"/><SP WIDTH="7" VPOS="713" HPOS="776"/>
							<String ID="string_184" HPOS="783" VPOS="714" WIDTH="49" HEIGHT="22" WC="0.96" CONTENT="vilja,"/><SP WIDTH="7" VPOS="714" HPOS="832"/>
							<String ID="string_185" HPOS="839" VPOS="713" WIDTH="36" HEIGHT="18" WC="0.96" CONTENT="han"/>
						</TextLine>
						<TextLine ID="line_19" HPOS="123" VPOS="741" WIDTH="753" HEIGHT="24">
							<String ID="string_186" HPOS="123" VPOS="741" WIDTH="73" HEIGHT="18" WC="0.92" CONTENT="känner"/><SP WIDTH="8" VPOS="741" HPOS="196"/>
							<String ID="string_187" HPOS="204" VPOS="741" WIDTH="43" HEIGHT="18" WC="0.92" CONTENT="icke"/><SP WIDTH="10" VPOS="741" HPOS="247"/>
							<String ID="string_188" HPOS="257" VPOS="741" WIDTH="49" HEIGHT="18" WC="0.93" CONTENT="huru"/><SP WIDTH="10" VPOS="741" HPOS="306"/>
							<String ID="string_189" HPOS="316" VPOS="741" WIDTH="78" HEIGHT="23" WC="0.93" CONTENT="mäktigt"/><SP WIDTH="7" VPOS="741" HPOS="394"/>
							<String ID="string_190" HPOS="401" VPOS="741" WIDTH="36" HEIGHT="18" WC="0.96" CONTENT="den"/><SP WIDTH="6" VPOS="741" HPOS="437"/>
							<String ID="string_191" HPOS="443" VPOS="741" WIDTH="67" HEIGHT="18" WC="0.94" CONTENT="känsla"/><SP WIDTH="6" VPOS="741" HPOS="510"/>
							<String ID="string_192" HPOS="516" VPOS="743" WIDTH="30" HEIGHT="16" WC="0.96" CONTENT="rör"/><SP WIDTH="7" VPOS="743" HPOS="546"/>
							<String ID="string_193" HPOS="553" VPOS="741" WIDTH="29" HEIGHT="23" WC="0.96" CONTENT="sig"/><SP WIDTH="6" VPOS="741" HPOS="582"/>
							<String ID="string_194" HPOS="588" VPOS="741" WIDTH="33" HEIGHT="18" WC="0.96" CONTENT="hos"/><SP WIDTH="7" VPOS="741" HPOS="621"/>
							<String ID="string_195" HPOS="628" VPOS="741" WIDTH="63" HEIGHT="21" WC="0.95" CONTENT="folket,"/><SP WIDTH="7" VPOS="741" HPOS="691"/>
							<String ID="string_196" HPOS="698" VPOS="743" WIDTH="27" HEIGHT="16" WC="0.90" CONTENT="att"/><SP WIDTH="5" VPOS="743" HPOS="725"/>
							<String ID="string_197" HPOS="730" VPOS="741" WIDTH="146" HEIGHT="24" WC="0.90" CONTENT="rusdryckernas"/>
						</TextLine>
						<TextLine ID="line_20" HPOS="124" VPOS="769" WIDTH="753" HEIGHT="24">
							<String ID="string_198" HPOS="124" VPOS="769" WIDTH="119" HEIGHT="19" WC="0.91" CONTENT="förbannelse"/><SP WIDTH="13" VPOS="769" HPOS="243"/>
							<String ID="string_199" HPOS="256" VPOS="770" WIDTH="30" HEIGHT="17" WC="0.93" CONTENT="till"/><SP WIDTH="12" VPOS="770" HPOS="286"/>
							<String ID="string_200" HPOS="298" VPOS="769" WIDTH="48" HEIGHT="18" WC="0.93" CONTENT="hvad"/><SP WIDTH="12" VPOS="769" HPOS="346"/>
							<String ID="string_201" HPOS="358" VPOS="771" WIDTH="40" HEIGHT="21" WC="0.93" CONTENT="pris"/><SP WIDTH="12" VPOS="771" HPOS="398"/>
							<String ID="string_202" HPOS="410" VPOS="775" WIDTH="40" HEIGHT="12" WC="0.96" CONTENT="som"/><SP WIDTH="13" VPOS="775" HPOS="450"/>
							<String ID="string_203" HPOS="463" VPOS="770" WIDTH="50" HEIGHT="18" WC="0.93" CONTENT="helst"/><SP WIDTH="12" VPOS="770" HPOS="513"/>
							<String ID="string_204" HPOS="525" VPOS="771" WIDTH="56" HEIGHT="17" WC="0.92" CONTENT="mäste"/><SP WIDTH="13" VPOS="771" HPOS="581"/>
							<String ID="string_205" HPOS="594" VPOS="769" WIDTH="74" HEIGHT="24" WC="0.91" CONTENT="aflyftas"/><SP WIDTH="12" VPOS="769" HPOS="668"/>
							<String ID="string_206" HPOS="680" VPOS="769" WIDTH="40" HEIGHT="18" WC="0.93" CONTENT="frän"/><SP WIDTH="13" VPOS="769" HPOS="720"/>
							<String ID="string_207" HPOS="733" VPOS="769" WIDTH="67" HEIGHT="19" WC="0.93" CONTENT="folkets"/><SP WIDTH="14" VPOS="769" HPOS="800"/>
							<String ID="string_208" HPOS="814" VPOS="770" WIDTH="63" HEIGHT="18" WC="0.93" CONTENT="skuld-"/>
						</TextLine>
						<TextLine ID="line_21" HPOS="124" VPOS="799" WIDTH="752" HEIGHT="22">
							<String ID="string_209" HPOS="124" VPOS="804" WIDTH="39" HEIGHT="16" WC="0.96" CONTENT="ror;"/><SP WIDTH="19" VPOS="804" HPOS="163"/>
							<String ID="string_210" HPOS="182" VPOS="799" WIDTH="34" HEIGHT="18" WC="0.96" CONTENT="och"/><SP WIDTH="19" VPOS="799" HPOS="216"/>
							<String ID="string_211" HPOS="235" VPOS="799" WIDTH="61" HEIGHT="17" WC="0.96" CONTENT="denna"/><SP WIDTH="17" VPOS="799" HPOS="296"/>
							<String ID="string_212" HPOS="313" VPOS="799" WIDTH="67" HEIGHT="18" WC="0.96" CONTENT="känsla"/><SP WIDTH="15" VPOS="799" HPOS="380"/>
							<String ID="string_213" HPOS="395" VPOS="800" WIDTH="20" HEIGHT="17" WC="0.84" CONTENT="är"/><SP WIDTH="16" VPOS="800" HPOS="415"/>
							<String ID="string_214" HPOS="431" VPOS="799" WIDTH="6" HEIGHT="17" WC="0.96" CONTENT="i"/><SP WIDTH="17" VPOS="799" HPOS="437"/>
							<String ID="string_215" HPOS="454" VPOS="800" WIDTH="114" HEIGHT="17" WC="0.93" CONTENT="närvarande"/><SP WIDTH="14" VPOS="800" HPOS="568"/>
							<String ID="string_216" HPOS="582" VPOS="799" WIDTH="99" HEIGHT="22" WC="0.96" CONTENT="ögonblick"/><SP WIDTH="12" VPOS="799" HPOS="681"/>
							<String ID="string_217" HPOS="693" VPOS="799" WIDTH="103" HEIGHT="22" WC="0.96" CONTENT="mäktigare"/><SP WIDTH="13" VPOS="799" HPOS="796"/>
							<String ID="string_218" HPOS="809" VPOS="801" WIDTH="23" HEIGHT="16" WC="0.93" CONTENT="än"/><SP WIDTH="14" VPOS="801" HPOS="832"/>
							<String ID="string_219" HPOS="846" VPOS="800" WIDTH="30" HEIGHT="17" WC="0.92" CONTENT="nä-"/>
						</TextLine>
						<TextLine ID="line_22" HPOS="125" VPOS="827" WIDTH="752" HEIGHT="24">
							<String ID="string_220" HPOS="125" VPOS="828" WIDTH="72" HEIGHT="23" WC="0.93" CONTENT="gonsin,"/><SP WIDTH="13" VPOS="828" HPOS="197"/>
							<String ID="string_221" HPOS="210" VPOS="830" WIDTH="18" HEIGHT="21" WC="0.97" CONTENT="ty"/><SP WIDTH="13" VPOS="830" HPOS="228"/>
							<String ID="string_222" HPOS="241" VPOS="827" WIDTH="59" HEIGHT="18" WC="0.93" CONTENT="folket"/><SP WIDTH="12" VPOS="827" HPOS="300"/>
							<String ID="string_223" HPOS="312" VPOS="828" WIDTH="52" HEIGHT="17" WC="0.93" CONTENT="inser"/><SP WIDTH="12" VPOS="828" HPOS="364"/>
							<String ID="string_224" HPOS="376" VPOS="827" WIDTH="54" HEIGHT="22" WC="0.96" CONTENT="klart,"/><SP WIDTH="13" VPOS="827" HPOS="430"/>
							<String ID="string_225" HPOS="443" VPOS="829" WIDTH="28" HEIGHT="16" WC="0.93" CONTENT="att"/><SP WIDTH="12" VPOS="829" HPOS="471"/>
							<String ID="string_226" HPOS="483" VPOS="827" WIDTH="61" HEIGHT="24" WC="0.93" CONTENT="sedlig"/><SP WIDTH="15" VPOS="827" HPOS="544"/>
							<String ID="string_227" HPOS="559" VPOS="827" WIDTH="51" HEIGHT="18" WC="0.96" CONTENT="kraft"/><SP WIDTH="14" VPOS="827" HPOS="610"/>
							<String ID="string_228" HPOS="624" VPOS="829" WIDTH="21" HEIGHT="16" WC="0.96" CONTENT="är"/><SP WIDTH="15" VPOS="829" HPOS="645"/>
							<String ID="string_229" HPOS="660" VPOS="830" WIDTH="27" HEIGHT="15" WC="0.96" CONTENT="ett"/><SP WIDTH="12" VPOS="830" HPOS="687"/>
							<String ID="string_230" HPOS="699" VPOS="827" WIDTH="20" HEIGHT="18" WC="0.96" CONTENT="af"/><SP WIDTH="10" VPOS="827" HPOS="719"/>
							<String ID="string_231" HPOS="729" VPOS="827" WIDTH="43" HEIGHT="18" WC="0.96" CONTENT="dess"/><SP WIDTH="12" VPOS="827" HPOS="772"/>
							<String ID="string_232" HPOS="784" VPOS="828" WIDTH="93" HEIGHT="18" WC="0.96" CONTENT="starkaste"/>
						</TextLine>
						<TextLine ID="line_23" HPOS="126" VPOS="856" WIDTH="431" HEIGHT="23">
							<String ID="string_233" HPOS="126" VPOS="856" WIDTH="40" HEIGHT="18" WC="0.94" CONTENT="stöd"/><SP WIDTH="13" VPOS="856" HPOS="166"/>
							<String ID="string_234" HPOS="179" VPOS="857" WIDTH="7" HEIGHT="17" WC="0.94" CONTENT="i"/><SP WIDTH="13" VPOS="857" HPOS="186"/>
							<String ID="string_235" HPOS="199" VPOS="857" WIDTH="50" HEIGHT="17" WC="0.96" CONTENT="tider"/><SP WIDTH="12" VPOS="857" HPOS="249"/>
							<String ID="string_236" HPOS="261" VPOS="856" WIDTH="21" HEIGHT="18" WC="0.93" CONTENT="af"/><SP WIDTH="9" VPOS="856" HPOS="282"/>
							<String ID="string_237" HPOS="291" VPOS="856" WIDTH="92" HEIGHT="22" WC="0.96" CONTENT="trångmål"/><SP WIDTH="13" VPOS="856" HPOS="383"/>
							<String ID="string_238" HPOS="396" VPOS="856" WIDTH="34" HEIGHT="18" WC="0.93" CONTENT="och"/><SP WIDTH="13" VPOS="856" HPOS="430"/>
							<String ID="string_239" HPOS="443" VPOS="856" WIDTH="114" HEIGHT="23" WC="0.92" CONTENT="pröfningar."/>
						</TextLine>
					</TextBlock>
					<TextBlock ID="block_3" HPOS="125" VPOS="888" WIDTH="754" HEIGHT="256">
						<TextLine ID="line_24" HPOS="193" VPOS="888" WIDTH="684" HEIGHT="25">
							<String ID="string_240" HPOS="193" VPOS="888" WIDTH="60" HEIGHT="21" WC="0.91" CONTENT="Äfven"/><SP WIDTH="13" VPOS="888" HPOS="253"/>
							<String ID="string_241" HPOS="266" VPOS="891" WIDTH="18" HEIGHT="18" WC="0.97" CONTENT="vi"/><SP WIDTH="13" VPOS="891" HPOS="284"/>
							<String ID="string_242" HPOS="297" VPOS="891" WIDTH="152" HEIGHT="18" WC="0.96" CONTENT="undertecknade"/><SP WIDTH="13" VPOS="891" HPOS="449"/>
							<String ID="string_243" HPOS="462" VPOS="891" WIDTH="59" HEIGHT="18" WC="0.96" CONTENT="skulle"/><SP WIDTH="13" VPOS="891" HPOS="521"/>
							<String ID="string_244" HPOS="534" VPOS="891" WIDTH="20" HEIGHT="18" WC="0.96" CONTENT="af"/><SP WIDTH="11" VPOS="891" HPOS="554"/>
							<String ID="string_245" HPOS="565" VPOS="891" WIDTH="33" HEIGHT="18" WC="0.93" CONTENT="allt"/><SP WIDTH="12" VPOS="891" HPOS="598"/>
							<String ID="string_246" HPOS="610" VPOS="891" WIDTH="61" HEIGHT="22" WC="0.92" CONTENT="hjärta"/><SP WIDTH="12" VPOS="891" HPOS="671"/>
							<String ID="string_247" HPOS="683" VPOS="891" WIDTH="63" HEIGHT="22" WC="0.92" CONTENT="önska,"/><SP WIDTH="12" VPOS="891" HPOS="746"/>
							<String ID="string_248" HPOS="758" VPOS="893" WIDTH="28" HEIGHT="16" WC="0.95" CONTENT="att"/><SP WIDTH="9" VPOS="893" HPOS="786"/>
							<String ID="string_249" HPOS="795" VPOS="897" WIDTH="41" HEIGHT="12" WC="0.93" CONTENT="man"/><SP WIDTH="12" VPOS="897" HPOS="836"/>
							<String ID="string_250" HPOS="848" VPOS="896" WIDTH="29" HEIGHT="13" WC="0.93" CONTENT="re-"/>
						</TextLine>
						<TextLine ID="line_25" HPOS="126" VPOS="919" WIDTH="752" HEIGHT="24">
							<String ID="string_251" HPOS="126" VPOS="921" WIDTH="36" HEIGHT="18" WC="0.96" CONTENT="dan"/><SP WIDTH="10" VPOS="921" HPOS="162"/>
							<String ID="string_252" HPOS="172" VPOS="925" WIDTH="25" HEIGHT="13" WC="0.95" CONTENT="nu"/><SP WIDTH="12" VPOS="925" HPOS="197"/>
							<String ID="string_253" HPOS="209" VPOS="919" WIDTH="63" HEIGHT="19" WC="0.93" CONTENT="kunde"/><SP WIDTH="12" VPOS="919" HPOS="272"/>
							<String ID="string_254" HPOS="284" VPOS="920" WIDTH="73" HEIGHT="18" WC="0.93" CONTENT="besluta"/><SP WIDTH="13" VPOS="920" HPOS="357"/>
							<String ID="string_255" HPOS="370" VPOS="919" WIDTH="110" HEIGHT="19" WC="0.92" CONTENT="utfärdande"/><SP WIDTH="11" VPOS="919" HPOS="480"/>
							<String ID="string_256" HPOS="491" VPOS="920" WIDTH="19" HEIGHT="18" WC="0.97" CONTENT="af"/><SP WIDTH="8" VPOS="920" HPOS="510"/>
							<String ID="string_257" HPOS="518" VPOS="925" WIDTH="23" HEIGHT="12" WC="0.97" CONTENT="en"/><SP WIDTH="10" VPOS="925" HPOS="541"/>
							<String ID="string_258" HPOS="551" VPOS="921" WIDTH="67" HEIGHT="17" WC="0.97" CONTENT="allmän"/><SP WIDTH="11" VPOS="921" HPOS="618"/>
							<String ID="string_259" HPOS="629" VPOS="921" WIDTH="35" HEIGHT="16" WC="0.96" CONTENT="och"/><SP WIDTH="9" VPOS="921" HPOS="664"/>
							<String ID="string_260" HPOS="673" VPOS="919" WIDTH="108" HEIGHT="24" WC="0.93" CONTENT="fullständig"/><SP WIDTH="12" VPOS="919" HPOS="781"/>
							<String ID="string_261" HPOS="793" VPOS="920" WIDTH="85" HEIGHT="18" WC="0.92" CONTENT="förbuds-"/>
						</TextLine>
						<TextLine ID="line_26" HPOS="126" VPOS="949" WIDTH="753" HEIGHT="24">
							<String ID="string_262" HPOS="126" VPOS="950" WIDTH="30" HEIGHT="23" WC="0.96" CONTENT="lag"/><SP WIDTH="19" VPOS="950" HPOS="156"/>
							<String ID="string_263" HPOS="175" VPOS="951" WIDTH="37" HEIGHT="16" WC="0.93" CONTENT="mot"/><SP WIDTH="18" VPOS="951" HPOS="212"/>
							<String ID="string_264" HPOS="230" VPOS="949" WIDTH="128" HEIGHT="22" WC="0.92" CONTENT="tillverkning,"/><SP WIDTH="16" VPOS="949" HPOS="358"/>
							<String ID="string_265" HPOS="374" VPOS="949" WIDTH="69" HEIGHT="23" WC="0.96" CONTENT="import"/><SP WIDTH="12" VPOS="949" HPOS="443"/>
							<String ID="string_266" HPOS="455" VPOS="949" WIDTH="34" HEIGHT="18" WC="0.96" CONTENT="och"/><SP WIDTH="14" VPOS="949" HPOS="489"/>
							<String ID="string_267" HPOS="503" VPOS="949" WIDTH="111" HEIGHT="23" WC="0.96" CONTENT="försäljning"/><SP WIDTH="12" VPOS="949" HPOS="614"/>
							<String ID="string_268" HPOS="626" VPOS="949" WIDTH="20" HEIGHT="18" WC="0.93" CONTENT="af"/><SP WIDTH="10" VPOS="949" HPOS="646"/>
							<String ID="string_269" HPOS="656" VPOS="949" WIDTH="118" HEIGHT="23" WC="0.91" CONTENT="rusdrycker."/><SP WIDTH="25" VPOS="949" HPOS="774"/>
							<String ID="string_270" HPOS="799" VPOS="950" WIDTH="42" HEIGHT="17" WC="0.96" CONTENT="Men"/><SP WIDTH="14" VPOS="950" HPOS="841"/>
							<String ID="string_271" HPOS="855" VPOS="949" WIDTH="24" HEIGHT="18" WC="0.96" CONTENT="dä"/>
						</TextLine>
						<TextLine ID="line_27" HPOS="126" VPOS="977" WIDTH="751" HEIGHT="23">
							<String ID="string_272" HPOS="126" VPOS="979" WIDTH="17" HEIGHT="17" WC="0.93" CONTENT="vi"/><SP WIDTH="21" VPOS="979" HPOS="143"/>
							<String ID="string_273" HPOS="164" VPOS="980" WIDTH="46" HEIGHT="20" WC="0.91" CONTENT="veta,"/><SP WIDTH="13" VPOS="980" HPOS="210"/>
							<String ID="string_274" HPOS="223" VPOS="981" WIDTH="27" HEIGHT="14" WC="0.95" CONTENT="att"/><SP WIDTH="18" VPOS="981" HPOS="250"/>
							<String ID="string_275" HPOS="268" VPOS="977" WIDTH="32" HEIGHT="18" WC="0.96" CONTENT="det"/><SP WIDTH="15" VPOS="977" HPOS="300"/>
							<String ID="string_276" HPOS="315" VPOS="980" WIDTH="50" HEIGHT="15" WC="0.93" CONTENT="ännu"/><SP WIDTH="15" VPOS="980" HPOS="365"/>
							<String ID="string_277" HPOS="380" VPOS="977" WIDTH="59" HEIGHT="23" WC="0.92" CONTENT="gifves"/><SP WIDTH="16" VPOS="977" HPOS="439"/>
							<String ID="string_278" HPOS="455" VPOS="977" WIDTH="115" HEIGHT="23" WC="0.93" CONTENT="kommuner,"/><SP WIDTH="12" VPOS="977" HPOS="570"/>
							<String ID="string_279" HPOS="582" VPOS="978" WIDTH="27" HEIGHT="18" WC="0.92" CONTENT="uti"/><SP WIDTH="13" VPOS="978" HPOS="609"/>
							<String ID="string_280" HPOS="622" VPOS="978" WIDTH="64" HEIGHT="17" WC="0.91" CONTENT="hvilka"/><SP WIDTH="12" VPOS="978" HPOS="686"/>
							<String ID="string_281" HPOS="698" VPOS="978" WIDTH="62" HEIGHT="18" WC="0.93" CONTENT="denna"/><SP WIDTH="13" VPOS="978" HPOS="760"/>
							<String ID="string_282" HPOS="773" VPOS="978" WIDTH="49" HEIGHT="17" WC="0.91" CONTENT="äsikt"/><SP WIDTH="12" VPOS="978" HPOS="822"/>
							<String ID="string_283" HPOS="834" VPOS="978" WIDTH="43" HEIGHT="18" WC="0.93" CONTENT="icke"/>
						</TextLine>
						<TextLine ID="line_28" HPOS="126" VPOS="1006" WIDTH="751" HEIGHT="24">
							<String ID="string_284" HPOS="126" VPOS="1007" WIDTH="58" HEIGHT="18" WC="0.90" CONTENT="brutit"/><SP WIDTH="12" VPOS="1007" HPOS="184"/>
							<String ID="string_285" HPOS="196" VPOS="1007" WIDTH="79" HEIGHT="23" WC="0.90" CONTENT="igenom,"/><SP WIDTH="15" VPOS="1007" HPOS="275"/>
							<String ID="string_286" HPOS="290" VPOS="1007" WIDTH="34" HEIGHT="17" WC="0.96" CONTENT="och"/><SP WIDTH="14" VPOS="1007" HPOS="324"/>
							<String ID="string_287" HPOS="338" VPOS="1006" WIDTH="33" HEIGHT="18" WC="0.96" CONTENT="der"/><SP WIDTH="12" VPOS="1006" HPOS="371"/>
							<String ID="string_288" HPOS="383" VPOS="1011" WIDTH="69" HEIGHT="13" WC="0.96" CONTENT="samma"/><SP WIDTH="13" VPOS="1011" HPOS="452"/>
							<String ID="string_289" HPOS="465" VPOS="1007" WIDTH="38" HEIGHT="21" WC="0.96" CONTENT="sak,"/><SP WIDTH="12" VPOS="1007" HPOS="503"/>
							<String ID="string_290" HPOS="515" VPOS="1012" WIDTH="39" HEIGHT="12" WC="0.96" CONTENT="som"/><SP WIDTH="13" VPOS="1012" HPOS="554"/>
							<String ID="string_291" HPOS="567" VPOS="1007" WIDTH="7" HEIGHT="18" WC="0.96" CONTENT="i"/><SP WIDTH="13" VPOS="1007" HPOS="574"/>
							<String ID="string_292" HPOS="587" VPOS="1007" WIDTH="22" HEIGHT="18" WC="0.96" CONTENT="de"/><SP WIDTH="13" VPOS="1007" HPOS="609"/>
							<String ID="string_293" HPOS="622" VPOS="1006" WIDTH="55" HEIGHT="19" WC="0.96" CONTENT="flesta"/><SP WIDTH="12" VPOS="1006" HPOS="677"/>
							<String ID="string_294" HPOS="689" VPOS="1007" WIDTH="58" HEIGHT="17" WC="0.96" CONTENT="andra"/><SP WIDTH="12" VPOS="1007" HPOS="747"/>
							<String ID="string_295" HPOS="759" VPOS="1007" WIDTH="61" HEIGHT="18" WC="0.93" CONTENT="skulle"/><SP WIDTH="12" VPOS="1007" HPOS="820"/>
							<String ID="string_296" HPOS="832" VPOS="1007" WIDTH="45" HEIGHT="17" WC="0.93" CONTENT="kän-"/>
						</TextLine>
						<TextLine ID="line_29" HPOS="125" VPOS="1035" WIDTH="752" HEIGHT="23">
							<String ID="string_297" HPOS="125" VPOS="1041" WIDTH="33" HEIGHT="13" WC="0.93" CONTENT="nas"/><SP WIDTH="11" VPOS="1041" HPOS="158"/>
							<String ID="string_298" HPOS="169" VPOS="1041" WIDTH="39" HEIGHT="13" WC="0.91" CONTENT="som"/><SP WIDTH="11" VPOS="1041" HPOS="208"/>
							<String ID="string_299" HPOS="219" VPOS="1042" WIDTH="22" HEIGHT="12" WC="0.93" CONTENT="en"/><SP WIDTH="10" VPOS="1042" HPOS="241"/>
							<String ID="string_300" HPOS="251" VPOS="1035" WIDTH="95" HEIGHT="23" WC="0.92" CONTENT="befrielse,"/><SP WIDTH="9" VPOS="1035" HPOS="346"/>
							<String ID="string_301" HPOS="355" VPOS="1035" WIDTH="59" HEIGHT="18" WC="0.90" CONTENT="blefve"/><SP WIDTH="11" VPOS="1035" HPOS="414"/>
							<String ID="string_302" HPOS="425" VPOS="1036" WIDTH="98" HEIGHT="22" WC="0.93" CONTENT="uppfattad"/><SP WIDTH="8" VPOS="1036" HPOS="523"/>
							<String ID="string_303" HPOS="531" VPOS="1041" WIDTH="40" HEIGHT="13" WC="0.97" CONTENT="som"/><SP WIDTH="9" VPOS="1041" HPOS="571"/>
							<String ID="string_304" HPOS="580" VPOS="1037" WIDTH="27" HEIGHT="17" WC="0.93" CONTENT="ett"/><SP WIDTH="6" VPOS="1037" HPOS="607"/>
							<String ID="string_305" HPOS="613" VPOS="1036" WIDTH="91" HEIGHT="18" WC="0.92" CONTENT="frihetens"/><SP WIDTH="6" VPOS="1036" HPOS="704"/>
							<String ID="string_306" HPOS="710" VPOS="1036" WIDTH="167" HEIGHT="22" WC="0.92" CONTENT="undertryckande,"/>
						</TextLine>
						<TextLine ID="line_30" HPOS="126" VPOS="1064" WIDTH="751" HEIGHT="23">
							<String ID="string_307" HPOS="126" VPOS="1065" WIDTH="34" HEIGHT="17" WC="0.96" CONTENT="och"/><SP WIDTH="13" VPOS="1065" HPOS="160"/>
							<String ID="string_308" HPOS="173" VPOS="1064" WIDTH="23" HEIGHT="18" WC="0.96" CONTENT="dä"/><SP WIDTH="13" VPOS="1064" HPOS="196"/>
							<String ID="string_309" HPOS="209" VPOS="1066" WIDTH="26" HEIGHT="16" WC="0.93" CONTENT="ett"/><SP WIDTH="12" VPOS="1066" HPOS="235"/>
							<String ID="string_310" HPOS="247" VPOS="1064" WIDTH="68" HEIGHT="18" WC="0.93" CONTENT="sädant"/><SP WIDTH="12" VPOS="1064" HPOS="315"/>
							<String ID="string_311" HPOS="327" VPOS="1067" WIDTH="42" HEIGHT="19" WC="0.96" CONTENT="steg"/><SP WIDTH="12" VPOS="1067" HPOS="369"/>
							<String ID="string_312" HPOS="381" VPOS="1064" WIDTH="58" HEIGHT="23" WC="0.93" CONTENT="enligt"/><SP WIDTH="9" VPOS="1064" HPOS="439"/>
							<String ID="string_313" HPOS="448" VPOS="1064" WIDTH="89" HEIGHT="23" WC="0.91" CONTENT="mängens"/><SP WIDTH="9" VPOS="1064" HPOS="537"/>
							<String ID="string_314" HPOS="546" VPOS="1065" WIDTH="75" HEIGHT="21" WC="0.96" CONTENT="mening"/><SP WIDTH="9" VPOS="1065" HPOS="621"/>
							<String ID="string_315" HPOS="630" VPOS="1066" WIDTH="44" HEIGHT="16" WC="0.93" CONTENT="utan"/><SP WIDTH="9" VPOS="1066" HPOS="674"/>
							<String ID="string_316" HPOS="683" VPOS="1064" WIDTH="63" HEIGHT="18" WC="0.93" CONTENT="tvifvel"/><SP WIDTH="11" VPOS="1064" HPOS="746"/>
							<String ID="string_317" HPOS="757" VPOS="1064" WIDTH="63" HEIGHT="18" WC="0.93" CONTENT="kunde"/><SP WIDTH="9" VPOS="1064" HPOS="820"/>
							<String ID="string_318" HPOS="829" VPOS="1064" WIDTH="48" HEIGHT="18" WC="0.92" CONTENT="före-"/>
						</TextLine>
						<TextLine ID="line_31" HPOS="126" VPOS="1092" WIDTH="752" HEIGHT="24">
							<String ID="string_319" HPOS="126" VPOS="1094" WIDTH="44" HEIGHT="17" WC="0.91" CONTENT="falla"/><SP WIDTH="12" VPOS="1094" HPOS="170"/>
							<String ID="string_320" HPOS="182" VPOS="1093" WIDTH="63" HEIGHT="18" WC="0.89" CONTENT="alltför"/><SP WIDTH="11" VPOS="1093" HPOS="245"/>
							<String ID="string_321" HPOS="256" VPOS="1093" WIDTH="88" HEIGHT="22" WC="0.96" CONTENT="radikalt,"/><SP WIDTH="12" VPOS="1093" HPOS="344"/>
							<String ID="string_322" HPOS="356" VPOS="1093" WIDTH="21" HEIGHT="17" WC="0.93" CONTENT="sä"/><SP WIDTH="13" VPOS="1093" HPOS="377"/>
							<String ID="string_323" HPOS="390" VPOS="1098" WIDTH="53" HEIGHT="18" WC="0.93" CONTENT="synes"/><SP WIDTH="14" VPOS="1098" HPOS="443"/>
							<String ID="string_324" HPOS="457" VPOS="1098" WIDTH="30" HEIGHT="12" WC="0.93" CONTENT="oss"/><SP WIDTH="12" VPOS="1098" HPOS="487"/>
							<String ID="string_325" HPOS="499" VPOS="1093" WIDTH="111" HEIGHT="23" WC="0.93" CONTENT="naturligast"/><SP WIDTH="12" VPOS="1093" HPOS="610"/>
							<String ID="string_326" HPOS="622" VPOS="1093" WIDTH="35" HEIGHT="17" WC="0.93" CONTENT="och"/><SP WIDTH="9" VPOS="1093" HPOS="657"/>
							<String ID="string_327" HPOS="666" VPOS="1092" WIDTH="176" HEIGHT="24" WC="0.92" CONTENT="ändamälsenligast"/><SP WIDTH="9" VPOS="1092" HPOS="842"/>
							<String ID="string_328" HPOS="851" VPOS="1094" WIDTH="27" HEIGHT="17" WC="0.96" CONTENT="att"/>
						</TextLine>
						<TextLine ID="line_32" HPOS="127" VPOS="1121" WIDTH="751" HEIGHT="23">
							<String ID="string_329" HPOS="127" VPOS="1122" WIDTH="36" HEIGHT="18" WC="0.96" CONTENT="den"/><SP WIDTH="12" VPOS="1122" HPOS="163"/>
							<String ID="string_330" HPOS="175" VPOS="1124" WIDTH="43" HEIGHT="19" WC="0.96" CONTENT="rätt,"/><SP WIDTH="13" VPOS="1124" HPOS="218"/>
							<String ID="string_331" HPOS="231" VPOS="1127" WIDTH="39" HEIGHT="13" WC="0.96" CONTENT="som"/><SP WIDTH="10" VPOS="1127" HPOS="270"/>
							<String ID="string_332" HPOS="280" VPOS="1124" WIDTH="20" HEIGHT="15" WC="0.93" CONTENT="är"/><SP WIDTH="10" VPOS="1124" HPOS="300"/>
							<String ID="string_333" HPOS="310" VPOS="1121" WIDTH="104" HEIGHT="23" WC="0.91" CONTENT="medgifven"/><SP WIDTH="10" VPOS="1121" HPOS="414"/>
							<String ID="string_334" HPOS="424" VPOS="1122" WIDTH="194" HEIGHT="20" WC="0.91" CONTENT="landskommunerna,"/><SP WIDTH="10" VPOS="1122" HPOS="618"/>
							<String ID="string_335" HPOS="628" VPOS="1122" WIDTH="33" HEIGHT="17" WC="0.93" CONTENT="och"/><SP WIDTH="10" VPOS="1122" HPOS="661"/>
							<String ID="string_336" HPOS="671" VPOS="1122" WIDTH="76" HEIGHT="17" WC="0.92" CONTENT="hvilken"/><SP WIDTH="10" VPOS="1122" HPOS="747"/>
							<String ID="string_337" HPOS="757" VPOS="1122" WIDTH="54" HEIGHT="17" WC="0.96" CONTENT="dessa"/><SP WIDTH="9" VPOS="1122" HPOS="811"/>
							<String ID="string_338" HPOS="820" VPOS="1122" WIDTH="20" HEIGHT="17" WC="0.96" CONTENT="sä"/><SP WIDTH="9" VPOS="1122" HPOS="840"/>
							<String ID="string_339" HPOS="849" VPOS="1121" WIDTH="29" HEIGHT="18" WC="0.94" CONTENT="väl"/>
						</TextLine>
					</TextBlock>
					<TextBlock ID="block_4" HPOS="108" VPOS="1150" WIDTH="772" HEIGHT="277">
						<TextLine ID="line_33" HPOS="108" VPOS="1150" WIDTH="770" HEIGHT="24">
							<String ID="string_340" HPOS="108" VPOS="1170" WIDTH="3" HEIGHT="4" WC="0.56" CONTENT=","/><SP WIDTH="16" VPOS="1170" HPOS="111"/>
							<String ID="string_341" HPOS="127" VPOS="1151" WIDTH="25" HEIGHT="17" WC="0.93" CONTENT="ha"/><SP WIDTH="13" VPOS="1151" HPOS="152"/>
							<String ID="string_342" HPOS="165" VPOS="1150" WIDTH="87" HEIGHT="22" WC="0.96" CONTENT="användt,"/><SP WIDTH="12" VPOS="1150" HPOS="252"/>
							<String ID="string_343" HPOS="264" VPOS="1150" WIDTH="58" HEIGHT="18" WC="0.91" CONTENT="måtte"/><SP WIDTH="13" VPOS="1150" HPOS="322"/>
							<String ID="string_344" HPOS="335" VPOS="1150" WIDTH="105" HEIGHT="18" WC="0.91" CONTENT="utsträckas"/><SP WIDTH="13" VPOS="1150" HPOS="440"/>
							<String ID="string_345" HPOS="453" VPOS="1150" WIDTH="54" HEIGHT="18" WC="0.96" CONTENT="äfven"/><SP WIDTH="12" VPOS="1150" HPOS="507"/>
							<String ID="string_346" HPOS="519" VPOS="1150" WIDTH="29" HEIGHT="18" WC="0.93" CONTENT="till"/><SP WIDTH="14" VPOS="1150" HPOS="548"/>
							<String ID="string_347" HPOS="562" VPOS="1150" WIDTH="190" HEIGHT="18" WC="0.87" CONTENT="stadskommunerna."/><SP WIDTH="20" VPOS="1150" HPOS="752"/>
							<String ID="string_348" HPOS="772" VPOS="1150" WIDTH="28" HEIGHT="18" WC="0.96" CONTENT="De"/><SP WIDTH="13" VPOS="1150" HPOS="800"/>
							<String ID="string_349" HPOS="813" VPOS="1155" WIDTH="65" HEIGHT="13" WC="0.96" CONTENT="senare"/>
						</TextLine>
						<TextLine ID="line_34" HPOS="128" VPOS="1178" WIDTH="751" HEIGHT="24">
							<String ID="string_350" HPOS="128" VPOS="1180" WIDTH="58" HEIGHT="18" WC="0.91" CONTENT="mäste"/><SP WIDTH="16" VPOS="1180" HPOS="186"/>
							<String ID="string_351" HPOS="202" VPOS="1180" WIDTH="22" HEIGHT="22" WC="0.96" CONTENT="ju"/><SP WIDTH="19" VPOS="1180" HPOS="224"/>
							<String ID="string_352" HPOS="243" VPOS="1184" WIDTH="54" HEIGHT="13" WC="0.96" CONTENT="anses"/><SP WIDTH="18" VPOS="1184" HPOS="297"/>
							<String ID="string_353" HPOS="315" VPOS="1180" WIDTH="7" HEIGHT="16" WC="0.96" CONTENT="i"/><SP WIDTH="12" VPOS="1180" HPOS="322"/>
							<String ID="string_354" HPOS="334" VPOS="1179" WIDTH="106" HEIGHT="23" WC="0.95" CONTENT="utveckling"/><SP WIDTH="16" VPOS="1179" HPOS="440"/>
							<String ID="string_355" HPOS="456" VPOS="1180" WIDTH="28" HEIGHT="16" WC="0.93" CONTENT="stä"/><SP WIDTH="12" VPOS="1180" HPOS="484"/>
							<String ID="string_356" HPOS="496" VPOS="1179" WIDTH="77" HEIGHT="18" WC="0.92" CONTENT="framom"/><SP WIDTH="13" VPOS="1179" HPOS="573"/>
							<String ID="string_357" HPOS="586" VPOS="1180" WIDTH="23" HEIGHT="17" WC="0.93" CONTENT="de"/><SP WIDTH="12" VPOS="1180" HPOS="609"/>
							<String ID="string_358" HPOS="621" VPOS="1178" WIDTH="55" HEIGHT="18" WC="0.89" CONTENT="förra."/><SP WIDTH="24" VPOS="1178" HPOS="676"/>
							<String ID="string_359" HPOS="700" VPOS="1179" WIDTH="24" HEIGHT="18" WC="0.96" CONTENT="Sä"/><SP WIDTH="16" VPOS="1179" HPOS="724"/>
							<String ID="string_360" HPOS="740" VPOS="1180" WIDTH="74" HEIGHT="22" WC="0.93" CONTENT="mycket"/><SP WIDTH="14" VPOS="1180" HPOS="814"/>
							<String ID="string_361" HPOS="828" VPOS="1184" WIDTH="51" HEIGHT="13" WC="0.96" CONTENT="mera"/>
						</TextLine>
						<TextLine ID="line_35" HPOS="128" VPOS="1207" WIDTH="750" HEIGHT="23">
							<String ID="string_362" HPOS="128" VPOS="1208" WIDTH="124" HEIGHT="18" WC="0.91" CONTENT="omotiveradt"/><SP WIDTH="13" VPOS="1208" HPOS="252"/>
							<String ID="string_363" HPOS="265" VPOS="1210" WIDTH="20" HEIGHT="16" WC="0.96" CONTENT="är"/><SP WIDTH="13" VPOS="1210" HPOS="285"/>
							<String ID="string_364" HPOS="298" VPOS="1208" WIDTH="32" HEIGHT="18" WC="0.93" CONTENT="det"/><SP WIDTH="12" VPOS="1208" HPOS="330"/>
							<String ID="string_365" HPOS="342" VPOS="1208" WIDTH="62" HEIGHT="18" WC="0.93" CONTENT="derför"/><SP WIDTH="12" VPOS="1208" HPOS="404"/>
							<String ID="string_366" HPOS="416" VPOS="1210" WIDTH="27" HEIGHT="16" WC="0.93" CONTENT="att"/><SP WIDTH="12" VPOS="1210" HPOS="443"/>
							<String ID="string_367" HPOS="455" VPOS="1208" WIDTH="104" HEIGHT="18" WC="0.92" CONTENT="inskränka"/><SP WIDTH="15" VPOS="1208" HPOS="559"/>
							<String ID="string_368" HPOS="574" VPOS="1208" WIDTH="54" HEIGHT="18" WC="0.93" CONTENT="deras"/><SP WIDTH="12" VPOS="1208" HPOS="628"/>
							<String ID="string_369" HPOS="640" VPOS="1207" WIDTH="112" HEIGHT="23" WC="0.91" CONTENT="befogenhet"/><SP WIDTH="15" VPOS="1207" HPOS="752"/>
							<String ID="string_370" HPOS="767" VPOS="1208" WIDTH="24" HEIGHT="22" WC="0.96" CONTENT="pä"/><SP WIDTH="12" VPOS="1208" HPOS="791"/>
							<String ID="string_371" HPOS="803" VPOS="1210" WIDTH="27" HEIGHT="15" WC="0.93" CONTENT="ett"/><SP WIDTH="12" VPOS="1210" HPOS="830"/>
							<String ID="string_372" HPOS="842" VPOS="1213" WIDTH="36" HEIGHT="12" WC="0.92" CONTENT="om-"/>
						</TextLine>
						<TextLine ID="line_36" HPOS="127" VPOS="1236" WIDTH="751" HEIGHT="23">
							<String ID="string_373" HPOS="127" VPOS="1237" WIDTH="51" HEIGHT="21" WC="0.92" CONTENT="räde,"/><SP WIDTH="20" VPOS="1237" HPOS="178"/>
							<String ID="string_374" HPOS="198" VPOS="1236" WIDTH="33" HEIGHT="18" WC="0.96" CONTENT="der"/><SP WIDTH="18" VPOS="1236" HPOS="231"/>
							<String ID="string_375" HPOS="249" VPOS="1237" WIDTH="19" HEIGHT="17" WC="0.93" CONTENT="ät"/><SP WIDTH="17" VPOS="1237" HPOS="268"/>
							<String ID="string_376" HPOS="285" VPOS="1236" WIDTH="189" HEIGHT="18" WC="0.91" CONTENT="landskommunerna"/><SP WIDTH="17" VPOS="1236" HPOS="474"/>
							<String ID="string_377" HPOS="491" VPOS="1237" WIDTH="58" HEIGHT="17" WC="0.91" CONTENT="redan"/><SP WIDTH="21" VPOS="1237" HPOS="549"/>
							<String ID="string_378" HPOS="570" VPOS="1236" WIDTH="106" HEIGHT="23" WC="0.91" CONTENT="medgifvits"/><SP WIDTH="21" VPOS="1236" HPOS="676"/>
							<String ID="string_379" HPOS="697" VPOS="1236" WIDTH="181" HEIGHT="18" WC="0.92" CONTENT="bestämmanderätt."/>
						</TextLine>
						<TextLine ID="line_37" HPOS="128" VPOS="1265" WIDTH="751" HEIGHT="23">
							<String ID="string_380" HPOS="128" VPOS="1266" WIDTH="34" HEIGHT="18" WC="0.95" CONTENT="Om"/><SP WIDTH="18" VPOS="1266" HPOS="162"/>
							<String ID="string_381" HPOS="180" VPOS="1266" WIDTH="61" HEIGHT="18" WC="0.96" CONTENT="denna"/><SP WIDTH="17" VPOS="1266" HPOS="241"/>
							<String ID="string_382" HPOS="258" VPOS="1268" WIDTH="37" HEIGHT="15" WC="0.96" CONTENT="rätt"/><SP WIDTH="18" VPOS="1268" HPOS="295"/>
							<String ID="string_383" HPOS="313" VPOS="1266" WIDTH="49" HEIGHT="17" WC="0.93" CONTENT="skall"/><SP WIDTH="18" VPOS="1266" HPOS="362"/>
							<String ID="string_384" HPOS="380" VPOS="1265" WIDTH="59" HEIGHT="23" WC="0.92" CONTENT="gifvas"/><SP WIDTH="18" VPOS="1265" HPOS="439"/>
							<String ID="string_385" HPOS="457" VPOS="1265" WIDTH="185" HEIGHT="18" WC="0.76" CONTENT="stadskommunerna"/><SP WIDTH="16" VPOS="1265" HPOS="642"/>
							<String ID="string_386" HPOS="658" VPOS="1266" WIDTH="7" HEIGHT="16" WC="0.93" CONTENT="i"/><SP WIDTH="16" VPOS="1266" HPOS="665"/>
							<String ID="string_387" HPOS="681" VPOS="1266" WIDTH="58" HEIGHT="17" WC="0.96" CONTENT="sådan"/><SP WIDTH="12" VPOS="1266" HPOS="739"/>
							<String ID="string_388" HPOS="751" VPOS="1265" WIDTH="48" HEIGHT="18" WC="0.96" CONTENT="form"/><SP WIDTH="15" VPOS="1265" HPOS="799"/>
							<String ID="string_389" HPOS="814" VPOS="1267" WIDTH="27" HEIGHT="15" WC="0.96" CONTENT="att"/><SP WIDTH="15" VPOS="1267" HPOS="841"/>
							<String ID="string_390" HPOS="856" VPOS="1265" WIDTH="23" HEIGHT="18" WC="0.96" CONTENT="de"/>
						</TextLine>
						<TextLine ID="line_38" HPOS="127" VPOS="1294" WIDTH="753" HEIGHT="22">
							<String ID="string_391" HPOS="127" VPOS="1295" WIDTH="31" HEIGHT="17" WC="0.93" CONTENT="vid"/><SP WIDTH="18" VPOS="1295" HPOS="158"/>
							<String ID="string_392" HPOS="176" VPOS="1294" WIDTH="148" HEIGHT="18" WC="0.92" CONTENT="rädhusstämma"/><SP WIDTH="16" VPOS="1294" HPOS="324"/>
							<String ID="string_393" HPOS="340" VPOS="1294" WIDTH="19" HEIGHT="18" WC="0.96" CONTENT="få"/><SP WIDTH="15" VPOS="1294" HPOS="359"/>
							<String ID="string_394" HPOS="374" VPOS="1294" WIDTH="73" HEIGHT="18" WC="0.96" CONTENT="besluta"/><SP WIDTH="15" VPOS="1294" HPOS="447"/>
							<String ID="string_395" HPOS="462" VPOS="1294" WIDTH="7" HEIGHT="17" WC="0.96" CONTENT="i"/><SP WIDTH="16" VPOS="1294" HPOS="469"/>
							<String ID="string_396" HPOS="485" VPOS="1294" WIDTH="61" HEIGHT="18" WC="0.96" CONTENT="denna"/><SP WIDTH="16" VPOS="1294" HPOS="546"/>
							<String ID="string_397" HPOS="562" VPOS="1294" WIDTH="38" HEIGHT="22" WC="0.93" CONTENT="sak,"/><SP WIDTH="16" VPOS="1294" HPOS="600"/>
							<String ID="string_398" HPOS="616" VPOS="1294" WIDTH="61" HEIGHT="18" WC="0.96" CONTENT="såsom"/><SP WIDTH="15" VPOS="1294" HPOS="677"/>
							<String ID="string_399" HPOS="692" VPOS="1294" WIDTH="188" HEIGHT="18" WC="0.95" CONTENT="landskommunerna"/>
						</TextLine>
						<TextLine ID="line_39" HPOS="129" VPOS="1322" WIDTH="750" HEIGHT="24">
							<String ID="string_400" HPOS="129" VPOS="1326" WIDTH="45" HEIGHT="20" WC="0.96" CONTENT="göra"/><SP WIDTH="12" VPOS="1326" HPOS="174"/>
							<String ID="string_401" HPOS="186" VPOS="1323" WIDTH="32" HEIGHT="18" WC="0.96" CONTENT="det"/><SP WIDTH="12" VPOS="1323" HPOS="218"/>
							<String ID="string_402" HPOS="230" VPOS="1323" WIDTH="31" HEIGHT="17" WC="0.93" CONTENT="vid"/><SP WIDTH="13" VPOS="1323" HPOS="261"/>
							<String ID="string_403" HPOS="274" VPOS="1323" WIDTH="193" HEIGHT="21" WC="0.92" CONTENT="kommunalstämma,"/><SP WIDTH="13" VPOS="1323" HPOS="467"/>
							<String ID="string_404" HPOS="480" VPOS="1323" WIDTH="45" HEIGHT="17" WC="0.93" CONTENT="eller"/><SP WIDTH="10" VPOS="1323" HPOS="525"/>
							<String ID="string_405" HPOS="535" VPOS="1322" WIDTH="79" HEIGHT="19" WC="0.93" CONTENT="sälunda"/><SP WIDTH="10" VPOS="1322" HPOS="614"/>
							<String ID="string_406" HPOS="624" VPOS="1324" WIDTH="27" HEIGHT="16" WC="0.93" CONTENT="att"/><SP WIDTH="9" VPOS="1324" HPOS="651"/>
							<String ID="string_407" HPOS="660" VPOS="1323" WIDTH="94" HEIGHT="17" WC="0.93" CONTENT="städernas"/><SP WIDTH="9" VPOS="1323" HPOS="754"/>
							<String ID="string_408" HPOS="763" VPOS="1322" WIDTH="116" HEIGHT="23" WC="0.90" CONTENT="fullmäktige"/>
						</TextLine>
						<TextLine ID="line_40" HPOS="128" VPOS="1350" WIDTH="752" HEIGHT="22">
							<String ID="string_409" HPOS="128" VPOS="1352" WIDTH="47" HEIGHT="17" WC="0.96" CONTENT="fatta"/><SP WIDTH="15" VPOS="1352" HPOS="175"/>
							<String ID="string_410" HPOS="190" VPOS="1351" WIDTH="62" HEIGHT="18" WC="0.93" CONTENT="beslut"/><SP WIDTH="15" VPOS="1351" HPOS="252"/>
							<String ID="string_411" HPOS="267" VPOS="1352" WIDTH="69" HEIGHT="20" WC="0.92" CONTENT="derom,"/><SP WIDTH="13" VPOS="1352" HPOS="336"/>
							<String ID="string_412" HPOS="349" VPOS="1351" WIDTH="50" HEIGHT="17" WC="0.96" CONTENT="detta"/><SP WIDTH="14" VPOS="1351" HPOS="399"/>
							<String ID="string_413" HPOS="413" VPOS="1352" WIDTH="21" HEIGHT="16" WC="0.96" CONTENT="är"/><SP WIDTH="15" VPOS="1352" HPOS="434"/>
							<String ID="string_414" HPOS="449" VPOS="1355" WIDTH="51" HEIGHT="13" WC="0.96" CONTENT="mera"/><SP WIDTH="13" VPOS="1355" HPOS="500"/>
							<String ID="string_415" HPOS="513" VPOS="1355" WIDTH="22" HEIGHT="13" WC="0.93" CONTENT="en"/><SP WIDTH="13" VPOS="1355" HPOS="535"/>
							<String ID="string_416" HPOS="548" VPOS="1350" WIDTH="58" HEIGHT="18" WC="0.89" CONTENT="bisak."/><SP WIDTH="25" VPOS="1350" HPOS="606"/>
							<String ID="string_417" HPOS="631" VPOS="1350" WIDTH="138" HEIGHT="21" WC="0.89" CONTENT="Hufvudsaken,"/><SP WIDTH="15" VPOS="1350" HPOS="769"/>
							<String ID="string_418" HPOS="784" VPOS="1350" WIDTH="29" HEIGHT="18" WC="0.93" CONTENT="till"/><SP WIDTH="12" VPOS="1350" HPOS="813"/>
							<String ID="string_419" HPOS="825" VPOS="1350" WIDTH="55" HEIGHT="18" WC="0.92" CONTENT="hvars"/>
						</TextLine>
						<TextLine ID="line_41" HPOS="128" VPOS="1378" WIDTH="752" HEIGHT="24">
							<String ID="string_420" HPOS="128" VPOS="1378" WIDTH="151" HEIGHT="24" WC="0.95" CONTENT="förverkligande"/><SP WIDTH="19" VPOS="1378" HPOS="279"/>
							<String ID="string_421" HPOS="298" VPOS="1379" WIDTH="18" HEIGHT="17" WC="0.93" CONTENT="vi"/><SP WIDTH="18" VPOS="1379" HPOS="316"/>
							<String ID="string_422" HPOS="334" VPOS="1378" WIDTH="73" HEIGHT="18" WC="0.95" CONTENT="anhålla"/><SP WIDTH="18" VPOS="1378" HPOS="407"/>
							<String ID="string_423" HPOS="425" VPOS="1384" WIDTH="29" HEIGHT="12" WC="0.93" CONTENT="om"/><SP WIDTH="19" VPOS="1384" HPOS="454"/>
							<String ID="string_424" HPOS="473" VPOS="1378" WIDTH="114" HEIGHT="23" WC="0.91" CONTENT="högvördiga"/><SP WIDTH="17" VPOS="1378" HPOS="587"/>
							<String ID="string_425" HPOS="604" VPOS="1378" WIDTH="140" HEIGHT="18" WC="0.91" CONTENT="Presteständes"/><SP WIDTH="19" VPOS="1378" HPOS="744"/>
							<String ID="string_426" HPOS="763" VPOS="1378" WIDTH="117" HEIGHT="22" WC="0.96" CONTENT="medverkan,"/>
						</TextLine>
						<TextLine ID="line_42" HPOS="130" VPOS="1408" WIDTH="130" HEIGHT="19">
							<String ID="string_427" HPOS="130" VPOS="1413" WIDTH="44" HEIGHT="14" WC="0.92" CONTENT="anse"/><SP WIDTH="13" VPOS="1413" HPOS="174"/>
							<String ID="string_428" HPOS="187" VPOS="1408" WIDTH="17" HEIGHT="18" WC="0.97" CONTENT="vi"/><SP WIDTH="13" VPOS="1408" HPOS="204"/>
							<String ID="string_429" HPOS="217" VPOS="1412" WIDTH="43" HEIGHT="14" WC="0.96" CONTENT="vara"/>
						</TextLine>
					</TextBlock>
				</ComposedBlock>
				<ComposedBlock ID="cblock_3" HPOS="200" VPOS="1510" WIDTH="612" HEIGHT="21">
					<TextBlock ID="block_5" HPOS="200" VPOS="1510" WIDTH="612" HEIGHT="21">
						<TextLine ID="line_43" HPOS="200" VPOS="1510" WIDTH="612" HEIGHT="21">
							<String ID="string_430" HPOS="200" VPOS="1512" WIDTH="180" HEIGHT="19" WC="0.88" CONTENT="Ekonomiutskottets"/><SP WIDTH="14" VPOS="1512" HPOS="380"/>
							<String ID="string_431" HPOS="394" VPOS="1511" WIDTH="111" HEIGHT="18" WC="0.95" CONTENT="betänkande"/><SP WIDTH="12" VPOS="1511" HPOS="505"/>
							<String ID="string_432" HPOS="517" VPOS="1510" WIDTH="37" HEIGHT="19" WC="0.96" CONTENT="N:o"/><SP WIDTH="14" VPOS="1510" HPOS="554"/>
							<String ID="string_433" HPOS="568" VPOS="1510" WIDTH="17" HEIGHT="19" WC="0.92" CONTENT="8."/><SP WIDTH="216" VPOS="1510" HPOS="585"/>
							<String ID="string_434" HPOS="801" VPOS="1511" WIDTH="11" HEIGHT="18" WC="0.96" CONTENT="2"/>
						</TextLine>
					</TextBlock>
				</ComposedBlock>
			</PrintSpace>
		</Page>
	</Layout>
</alto>
