1061 1706
222 162 25 21 14
380 160 270 22 Petitionsbetänkaude
665 165 40 16 N:o
720 158 35 22 17.

466 447 203 25 Reservationer.

564 509 12 22 I

261 567 36 22 Då
311 568 39 28 jag
365 567 19 28 ej
400 567 87 22 kunnat
501 567 79 22 förena
602 567 47 28 mig
666 573 36 15 om
720 566 126 22 Utskottets
866 567 79 21 ofvan-

193 603 94 22 anförda
308 603 80 25 beslut,
412 601 102 23 anhåller
536 602 38 28 jag
596 603 32 20 att
649 601 42 22 här
709 601 25 22 få
752 601 78 22 anföra
847 602 46 21 min
910 602 35 21 af-

192 637 99 22 vikande
307 637 65 28 åsigt.

262 672 80 22 Såsom
358 673 30 20 ett
402 671 89 22 faktum
507 671 45 21 kan
562 671 149 26 konstateras,
723 672 32 20 att
765 671 88 22 landets
864 671 81 28 skogs-

194 706 122 29 tillgångar
330 707 71 20 under
417 707 88 20 senaste
520 706 32 21 tid
567 705 90 22 anlitats
674 705 6 21 i
691 705 69 29 högre
771 706 57 28 grad
839 707 28 20 än
878 706 68 27 förut,

192 741 22 28 ja
230 741 59 21 ända
305 741 90 26 derhän,
408 742 38 24 att,
459 741 74 20 derest
548 739 117 22 enahanda
680 740 130 21 förfarande
824 740 40 21 allt
874 740 70 22 fram-

193 777 54 27 gent
268 775 120 26 fortsättes,
411 774 76 22 landet
509 775 101 21 kommer
632 776 31 19 att
684 775 65 21 hotas
770 775 24 21 af
812 774 134 29 skogsbrist.

192 810 77 22 Under
287 811 88 20 senaste
394 809 24 22 år
433 809 70 21 hafva
517 809 67 22 äfven
600 809 102 21 enskilda
716 809 133 22 industriela
869 809 78 22 inrätt-

194 844 80 28 ningar
289 844 7 21 i
313 843 39 22 allt
370 844 162 21 vidsträcktare
550 844 58 28 grad
625 843 73 27 börjat
715 843 73 22 inlösa
804 844 143 28 skogsområ-

194 879 43 21 den
251 879 36 21 för
310 880 33 19 att
361 878 90 28 skydda
471 879 34 21 sin
527 878 82 22 rörelse
632 879 46 20 mot
696 878 96 22 hotande
812 879 135 28 skogsbrist.

194 913 79 22 Derest
288 913 159 28 utvecklingen
463 912 87 29 fortgår
564 913 8 21 i
588 913 73 21 denna
676 913 108 28 riktning,
792 913 78 22 kunna
881 914 67 21 äfven

193 948 36 21 för
243 947 131 28 jordbruket
390 949 59 20 stora
464 947 144 28 olägenheter
618 947 89 22 befaras
718 954 81 21 genom
810 948 139 28 uppstående

194 982 133 29 skogsbrist.
356 981 115 28 Derjemte
485 981 121 22 förefinnas
621 981 8 21 i
644 982 52 21 flere
711 982 63 21 delar
784 982 25 21 af
818 982 78 22 landet
906 984 43 21 öde

195 1017 108 25 sträckor,
322 1016 79 21 hvilka
423 1015 47 22 förr
493 1017 115 28 upptagits
630 1016 24 21 af
673 1016 57 28 skog
746 1016 42 22 och
806 1017 90 21 komma
917 1019 32 20 att

194 1051 108 21 förblifva
321 1050 84 26 sterila,
422 1050 49 21 ifall
491 1051 27 21 de
536 1051 19 27 ej
568 1051 148 21 underkastas
734 1051 130 29 forstnärlig
885 1051 63 22 vård.

195 1085 31 21 Af
241 1086 66 20 dessa
323 1085 50 21 skäl
388 1084 115 22 förefaller
517 1085 109 28 förslaget
640 1087 33 19 att
687 1085 84 28 inköpa
785 1092 45 21 nya
842 1086 107 21 områden

196 1119 93 22 afsedda
301 1119 35 21 för
343 1119 95 21 rationel
449 1119 127 28 skogsvård
587 1119 51 22 icke
649 1119 132 28 oantagligt,
792 1127 52 14 men
855 1120 45 21 kan
911 1120 38 29 jag

195 1153 51 22 icke
262 1153 134 22 understöda
407 1153 126 22 Utskottets
548 1153 86 28 förslag
644 1155 32 20 att
685 1155 27 20 de
722 1153 94 29 inköpta
828 1154 122 23 områdena

196 1187 149 29 ovilkorligen
368 1187 74 22 skulle
460 1187 89 23 förenas
568 1189 52 21 med
637 1188 312 29 kronoskogskomplexerna.

195 1223 45 27 Jag
261 1222 75 29 hyllar
357 1223 8 20 i
388 1223 61 21 detta
471 1223 127 22 hänseende
621 1223 43 21 den
687 1223 59 28 åsigt
764 1225 39 24 att,
818 1223 131 28 isynnerhet

196 1257 73 20 derest
291 1256 263 27 kronoskogsområdena
576 1257 143 27 utvidgades,
744 1257 84 21 antalet
844 1257 24 21 af
882 1257 68 22 forst-

195 1289 142 28 tjänstemän,
352 1291 35 20 för
409 1292 33 19 att
463 1290 135 29 möjliggöra
620 1297 28 14 en
670 1291 134 21 ekonomisk
824 1291 127 28 skogsdrift

195 1324 60 21 inom
271 1325 55 21 våra
341 1324 162 29 kronoskogar,
512 1325 69 21 borde
596 1325 56 21 ökas
667 1325 7 21 i
690 1326 42 21 den
748 1326 64 28 grad,
826 1327 32 20 att
869 1326 82 22 sådant

195 1359 52 22 icke
262 1359 33 21 uti
309 1358 55 22 våra
379 1359 82 21 osäkra
475 1359 157 22 förhållanden
646 1359 115 22 förefaller
775 1360 91 29 rådligt.

244 1410 3 2 -
263 1393 50 22 Den
328 1394 58 21 enda
401 1393 116 28 antagliga
532 1395 70 27 utväg
616 1395 32 20 att
664 1394 90 29 skydda
772 1395 51 22 vårt
837 1395 53 22 land
903 1397 46 20 mot

197 1428 153 22 öfverdrifven
373 1428 169 29 skogssköfling
563 1428 71 22 finner
655 1428 39 29 jag
715 1436 56 15 vara
789 1430 118 22 bildandet
927 1431 24 21 af

196 1463 224 29 kommunalskogar.
437 1463 79 22 Såsom
532 1464 49 22 stöd
596 1463 35 22 för
642 1464 60 21 detta
712 1465 88 28 förslag
814 1465 44 21 kan
869 1465 81 22 främst

265 1509 182 19 Ekonomiutskottets
460 1510 110 19 betänkande
583 1509 36 19 N:o
632 1511 17 17 6.
