1061 1706
302 166 249 22 Petitionsbetänkande
567 167 38 22 N:o
620 166 20 23 2.

368 502 204 28 Reservation.

164 571 65 21 Mom,
239 571 23 26 b)
273 572 8 20 i
291 571 115 21 utskottets
417 571 66 22 första
494 572 57 21 kläm
560 573 72 20 kunna
642 573 20 20 vi
672 572 46 22 icke
728 572 113 27 godkänna

95 606 22 23 af
131 606 94 26 följande
240 605 56 22 skäl:

164 640 32 21 1:o
213 640 87 21 emedan
315 640 21 20 vi
350 639 46 22 icke
410 646 51 15 anse
476 640 126 27 tillräckliga
615 641 92 26 grunder
721 640 34 22 för
770 641 77 21 under-

95 674 114 23 stödandet
223 674 23 21 af
260 680 25 15 en
301 674 58 26 dylik
374 674 88 27 petition
479 674 119 27 förefinnas,

163 711 50 19 enär
233 709 123 21 ständernas
375 708 145 28 underdåniga
537 709 113 27 petitioner
667 710 54 21 1885
737 710 38 21 och
792 710 50 21 1891

95 744 7 21 i
125 743 75 27 högsta
224 744 81 20 instans
320 743 46 21 icke
380 742 70 22 blefvo
469 744 32 21 till
516 743 51 22 fullo
583 744 118 26 godkända,
717 744 67 22 ehuru
799 751 47 15 man

94 778 123 22 inskränkte
233 778 30 26 sig
279 778 32 21 till
327 779 32 20 att
374 778 78 26 begära
467 778 106 22 förmåner
589 778 21 22 åt
624 779 69 21 lärare
707 780 7 20 i
729 779 118 26 privatsko-

95 813 33 21 lor
144 813 75 21 endast
233 812 48 21 med
297 812 99 22 afseende
412 812 12 21 å
439 813 96 26 pension,
551 815 54 19 samt

164 848 51 20 enär
237 847 26 21 de
285 853 16 14 s.
321 846 22 22 k.
361 846 136 22 kommunala
513 847 183 26 borgarskolorna,
712 848 71 20 hvilka
799 853 47 21 syn-

95 881 95 26 barligen
209 881 7 21 i
231 881 88 21 främsta
334 882 90 20 rummet
440 880 62 22 hafva
518 881 106 21 föranledt
638 881 141 22 förevarande
793 883 54 25 peti-

94 915 143 27 tionsförslag,
252 917 33 20 att
301 915 61 21 döma
378 914 22 22 af
414 915 26 21 de
456 916 113 26 petitioner
585 922 33 15 om
634 916 62 21 dessa
711 916 82 22 skolors
804 922 43 16 om-

95 950 144 28 organisering
258 956 45 15 som
322 948 69 22 blifvit
410 949 60 22 detta
495 950 143 21 ständermöte
660 950 114 27 förelagda,
791 952 56 20 ännu

94 985 46 22 icke
155 984 76 22 vunnit
245 984 66 22 sådan
327 984 79 21 fasthet
420 990 45 15 som
482 984 90 26 önskligt
587 990 59 20 vore;

163 1019 33 21 2:0
222 1018 83 22 komme
331 1018 66 27 enligt
422 1018 36 21 det
482 1018 74 27 gjorda
581 1019 202 27 ändringsförslaget
805 1020 42 26 pri-

94 1053 182 22 vatskollärarena
292 1054 32 19 att
339 1052 112 22 innehafva
467 1059 25 15 en
504 1052 209 28 fördelaktigare
723 1054 124 25 ställning

95 1089 26 20 än
139 1087 141 22 statsskolans
299 1087 75 26 lärare,
390 1086 79 22 hvilket
484 1086 172 23 sakförhällande
671 1087 45 22 icke
731 1093 51 16 vore
797 1093 50 21 gag-

95 1122 66 26 neligt
176 1121 94 22 hvarken
285 1121 34 20 för
334 1122 62 20 stats-
411 1121 51 21 eller
477 1121 180 27 privatskolorna:

164 1158 50 19 enär
229 1155 69 22 lärare
314 1155 34 21 vid
362 1156 82 20 statens
460 1162 54 20 egna
528 1156 97 21 läroverk
639 1156 35 21 vid
690 1155 157 28 öfverflyttning

93 1190 47 21 från
155 1190 98 27 lyceerna
267 1189 34 22 till
317 1189 151 22 seminarierna
483 1190 48 21 med
545 1189 101 22 afseende
656 1190 13 21 å
679 1190 168 27 löneförhöjning

94 1225 46 20 icke
155 1226 37 19 äro
203 1223 132 28 berättigade
345 1225 32 20 att
388 1224 157 27 tillgodoräkna
555 1224 31 27 sig
596 1225 47 21 sina
653 1225 101 26 tjensteår
764 1225 35 21 vid
811 1224 36 22 det

93 1258 128 28 föregående
243 1259 126 26 läroverket,
391 1258 81 22 hvilket
496 1259 45 21 icke
563 1259 67 21 heller
652 1261 24 20 är
698 1259 61 22 fallet
779 1259 27 21 då
821 1266 26 15 en

94 1293 84 27 kollega
200 1293 35 22 vid
253 1295 31 20 ett
301 1293 214 22 elementarläroverk
533 1294 52 21 eller
598 1301 26 14 en
641 1293 206 23 fruntimmersskola

94 1328 96 26 öfvergår
212 1328 47 21 från
281 1329 32 20 sin
335 1328 150 26 kollegatjenst
508 1329 31 19 till
562 1328 151 26 lektorstjenst,
736 1329 7 19 i
766 1329 81 20 hvilket

94 1361 115 22 sistnämda
230 1361 39 21 fall
291 1361 117 22 emellertid
427 1368 26 14 en
472 1361 91 26 kollega,
578 1361 55 22 efter
647 1362 94 21 erhållen
756 1362 90 21 löneför-

94 1395 94 28 höjning,
211 1397 23 20 är
256 1395 120 28 berättigad
394 1397 32 20 att
445 1395 121 22 densamma
581 1395 113 22 oafkortad
709 1395 90 28 åtnjuta,
814 1396 33 21 till

95 1430 48 21 dess
166 1430 42 21 han
231 1429 8 21 i
261 1430 32 21 sin
316 1436 41 21 nya
379 1429 65 27 tjenst
458 1430 75 21 vunnit
548 1430 102 27 rättighet
664 1431 32 20 till
711 1437 26 15 en
753 1432 92 20 motsva-

93 1465 66 22 rande
175 1465 52 22 eller
243 1466 69 21 större
321 1464 183 28 löneförhöjning
494 1460 12 36 ;

163 1504 101 19 Allmänna
275 1504 172 19 Besvärsutskottets
459 1504 112 19 betänkande
582 1504 34 19 N:o
630 1506 15 17 1.
