1064 1709
181 144 15 22 4
309 144 85 22 Ständ.
409 144 54 22 Pet.
479 156 27 12 —
521 143 172 23 Petitionsbet.
707 143 42 22 N:o
764 142 39 23 26.

251 215 34 21 De
299 214 92 29 privata
402 214 77 22 finska
491 213 267 23 fruntimmersskolorna
770 213 9 21 i
790 213 148 29 Björneborg

183 248 43 23 och
244 248 63 23 Vasa
325 248 86 28 arbeta,
433 247 97 23 oaktadt
543 248 40 22 det
595 247 126 22 understöd
731 247 29 21 de
770 248 23 21 af
802 247 136 22 statsmedel

183 284 97 28 åtnjuta,
305 282 76 22 under
412 289 150 21 ogynsamma
589 282 150 22 ekonomiska
767 282 170 22 förhållanden.

183 318 46 21 För
248 320 35 19 att
300 317 24 21 fä
341 317 98 28 utgifter
457 316 43 22 och
518 317 129 21 inkomster
665 318 35 20 att
717 316 134 28 sammangä
863 316 74 22 hafva

183 351 67 22 dessa
277 350 208 29 läroinrättningar
506 350 100 29 nödgats
624 350 128 22 inskränka
770 350 51 22 sina
839 350 99 29 utgifter

182 386 37 22 för
246 385 64 23 såväl
332 385 115 22 skollokal
469 392 49 14 som
536 384 223 30 lärarepersonalens
779 384 102 29 aflöning
899 384 38 22 till

184 420 39 21 det
249 419 210 29 oundgängligasto
481 419 44 22 och
545 419 74 22 likväl
640 419 61 21 varit
719 421 107 26 tvungna
844 421 35 20 att
897 426 41 15 an-

183 455 82 28 tingen
282 454 71 29 vädja
371 454 36 21 till
426 454 45 21 den
489 453 107 22 enskilda
614 453 196 29 offervilligheten
823 453 56 22 eller
891 453 47 22 ock

184 488 68 23 ställa
270 488 177 29 elevafgifterna
465 488 96 22 relativt
578 488 69 29 höga,
665 488 92 22 hvilket
775 488 49 21 åter
835 488 52 22 haft
900 488 38 22 till

183 522 60 30 följd
265 525 34 20 att
321 523 109 21 skolorna
451 523 51 21 icke
523 523 97 21 förmått
637 522 123 29 tillgodose
778 522 161 29 bildningsbe-

184 557 80 23 hofvet
284 557 63 22 inom
365 558 24 20 så
410 556 145 23 vidsträckta
574 556 174 30 samhällslager
766 564 49 14 som
833 557 106 29 önskligt

183 592 68 22 varit.

252 626 103 21 Beaktas
373 626 42 22 bör
433 626 75 28 äfven,
527 628 34 19 att
579 628 76 19 staten
674 626 8 20 i
700 625 164 22 kuststäderna
882 626 56 21 mel-

184 660 40 22 lan
241 656 52 26 Åbo
313 660 42 22 och
373 660 118 29 Uleåborg
509 660 52 22 icke
580 659 148 22 underhåller
740 662 35 19 ett
787 660 60 22 enda
865 660 74 21 finskt

183 695 108 21 läroverk
318 695 35 21 för
381 695 82 21 flickor
491 694 43 22 och
554 697 36 19 att
610 696 88 20 statens
720 694 97 29 utgifter
838 694 35 22 för
891 694 46 27 den

184 728 71 30 högre
273 729 233 29 qvinnobildningen,
529 730 74 21 såsom
620 728 117 29 betydligt
755 729 63 28 lägre
837 733 30 18 än
885 728 52 23 dess

184 764 97 28 utgifter
309 764 36 22 för
372 764 44 22 den
444 764 71 28 högre
542 763 259 29 gossundervisningen,
823 763 52 23 med
896 764 42 28 fog

183 798 79 22 kunde
289 799 9 23 i
325 799 78 27 någon
430 800 53 20 mån
511 798 62 22 ökas.
610 798 54 21 Med
691 798 107 22 afseende
821 798 60 28 derå,
901 800 37 20 att

185 832 258 22 subventionsvilkoren
461 833 35 22 för
514 832 28 22 de
561 833 92 29 privata
670 832 269 23 fruntimmersskolorna

184 867 75 29 enligt
279 867 88 28 nådiga
388 867 156 29 kungörelsen
563 867 23 22 af
604 866 45 22 den
668 867 29 21 21
717 867 63 21 Mars
801 867 64 22 1899
884 867 57 22 blif-

184 902 35 21 vit
236 902 147 28 väsentligen
401 901 151 28 förbättrade,
571 901 70 22 hafva
660 901 131 22 Ständerna
809 901 129 22 emellertid

184 936 52 21 icke
255 938 76 20 ansett
349 936 36 28 sig
402 936 57 21 böra
477 936 92 21 förorda
582 935 28 21 de
623 936 92 28 privata
729 936 210 22 fruntimmerssko-

183 970 78 22 lornas
278 970 9 21 i
304 970 146 28 Björneborg
469 970 43 21 och
530 970 62 21 Vasa
610 970 167 28 öfvertagande
795 970 24 22 af
837 972 83 20 staten.

253 1004 109 22 Deremot
380 1012 55 14 anse
454 1004 130 22 Ständerna
601 1004 111 29 önskligt,
725 1006 36 20 att
778 1004 75 29 bägge
871 1004 69 22 dessa

184 1038 39 22 väl
241 1038 96 22 besökta
356 1038 83 28 skolor,
459 1039 22 21 af
499 1038 81 22 hvilka
598 1038 44 22 den
660 1038 61 22 förra
739 1038 36 22 för
792 1038 147 23 närvarande

185 1073 102 28 åtnjuter
317 1073 88 27 12,000
433 1073 43 21 och
498 1072 45 22 den
565 1080 79 15 senare
664 1073 73 27 8,000
755 1074 66 21 mark
843 1073 8 22 i
869 1076 70 19 stats-

184 1106 134 28 understöd,
346 1106 121 22 framdeles
494 1107 91 21 komma
611 1108 8 20 i
646 1108 137 28 åtnjutande
811 1108 22 21 af
854 1108 87 28 högsta

184 1140 94 29 möjliga
297 1140 192 28 statsunderstöd,
508 1141 55 21 eller
583 1142 89 26 15,000
691 1142 66 20 mark
775 1142 95 28 årligen.
883 1142 56 21 Men

186 1174 29 22 då
235 1175 68 21 äfven
321 1175 53 21 med
392 1174 75 22 denna
486 1175 139 22 subvention
635 1175 144 28 svårigheter
791 1176 80 21 kunna
880 1183 59 21 upp-

185 1209 36 21 stå
248 1209 37 21 för
311 1209 116 28 skolorna,
456 1209 111 21 särskildt
587 1209 52 22 med
659 1209 92 29 hänsyn
772 1210 37 21 till
831 1210 28 22 de
877 1210 63 28 höga

184 1242 162 29 hyresbelopp,
365 1250 49 14 som
433 1243 27 20 de
479 1247 39 17 äro
536 1243 134 21 nödsakade
689 1246 35 18 att
741 1244 92 28 utgifva
850 1244 37 20 för
904 1251 35 13 er-

185 1275 121 22 hållandet
325 1276 22 21 af
365 1276 36 21 för
419 1276 130 21 ändamålet
567 1277 98 28 tjenliga
682 1276 95 28 lokaler,
790 1276 70 23 hafva
871 1277 68 21 Stän-

185 1309 72 23 derna
275 1310 111 29 derjemte
404 1312 59 20 trott
481 1310 35 29 sig
533 1310 57 22 böra
608 1310 127 29 hemställa,
753 1311 115 23 huruvida
885 1311 53 22 icke

184 1344 74 22 Eders
285 1345 131 29 Kejserliga
443 1345 110 29 Majestät
574 1346 59 21 efter
650 1346 110 29 pröfning
777 1346 79 22 kunde
874 1346 65 22 finna

185 1379 88 29 skäligt
295 1382 35 20 att
347 1380 93 22 utöfver
458 1379 45 23 den
521 1380 70 29 höjda
610 1380 169 22 subventionen
796 1381 144 22 tillerkänna

185 1414 67 22 dessa
270 1414 210 30 läroinrättningar
497 1414 86 30 nödiga
601 1415 150 29 hyresmedel.
