1061 1717
174 142 13 20 6
358 140 275 24 Petitionsbetänkande
648 139 44 23 N:o
707 140 36 22 25.

176 212 27 22 är
226 212 39 22 för
290 213 80 21 staten
395 218 31 15 en
444 210 107 30 uppgift,
571 210 102 23 hvilken
692 210 58 23 vida
770 210 103 23 säkrare
892 212 32 22 än

175 245 265 30 penningeunderstöd
460 246 25 22 åt
503 246 180 22 kommunerna
701 245 50 23 kan
770 245 90 29 främja
879 246 45 22 till-

175 281 68 30 gång
261 280 37 22 till
316 280 121 29 skickliga
458 280 332 30 fattiggärdsföreständare.
825 280 11 22 I
855 280 68 23 detta

176 316 64 29 syfte
267 316 44 22 äro
339 315 170 29 anordningar
537 315 25 23 af
584 315 122 29 styrelsen
725 314 128 24 allaredan
872 315 53 23 vid-

175 352 84 28 tagna.
298 350 54 22 Den
370 350 15 22 3
405 349 113 23 Oktober
537 350 66 22 1898
614 350 146 22 utfärdades
773 350 78 29 nådig
863 350 61 22 kun-

175 385 97 29 görelse
291 391 39 16 om
350 385 137 28 temporärt
505 384 156 24 anställande
680 384 25 22 af
721 391 30 15 en
764 384 161 30 fattigvårds-

175 420 138 23 instruktör
331 419 56 23 med
406 419 100 29 uppgift
520 421 34 22 att
567 418 154 31 tillhandagå
734 419 190 28 kommunerna,

176 454 118 23 särskildt
312 454 73 22 deras
404 453 278 30 fattiggårdsstyrelser,
695 453 174 24 föreståndare
885 454 41 23 för

175 488 320 30 fattigvårdsinrättningar
519 489 47 23 och
588 488 78 23 andra
690 489 39 22 för
748 489 49 22 den
815 489 110 23 kommu-

175 524 58 22 nala
261 523 171 30 fattigvården
460 524 114 23 anstälda
601 529 120 22 personer
739 523 56 23 med
814 524 47 23 råd
879 525 46 22 och

176 559 164 30 anvisningar
366 558 108 23 rörande
501 557 183 32 fattigvårdens
711 558 215 31 ändamålsenliga

176 592 129 24 ordnande
333 593 45 22 och
405 593 202 23 handhafvande.
654 593 85 23 Under
767 595 98 22 senaste
890 594 36 22 tid

175 628 77 23 hafva
281 629 74 22 äfven
382 628 43 22 vid
453 629 79 22 större
554 628 169 29 fattiggårdar
741 628 65 29 plats
825 629 101 22 beredts

176 663 38 22 för
241 663 182 28 praktikanter,
449 663 240 22 diskussionsmöten
707 663 40 22 för
765 663 160 30 fattiggårds-

175 697 174 23 föreståndare
368 697 76 22 hafva
463 698 136 22 anordnats
618 704 20 15 o.
657 704 19 15 s.
696 705 23 15 v.

245 732 101 23 Sådana
373 732 125 29 åtgärder,
526 732 117 23 afseende
666 734 35 21 att
719 732 80 23 väcka
817 732 52 29 håg
886 732 41 22 för

176 767 77 22 saken
284 767 46 22 och
358 768 35 21 att
420 767 82 22 lemna
528 767 327 29 fattigvärdsfunktionärer
881 767 46 24 till-

175 802 58 23 fälle
246 802 36 23 till
295 801 149 30 utbildning,
454 802 70 23 skola
534 801 162 24 tvifvelsutan
706 803 67 22 inom
783 808 60 16 snar
853 802 74 23 fram-

177 837 35 22 tid
230 837 113 23 medföra
364 837 66 29 goda
455 837 110 23 resultat.
602 837 55 22 Den
678 837 191 29 omständighet,
892 839 35 21 att

177 871 122 24 härintills
327 879 31 15 en
386 871 39 23 del
452 872 325 30 fattiggårdsföreståndare
804 872 66 23 visat
888 873 40 29 sig

177 913 62 16 vara
265 907 40 23 för
332 907 76 22 kallet
428 907 97 23 mindre
543 907 127 30 lämpliga,
690 908 27 21 är
735 907 138 30 ingalunda
892 908 34 22 öf-

177 942 172 23 verraskande
377 949 40 16 om
438 943 8 21 i
465 942 165 23 betraktande
649 944 78 27 tages,
748 944 35 21 att
801 943 78 22 sedan
898 943 29 22 år

179 977 67 22 1884
265 977 8 22 i
291 977 85 22 landet
395 977 138 22 tillkommit
552 977 70 22 öfver
641 977 134 22 etthundra
796 977 132 29 fattiggår-

178 1011 45 22 dar
249 1011 46 23 och
323 1013 35 20 att
384 1011 130 29 möjlighet
537 1012 36 22 till
598 1011 107 23 särskild
727 1011 143 29 utbildning
888 1012 39 22 för

176 1045 250 30 föreståndareyrket
444 1046 107 29 tidigare
570 1047 21 28 ej
612 1046 60 22 stått
690 1046 35 21 till
743 1046 72 23 buds.

246 1081 57 22 Med
330 1080 45 22 full
401 1080 128 30 tillförsigt
546 1081 50 22 kan
618 1082 113 25 emotses,
751 1082 34 21 att
804 1081 122 29 styrelsen

177 1115 155 22 fortfarande
368 1115 62 22 skall
467 1115 61 22 söka
559 1115 32 29 på
619 1115 113 28 lämpligt
759 1116 56 26 sätt,
844 1116 83 21 såsom

178 1155 89 22 genom
285 1149 294 28 undervisningskurser,
598 1149 195 23 reseunderstöd
812 1157 22 15 o.
849 1150 23 21 d.
886 1150 41 23 be-

177 1183 89 29 främja
287 1183 110 29 antydda
417 1183 115 29 syftemäl
551 1184 45 23 och
616 1185 35 21 att
662 1184 73 22 äfven
746 1184 180 23 kommunerna

177 1218 70 22 skola
270 1218 71 22 finna
365 1218 80 22 fördel
468 1219 42 22 vid
529 1221 42 25 att,
591 1219 7 21 i
617 1219 48 21 den
684 1219 57 22 män
760 1219 104 29 dugliga
882 1219 46 22 fat-

177 1252 289 27 tiggärdsföreständare
494 1253 85 21 kunna
601 1253 114 24 erhällas,
737 1259 88 21 genom
845 1253 84 28 skälig

178 1285 111 29 aflöning
311 1285 80 29 draga
413 1285 95 22 sädana
527 1286 35 22 till
581 1285 36 23 sin
637 1285 76 29 tjenst
731 1285 46 22 och
796 1286 132 28 gvarhälla

178 1320 55 22 dem
252 1319 53 23 deri
323 1320 99 28 längsta
440 1320 102 28 möjliga
561 1320 43 23 tid.

245 1354 35 22 Pä
299 1354 83 29 grund
402 1354 24 22 af
444 1354 68 23 hvad
531 1354 106 23 sälunda
657 1355 94 23 anförts
770 1355 39 23 fär
828 1356 98 23 Utskot-

177 1390 35 22 tet
229 1389 128 22 vördsamt
375 1388 101 23 föreslä:

246 1504 48 22 Lag-
307 1505 31 17 och
353 1504 182 18 Ekonomiutskottets
547 1504 109 18 betänkande
670 1504 39 18 N:o
726 1506 13 16 7.
