1092 1750
226 182 27 19 56
392 180 277 22 Petitionsbetänkande
684 180 43 22 N:o
741 180 36 21 14.

198 248 54 18 äfven
268 247 19 19 af
301 250 169 21 representanterne
482 248 28 18 för
522 243 47 27 Åbo,
581 248 107 18 Nådendals
700 248 35 18 och
746 248 73 17 Raumo
832 246 66 22 städer,
911 252 41 12 men

199 276 86 23 lyckades
298 275 100 19 emellertid
409 276 41 18 icke
462 276 59 18 denna
532 277 49 23 gång
593 276 55 18 vinna
660 276 112 18 Ständernas
784 274 109 19 beaktande.

268 305 38 18 För
317 305 63 22 hvarje
392 305 21 17 år
425 310 40 13 som
476 306 38 22 går,
524 306 34 22 gör
570 305 27 23 sig
609 306 73 17 likvisst
692 305 86 18 behofvet
789 304 19 18 af
819 310 45 17 nyss
871 302 84 24 antydda

199 333 198 24 järnvägsförbindelse
414 334 73 18 alltmer
504 334 93 18 kännbart
613 333 34 19 och
663 333 101 23 oafvisligt;
781 333 35 18 och
828 333 64 17 kunna
903 332 51 23 förty

200 362 149 19 undertecknade
365 364 145 22 representanter
523 364 30 17 för
566 358 46 27 Åbo,
624 362 79 24 Nystad,
716 362 107 19 Nådendals
835 362 36 18 och
882 362 73 17 Raumo

201 391 61 19 städer
280 392 40 18 icke
337 391 97 19 underlåta
452 394 28 16 att
495 392 103 24 framlägga
613 392 60 18 denna
687 391 131 24 angelägenhet
830 391 27 17 till
869 396 26 12 nu
908 395 47 13 sam-

201 420 111 18 manträdda
326 420 88 19 Ständers
426 421 86 24 upplysta
524 421 34 18 och
571 420 93 25 opartiska
675 420 124 23 behjärtande.
823 420 44 18 Icke
879 420 78 18 allenast

201 450 21 17 är
240 449 65 19 staden
322 449 80 24 Nystad,
418 450 75 18 hvilken
510 450 30 18 för
555 451 56 22 några
623 449 94 19 decennier
729 449 82 22 tillbaka,
824 449 24 18 då
859 449 98 23 järnvägar

201 479 7 18 i
220 480 63 17 västra
294 478 52 19 delen
358 479 20 17 af
389 479 63 18 landet
464 480 49 17 ännu
525 479 40 18 icke
576 479 73 21 funnos,
662 479 67 18 befann
741 479 29 23 sig
781 479 5 18 i
796 480 27 16 ett
832 477 125 19 blomstrande

203 507 53 18 skick
274 509 48 16 samt
339 513 66 18 genom
416 508 29 17 sin
457 509 140 21 trävaruexport
609 507 35 18 och
656 507 125 18 rederirörelse
793 507 70 23 årligen
874 507 84 23 inbragte

202 536 62 18 landet
282 536 93 23 ansenliga
393 542 87 16 summor,
498 536 30 18 för
545 536 114 18 närvarande
675 536 5 17 i
695 535 90 18 afsaknad
797 535 20 18 af
828 535 35 18 den
875 535 82 24 mäktiga

203 565 89 23 häfstång
309 565 30 18 för
356 565 122 18 befordrande
495 565 20 18 af
531 565 67 19 handel
616 565 34 18 och
667 565 70 22 sjöfart,
749 571 40 11 som
801 571 23 11 en
835 564 124 23 järnvägsför-

204 593 81 19 bindelse
302 593 43 19 med
362 594 72 17 landets
452 594 58 23 öfriga
528 594 50 18 delar
590 592 126 24 obestridligen
732 595 55 21 utgör
802 593 30 18 för
844 599 22 11 en
879 592 80 23 sjöstad;

205 624 45 16 utan
268 622 34 18 har
318 622 61 18 denna
395 622 41 18 stad
448 622 95 18 dessutom
555 622 39 18 dels
607 624 36 16 sett
655 622 28 23 sig
693 628 66 18 genom
771 622 22 18 de
805 622 102 23 järnvägar,
920 627 39 13 som

205 651 146 23 grannstäderna
369 651 77 22 erhållit,
464 657 45 12 vara
520 652 88 17 afskuren
619 651 42 18 från
675 652 32 17 sitt
720 651 75 23 tidigare
807 650 153 19 handelsområde

205 680 39 17 inåt
262 679 66 22 landet,
347 680 39 17 dels
402 680 63 17 funnit
481 680 27 23 sig
520 680 54 18 äfven
587 680 50 22 eljest
648 680 40 17 icke
699 685 45 13 vara
755 680 5 16 i
773 679 53 18 stånd
840 681 28 16 att
880 679 80 18 uthärda

204 708 116 18 konkurrens
332 708 42 18 med
386 708 54 18 dessa
452 708 66 22 städer,
532 715 39 12 som
583 714 76 12 numera
671 709 64 17 arbeta
746 708 58 18 under
817 709 21 17 så
849 708 112 24 ojämförligt

206 743 142 17 gynnsammare
364 737 110 23 betingelser
491 738 29 18 för
538 738 97 23 framgång
653 738 22 17 än
694 737 40 18 dem
754 743 38 12 som
805 738 29 17 stå
846 736 74 24 Nystad
933 736 27 18 till

206 765 53 19 buds.
284 766 71 18 Genom
373 768 28 15 att
418 765 23 19 de
457 766 54 18 flesta
528 766 59 18 andra
604 765 89 24 sjöstäder
707 767 6 17 i
728 761 42 23 Åbo
781 767 31 17 län
824 766 97 23 förhjälpts
933 766 28 17 till

206 795 266 23 järnvägskommunikationer
489 795 35 18 har
542 795 69 19 således
629 796 40 17 icke
686 795 47 18 blott
751 796 19 17 åt
785 795 54 18 dessa
854 794 61 18 städer
927 795 35 17 till-

208 823 89 23 skyndats
310 824 75 22 positivt
396 829 48 17 gagn
456 825 46 16 utan
514 824 34 18 ock
560 824 87 23 negativt,
659 824 61 17 fastän
733 824 98 23 ofrivilligt,
843 822 74 24 Nystad
926 824 35 16 till-

207 852 61 23 fogats
287 854 26 16 ett
330 854 68 20 ytterst
416 852 92 18 kännbart
526 852 77 19 afbräck
617 852 6 18 i
639 852 40 18 dess
693 853 72 21 rörelse,
777 852 76 22 hvilket,
866 858 30 12 om
909 852 53 18 äfven

208 880 58 18 andra
283 880 111 18 förändrade
410 880 135 23 konjunkturer
560 882 5 16 i
578 882 27 16 sin
617 882 43 16 mån
672 880 61 19 därtill
745 880 85 24 bidragit,
842 880 56 18 redan
910 881 6 17 i
928 880 34 18 och

207 910 31 17 för
250 910 27 22 sig
289 910 48 17 varit
348 909 68 23 egnadt
429 911 28 16 att
469 910 78 17 försätta
559 909 110 19 nästnämda
681 910 42 17 stad
735 910 5 16 i
753 909 30 18 det
794 908 82 19 tillstånd
884 909 19 17 af
911 909 51 18 isole-

208 938 46 22 ring,
266 938 67 17 hvaraf
346 937 63 18 staden
421 938 30 17 för
462 938 114 18 närvarande
588 938 45 18 lider
645 938 35 18 och
691 938 58 18 häller
760 938 24 24 pä
796 940 29 16 att
836 938 85 18 förtvina.

278 966 41 19 Och
336 966 57 18 likväl
410 966 75 18 besitter
501 967 79 23 Nystad,
591 966 42 19 med
646 966 41 18 dess
700 966 47 24 goda
759 966 35 18 och
804 967 37 17 lätt
852 966 113 24 tillgängliga

208 995 57 18 hamn
283 995 38 23 och!
333 995 40 18 med
387 1001 21 11 en
420 996 106 23 befolkning
537 996 6 17 i
555 996 40 18 dess
608 996 79 22 omnäjd,
699 995 95 19 hvarifrån
806 996 54 18 äfven
872 1002 22 11 en
907 997 58 17 större

209 1023 133 19 handelsflotta
353 1026 46 16 utan
412 1024 92 23 svårighet
511 1024 37 18 kan
557 1025 106 21 bemannas,
669 1024 154 24 förutsättningar
831 1024 29 18 för
868 1026 28 16 att
905 1024 60 18 denna

211 1051 47 22 stad,
276 1052 62 18 därest
356 1052 78 18 rättvisa
450 1054 52 21 göres
521 1053 19 18 åt
557 1052 41 19 dess
614 1053 225 19 kommunikationsbehof
854 1053 35 18 och
901 1052 63 18 staden

209 1082 47 17 löses
268 1081 42 18 från
322 1080 36 19 den
369 1081 90 23 isolering,
470 1081 53 18 hvari
535 1081 35 19 den
582 1088 64 18 genom
659 1082 112 18 afsaknaden
783 1082 20 17 af
811 1081 153 24 järnvägsförbin-

211 1109 49 19 delse
272 1111 20 16 är
304 1110 72 21 försatt,
389 1110 39 18 åter
439 1110 50 18 inom
501 1116 22 12 en
535 1110 40 18 icke
587 1110 62 18 alltför
661 1110 81 23 aflägsen
755 1110 76 18 framtid
843 1110 47 18 skall
902 1110 63 18 kunna

210 1138 44 22 höja
272 1138 27 23 sig
317 1138 27 18 till
360 1138 35 18 den
410 1138 113 23 blomstring,
542 1144 39 12 som
599 1138 34 18 den
652 1138 76 24 tidigare
745 1139 59 17 under
821 1144 23 12 en
860 1139 67 22 längre
939 1138 27 18 tid

212 1166 81 23 åtnjutit,
312 1169 48 16 samt
375 1167 63 23 intaga
452 1167 28 18 sin
492 1167 50 18 förra
554 1174 47 17 rang
611 1167 57 18 bland
680 1167 71 18 landets
764 1166 153 24 sjöfartsidkande
929 1169 36 16 stä-

212 1195 37 18 der.
274 1195 64 18 Under
355 1195 23 18 de
396 1198 71 15 senaste
484 1197 43 16 åren
544 1196 35 18 har
593 1196 62 18 landet
670 1195 59 18 iklädt
741 1196 33 23 sig,
787 1197 5 16 i
804 1196 48 18 form
865 1197 18 16 af
895 1195 72 19 direkta

212 1224 224 23 penningesubventioner,
453 1224 106 23 betydande
576 1225 127 23 uppoffringar
720 1225 29 18 för
767 1225 121 18 befordrande
904 1225 19 17 af
938 1224 28 18 sin

213 1252 69 23 sjöfart.
307 1252 35 19 Oss
358 1258 53 17 synes
424 1255 28 16 att
464 1259 22 12 en
498 1254 69 23 kraftig
578 1253 71 24 åtgärd,
662 1259 39 12 som
713 1254 6 17 i
731 1253 66 18 sådant
809 1253 84 19 afseende
905 1253 62 18 kunde

213 1281 91 23 vidtagas,
317 1287 44 13 vore
377 1284 33 19 att,
422 1287 66 17 genom
500 1284 28 15 att
539 1283 80 18 förunna
631 1282 73 22 Nystad
715 1283 204 22 järnvägsförbindelse,
930 1283 37 17 för-

214 1310 49 17 sätta
274 1309 61 18 denna
347 1309 41 18 stad
400 1309 5 18 i
418 1309 54 18 stånd
485 1310 46 21 att,i
540 1309 31 19 det
581 1309 64 19 staden
655 1309 71 19 rättade
735 1311 28 22 sig
771 1311 46 17 efter
826 1311 23 18 de
857 1309 111 19 förändrade

214 1338 140 22 konjunkturer,
370 1344 40 12 som
421 1337 100 19 emellertid
533 1338 30 18 för
575 1339 137 18 rederirörelsen
725 1339 81 18 utbildat
817 1340 34 23 sig,
863 1340 47 23 ånyo
922 1345 45 19 upp-

214 1370 43 20 taga
274 1366 39 24 denj
324 1366 59 18 täflan
398 1367 6 17 i
416 1366 65 23 sjöfart
492 1367 35 18 och
539 1368 137 23 exportrörelse,
689 1374 39 12 som
740 1368 35 18 den
787 1368 77 24 tidigare
875 1368 42 19 med
930 1370 39 17 stor

215 1395 97 25 framgång
323 1396 82 22 fullföljt.

283 1424 57 18 Hvad
353 1430 39 13 som
404 1424 56 19 ofvan
472 1427 50 21 sagts
534 1431 31 12 om
577 1426 98 18 orsakerna
686 1426 27 18 till
723 1426 30 18 det
763 1426 145 24 tillbakagående
917 1427 6 17 i
931 1426 38 19 väl-

216 1453 60 22 stånd,
296 1459 39 13 som
352 1454 85 18 inträffat
453 1453 42 18 med
511 1453 80 23 Nystad,
608 1454 56 24 gäller
678 1455 61 22 också,
751 1461 29 12 om
793 1455 54 18 äfven
858 1456 7 17 i
877 1456 36 18 viss
926 1456 43 18 mån

214 1483 5 17 i
239 1482 57 18 andra
314 1482 102 22 afseenden,
432 1482 36 18 den
484 1482 110 24 landsbygd,
611 1489 39 13 som
665 1483 57 24 ligger
738 1484 85 24 omkring
835 1485 73 23 Nystad
922 1487 48 16 samt

284 1528 186 24 Järnvägsutskottets
483 1529 110 18 betänkande
604 1530 36 17 N:o
653 1530 17 18 2.
