1064 1717
182 137 12 20 2
368 136 277 22 Petitionsbetänkande
661 135 43 22 N:o
718 135 34 22 19.

251 206 68 19 Denna
342 206 89 25 petition,
454 206 80 19 hvilken
553 205 80 20 ståndet
648 205 140 24 understödde,
804 204 85 20 tillvann
904 205 32 25 sig

181 234 73 26 jämväl
269 232 62 27 nådig
346 234 184 26 uppmärksamhet,
544 240 46 13 men
602 234 51 19 blott
666 234 68 19 delvis.
762 233 36 20 Till
811 233 59 20 dessa
880 233 55 20 dom-

182 269 59 19 sagor
263 263 46 19 höra
332 263 102 24 nämligen
456 263 46 19 flere
524 262 230 26 skärgårdskommuner,
771 262 37 20 och
824 268 62 18 synes
902 262 33 20 det

182 291 67 20 såsom
271 297 32 14 om
327 298 45 13 man
390 293 66 18 ansett
470 292 58 19 dessa
543 292 118 18 kommuner
676 291 70 19 främst
761 298 46 12 vara
822 290 6 20 i
844 291 58 19 behof
916 292 20 19 af

182 320 148 24 ofvanantydda
345 320 187 26 skatteförmedling.
556 320 87 20 Motiven
659 320 29 19 till
704 320 66 19 denna
785 320 150 20 skatteförmed-

182 349 47 25 ling,
251 349 67 19 hvilka
336 349 7 19 i
358 349 120 19 förbemälda
493 349 83 25 petition
592 349 83 23 anföras,
690 350 36 23 äga
741 349 6 19 i
762 348 81 20 alldeles
860 354 76 14 samma

181 378 49 24 grad
245 378 31 19 sin
291 378 93 24 giltighet
398 378 59 19 äfven
472 378 6 18 i
494 378 92 19 afseende
597 377 25 25 på
632 377 118 19 fastlandets
764 377 170 20 kustkommuner.

181 406 42 20 Här
245 406 46 25 vilja
314 406 19 19 vi
348 406 50 19 dock
413 406 43 20 icke
472 412 89 20 upprepa
576 406 50 24 dem,
640 408 48 17 utan
703 406 84 19 hänvisa
804 406 18 19 vi
837 406 51 19 blott
903 406 31 19 till

181 435 179 25 petionsförslaget.
708 459 8 3 N

251 464 30 19 Vä
296 463 79 20 anhålla
390 463 59 20 likväl
464 465 29 18 att
508 463 20 20 få
542 463 82 25 tillägga
638 463 50 20 litet.
703 463 65 20 Afven
779 469 32 14 om
824 469 45 14 man
881 464 54 19 med-

181 492 70 25 gifver,
265 494 30 18 att
309 492 59 20 fisket
384 493 36 19 och
436 492 92 25 sjöfarten
545 492 50 20 varit
610 492 24 19 de
649 492 91 23 faktorer,
756 498 43 14 som
814 493 7 18 i
836 493 39 24 hög
886 493 49 24 grad

181 521 71 26 förhöjt
275 521 99 20 storleken
396 521 20 20 af
436 521 94 20 mantalet
545 522 6 19 i
566 521 258 25 skärgärdskommunerna,
839 523 52 18 samt
906 524 29 17 att

181 550 58 20 dessa
261 551 104 24 näringars
386 550 101 25 betydelse
508 557 28 12 nu
551 551 31 19 för
596 550 54 19 tiden
666 551 80 24 mycket
761 550 103 24 minskats,
879 551 56 19 torde

182 585 45 13 man
249 579 12 19 ä
275 579 62 20 andra
352 579 58 19 sidan
424 579 109 25 ingalunda
548 579 67 19 kunna
629 581 78 23 antaga,
722 581 30 18 att
767 579 111 20 förberörda
893 585 41 13 om-

182 608 135 25 ständigheter
332 607 61 20 häller
407 608 86 20 lämnats
506 614 24 13 ur
542 608 51 19 sikte
604 607 33 20 vid
649 608 202 25 mantalssättningen
863 608 6 19 i
880 608 55 19 kust-

181 637 150 20 kommunerna.
360 636 40 20 Har
423 637 69 20 värdet
513 637 19 19 af
554 637 59 20 dessa
628 637 154 25 näringsgrenar
796 637 6 18 i
818 636 116 26 skärgärds-

181 666 143 20 kommunerna
345 665 104 25 minskats,
473 665 23 20 sä
515 665 38 20 kan
568 672 46 13 man
630 667 47 24 säga
692 667 29 18 att
736 666 101 19 desamma
852 671 82 14 numera

181 696 34 18 äro
237 694 30 20 för
289 695 193 19 kustkommunerna
504 695 125 24 fullständigt
651 695 47 18 utan
717 695 26 19 all
759 694 107 25 betydelse.
896 694 39 19 Det

181 723 48 26 högt
245 725 50 18 satta
310 723 95 20 mantalet
420 723 6 19 i
441 723 59 20 dessa
516 723 84 20 socknar
614 723 36 19 har
664 723 12 19 å
691 729 25 14 en
731 729 67 14 annan
810 723 43 20 sida
862 723 72 26 jämväl

181 752 31 19 sin
228 752 58 19 orsak
301 752 6 19 i
323 752 38 20 den
377 752 178 25 omständigheten,
570 754 30 17 att
615 752 97 19 närheten
727 752 31 19 till
774 752 68 19 staden
858 753 38 18 och
910 752 24 19 de

181 781 64 19 bättre
259 780 225 26 kommunikationerna,
499 787 42 13 som
558 781 58 19 dessa
632 781 117 19 kommuner
763 781 68 19 kunna
845 781 89 26 begagna

181 809 30 26 sig
233 808 26 26 af,
281 812 80 17 ansetts
384 809 87 20 medföra
494 809 22 20 sä
539 811 53 18 stora
614 809 90 24 fördelar,
722 811 30 18 att
767 815 46 14 man
828 809 26 26 pä
868 810 65 19 denna

180 838 65 25 grund
267 838 78 20 kunnat
367 838 45 25 höja
433 838 158 25 beskattningen.
621 838 156 29 Särskildt
740 834 41 37 har
794 839 38 19 den
848 838 86 21 sålunda

180 867 115 26 uppkomna
316 867 139 26 förhöjningen
470 868 96 25 betungat
580 868 24 19 de
620 869 88 18 närmast
722 868 44 19 Abo
781 867 83 26 belägna
879 868 54 19 kom-

180 902 103 19 munerna,
299 896 68 19 hvilka
382 896 66 25 likväl,
464 897 81 19 emedan
560 897 40 19 den
614 897 126 24 odlingsbara
756 897 80 19 marken
851 897 35 19 här
901 899 31 18 ut-

180 927 58 22 göres
260 925 19 19 af
301 925 43 20 små
366 924 44 20 från
424 925 112 20 hvarandra
552 925 79 26 spridda
646 925 77 25 fläckar,
738 926 78 19 befinna
832 925 32 26 sig
878 926 6 19 i
900 926 33 19 det

179 955 54 18 mest
255 954 141 25 ofördelaktiga
417 954 46 25 läge
485 955 45 19 med
552 955 92 19 afseende
667 954 11 19 å
700 954 86 20 idkande
808 955 18 18 af
841 955 92 19 rationelt

178 982 102 25 jordbruk.

249 1010 76 26 Möjligt
340 1011 38 19 och
389 1011 97 25 antagligt
498 1013 22 18 är
532 1011 98 21 likaledes,
644 1013 29 18 att
686 1011 34 19 vid
729 1011 56 20 tiden
796 1012 31 19 för
839 1012 94 19 mantals-

180 1040 113 25 sättningen
308 1039 70 26 jorden
393 1039 51 20 varit
459 1040 64 20 bättre
538 1040 100 20 bebrukad
653 1041 5 18 i
674 1041 59 19 dessa
748 1041 79 25 trakter,
843 1042 51 18 samt
904 1042 29 18 att

180 1068 69 19 odlade
273 1069 78 18 marker
373 1069 113 19 förefunnos
505 1069 6 19 i
527 1071 61 18 större
604 1069 72 24 mängd
692 1070 26 18 än
733 1069 29 19 uti
777 1069 93 19 inlandet.
900 1069 33 19 Nu

179 1099 23 16 är
221 1097 133 19 förhållandet
369 1097 110 20 emellertid
494 1097 121 25 fullkomligt
630 1097 34 20 det
679 1099 95 18 motsatta
789 1097 52 20 hvad
856 1098 77 19 arealen

179 1125 20 19 af
222 1125 38 20 den
283 1125 125 25 odlingsbara
429 1125 81 20 marken
526 1127 127 24 vidkommer,
668 1127 37 18 och
721 1126 55 19 torde
791 1126 31 19 till
836 1126 98 25 nyodling

179 1153 78 26 tjänligt
272 1153 80 20 område
365 1154 7 19 i
384 1154 58 20 dessa
452 1154 118 20 kommuner
582 1155 98 24 knappast
690 1161 54 13 mera
755 1155 64 19 finnas
831 1156 29 18 att
870 1155 63 24 tillgå.

179 1182 72 20 Vidare
273 1182 95 25 förtjänar
389 1185 88 22 nämnas,
500 1185 29 18 att
546 1184 48 19 flera
608 1183 20 19 af
642 1183 59 20 dessa
716 1183 117 20 kommuner
848 1183 22 20 så
884 1183 50 25 godt

179 1217 42 13 som
237 1211 42 20 helt
294 1211 38 20 och
347 1211 61 20 hållet
422 1211 63 20 sakna
500 1212 55 25 skog,
571 1213 52 18 samt
636 1213 30 18 att
681 1212 61 25 några
756 1212 60 19 hafva
828 1213 32 18 sin
872 1211 61 26 något

178 1239 23 19 så
223 1241 35 18 när
280 1239 115 25 kalhuggna
418 1240 116 24 skogsmark
556 1240 26 25 på
597 1240 50 19 ända
662 1241 31 18 till
708 1241 12 19 3
736 1241 12 18 ä
763 1241 13 18 4
792 1241 44 18 mils
852 1240 82 19 afstånd

178 1267 46 18 från
239 1267 117 19 boltomten.

248 1295 29 19 De
299 1295 85 19 fördelar
406 1301 42 13 som
472 1295 95 20 närheten
590 1296 30 19 till
636 1296 70 19 staden
721 1296 37 19 och
773 1296 25 19 de
812 1296 52 24 goda
878 1295 54 19 kom-

178 1323 172 20 munikationerna
365 1323 85 20 medföra
466 1323 79 20 komma
560 1324 102 20 dessutom
678 1330 28 14 nu
722 1324 29 20 för
766 1324 54 20 tiden
833 1324 45 20 icke
890 1326 42 18 ute-

178 1352 93 20 slutande
285 1352 25 20 de
324 1352 7 20 i
347 1352 97 20 närheten
459 1352 20 20 af
494 1352 69 21 staden
578 1353 84 25 belägna
676 1353 143 20 kommunerna
834 1354 30 19 till
875 1353 57 25 godo,

177 1383 49 17 utan
247 1381 75 25 jämväl
344 1380 68 26 längre
433 1382 45 18 bort
495 1381 83 25 belägna
592 1382 118 20 kommuner
725 1382 77 25 åtnjuta
817 1382 60 20 dessa
894 1382 38 19 för-

178 1410 55 20 delar
248 1410 60 19 sedan
324 1410 96 20 särskilda
433 1410 105 25 järnvägar
552 1410 66 20 blifvit
632 1411 86 25 byggda.
738 1411 65 20 Dessa
814 1412 120 19 kommuner

177 1438 60 20 hafva
259 1439 115 25 härigenom
396 1438 66 20 ernätt
483 1438 50 20 ökad
554 1440 102 25 möjlighet
676 1442 29 17 att
720 1440 125 26 fördelaktigt
860 1441 73 19 afsätta

246 1495 140 18 Statsutskottets
398 1495 110 18 betänkande
520 1497 34 16 N:o
566 1496 18 18 5.
