1064 1706
303 145 268 24 Petitionsbetänkande
583 147 46 23 N:o
644 147 34 23 23.

387 481 155 23 Allmänna
563 483 302 24 Besvärsutskottets

319 516 183 23 betänkande
527 517 47 22 N:o
601 517 34 28 14,
660 518 10 22 i
692 518 127 28 anledning
841 518 28 23 af

321 550 84 22 tvenne
434 551 9 21 i
470 551 115 27 Borgare-
614 551 44 23 och
684 552 181 23 Bondestånden

318 585 85 21 väckta
417 585 209 28 petitionsförslag
641 592 38 16 om
698 587 126 22 införande
840 587 28 22 af

319 618 276 30 ålderdomsförsäkring
609 620 42 23 för
665 621 118 22 arbetare.

182 715 80 22 Genom
273 716 195 28 protokollsutdrag
478 717 24 22 af
511 718 40 21 den
565 719 26 21 10
602 719 38 21 och
652 718 28 22 20
690 719 102 22 Februari
801 719 64 22 hafva

112 749 103 28 Borgare-
237 750 40 22 och
299 750 163 23 Bondestånden
485 752 32 21 till
536 752 129 28 behandling
677 753 8 21 i
699 753 113 23 Allmänna
825 754 40 22 Be-

112 785 166 22 svärsutskottet
290 786 121 23 remittevat
421 788 77 20 tvenne
508 787 23 22 så
543 787 90 27 lydande
643 787 221 27 petitionsmemorial:

259 894 50 19 Till
327 894 142 26 Vällofliga
487 895 226 26 Borgareståndet.

180 962 131 21 Beredandet
333 963 23 20 af
375 970 25 13 en
423 963 7 20 i
451 964 68 25 någon
541 964 46 20 mån
609 964 90 26 tryggad
717 964 105 20 ålderdom
841 966 21 19 åt

112 992 46 18 vårt
183 991 60 20 lands
268 992 77 19 talrika
369 992 214 26 arbetarebefolkning
607 999 73 19 genom
702 993 117 20 införandet
841 994 24 20 af

111 1020 235 26 älderdomsförsäkring
367 1023 23 17 är
411 1023 30 17 ett
463 1021 154 26 önskningsmål
640 1028 44 13 som
707 1022 155 26 otvifvelaktigt

111 1048 101 27 förtjänar
227 1049 105 26 allvarligt
346 1049 122 21 beaktande.

179 1078 72 20 Under
268 1078 84 20 hälsans
371 1078 38 20 och
427 1078 93 20 kraftens
539 1078 64 26 dagar
620 1078 38 20 har
675 1078 61 20 äfven
752 1078 38 21 den
806 1086 55 13 mera

111 1106 129 20 sträfsamme
257 1107 108 19 arbetaren
381 1109 56 17 stora
452 1107 127 25 svårigheter
594 1110 32 17 att
641 1106 120 21 öfvervinna
775 1108 36 19 vid
826 1115 35 13 an-

111 1134 118 21 skaffandet
248 1135 23 19 af
291 1135 109 26 uppehälle
422 1136 38 19 och
481 1136 127 26 upplysning
627 1136 22 20 åt
667 1136 33 26 sig
715 1136 39 20 och
769 1136 26 20 de
809 1137 52 20 sina.

111 1163 206 26 Arbetsförtjänsten,
332 1164 60 20 äfven
408 1164 32 20 för
455 1164 39 20 den
509 1165 67 19 bättre
587 1164 98 24 aflönade,
696 1164 109 26 möjliggör
814 1165 47 20 icke

110 1192 33 19 för
162 1192 35 20 det
212 1194 56 18 stora
282 1192 89 20 flertalet
385 1193 99 24 arbetare,
500 1200 44 13 som
558 1192 65 21 oftast
636 1193 63 19 hafva
713 1200 26 12 en
753 1193 63 20 talrik
831 1194 30 19 fa-

111 1220 43 26 milj
176 1223 31 17 att
225 1220 94 26 försörja,
338 1221 64 25 några
417 1222 119 25 synnerliga
551 1222 140 25 besparingar,
707 1221 72 20 hvilka
793 1222 68 20 skulle

110 1249 104 26 betrygga
229 1249 40 20 den
285 1249 33 20 del
333 1249 23 20 af
368 1250 67 24 lifvet,
451 1250 26 19 då
492 1250 58 20 hälsa
563 1250 40 20 och
616 1250 80 20 krafter
710 1250 58 25 börja
784 1250 75 26 aftaga.

110 1277 87 20 Kännes
215 1277 39 20 den
273 1278 128 19 annalkande
417 1278 130 20 ålderdomen
562 1278 63 20 redan
639 1278 8 20 i
662 1278 38 20 och
715 1278 33 20 för
762 1278 33 26 sig
810 1281 51 23 tung

110 1306 39 20 och
171 1307 54 23 svår,
243 1307 24 19 så
285 1307 65 19 måste
369 1306 78 20 bördan
462 1306 23 20 af
498 1307 117 20 densamma
629 1307 80 19 kännas
724 1307 137 25 mångfaldigt

110 1334 93 25 bittrare,
226 1337 37 17 när
282 1334 40 20 den
339 1334 53 20 efter
409 1338 31 16 ett
458 1335 58 25 långt
531 1336 38 18 och
584 1335 106 19 sträfsamt
705 1335 26 19 lif
744 1335 117 25 oförskyldt

110 1362 83 26 åtföljes
211 1362 24 20 af
250 1362 145 25 umbäranden,
409 1363 54 19 brist
477 1363 38 19 och
529 1363 48 20 nöd.
607 1363 42 19 Det
663 1364 65 18 måste
743 1363 69 19 därför
827 1364 34 18 be-

110 1391 81 20 traktas
209 1397 44 14 som
268 1397 25 13 en
309 1393 78 18 statens
403 1391 83 26 uppgift
501 1394 31 17 att
547 1391 104 20 ordnande
666 1391 81 26 ingripa
762 1392 27 25 på
803 1391 58 20 detta

111 1420 88 25 område,
217 1420 33 20 för
267 1422 32 18 att
317 1419 74 21 bereda
407 1422 97 24 tryggare
519 1420 160 20 existensvilkor
694 1420 61 20 äfven
769 1420 33 20 för
816 1420 43 20 lan-

110 1449 46 20 dets
171 1449 94 20 arbetare
279 1449 27 26 på
321 1448 59 21 deras
395 1449 111 24 ålderdom,
521 1449 38 20 och
573 1448 59 21 torde
647 1448 57 21 detta
718 1449 71 20 kunna
799 1456 61 13 anses

179 1488 101 18 Allmänna
292 1488 171 18 Besvärsutskottets
474 1489 112 18 betänkande
596 1487 35 19 N:o
643 1489 28 17 14.
