1067 1709
212 142 12 19 8
377 139 274 23 Petitionsbetänkande
667 138 42 22 N:o
723 138 32 22 11.

252 198 69 19 Under
336 198 33 19 det
385 199 78 18 senaste
478 198 41 19 året
534 198 59 18 hafva
607 197 110 19 emellertid
731 195 202 26 pressangelägenhe-

184 228 57 18 terna
256 226 104 19 handhafts
375 226 26 25 på
415 228 29 17 ett
459 228 45 22 sätt,
519 232 42 13 som
577 231 70 19 genom
671 225 42 19 sina
729 225 119 24 verkningar
863 225 29 19 uti
908 230 25 14 en

184 255 99 19 härintills
306 254 61 20 oanad
389 255 48 24 grad
459 254 81 25 ingripit
555 255 5 19 i
577 254 155 19 samhällslifvet.
762 253 46 19 Icke
829 259 39 19 nog
890 253 46 19 med

184 285 29 17 att
228 283 153 24 censureringen
398 280 114 22 verkställts
528 282 101 25 nyckfullt
651 283 36 18 och
707 283 151 24 inkonsegvent,
875 282 59 18 äfven

183 312 35 19 det
233 314 46 23 sätt,
294 311 26 25 pä
334 311 75 19 hvilket
424 311 210 25 indragningsmakten
641 311 88 19 utöfvats
742 311 35 18 har
788 311 56 21 varit,
855 310 17 25 ej
885 311 50 18 min-

184 340 34 19 dre
236 340 30 19 för
287 339 38 20 den
346 339 169 24 tidningsläsande
535 339 134 20 allmänheten
691 341 25 17 än
733 339 29 19 för
778 339 123 24 utgifvarene
916 339 20 18 af

183 369 105 24 tidningar,
303 368 83 25 olidligt.
418 368 65 19 Under
505 368 42 19 äret
564 369 53 18 1899
633 367 57 20 hafva
705 367 84 20 sälunda
805 368 13 18 4
834 367 102 25 tidningar

183 397 97 24 indragits
295 397 29 19 för
339 397 55 19 alltid
410 397 36 19 och
464 397 24 19 17
505 397 99 24 tidningar
620 397 25 18 27
663 396 63 19 skilda
741 397 79 24 gången
832 396 102 25 förbjudits

184 426 103 19 utkomma
308 425 64 20 under
393 432 25 13 en
440 425 29 20 tid
484 426 19 19 af
520 426 53 19 1—6
591 425 99 20 månader.
721 425 71 19 Hvilka
808 425 127 24 olägenheter

184 455 37 19 och
236 455 94 19 förluster
345 454 115 25 härigenom
475 454 92 26 uppstätt
582 454 51 19 läter
646 454 37 19 lätt
698 455 59 18 tänka
773 455 36 24 sig.
840 454 94 19 Förutom

184 485 30 18 att
235 485 29 18 ett
287 485 51 18 stort
360 484 53 19 antal
436 484 87 19 arbetare
547 483 114 24 härigenom
680 483 98 19 beröfvats
794 483 30 19 sin
840 483 95 24 utkomst,

184 512 57 20 hafva
256 512 203 24 tidningsutgifvarne
474 512 92 19 drabbats
581 512 20 19 af
615 512 112 23 betydande
745 511 76 20 direkta
837 511 98 20 förluster.

252 540 67 26 Enligt
348 541 197 25 —pressförordningen
569 541 37 19 kan
629 540 206 25 generalguvernören
853 540 83 25 indraga

184 569 79 25 tidning
285 569 70 20 endast
377 569 41 20 ifall
437 569 65 26 nägon
517 571 42 18 orts
574 569 79 25 tidning
668 575 71 18 genom
755 569 73 24 oriktig
844 569 92 25 tolkning

184 599 20 18 af
221 598 91 19 Finlands
335 598 94 25 ställning
445 598 44 20 med
504 599 92 18 afseende
611 597 12 20 å
638 598 137 25 Kejsardömet
789 599 63 24 gifver
868 598 67 19 anled-

184 627 49 24 ning
248 627 29 19 till
293 627 94 24 missnöje
407 627 49 19 eller
474 627 79 25 vgiltiga
571 627 52 19 skäl»
639 627 46 24 eljes
701 627 125 19 förekomma.
857 627 34 24 Sig
906 627 29 19 till

184 655 75 20 biträde
281 655 61 20 erhöll
362 656 204 24 generalguvernören
589 657 28 18 för
638 656 108 25 pröfvande
769 655 19 19 af
810 656 60 19 dessa
892 655 44 20 skäl

184 684 92 19 sistlidne
291 685 64 18 vinter
371 690 24 13 en
411 684 129 25 rädgifvande
557 684 80 25 komitö,
647 690 43 13 som
706 684 29 19 till
751 686 63 17 större
829 684 57 19 delen
902 684 32 19 be-

185 713 49 19 stätt
256 713 19 19 af
297 719 100 19 personer,
416 713 67 19 hvilka
502 713 43 20 icke
563 715 33 17 äro
611 713 64 19 finska
690 713 129 24 medborgare
834 713 50 19 eller
898 719 38 12 un-

185 741 82 25 derlyda
281 741 78 20 landets
376 741 36 25 lag,
429 748 43 13 som
486 742 7 19 i
509 742 56 19 bästa
579 741 34 20 fall
629 741 70 20 endast
714 741 140 25 ofullständigt
870 742 65 19 känna

185 770 106 24 någotdera
313 770 19 19 af
352 771 25 19 de
392 771 105 20 inhemska
515 770 91 25 språken,
621 771 37 18 och
674 771 95 24 därjemte
784 772 34 17 äro
834 770 102 25 okunniga

184 805 32 13 om
231 799 54 25 lagar
301 799 36 19 och
353 799 230 20 samhällsförhållanden
599 800 5 18 i
620 799 53 19 detta
688 799 52 19 land.
769 799 39 19 Det
818 801 21 18 är
852 799 84 19 sålunda

186 827 26 25 på
227 827 66 25 grund
308 828 19 19 af
343 827 104 25 lösryckta,
456 834 40 13 mer
511 828 46 19 eller
574 828 75 19 mindre
664 828 32 19 väl
709 828 107 19 öfversatta
827 829 109 23 uppsatser

184 856 48 19 eller
247 856 70 25 utdrag
332 863 25 12 ur
371 862 24 13 en
411 857 78 24 tidning
511 857 46 19 dess
581 857 115 19 uttalanden
719 857 47 19 eller
789 857 46 19 dess
850 857 85 18 tendens

184 884 50 20 skall
249 885 19 18 af
283 885 60 19 dessa
358 891 94 18 personer
467 885 97 20 bedömas.
594 885 41 20 Och
651 886 52 18 finna
718 886 24 18 de
755 885 109 20 tendensen
877 885 59 20 skad-

192 914 24 24 ig,
231 913 65 24 gifver
311 914 54 19 detta
379 913 109 25 anledning
503 914 30 19 till
547 916 30 17 att
589 914 103 24 tidvingen
704 916 49 17 utan
765 914 65 19 vidare
842 914 92 25 indrages

184 942 37 19 och
236 942 99 19 tusentals
358 948 93 19 personer
471 943 120 23 tillskyndas
607 942 132 25 olägenheter,
754 942 119 19 arbetsbrist
888 942 48 19 eller

192 971 215 24 örmögenhetsförlust.
437 971 73 19 Härtill
525 971 88 19 kommer
628 973 29 16 att
673 971 211 24 generalguvernören,
900 977 34 13 en-

192 999 29 24 igt
236 999 19 18 af
269 999 73 18 honom
365 999 106 19 utverkadt
491 999 70 25 tillägg
575 999 29 19 till
620 999 206 26 pressförordningen,
842 1000 36 18 kan
895 1000 40 19 for-

184 1027 35 19 dra
234 1027 80 25 ombyte
329 1027 20 19 af
363 1028 93 25 ansvarig
479 1028 104 25 utgifvare,
607 1028 32 19 vid
661 1028 94 25 äfventyr
773 1030 30 18 att
818 1028 117 25 tryckskrift

183 1056 100 25 indrages,
307 1056 67 19 därest
390 1057 65 19 denna
471 1057 79 19 fordran
565 1057 16 24 ej
597 1057 53 19 inom
666 1059 64 17 utsatt
745 1057 28 19 tid
789 1057 147 24 efterkommes,

191 1085 120 24 varigenom
332 1085 65 19 denne
417 1085 81 20 förlorar
519 1085 32 19 sin
573 1085 96 25 ställning
691 1086 37 18 och
751 1086 40 19 ifall
808 1085 44 23 han,
867 1085 67 20 såsom

184 1113 40 19 ofta
239 1115 23 17 är
276 1113 59 24 fallet,
359 1113 45 25 själf
424 1116 22 17 är
465 1119 57 19 egare
537 1114 30 19 till
583 1114 106 24 tidningen,
705 1115 93 18 försättes
814 1114 6 19 i
835 1116 30 17 ett
880 1115 55 18 bero-

184 1141 50 20 ende
249 1141 44 25 läge
308 1142 44 19 med
367 1142 81 24 hänsyn
463 1142 29 19 till
507 1143 146 24 förvaltningen
668 1143 20 18 af
703 1143 31 18 sin
749 1143 103 24 egendom.

253 1171 34 18 Att
302 1176 25 13 en
341 1170 56 24 dylik
419 1171 119 24 pressregim
553 1171 18 25 ej
588 1171 186 20 öfverensstämmer
795 1172 46 19 med
859 1172 76 25 grund-

192 1204 60 19 agens
274 1199 38 19 bud
334 1201 29 17 att
383 1199 60 25 ingen
459 1199 33 19 må
506 1199 95 20 afhändas
617 1199 70 25 »något
702 1200 55 24 gods,
772 1200 41 19 löst
828 1201 48 19 eller
890 1201 45 23 fast,

183 1229 49 18 ntan
247 1227 44 25 laga
306 1227 46 20 dom
368 1227 37 20 och
420 1228 129 25 ransakning»
564 1231 21 16 är
601 1228 29 19 för
644 1228 75 19 enhvar
734 1229 118 24 uppenbart.

252 1255 69 19 Därför
342 1256 35 18 har
397 1255 36 19 ock
448 1256 35 18 det
497 1256 92 23 inslagna
607 1256 118 19 förfarandet
741 1257 40 18 mot
797 1257 38 18 den
851 1256 84 25 periodi-

184 1283 35 18 ska
239 1289 83 19 pressen
345 1283 56 24 djupt
424 1283 53 19 sårat
501 1283 149 25 befolkningens
673 1284 121 19 rättskänsla
816 1285 37 18 och
869 1285 7 18 i
890 1285 46 19 vida

184 1311 76 20 kretsar
276 1311 58 20 väckt
349 1317 34 14 oro
398 1311 37 20 och
449 1312 122 24 bekymmer,
586 1311 54 20 detta
655 1311 22 20 så
692 1312 81 25 mycket
785 1319 43 13 mer
840 1319 43 13 som
894 1313 41 19 lan-

183 1340 45 19 dets
244 1339 148 26 tidningspress
409 1340 64 25 aldrig
487 1340 45 20 låtit
547 1341 31 24 sig
593 1340 54 20 ledas
662 1341 20 18 af
697 1341 176 26 vinningslystnad
888 1342 48 19 eller

182 1369 62 19 andra
258 1369 113 25 ohederliga
386 1369 63 20 motiv
464 1369 43 23 och,
516 1375 32 14 om
562 1376 46 13 man
619 1370 52 19 afser
681 1370 44 20 från
735 1371 89 20 enskilda
835 1371 100 25 förflugna

183 1397 36 20 ord
234 1398 47 19 eller
297 1397 74 20 mindre
387 1398 32 19 väl
433 1398 124 20 öfvertänkta
572 1399 114 24 yttranden,
700 1399 92 25 iakttagit
807 1407 25 12 en
848 1400 87 20 måttfull

183 1426 37 20 och
234 1426 77 20 hofsam
334 1426 95 26 hållning,
452 1426 58 25 gifvit
524 1429 29 17 ett
568 1429 64 23 troget
650 1428 80 27 uttryck
746 1428 21 20 åt
782 1429 129 25 opinionerna
928 1430 6 19 i

183 1455 67 20 landet
265 1456 37 19 och
317 1456 67 19 städse
407 1458 68 17 värnat
489 1456 32 25 lag
536 1456 37 20 och
588 1458 44 18 rätt.
662 1457 64 19 Äfven
742 1458 5 18 i
763 1457 45 20 sina
825 1458 109 25 polemiker

251 1494 150 24 Lagutskottets
415 1494 119 19 betänkande
546 1495 38 18 N:o
598 1497 17 16 9.
