1061 1706
182 199 13 18 2
338 196 72 22 Ständ.
427 196 44 22 Pet.
485 209 29 3 —
529 195 143 23 Petitionsbet.
688 195 35 22 N:o
738 195 37 21 22.

183 260 42 21 full
241 259 132 29 eganderätt
388 259 34 21 till
435 258 52 29 jord
502 258 26 22 af
540 258 77 22 frälse-
628 258 53 22 eller
691 258 139 21 skattenatur
841 256 26 22 af
875 256 56 22 visst

183 294 163 26 minimivärde,
368 300 48 15 som
438 293 33 21 uti
493 293 56 21 intet
570 293 41 21 fall
629 293 35 21 får
680 292 132 28 understiga
826 292 105 21 tvåtusen

184 328 63 22 rubel
270 328 83 26 silfver,
376 327 157 22 motsvarande
551 330 63 23 8,000
628 326 70 26 mark,
715 326 121 28 berättigar
850 325 35 21 till
900 326 31 20 in-

184 362 63 22 träde
262 362 43 22 och
320 362 96 21 lånerätt
431 362 7 20 i
453 362 225 28 hypoteksförening.
701 361 12 21 I
728 360 100 29 enlighet
839 360 92 22 härmed

184 396 146 22 föreskrifves
346 396 33 21 uti
393 398 13 19 3
421 396 14 28 &
451 396 26 21 af
485 396 146 28 reglementet
641 395 35 21 för
686 395 106 21 Finlands
803 394 129 29 Hypoteks-

184 431 112 28 förening,
311 438 48 14 som
374 433 68 25 utgör
458 430 44 21 den
515 430 57 22 enda
582 429 186 23 kreditanstalten
778 429 26 21 af
812 429 62 21 detta
883 429 49 27 slag

184 466 8 20 i
206 465 82 25 landet,
305 467 33 19 att
352 464 113 29 lägenhet,
480 464 36 22 för
531 467 33 19 att
578 465 77 21 kunna
670 464 7 21 i
689 464 135 28 föreningen
834 464 97 24 belånas,

184 500 41 21 bör
246 499 70 22 hafva
338 500 68 20 minst
428 499 70 28 sagda
519 499 76 22 värde.
625 498 36 22 Då
676 498 124 22 emellertid
815 498 79 22 värdet
909 497 26 22 af

185 534 38 21 det
238 536 60 19 stora
313 534 96 21 flertalet
423 533 138 29 lägenheter,
577 533 152 29 synnerligast
743 533 7 21 i
766 532 28 22 de
808 540 67 14 norra
890 532 43 22 och

185 569 47 21 inre
255 568 92 22 delarna
369 568 26 21 af
415 568 83 25 landet,
513 568 50 22 icke
577 569 89 27 uppgår
680 568 35 20 till
729 567 153 22 ofvannämda
896 566 37 22 be-

184 603 60 29 lopp,
260 603 35 21 till
317 602 58 29 följd
397 602 83 22 hvaraf
500 602 63 22 deras
586 609 66 22 egare
675 605 38 19 äro
731 601 136 29 utestängda
881 601 52 21 från

184 638 96 21 lånerätt
299 638 3 20 i
317 637 261 29 Hypoteksföreningen,
594 637 40 21 har
650 644 28 14 en
693 636 113 28 sänkning
821 636 25 21 af
859 636 74 21 denna

184 672 138 28 värdegräns
340 680 27 13 ur
385 672 38 21 det
438 672 112 21 allmänna
562 671 238 29 jordbruksintressets
816 670 117 29 synpunkt

184 706 87 22 funnits
287 714 53 14 vara
355 706 146 28 synnerligen
512 706 119 22 önskvärd.
654 706 81 21 Denna
745 705 59 29 åsigt
814 705 40 21 har
865 705 68 21 äfven

184 741 119 21 framträdt
325 741 61 21 inom
404 741 109 21 Finlands
530 740 232 29 Hypoteksförening,
779 740 66 21 hvars
861 740 72 21 direk-

185 775 48 21 tion
248 777 29 27 på
292 775 74 28 grund
382 775 25 21 af
421 775 143 28 delegarenes
580 775 77 21 derom
672 774 86 22 fattade
774 774 72 22 beslut
861 774 72 21 under

186 811 24 20 år
226 812 54 19 1898
296 810 40 21 hos
352 809 127 28 Kejserliga
495 810 97 21 Senaten
606 809 93 21 anhållit
709 816 37 14 om
757 808 68 22 sådan
836 808 97 28 ändring

186 843 26 22 af
231 844 145 28 föreningens
399 844 98 28 stadgar,
521 846 33 19 att
570 844 168 28 värdegränsen
753 842 76 22 blefve
844 843 89 21 nedsatt

184 878 35 22 till
238 880 62 24 6,000
316 878 73 26 mark;
412 886 51 14 men
478 881 80 19 möttes
574 878 104 22 anhållan
694 878 78 21 härom
787 877 51 22 med
854 877 79 29 afslag,

186 913 135 22 motiveradt
344 913 91 21 dermed
459 916 32 18 att
513 913 44 21 den
580 912 103 28 åsyftade
705 912 125 28 ändringen
848 912 86 22 stode
922 908 16 36 i

186 948 56 22 strid
256 948 52 21 med
323 947 152 22 ofvannämda
489 948 83 28 nådiga
587 947 141 28 kungörelse.

252 982 37 21 En
310 982 142 28 granskning
475 982 24 21 af
516 981 267 29 Hypoteksföreningens
800 980 134 22 lånerörelse

185 1016 85 22 utvisar
286 1016 48 26 ock,
343 1018 33 19 att
390 1016 87 21 mindre
485 1016 38 21 lån
534 1019 38 18 äro
582 1022 61 14 mera
654 1015 152 28 efterfrågade
816 1018 29 19 än
856 1017 77 19 större.

185 1050 35 21 Af
240 1050 151 21 direktionens
416 1050 154 21 årsberättelse
595 1049 37 21 för
654 1051 24 18 år
702 1051 53 19 1897
779 1049 99 28 framgår
901 1052 33 18 att

185 1084 82 21 nämda
290 1085 23 20 år
336 1083 84 22 antalet
441 1084 38 21 lån
495 1085 12 20 å
522 1085 63 24 4,000
607 1083 63 22 mark
690 1083 43 21 och
753 1083 111 21 derunder
880 1090 55 14 sam-

186 1118 115 28 manlagdt
319 1117 106 28 utgjorde
442 1125 47 14 mer
505 1120 28 19 än
548 1117 87 22 hälften
650 1117 26 21 af
688 1117 51 21 hela
754 1117 84 21 antalet
852 1119 83 19 utestå-

187 1152 57 21 ende
258 1152 44 25 lån,
318 1152 81 21 medan
414 1152 65 21 dessa
493 1152 49 21 låns
557 1152 168 28 sammanlagda
740 1151 85 28 kapital
839 1154 96 19 motsva-

185 1186 53 21 rade
260 1186 97 29 ungefär
377 1187 26 26 !/,
423 1186 25 21 af
468 1186 69 22 totala
558 1186 140 28 utlåningen.
735 1185 35 22 Af
790 1186 62 21 detta
875 1185 60 22 antal

186 1221 53 21 kom
260 1223 82 19 största
367 1220 65 21 delen
454 1223 30 26 på
509 1221 65 25 Vasa,
600 1220 34 22 S:t
656 1220 100 25 Michels,
779 1220 91 28 Kuopio
893 1220 43 21 och

186 1254 126 27 Uleåborgs
334 1254 44 25 län,
403 1254 72 21 under
502 1254 38 21 det
564 1256 32 19 att
621 1254 86 21 mindre
729 1254 38 21 lån
788 1254 8 20 i
818 1254 28 21 de
867 1254 69 27 sydli-

186 1295 54 20 gare
262 1288 91 21 delarna
376 1287 25 21 af
421 1287 78 21 landet
521 1290 77 25 syntes
616 1287 70 21 hafva
701 1287 164 28 jemförelsevis
880 1287 56 21 liten

186 1321 144 29 efterfrågan.
361 1321 127 22 Ständerna
510 1329 53 14 anse
586 1321 68 22 äfven
676 1321 28 22 de
726 1321 78 26 motiv,
819 1321 78 22 hvilka
912 1323 24 20 år

187 1359 54 18 1859
264 1356 76 22 kunde
362 1356 112 29 föreligga
496 1356 36 22 för
554 1356 178 22 bestämmandet
757 1356 25 22 af
794 1358 63 24 8,000
872 1356 64 22 mark

186 1393 73 20 såsom
281 1391 73 28 lägsta
377 1391 145 28 värdegräns,
537 1391 49 21 icke
602 1398 61 14 mera
678 1398 42 21 ega
735 1391 112 28 giltighet.
878 1391 58 21 Lan-

186 1426 49 21 dets
258 1426 145 22 ekonomiska
421 1425 157 22 förhållanden
597 1426 70 22 hafva
682 1426 69 21 sedan
767 1426 49 21 dess
831 1426 8 21 i
854 1427 82 28 många

186 1461 122 21 afseenden
323 1461 138 26 förbättrats,
475 1461 92 28 jordens
583 1461 209 28 alstringsförmåga
803 1461 40 21 har
854 1467 83 22 genom

186 1496 148 28 användning
355 1495 26 22 af
393 1503 46 21 nya
455 1495 190 29 odlingsmetoder
661 1495 113 29 betydligt
788 1495 71 26 ökats,
876 1495 61 29 jord-
