1067 1706
304 135 275 23 Petitionsbetänkande
595 135 45 23 N:o
654 136 34 22 11.
842 138 12 19 5

132 198 138 27 Öfversättning.

288 330 48 19 Till
351 330 162 26 Högvördiga
528 329 194 28 Presteständet.

197 381 56 20 Efter
268 382 34 19 det
316 381 39 19 den
371 382 44 19 med
430 381 120 21 Ständernas
572 382 119 20 medverkan
715 382 104 20 tillkomna
840 383 40 19 för-

129 410 111 24 ordningen
256 416 31 13 om
303 410 117 24 tryckfrihet
435 410 20 20 af
469 411 39 19 den
525 412 25 18 18
564 410 36 26 juli
618 412 53 18 1865
687 411 119 25 upphäfdes,
821 411 59 19 hafva

129 438 110 20 Ständerna
254 441 29 17 tre
298 438 97 20 särskilda
412 438 76 26 gänger
503 440 6 19 i
524 438 159 26 underdänighet
704 439 127 26 petitionerat
846 446 33 13 om

128 467 60 25 nädig
200 467 122 26 proposition
338 467 44 20 med
397 467 75 24 förslag
487 468 29 19 till
532 468 175 25 pressförordning,
722 468 55 25 bygd
788 468 25 25 pä
824 468 54 25 prin-

128 496 57 25 cipen
200 496 20 19 af
234 496 51 19 finsk
309 496 137 25 medborgares
461 498 41 18 rätt
516 499 29 17 att
560 498 49 18 utan
632 497 102 24 preventiv
757 503 71 13 censur
844 499 32 17 ut-

128 525 54 23 gifva
196 525 100 25 periodisk
311 525 49 20 eller
374 531 64 14 annan
454 525 57 20 skrift
526 527 51 18 samt
592 527 30 18 att
636 525 29 20 för
675 525 161 26 pressförseelser
847 525 31 20 stä

128 553 29 20 till
172 560 73 13 ansvar
258 553 52 20 inför
324 554 45 25 laga
384 553 91 20 domstol.
504 555 64 19 Dessa
583 554 105 25 petitioner
700 554 59 19 hafva
769 554 108 20 emellertid

127 583 95 24 antingen
244 583 44 19 icke
311 583 71 19 vunnit
403 583 108 20 beaktande
525 583 47 20 eller
588 583 36 19 ock
639 583 97 20 föranledt
751 583 61 19 sådan
826 583 51 19 revi-

127 611 43 19 sion
186 611 19 19 af
220 611 92 25 gällande
327 611 177 26 pressförordning,
520 614 29 17 att
564 611 38 20 den
618 611 136 26 publicistiska
776 611 100 20 verksam-

127 640 58 19 heten
200 640 36 19 hos
252 645 34 14 oss
302 640 64 19 blifvit
381 640 115 25 ytterligare
512 639 106 21 försvärad.

194 669 44 18 Den
262 669 31 18 vid
317 669 55 19 1894
391 668 33 19 års
446 669 95 25 landtdag
555 668 73 20 aflätna
643 668 167 26 presspetitionen
826 669 50 19 hade

126 697 36 19 sitt
176 697 78 25 upphof
268 697 5 19 i
289 697 25 19 de
329 697 23 19 år
367 697 52 20 1891
437 697 93 26 vidtagna
542 697 132 25 ändringarna
681 698 20 18 af
709 697 166 25 pressförordnin-

126 731 44 19 gen,
186 731 71 19 genom
274 725 66 20 hvilka
362 725 106 26 ändringar
490 727 125 24 tidningarna
630 726 37 19 och
682 726 62 25 öfriga
765 725 111 26 periodiska

126 754 79 19 skrifter
220 755 156 18 underkastades
396 754 221 25 Generalguvernörens
632 754 104 25 godtycke,
751 754 7 20 i
773 754 33 19 det
822 754 53 20 med-

125 783 83 19 delande
230 783 20 19 af
264 783 90 19 tillstånd
370 783 30 19 till
421 783 57 20 deras
495 783 115 26 utgifvande
626 783 77 25 gjordes
718 783 97 20 beroende
831 786 43 17 ute-

126 811 92 20 slutande
234 812 18 19 af
268 811 214 26 Generalguvernören,
492 813 59 24 jemte
566 812 34 19 det
613 812 71 19 honom
695 811 111 20 tilldelades
822 812 54 19 makt

125 842 29 18 att
169 841 59 19 »efter
243 841 103 25 pröfning»
360 841 82 25 indraga
458 842 60 25 sagda
533 841 149 26 publikationer,
697 840 26 26 pä
733 840 41 20 viss
786 840 29 20 tid
827 841 49 19 eller

125 870 30 19 för
169 869 62 25 alltid,
246 870 6 19 i
268 869 47 26 följd
338 870 68 19 hvaraf
428 871 96 24 egendom
546 869 78 20 således
646 870 43 24 kan,
708 873 47 16 utan
771 869 43 25 laga
830 875 44 14 ran-

125 898 84 25 sakning
232 899 37 19 och
291 898 51 20 dom,
364 899 95 20 afhändas
482 900 98 25 utgifvare
594 899 20 19 af
628 899 78 24 tidning
720 898 48 20 eller
783 898 92 20 tidskrift.

124 927 9 19 I
149 927 64 20 denna
228 927 84 25 petition
327 927 103 20 framhöllo
446 927 109 20 Ständerna
569 928 75 23 främst,
659 929 29 17 att
703 927 39 20 den
753 927 123 24 undantags-

124 956 96 25 ställning
243 956 44 19 med
310 956 94 20 afseende
419 956 12 19 &
446 957 147 25 eganderätten,
615 956 55 19 hvari
689 955 99 26 utgifvare
802 956 20 19 af
837 955 38 20 tid-

125 984 71 25 ningar
218 985 36 19 och
276 984 110 20 tidskrifter
408 985 64 19 blifvit
487 986 81 19 försatta
584 991 71 19 genom
670 984 90 25 gällande
775 985 97 24 pressför-

124 1013 92 26 ordning,
232 1014 45 19 stod
292 1013 5 19 i
313 1013 49 20 strid
377 1013 45 20 med
437 1013 47 20 våra
499 1013 121 26 grundlagar
634 1015 51 18 samt
700 1013 44 19 med
760 1013 38 19 den
812 1015 61 17 rätts-

124 1042 135 25 uppfattning,
282 1048 43 13 som
348 1042 26 25 pä
395 1043 65 24 grund
474 1043 20 18 af
508 1043 58 19 dessa
584 1042 55 25 lagar
654 1042 64 19 blifvit
733 1041 87 20 rädande
835 1042 37 19 hos

125 1069 44 20 värt
183 1070 47 19 folk.

192 1098 40 20 Vid
247 1099 38 20 den
300 1099 29 20 tid
344 1099 25 19 dä
384 1099 105 20 omordade
504 1099 83 26 petition
602 1099 63 24 afläts,
680 1099 51 19 hade
746 1097 129 26 pressförhäl-

123 1127 85 20 landena
222 1128 6 19 i
243 1128 67 19 landet
324 1127 110 20 emellertid
448 1130 54 17 ännu
509 1128 43 19 icke
561 1127 43 21 nätt
611 1127 38 20 den
658 1127 130 25 ständpunkt,
796 1126 76 26 hvarpä

123 1156 25 19 de
162 1156 30 19 för
206 1157 122 19 närvarande
350 1157 77 19 befinna
449 1157 36 25 sig.
515 1157 36 19 Till
569 1157 38 19 den
629 1156 48 25 grad
692 1155 109 25 tryckande
816 1155 59 20 hafva

123 1185 60 19 dessa
205 1185 134 20 förhållanden
354 1185 26 26 pä
395 1185 38 20 den
449 1187 79 18 senaste
550 1185 54 19 tiden
628 1185 71 23 blifvit,
714 1186 30 17 att
758 1183 115 25 Ständerna,

123 1213 127 25 ofvertygade
266 1219 31 14 om
312 1216 30 17 att
357 1214 33 19 det
405 1214 122 19 närvarande
549 1213 124 24 outhärdliga
695 1212 112 20 tillståndet
828 1213 44 19 icke

123 1241 38 20 kan
177 1248 46 13 vara
238 1242 216 19 öfverensstämmande
470 1243 43 18 med
530 1241 35 20 vär
580 1241 72 25 nådiga
667 1241 92 19 Monarks
770 1241 51 24 vilja,
832 1241 43 19 icke

123 1269 66 20 kunna
205 1270 105 19 underlåta
331 1272 29 18 att
374 1270 52 25 ånyo
443 1271 65 19 vända
523 1271 31 24 sig
568 1270 29 19 till
612 1270 56 19 Hans
691 1269 108 25 Kejserliga
814 1269 59 24 Maje-

123 1299 40 19 stät
178 1299 45 19 med
238 1305 24 13 en
278 1299 124 24 underdänig
417 1299 92 19 anhällan
524 1305 38 18 om,
577 1301 30 17 att
622 1298 54 19 Hans
691 1297 108 26 Majestät
792 1293 13 35 i
810 1297 62 20 näder

122 1327 77 18 täcktes
215 1327 80 24 vidtaga
310 1327 96 23 åtgärder,
418 1327 76 24 egnade
506 1330 30 16 att
546 1327 88 24 aflägsna
640 1326 108 24 godtycket
756 1326 37 19 och
801 1326 69 25 bringa

122 1354 148 20 föreskrifterna
291 1354 102 25 angående
415 1355 154 24 pressväsendet
586 1355 6 18 i
611 1354 67 19 landet
692 1354 8 19 i
714 1354 154 19 öfverensstäm-

122 1382 62 19 melse
202 1383 46 19 med
265 1382 206 26 rättsuppfattningen
489 1383 37 18 hos
542 1382 93 20 Finlands
650 1382 41 19 folk
706 1384 52 17 samt
772 1381 45 20 med
832 1381 38 20 den

122 1411 108 25 grundsats
245 1411 7 20 i
268 1411 46 20 våra
328 1411 60 26 lagar,
410 1413 30 18 att
462 1411 71 21 endast
556 1410 46 21 med
624 1410 134 20 domaremakt
773 1409 97 20 beklädda

122 1440 141 25 myndigheter
278 1440 66 20 kunna
360 1440 57 20 döma
431 1439 30 20 till
476 1440 71 20 förlust
561 1440 20 19 af
596 1439 103 26 egendom.

191 1485 148 22 Lagutskotteta
352 1485 119 18 betänkande
483 1485 41 18 N:o
536 1485 17 17 9.
