1025 1709
281 150 240 22 Petitionsbetänkande
531 152 38 20 N:o
580 152 35 18 20.
781 153 24 18 63

76 218 33 20 att
123 218 85 26 antaga,
222 217 37 22 det
272 216 48 23 icke
333 218 66 26 något
413 218 135 26 enstämmigt
561 216 71 22 beslut
646 217 120 22 skallinom
780 218 47 21 lan-

76 250 48 22 dets
138 251 88 22 ständer
239 251 66 21 fattas
319 251 132 22 beträffande
465 252 124 26 förändring
604 251 23 21 af
635 251 65 27 något
709 251 117 22 bestående

75 285 111 22 läroverks
200 284 236 28 undervisningsspråk.
450 280 10 37 '
465 285 111 22 Utskottet
588 285 40 21 har
642 285 36 22 vid
693 285 76 22 sådant
783 285 44 22 för-

74 318 102 22 hållande
198 321 70 20 ansett
291 319 33 27 sig
345 319 49 22 bäst
410 319 115 28 tillgodose
548 319 59 22 såväl
626 319 36 22 det
675 319 151 23 konservativa

76 358 46 16 som
137 353 37 22 det
187 352 176 23 reformatoriska
377 354 101 21 intresset
491 353 10 22 i
514 354 70 21 denna
598 353 61 28 fråga
672 354 49 21 med
732 354 41 22 den
783 353 45 22 för-

75 387 102 28 medling,
192 389 32 20 att
238 388 51 21 med
303 388 117 27 görligaste
435 388 68 22 första
518 388 39 22 och
572 388 56 21 efter
637 389 115 22 rättvisans
762 395 64 21 grun-

76 422 39 21 der
129 422 42 22 den
185 422 69 22 finska
268 423 87 21 talande
369 423 62 22 delen
445 423 24 22 af
481 422 49 23 vårt
543 422 46 22 folk
603 423 66 22 måtte
684 423 23 22 få
716 423 111 22 undervis-

75 457 173 27 ningsanstalter,
263 457 77 22 medan
355 457 97 22 deremot
465 457 55 22 först
534 464 27 15 en
571 457 112 22 efterhand
693 464 84 15 vunnen
788 458 39 21 och

75 491 50 22 fullt
140 491 64 22 säker
218 491 130 22 erfarenhet.
356 491 69 22 skulle
440 491 22 22 få
476 491 75 28 afgöra
564 498 35 15 om
608 491 155 28 indragningen
774 493 53 21 eller

76 525 162 28 förvandlingen
253 525 24 22 af
290 526 27 22 de
331 525 106 28 läroverk,
453 532 46 16 som
513 526 102 27 möjligen
630 526 62 22 skola
705 527 75 22 bevisa
795 526 33 28 sig

76 555 126 37 obehöfliga.
480 574 4 1 <
629 581 3 1 -

144 595 12 21 I
173 595 153 28 sammanhang
344 595 49 22 med
412 595 152 22 ofvanstäende
578 595 82 22 tilläter
674 595 34 28 sig
722 595 105 23 utskottet

76 631 57 20 ännu
151 631 33 20 att
201 630 115 22 framhälla
334 635 27 16 en
376 629 164 28 omständighet,
555 629 87 22 hvilken
656 636 63 21 synes
733 630 72 22 kunna
819 631 9 22 i

75 664 43 27 hög
136 664 54 27 grad
208 664 78 27 främja
304 664 176 27 genomförandet
499 664 23 21 af
540 664 40 21 den
595 664 90 21 afsedda
698 664 131 23 reformen
815 660 18 36 i

75 699 49 21 värt
137 698 264 28 undervisningsväsende.
430 699 43 21 Det
488 700 25 20 är
526 698 48 22 frän
588 698 82 27 ganska
684 699 78 27 mänga
776 699 54 27 häll,

76 739 46 15 som
137 739 42 22 nya
193 733 71 27 lyceer
282 733 34 21 för
333 733 132 22 närvarande
483 733 98 27 begäras,
600 732 99 22 hvarföre
715 733 36 22 det
766 733 63 22 äfven

75 768 63 21 torde
158 767 68 22 blifva
247 768 98 27 omöjligt
361 767 35 22 för
415 768 104 27 styrelsen
537 768 32 21 att
586 767 34 22 till
638 767 43 22 alla
703 767 129 22 framstälda.

76 802 161 27 önskningsmäl
258 801 82 23 bifalla.
372 802 34 21 En
427 801 80 28 lycklig
528 801 113 28 medelväg
662 802 79 21 mellan
759 801 72 28 afslag

77 836 39 22 och
134 836 62 23 bifall
213 837 73 28 tyckes
305 837 28 21 dä
350 837 8 21 i
372 836 149 27 tvifvelaktiga
542 835 40 22 fall
604 835 90 28 erbjuda
709 836 33 27 sig
757 835 75 22 derut-

76 871 71 27 innan,
163 872 32 21 att
209 871 83 28 lyceers
310 871 122 22 inrättande
447 871 56 26 finge
518 871 52 21 bero
585 870 29 27 pä
632 870 108 22 enskildes
759 870 70 22 initia-

76 905 37 27 tiv,
128 912 49 15 men
192 907 32 20 att
238 907 71 21 staten
324 906 49 21 med
383 906 32 21 ett
423 905 127 27 tillräckligt
567 905 182 26 penningeanslag
760 905 70 22 skulle

76 938 401 29 understödja
231 934 82 37 sådana
324 938 153 29 privätlyceer,
491 939 74 21 hvilka
579 945 77 20 genom
671 939 38 21 sitt
724 939 106 26 elevantal

76 974 57 22 visat
146 974 34 27 sig
194 973 98 28 uppfylla
306 975 31 20 ett
351 973 94 27 verkligt
458 972 179 28 bildningsbehof.
660 973 75 22 Staten
745 973 85 22 komme

77 1008 91 22 sålunda
185 1009 33 21 att
234 1008 8 21 i
261 1014 59 16 mera
338 1007 117 22 vidsträckt
472 1007 54 22 mått
544 1009 28 20 än
586 1007 67 27 enligt
668 1007 38 22 det
719 1013 30 15 nu
763 1007 69 27 följda

78 1044 102 27 systemet
194 1042 72 22 kunna
280 1042 115 27 tillgodose
413 1041 280 28 undervisningsväsendets
708 1041 55 27 kraf,
779 1043 52 20 utan

77 1079 33 20 att
128 1077 73 22 derför
218 1077 10 21 i
244 1077 135 22 förhållande
401 1076 92 22 behöfva
514 1076 73 21 ikläda
609 1075 33 27 sig
660 1075 86 29 mycket
761 1077 70 20 större

77 1112 124 22 kostnader.
233 1106 20 27 Ä
271 1111 67 22 andra
361 1111 61 22 sidan
444 1111 70 21 skulle
533 1111 47 21 åter
598 1110 42 21 den
658 1110 65 21 säkra
737 1111 95 26 utsigten

77 1147 34 22 till
132 1147 77 26 bidrag
227 1145 49 22 från
294 1147 82 21 statens
399 1145 47 22 sida
467 1146 129 27 uppmuntra
614 1144 34 21 till
666 1145 122 21 inrättande
811 1144 23 21 af

77 1182 85 27 privata
183 1181 158 26 läroanstalter,
363 1180 137 27 hvarigenom
524 1179 84 22 arbetet
626 1178 34 22 för
678 1179 37 22 det
735 1179 97 21 växande

79 1217 90 26 slägtets
183 1215 126 28 uppfostran
323 1221 60 16 mera
401 1217 28 20 än
443 1214 85 22 härtills
542 1214 85 21 komme
642 1214 32 21 att
688 1213 88 22 tillhöra
791 1214 42 21 den

80 1251 97 22 enskilda
194 1250 171 27 verksamheten,
383 1256 27 15 en
423 1249 132 26 förändring,
571 1254 46 15 som
633 1247 158 28 otvifvelaktigt
805 1247 28 28 på

78 1285 50 22 vårt
141 1285 152 22 skolväsendes
307 1284 124 27 utveckling
444 1283 71 22 kunde
529 1282 65 22 hafva
608 1282 99 27 gagnelig
721 1281 110 22 inverkan.

147 1320 12 21 I
178 1319 55 28 syfte
250 1320 33 21 att
300 1321 53 26 göra
371 1318 179 27 undervisningen
568 1317 79 21 lättare
662 1317 122 26 tillgänglig
799 1317 33 20 för

80 1355 80 21 sådana
181 1353 137 26 folkklasser,
338 1352 75 21 hvilka
430 1351 47 22 icke
495 1350 85 22 härtills
598 1349 56 22 varit
672 1349 17 22 i'
695 1349 53 22 fullt
763 1349 69 27 åtnju-

79 1388 66 21 tande
160 1387 67 26 deraf,
241 1387 41 21 har
296 1385 23 23 af
331 1386 205 27 landtdagsmannen
551 1384 101 21 Suutarla
666 1383 103 22 särskildt
783 1383 50 21 blif-

80 1422 32 22 vit
125 1422 111 28 påyrkadt,
252 1422 32 21 att
298 1421 137 21 frielevernes
450 1419 59 22 antal
523 1418 37 22 vid
574 1418 101 22 skolorna
689 1418 66 22 måtte
769 1419 64 25 göras

82 1456 149 29 obegränsadt.
259 1456 47 21 Här
319 1456 36 22 må
370 1455 88 27 erinras,
473 1456 32 20 att
519 1454 8 22 i
541 1453 53 23 sista
608 1454 117 22 momentet
739 1452 24 22 af
777 1452 56 22 1872

151 1497 95 19 Allmänna
257 1496 160 18 Besvärsutskottets
427 1494 105 20 betänkande
542 1494 36 18 N:o
590 1493 29 18 17.
