<?xml version="1.0" encoding="UTF-8"?>
<alto xmlns="http://www.loc.gov/standards/alto/ns-v3#" xmlns:xlink="http://www.w3.org/1999/xlink" xmlns:xsi="http://www.w3.org/2001/XMLSchema-instance" xsi:schemaLocation="http://www.loc.gov/standards/alto/ns-v3# http://www.loc.gov/alto/v3/alto-3-0.xsd">
	<Description>
		<MeasurementUnit>pixel</MeasurementUnit>
		<sourceImageInformation>
			<fileName>/tmp/tess_o8m5e9v7_input.PNG</fileName>
		</sourceImageInformation>
		<OCRProcessing ID="OCR_0">
			<ocrProcessingStep>
				<processingSoftware>
					<softwareName>tesseract 5.3.4</softwareName>
				</processingSoftware>
			</ocrProcessingStep>
		</OCRProcessing>
	</Description>
	<Layout>
		<Page WIDTH="1056" HEIGHT="1706" PHYSICAL_IMG_NR="0" ID="page_0">
			<PrintSpace HPOS="0" VPOS="0" WIDTH="1056" HEIGHT="1706">
				<ComposedBlock ID="cblock_0" HPOS="256" VPOS="142" WIDTH="573" HEIGHT="22">
					<TextBlock ID="block_0" HPOS="256" VPOS="142" WIDTH="573" HEIGHT="22">
						<TextLine ID="line_0" HPOS="256" VPOS="142" WIDTH="573" HEIGHT="22">
							<String ID="string_0" HPOS="256" VPOS="142" WIDTH="319" HEIGHT="21" WC="0.87" CONTENT="Petitionsbetänkande"/><SP WIDTH="17" VPOS="142" HPOS="575"/>
							<String ID="string_1" HPOS="592" VPOS="143" WIDTH="46" HEIGHT="21" WC="0.95" CONTENT="N:o"/><SP WIDTH="16" VPOS="143" HPOS="638"/>
							<String ID="string_2" HPOS="654" VPOS="144" WIDTH="45" HEIGHT="19" WC="0.71" CONTENT="27."/><SP WIDTH="119" VPOS="144" HPOS="699"/>
							<String ID="string_3" HPOS="818" VPOS="143" WIDTH="11" HEIGHT="19" WC="0.91" CONTENT="7"/>
						</TextLine>
					</TextBlock>
				</ComposedBlock>
				<ComposedBlock ID="cblock_1" HPOS="108" VPOS="208" WIDTH="749" HEIGHT="1317">
					<TextBlock ID="block_1" HPOS="110" VPOS="208" WIDTH="747" HEIGHT="428">
						<TextLine ID="line_1" HPOS="179" VPOS="208" WIDTH="677" HEIGHT="27">
							<String ID="string_4" HPOS="179" VPOS="208" WIDTH="32" HEIGHT="20" WC="0.96" CONTENT="Då"/><SP WIDTH="15" VPOS="208" HPOS="211"/>
							<String ID="string_5" HPOS="226" VPOS="209" WIDTH="6" HEIGHT="19" WC="0.96" CONTENT="i"/><SP WIDTH="17" VPOS="209" HPOS="232"/>
							<String ID="string_6" HPOS="249" VPOS="208" WIDTH="72" HEIGHT="27" WC="0.96" CONTENT="början"/><SP WIDTH="17" VPOS="208" HPOS="321"/>
							<String ID="string_7" HPOS="338" VPOS="208" WIDTH="24" HEIGHT="20" WC="0.93" CONTENT="af"/><SP WIDTH="12" VPOS="208" HPOS="362"/>
							<String ID="string_8" HPOS="374" VPOS="208" WIDTH="136" HEIGHT="20" WC="0.92" CONTENT="sistförflutna"/><SP WIDTH="16" VPOS="208" HPOS="510"/>
							<String ID="string_9" HPOS="526" VPOS="208" WIDTH="94" HEIGHT="20" WC="0.96" CONTENT="årtionde"/><SP WIDTH="21" VPOS="208" HPOS="620"/>
							<String ID="string_10" HPOS="641" VPOS="208" WIDTH="94" HEIGHT="26" WC="0.96" CONTENT="grunden"/><SP WIDTH="16" VPOS="208" HPOS="735"/>
							<String ID="string_11" HPOS="751" VPOS="209" WIDTH="58" HEIGHT="19" WC="0.96" CONTENT="lades"/><SP WIDTH="16" VPOS="209" HPOS="809"/>
							<String ID="string_12" HPOS="825" VPOS="209" WIDTH="31" HEIGHT="19" WC="0.90" CONTENT="till"/>
						</TextLine>
						<TextLine ID="line_2" HPOS="110" VPOS="242" WIDTH="745" HEIGHT="26">
							<String ID="string_13" HPOS="110" VPOS="244" WIDTH="30" HEIGHT="18" WC="0.92" CONTENT="ett"/><SP WIDTH="16" VPOS="244" HPOS="140"/>
							<String ID="string_14" HPOS="156" VPOS="242" WIDTH="89" HEIGHT="20" WC="0.91" CONTENT="ordnadt"/><SP WIDTH="15" VPOS="242" HPOS="245"/>
							<String ID="string_15" HPOS="260" VPOS="242" WIDTH="198" HEIGHT="20" WC="0.91" CONTENT="folkskoleväsende"/><SP WIDTH="17" VPOS="242" HPOS="458"/>
							<String ID="string_16" HPOS="475" VPOS="243" WIDTH="6" HEIGHT="17" WC="0.96" CONTENT="i"/><SP WIDTH="16" VPOS="243" HPOS="481"/>
							<String ID="string_17" HPOS="497" VPOS="242" WIDTH="58" HEIGHT="20" WC="0.96" CONTENT="detta"/><SP WIDTH="15" VPOS="242" HPOS="555"/>
							<String ID="string_18" HPOS="570" VPOS="242" WIDTH="57" HEIGHT="25" WC="0.93" CONTENT="land,"/><SP WIDTH="16" VPOS="242" HPOS="627"/>
							<String ID="string_19" HPOS="643" VPOS="243" WIDTH="128" HEIGHT="25" WC="0.91" CONTENT="uppställdes"/><SP WIDTH="16" VPOS="243" HPOS="771"/>
							<String ID="string_20" HPOS="787" VPOS="242" WIDTH="68" HEIGHT="20" WC="0.93" CONTENT="säsom"/>
						</TextLine>
						<TextLine ID="line_3" HPOS="110" VPOS="276" WIDTH="746" HEIGHT="26">
							<String ID="string_21" HPOS="110" VPOS="276" WIDTH="117" HEIGHT="26" WC="0.92" CONTENT="grundsats,"/><SP WIDTH="19" VPOS="276" HPOS="227"/>
							<String ID="string_22" HPOS="246" VPOS="278" WIDTH="31" HEIGHT="18" WC="0.96" CONTENT="att"/><SP WIDTH="15" VPOS="278" HPOS="277"/>
							<String ID="string_23" HPOS="292" VPOS="276" WIDTH="105" HEIGHT="26" WC="0.93" CONTENT="egentliga"/><SP WIDTH="18" VPOS="276" HPOS="397"/>
							<String ID="string_24" HPOS="415" VPOS="276" WIDTH="127" HEIGHT="20" WC="0.92" CONTENT="folkskolors"/><SP WIDTH="15" VPOS="276" HPOS="542"/>
							<String ID="string_25" HPOS="557" VPOS="276" WIDTH="119" HEIGHT="20" WC="0.92" CONTENT="inrättande"/><SP WIDTH="15" VPOS="276" HPOS="676"/>
							<String ID="string_26" HPOS="691" VPOS="277" WIDTH="39" HEIGHT="19" WC="0.93" CONTENT="och"/><SP WIDTH="17" VPOS="277" HPOS="730"/>
							<String ID="string_27" HPOS="747" VPOS="276" WIDTH="109" HEIGHT="20" WC="0.92" CONTENT="underhäll"/>
						</TextLine>
						<TextLine ID="line_4" HPOS="110" VPOS="310" WIDTH="747" HEIGHT="25">
							<String ID="string_28" HPOS="110" VPOS="310" WIDTH="67" HEIGHT="19" WC="0.92" CONTENT="skulle"/><SP WIDTH="15" VPOS="310" HPOS="177"/>
							<String ID="string_29" HPOS="192" VPOS="310" WIDTH="112" HEIGHT="19" WC="0.92" CONTENT="ankomma"/><SP WIDTH="15" VPOS="310" HPOS="304"/>
							<String ID="string_30" HPOS="319" VPOS="310" WIDTH="27" HEIGHT="25" WC="0.96" CONTENT="pä"/><SP WIDTH="15" VPOS="310" HPOS="346"/>
							<String ID="string_31" HPOS="361" VPOS="310" WIDTH="150" HEIGHT="19" WC="0.96" CONTENT="kommunerna"/><SP WIDTH="15" VPOS="310" HPOS="511"/>
							<String ID="string_32" HPOS="526" VPOS="310" WIDTH="4" HEIGHT="18" WC="0.96" CONTENT="i"/><SP WIDTH="17" VPOS="310" HPOS="530"/>
							<String ID="string_33" HPOS="547" VPOS="310" WIDTH="72" HEIGHT="19" WC="0.96" CONTENT="landet"/><SP WIDTH="15" VPOS="310" HPOS="619"/>
							<String ID="string_34" HPOS="634" VPOS="312" WIDTH="53" HEIGHT="17" WC="0.96" CONTENT="samt"/><SP WIDTH="14" VPOS="312" HPOS="687"/>
							<String ID="string_35" HPOS="701" VPOS="312" WIDTH="30" HEIGHT="18" WC="0.96" CONTENT="att"/><SP WIDTH="16" VPOS="312" HPOS="731"/>
							<String ID="string_36" HPOS="747" VPOS="310" WIDTH="60" HEIGHT="20" WC="0.96" CONTENT="dessa"/><SP WIDTH="18" VPOS="310" HPOS="807"/>
							<String ID="string_37" HPOS="825" VPOS="310" WIDTH="32" HEIGHT="19" WC="0.96" CONTENT="för"/>
						</TextLine>
						<TextLine ID="line_5" HPOS="110" VPOS="343" WIDTH="745" HEIGHT="26">
							<String ID="string_38" HPOS="110" VPOS="344" WIDTH="75" HEIGHT="19" WC="0.91" CONTENT="sädant"/><SP WIDTH="19" VPOS="344" HPOS="185"/>
							<String ID="string_39" HPOS="204" VPOS="343" WIDTH="97" HEIGHT="20" WC="0.91" CONTENT="ändamäl"/><SP WIDTH="21" VPOS="343" HPOS="301"/>
							<String ID="string_40" HPOS="322" VPOS="343" WIDTH="53" HEIGHT="25" WC="0.91" CONTENT="egde"/><SP WIDTH="19" VPOS="343" HPOS="375"/>
							<String ID="string_41" HPOS="394" VPOS="343" WIDTH="64" HEIGHT="19" WC="0.89" CONTENT="undfä"/><SP WIDTH="16" VPOS="343" HPOS="458"/>
							<String ID="string_42" HPOS="474" VPOS="344" WIDTH="72" HEIGHT="25" WC="0.91" CONTENT="bidrag"/><SP WIDTH="16" VPOS="344" HPOS="546"/>
							<String ID="string_43" HPOS="562" VPOS="343" WIDTH="23" HEIGHT="20" WC="0.96" CONTENT="af"/><SP WIDTH="14" VPOS="343" HPOS="585"/>
							<String ID="string_44" HPOS="599" VPOS="343" WIDTH="105" HEIGHT="20" WC="0.96" CONTENT="allmänna"/><SP WIDTH="16" VPOS="343" HPOS="704"/>
							<String ID="string_45" HPOS="720" VPOS="344" WIDTH="74" HEIGHT="19" WC="0.95" CONTENT="medel."/><SP WIDTH="30" VPOS="344" HPOS="794"/>
							<String ID="string_46" HPOS="824" VPOS="344" WIDTH="31" HEIGHT="18" WC="0.94" CONTENT="En"/>
						</TextLine>
						<TextLine ID="line_6" HPOS="111" VPOS="377" WIDTH="744" HEIGHT="27">
							<String ID="string_47" HPOS="111" VPOS="378" WIDTH="94" HEIGHT="20" WC="0.93" CONTENT="bestämd"/><SP WIDTH="20" VPOS="378" HPOS="205"/>
							<String ID="string_48" HPOS="225" VPOS="377" WIDTH="129" HEIGHT="26" WC="0.92" CONTENT="förpligtelse"/><SP WIDTH="20" VPOS="377" HPOS="354"/>
							<String ID="string_49" HPOS="374" VPOS="379" WIDTH="30" HEIGHT="17" WC="0.93" CONTENT="att"/><SP WIDTH="19" VPOS="379" HPOS="404"/>
							<String ID="string_50" HPOS="423" VPOS="377" WIDTH="77" HEIGHT="19" WC="0.90" CONTENT="inrätta"/><SP WIDTH="20" VPOS="377" HPOS="500"/>
							<String ID="string_51" HPOS="520" VPOS="377" WIDTH="73" HEIGHT="27" WC="0.90" CONTENT="dylika"/><SP WIDTH="19" VPOS="377" HPOS="593"/>
							<String ID="string_52" HPOS="612" VPOS="377" WIDTH="71" HEIGHT="20" WC="0.92" CONTENT="skolor"/><SP WIDTH="20" VPOS="377" HPOS="683"/>
							<String ID="string_53" HPOS="703" VPOS="378" WIDTH="71" HEIGHT="19" WC="0.92" CONTENT="älades"/><SP WIDTH="15" VPOS="378" HPOS="774"/>
							<String ID="string_54" HPOS="789" VPOS="377" WIDTH="66" HEIGHT="19" WC="0.92" CONTENT="likväl"/>
						</TextLine>
						<TextLine ID="line_7" HPOS="110" VPOS="411" WIDTH="744" HEIGHT="27">
							<String ID="string_55" HPOS="110" VPOS="412" WIDTH="74" HEIGHT="20" WC="0.93" CONTENT="endast"/><SP WIDTH="15" VPOS="412" HPOS="184"/>
							<String ID="string_56" HPOS="199" VPOS="412" WIDTH="215" HEIGHT="24" WC="0.92" CONTENT="stadskommunerna,"/><SP WIDTH="16" VPOS="412" HPOS="414"/>
							<String ID="string_57" HPOS="430" VPOS="411" WIDTH="109" HEIGHT="20" WC="0.90" CONTENT="hvaremot"/><SP WIDTH="13" VPOS="411" HPOS="539"/>
							<String ID="string_58" HPOS="552" VPOS="411" WIDTH="159" HEIGHT="27" WC="0.95" CONTENT="lagstiftningen"/><SP WIDTH="16" VPOS="411" HPOS="711"/>
							<String ID="string_59" HPOS="727" VPOS="412" WIDTH="6" HEIGHT="20" WC="0.93" CONTENT="i"/><SP WIDTH="16" VPOS="412" HPOS="733"/>
							<String ID="string_60" HPOS="749" VPOS="411" WIDTH="60" HEIGHT="26" WC="0.93" CONTENT="fräga"/><SP WIDTH="12" VPOS="411" HPOS="809"/>
							<String ID="string_61" HPOS="821" VPOS="418" WIDTH="33" HEIGHT="13" WC="0.96" CONTENT="om"/>
						</TextLine>
						<TextLine ID="line_8" HPOS="110" VPOS="445" WIDTH="745" HEIGHT="27">
							<String ID="string_62" HPOS="110" VPOS="445" WIDTH="221" HEIGHT="27" WC="0.92" CONTENT="folkundervisningen"/><SP WIDTH="17" VPOS="445" HPOS="331"/>
							<String ID="string_63" HPOS="348" VPOS="445" WIDTH="27" HEIGHT="25" WC="0.96" CONTENT="pä"/><SP WIDTH="15" VPOS="445" HPOS="375"/>
							<String ID="string_64" HPOS="390" VPOS="445" WIDTH="72" HEIGHT="20" WC="0.93" CONTENT="landet"/><SP WIDTH="15" VPOS="445" HPOS="462"/>
							<String ID="string_65" HPOS="477" VPOS="446" WIDTH="12" HEIGHT="19" WC="0.93" CONTENT="&amp;"/><SP WIDTH="16" VPOS="446" HPOS="489"/>
							<String ID="string_66" HPOS="505" VPOS="452" WIDTH="39" HEIGHT="13" WC="0.96" CONTENT="ena"/><SP WIDTH="15" VPOS="452" HPOS="544"/>
							<String ID="string_67" HPOS="559" VPOS="445" WIDTH="59" HEIGHT="20" WC="0.93" CONTENT="sidan"/><SP WIDTH="16" VPOS="445" HPOS="618"/>
							<String ID="string_68" HPOS="634" VPOS="447" WIDTH="36" HEIGHT="25" WC="0.92" CONTENT="tog"/><SP WIDTH="11" VPOS="447" HPOS="670"/>
							<String ID="string_69" HPOS="681" VPOS="446" WIDTH="79" HEIGHT="26" WC="0.96" CONTENT="hänsyn"/><SP WIDTH="13" VPOS="446" HPOS="760"/>
							<String ID="string_70" HPOS="773" VPOS="445" WIDTH="32" HEIGHT="19" WC="0.93" CONTENT="till"/><SP WIDTH="10" VPOS="445" HPOS="805"/>
							<String ID="string_71" HPOS="815" VPOS="445" WIDTH="40" HEIGHT="20" WC="0.93" CONTENT="för-"/>
						</TextLine>
						<TextLine ID="line_9" HPOS="111" VPOS="479" WIDTH="744" HEIGHT="21">
							<String ID="string_72" HPOS="111" VPOS="482" WIDTH="21" HEIGHT="17" WC="0.93" CONTENT="ut"/><SP WIDTH="17" VPOS="482" HPOS="132"/>
							<String ID="string_73" HPOS="149" VPOS="480" WIDTH="112" HEIGHT="20" WC="0.92" CONTENT="bestäende"/><SP WIDTH="19" VPOS="480" HPOS="261"/>
							<String ID="string_74" HPOS="280" VPOS="479" WIDTH="144" HEIGHT="20" WC="0.92" CONTENT="förhällanden"/><SP WIDTH="17" VPOS="479" HPOS="424"/>
							<String ID="string_75" HPOS="441" VPOS="479" WIDTH="39" HEIGHT="19" WC="0.93" CONTENT="och"/><SP WIDTH="16" VPOS="479" HPOS="480"/>
							<String ID="string_76" HPOS="496" VPOS="479" WIDTH="134" HEIGHT="20" WC="0.92" CONTENT="anförtrodde"/><SP WIDTH="17" VPOS="479" HPOS="630"/>
							<String ID="string_77" HPOS="647" VPOS="480" WIDTH="39" HEIGHT="19" WC="0.96" CONTENT="den"/><SP WIDTH="15" VPOS="480" HPOS="686"/>
							<String ID="string_78" HPOS="701" VPOS="480" WIDTH="66" HEIGHT="19" WC="0.93" CONTENT="första"/><SP WIDTH="15" VPOS="480" HPOS="767"/>
							<String ID="string_79" HPOS="782" VPOS="479" WIDTH="73" HEIGHT="19" WC="0.92" CONTENT="under-"/>
						</TextLine>
						<TextLine ID="line_10" HPOS="110" VPOS="513" WIDTH="746" HEIGHT="27">
							<String ID="string_80" HPOS="110" VPOS="514" WIDTH="109" HEIGHT="26" WC="0.96" CONTENT="visningen"/><SP WIDTH="21" VPOS="514" HPOS="219"/>
							<String ID="string_81" HPOS="240" VPOS="514" WIDTH="21" HEIGHT="19" WC="0.93" CONTENT="ät"/><SP WIDTH="18" VPOS="514" HPOS="261"/>
							<String ID="string_82" HPOS="279" VPOS="513" WIDTH="95" HEIGHT="20" WC="0.96" CONTENT="hemmen"/><SP WIDTH="20" VPOS="513" HPOS="374"/>
							<String ID="string_83" HPOS="394" VPOS="514" WIDTH="39" HEIGHT="19" WC="0.96" CONTENT="och"/><SP WIDTH="20" VPOS="514" HPOS="433"/>
							<String ID="string_84" HPOS="453" VPOS="514" WIDTH="26" HEIGHT="19" WC="0.93" CONTENT="de"/><SP WIDTH="16" VPOS="514" HPOS="479"/>
							<String ID="string_85" HPOS="495" VPOS="513" WIDTH="99" HEIGHT="26" WC="0.93" CONTENT="kyrkliga"/><SP WIDTH="16" VPOS="513" HPOS="594"/>
							<String ID="string_86" HPOS="610" VPOS="513" WIDTH="151" HEIGHT="20" WC="0.77" CONTENT="barnskolorna"/><SP WIDTH="14" VPOS="513" HPOS="761"/>
							<String ID="string_87" HPOS="775" VPOS="514" WIDTH="54" HEIGHT="18" WC="0.93" CONTENT="samt"/><SP WIDTH="15" VPOS="514" HPOS="829"/>
							<String ID="string_88" HPOS="844" VPOS="513" WIDTH="12" HEIGHT="19" WC="0.93" CONTENT="å"/>
						</TextLine>
						<TextLine ID="line_11" HPOS="111" VPOS="546" WIDTH="744" HEIGHT="28">
							<String ID="string_89" HPOS="111" VPOS="548" WIDTH="39" HEIGHT="19" WC="0.95" CONTENT="den"/><SP WIDTH="18" VPOS="548" HPOS="150"/>
							<String ID="string_90" HPOS="168" VPOS="548" WIDTH="66" HEIGHT="19" WC="0.93" CONTENT="andra"/><SP WIDTH="14" VPOS="548" HPOS="234"/>
							<String ID="string_91" HPOS="248" VPOS="546" WIDTH="74" HEIGHT="28" WC="0.92" CONTENT="gjorde"/><SP WIDTH="17" VPOS="546" HPOS="322"/>
							<String ID="string_92" HPOS="339" VPOS="547" WIDTH="153" HEIGHT="27" WC="0.91" CONTENT="anläggningen"/><SP WIDTH="17" VPOS="547" HPOS="492"/>
							<String ID="string_93" HPOS="509" VPOS="547" WIDTH="22" HEIGHT="19" WC="0.96" CONTENT="af"/><SP WIDTH="14" VPOS="547" HPOS="531"/>
							<String ID="string_94" HPOS="545" VPOS="547" WIDTH="105" HEIGHT="27" WC="0.96" CONTENT="egentliga"/><SP WIDTH="16" VPOS="547" HPOS="650"/>
							<String ID="string_95" HPOS="666" VPOS="548" WIDTH="51" HEIGHT="19" WC="0.96" CONTENT="eller"/><SP WIDTH="15" VPOS="548" HPOS="717"/>
							<String ID="string_96" HPOS="732" VPOS="553" WIDTH="16" HEIGHT="13" WC="0.96" CONTENT="s."/><SP WIDTH="12" VPOS="553" HPOS="748"/>
							<String ID="string_97" HPOS="760" VPOS="547" WIDTH="19" HEIGHT="19" WC="0.96" CONTENT="k."/><SP WIDTH="12" VPOS="547" HPOS="779"/>
							<String ID="string_98" HPOS="791" VPOS="546" WIDTH="64" HEIGHT="26" WC="0.96" CONTENT="högre"/>
						</TextLine>
						<TextLine ID="line_12" HPOS="111" VPOS="580" WIDTH="744" HEIGHT="22">
							<String ID="string_99" HPOS="111" VPOS="582" WIDTH="117" HEIGHT="20" WC="0.91" CONTENT="folkskolor"/><SP WIDTH="19" VPOS="582" HPOS="228"/>
							<String ID="string_100" HPOS="247" VPOS="581" WIDTH="105" HEIGHT="20" WC="0.92" CONTENT="beroende"/><SP WIDTH="20" VPOS="581" HPOS="352"/>
							<String ID="string_101" HPOS="372" VPOS="582" WIDTH="21" HEIGHT="19" WC="0.96" CONTENT="af"/><SP WIDTH="17" VPOS="582" HPOS="393"/>
							<String ID="string_102" HPOS="410" VPOS="582" WIDTH="159" HEIGHT="19" WC="0.96" CONTENT="kommunernas"/><SP WIDTH="21" VPOS="582" HPOS="569"/>
							<String ID="string_103" HPOS="590" VPOS="581" WIDTH="39" HEIGHT="20" WC="0.93" CONTENT="fria"/><SP WIDTH="15" VPOS="581" HPOS="629"/>
							<String ID="string_104" HPOS="644" VPOS="580" WIDTH="211" HEIGHT="21" WC="0.92" CONTENT="öfverenskommelse"/>
						</TextLine>
						<TextLine ID="line_13" HPOS="110" VPOS="609" WIDTH="130" HEIGHT="27">
							<String ID="string_105" HPOS="110" VPOS="616" WIDTH="40" HEIGHT="20" WC="0.96" CONTENT="och"/><SP WIDTH="17" VPOS="616" HPOS="150"/>
							<String ID="string_106" HPOS="167" VPOS="609" WIDTH="73" HEIGHT="27" WC="0.95" CONTENT="beslut."/>
						</TextLine>
					</TextBlock>
					<TextBlock ID="block_2" HPOS="108" VPOS="648" WIDTH="748" HEIGHT="372">
						<TextLine ID="line_14" HPOS="179" VPOS="648" WIDTH="676" HEIGHT="27">
							<String ID="string_107" HPOS="179" VPOS="650" WIDTH="30" HEIGHT="19" WC="0.96" CONTENT="På"/><SP WIDTH="19" VPOS="650" HPOS="209"/>
							<String ID="string_108" HPOS="228" VPOS="649" WIDTH="35" HEIGHT="20" WC="0.93" CONTENT="det"/><SP WIDTH="19" VPOS="649" HPOS="263"/>
							<String ID="string_109" HPOS="282" VPOS="648" WIDTH="98" HEIGHT="27" WC="0.96" CONTENT="kyrkliga"/><SP WIDTH="15" VPOS="648" HPOS="380"/>
							<String ID="string_110" HPOS="395" VPOS="649" WIDTH="95" HEIGHT="20" WC="0.96" CONTENT="området"/><SP WIDTH="15" VPOS="649" HPOS="490"/>
							<String ID="string_111" HPOS="505" VPOS="649" WIDTH="37" HEIGHT="19" WC="0.93" CONTENT="har"/><SP WIDTH="15" VPOS="649" HPOS="542"/>
							<String ID="string_112" HPOS="557" VPOS="649" WIDTH="104" HEIGHT="26" WC="0.92" CONTENT="nemligen"/><SP WIDTH="16" VPOS="649" HPOS="661"/>
							<String ID="string_113" HPOS="677" VPOS="649" WIDTH="64" HEIGHT="20" WC="0.93" CONTENT="sedan"/><SP WIDTH="16" VPOS="649" HPOS="741"/>
							<String ID="string_114" HPOS="757" VPOS="649" WIDTH="59" HEIGHT="19" WC="0.90" CONTENT="äldre"/><SP WIDTH="15" VPOS="649" HPOS="816"/>
							<String ID="string_115" HPOS="831" VPOS="649" WIDTH="24" HEIGHT="19" WC="0.93" CONTENT="ti-"/>
						</TextLine>
						<TextLine ID="line_15" HPOS="111" VPOS="682" WIDTH="745" HEIGHT="27">
							<String ID="string_116" HPOS="111" VPOS="686" WIDTH="36" HEIGHT="19" WC="0.96" CONTENT="der"/><SP WIDTH="18" VPOS="686" HPOS="147"/>
							<String ID="string_117" HPOS="165" VPOS="686" WIDTH="30" HEIGHT="18" WC="0.93" CONTENT="ett"/><SP WIDTH="19" VPOS="686" HPOS="195"/>
							<String ID="string_118" HPOS="214" VPOS="684" WIDTH="54" HEIGHT="25" WC="0.92" CONTENT="slags"/><SP WIDTH="20" VPOS="684" HPOS="268"/>
							<String ID="string_119" HPOS="288" VPOS="683" WIDTH="109" HEIGHT="25" WC="0.92" CONTENT="lärotväng"/><SP WIDTH="16" VPOS="683" HPOS="397"/>
							<String ID="string_120" HPOS="413" VPOS="683" WIDTH="54" HEIGHT="19" WC="0.93" CONTENT="varit"/><SP WIDTH="14" VPOS="683" HPOS="467"/>
							<String ID="string_121" HPOS="481" VPOS="682" WIDTH="84" HEIGHT="26" WC="0.92" CONTENT="infördt,"/><SP WIDTH="16" VPOS="682" HPOS="565"/>
							<String ID="string_122" HPOS="581" VPOS="684" WIDTH="5" HEIGHT="18" WC="0.96" CONTENT="i"/><SP WIDTH="17" VPOS="684" HPOS="586"/>
							<String ID="string_123" HPOS="603" VPOS="684" WIDTH="35" HEIGHT="19" WC="0.96" CONTENT="det"/><SP WIDTH="16" VPOS="684" HPOS="638"/>
							<String ID="string_124" HPOS="654" VPOS="686" WIDTH="30" HEIGHT="17" WC="0.93" CONTENT="att"/><SP WIDTH="15" VPOS="686" HPOS="684"/>
							<String ID="string_125" HPOS="699" VPOS="683" WIDTH="102" HEIGHT="20" WC="0.92" CONTENT="föräldrar"/><SP WIDTH="16" VPOS="683" HPOS="801"/>
							<String ID="string_126" HPOS="817" VPOS="683" WIDTH="39" HEIGHT="20" WC="0.96" CONTENT="och"/>
						</TextLine>
						<TextLine ID="line_16" HPOS="111" VPOS="717" WIDTH="744" HEIGHT="26">
							<String ID="string_127" HPOS="111" VPOS="718" WIDTH="100" HEIGHT="20" WC="0.91" CONTENT="mälsmän"/><SP WIDTH="17" VPOS="718" HPOS="211"/>
							<String ID="string_128" HPOS="228" VPOS="718" WIDTH="53" HEIGHT="18" WC="0.96" CONTENT="varit"/><SP WIDTH="15" VPOS="718" HPOS="281"/>
							<String ID="string_129" HPOS="296" VPOS="717" WIDTH="40" HEIGHT="20" WC="0.93" CONTENT="och"/><SP WIDTH="16" VPOS="717" HPOS="336"/>
							<String ID="string_130" HPOS="352" VPOS="720" WIDTH="35" HEIGHT="16" WC="0.91" CONTENT="äro"/><SP WIDTH="16" VPOS="720" HPOS="387"/>
							<String ID="string_131" HPOS="403" VPOS="717" WIDTH="126" HEIGHT="26" WC="0.92" CONTENT="förpligtade"/><SP WIDTH="16" VPOS="717" HPOS="529"/>
							<String ID="string_132" HPOS="545" VPOS="720" WIDTH="30" HEIGHT="17" WC="0.93" CONTENT="att"/><SP WIDTH="16" VPOS="720" HPOS="575"/>
							<String ID="string_133" HPOS="591" VPOS="718" WIDTH="64" HEIGHT="19" WC="0.92" CONTENT="värda"/><SP WIDTH="16" VPOS="718" HPOS="655"/>
							<String ID="string_134" HPOS="671" VPOS="718" WIDTH="31" HEIGHT="25" WC="0.96" CONTENT="sig"/><SP WIDTH="15" VPOS="718" HPOS="702"/>
							<String ID="string_135" HPOS="717" VPOS="724" WIDTH="34" HEIGHT="12" WC="0.93" CONTENT="om"/><SP WIDTH="16" VPOS="724" HPOS="751"/>
							<String ID="string_136" HPOS="767" VPOS="717" WIDTH="88" HEIGHT="20" WC="0.92" CONTENT="barnens"/>
						</TextLine>
						<TextLine ID="line_17" HPOS="110" VPOS="751" WIDTH="746" HEIGHT="27">
							<String ID="string_137" HPOS="110" VPOS="752" WIDTH="149" HEIGHT="26" WC="0.95" CONTENT="undervisning"/><SP WIDTH="16" VPOS="752" HPOS="259"/>
							<String ID="string_138" HPOS="275" VPOS="752" WIDTH="6" HEIGHT="19" WC="0.93" CONTENT="i"/><SP WIDTH="17" VPOS="752" HPOS="281"/>
							<String ID="string_139" HPOS="298" VPOS="751" WIDTH="124" HEIGHT="27" WC="0.93" CONTENT="bokläsning"/><SP WIDTH="21" VPOS="751" HPOS="422"/>
							<String ID="string_140" HPOS="443" VPOS="751" WIDTH="38" HEIGHT="20" WC="0.93" CONTENT="och"/><SP WIDTH="16" VPOS="751" HPOS="481"/>
							<String ID="string_141" HPOS="497" VPOS="751" WIDTH="236" HEIGHT="26" WC="0.91" CONTENT="kristendomskunskap"/><SP WIDTH="16" VPOS="751" HPOS="733"/>
							<String ID="string_142" HPOS="749" VPOS="753" WIDTH="54" HEIGHT="18" WC="0.91" CONTENT="samt"/><SP WIDTH="15" VPOS="753" HPOS="803"/>
							<String ID="string_143" HPOS="818" VPOS="751" WIDTH="38" HEIGHT="20" WC="0.91" CONTENT="för-"/>
						</TextLine>
						<TextLine ID="line_18" HPOS="110" VPOS="785" WIDTH="745" HEIGHT="28">
							<String ID="string_144" HPOS="110" VPOS="787" WIDTH="141" HEIGHT="26" WC="0.92" CONTENT="samlingarna"/><SP WIDTH="15" VPOS="787" HPOS="251"/>
							<String ID="string_145" HPOS="266" VPOS="786" WIDTH="77" HEIGHT="26" WC="0.91" CONTENT="älagda"/><SP WIDTH="16" VPOS="786" HPOS="343"/>
							<String ID="string_146" HPOS="359" VPOS="787" WIDTH="29" HEIGHT="18" WC="0.93" CONTENT="att"/><SP WIDTH="15" VPOS="787" HPOS="388"/>
							<String ID="string_147" HPOS="403" VPOS="786" WIDTH="66" HEIGHT="25" WC="0.95" CONTENT="draga"/><SP WIDTH="15" VPOS="786" HPOS="469"/>
							<String ID="string_148" HPOS="484" VPOS="785" WIDTH="81" HEIGHT="27" WC="0.93" CONTENT="försorg"/><SP WIDTH="16" VPOS="785" HPOS="565"/>
							<String ID="string_149" HPOS="581" VPOS="786" WIDTH="78" HEIGHT="25" WC="0.82" CONTENT="derom,"/><SP WIDTH="8" VPOS="786" HPOS="659"/>
							<String ID="string_150" HPOS="667" VPOS="787" WIDTH="32" HEIGHT="18" WC="0.93" CONTENT="att"/><SP WIDTH="13" VPOS="787" HPOS="699"/>
							<String ID="string_151" HPOS="712" VPOS="785" WIDTH="93" HEIGHT="27" WC="0.93" CONTENT="ständigt"/><SP WIDTH="10" VPOS="785" HPOS="805"/>
							<String ID="string_152" HPOS="815" VPOS="785" WIDTH="40" HEIGHT="19" WC="0.90" CONTENT="till-"/>
						</TextLine>
						<TextLine ID="line_19" HPOS="110" VPOS="818" WIDTH="746" HEIGHT="28">
							<String ID="string_153" HPOS="110" VPOS="821" WIDTH="50" HEIGHT="20" WC="0.93" CONTENT="fälle"/><SP WIDTH="23" VPOS="821" HPOS="160"/>
							<String ID="string_154" HPOS="183" VPOS="820" WIDTH="31" HEIGHT="20" WC="0.96" CONTENT="till"/><SP WIDTH="23" VPOS="820" HPOS="214"/>
							<String ID="string_155" HPOS="237" VPOS="820" WIDTH="148" HEIGHT="26" WC="0.96" CONTENT="undervisning"/><SP WIDTH="19" VPOS="820" HPOS="385"/>
							<String ID="string_156" HPOS="404" VPOS="820" WIDTH="6" HEIGHT="19" WC="0.96" CONTENT="i"/><SP WIDTH="20" VPOS="820" HPOS="410"/>
							<String ID="string_157" HPOS="430" VPOS="820" WIDTH="91" HEIGHT="20" WC="0.93" CONTENT="nämnda"/><SP WIDTH="19" VPOS="820" HPOS="521"/>
							<String ID="string_158" HPOS="540" VPOS="820" WIDTH="87" HEIGHT="26" WC="0.96" CONTENT="stycken"/><SP WIDTH="21" VPOS="820" HPOS="627"/>
							<String ID="string_159" HPOS="648" VPOS="820" WIDTH="18" HEIGHT="25" WC="0.96" CONTENT="ej"/><SP WIDTH="17" VPOS="820" HPOS="666"/>
							<String ID="string_160" HPOS="683" VPOS="820" WIDTH="34" HEIGHT="19" WC="0.96" CONTENT="mä"/><SP WIDTH="14" VPOS="820" HPOS="717"/>
							<String ID="string_161" HPOS="731" VPOS="820" WIDTH="78" HEIGHT="19" WC="0.96" CONTENT="saknas"/><SP WIDTH="15" VPOS="820" HPOS="809"/>
							<String ID="string_162" HPOS="824" VPOS="818" WIDTH="32" HEIGHT="21" WC="0.96" CONTENT="för"/>
						</TextLine>
						<TextLine ID="line_20" HPOS="112" VPOS="854" WIDTH="742" HEIGHT="26">
							<String ID="string_163" HPOS="112" VPOS="856" WIDTH="57" HEIGHT="24" WC="0.93" CONTENT="barn,"/><SP WIDTH="22" VPOS="856" HPOS="169"/>
							<String ID="string_164" HPOS="191" VPOS="854" WIDTH="73" HEIGHT="20" WC="0.92" CONTENT="hvilka"/><SP WIDTH="18" VPOS="854" HPOS="264"/>
							<String ID="string_165" HPOS="282" VPOS="854" WIDTH="23" HEIGHT="25" WC="0.96" CONTENT="af"/><SP WIDTH="17" VPOS="854" HPOS="305"/>
							<String ID="string_166" HPOS="322" VPOS="860" WIDTH="25" HEIGHT="14" WC="0.96" CONTENT="en"/><SP WIDTH="17" VPOS="860" HPOS="347"/>
							<String ID="string_167" HPOS="364" VPOS="854" WIDTH="50" HEIGHT="20" WC="0.96" CONTENT="eller"/><SP WIDTH="15" VPOS="854" HPOS="414"/>
							<String ID="string_168" HPOS="429" VPOS="860" WIDTH="69" HEIGHT="13" WC="0.93" CONTENT="annan"/><SP WIDTH="16" VPOS="860" HPOS="498"/>
							<String ID="string_169" HPOS="514" VPOS="854" WIDTH="61" HEIGHT="20" WC="0.92" CONTENT="orsak"/><SP WIDTH="15" VPOS="854" HPOS="575"/>
							<String ID="string_170" HPOS="590" VPOS="854" WIDTH="47" HEIGHT="19" WC="0.92" CONTENT="icke"/><SP WIDTH="15" VPOS="854" HPOS="637"/>
							<String ID="string_171" HPOS="652" VPOS="854" WIDTH="71" HEIGHT="18" WC="0.96" CONTENT="kunna"/><SP WIDTH="14" VPOS="854" HPOS="723"/>
							<String ID="string_172" HPOS="737" VPOS="854" WIDTH="7" HEIGHT="19" WC="0.93" CONTENT="i"/><SP WIDTH="16" VPOS="854" HPOS="744"/>
							<String ID="string_173" HPOS="760" VPOS="854" WIDTH="94" HEIGHT="19" WC="0.92" CONTENT="hemmen"/>
						</TextLine>
						<TextLine ID="line_21" HPOS="108" VPOS="887" WIDTH="743" HEIGHT="27">
							<String ID="string_174" HPOS="108" VPOS="890" WIDTH="43" HEIGHT="20" WC="0.92" CONTENT="deri"/><SP WIDTH="17" VPOS="890" HPOS="151"/>
							<String ID="string_175" HPOS="168" VPOS="888" WIDTH="120" HEIGHT="21" WC="0.92" CONTENT="handledas."/><SP WIDTH="31" VPOS="888" HPOS="288"/>
							<String ID="string_176" HPOS="319" VPOS="888" WIDTH="38" HEIGHT="20" WC="0.93" CONTENT="Att"/><SP WIDTH="15" VPOS="888" HPOS="357"/>
							<String ID="string_177" HPOS="372" VPOS="888" WIDTH="55" HEIGHT="20" WC="0.96" CONTENT="vaka"/><SP WIDTH="14" VPOS="888" HPOS="427"/>
							<String ID="string_178" HPOS="441" VPOS="888" WIDTH="59" HEIGHT="20" WC="0.93" CONTENT="öfver"/><SP WIDTH="15" VPOS="888" HPOS="500"/>
							<String ID="string_179" HPOS="515" VPOS="888" WIDTH="141" HEIGHT="26" WC="0.85" CONTENT="fullgörandet"/><SP WIDTH="11" VPOS="888" HPOS="656"/>
							<String ID="string_180" HPOS="667" VPOS="887" WIDTH="22" HEIGHT="20" WC="0.96" CONTENT="af"/><SP WIDTH="9" VPOS="887" HPOS="689"/>
							<String ID="string_181" HPOS="698" VPOS="888" WIDTH="60" HEIGHT="20" WC="0.93" CONTENT="dessa"/><SP WIDTH="11" VPOS="888" HPOS="758"/>
							<String ID="string_182" HPOS="769" VPOS="888" WIDTH="82" HEIGHT="26" WC="0.92" CONTENT="pligter,"/>
						</TextLine>
						<TextLine ID="line_22" HPOS="111" VPOS="922" WIDTH="743" HEIGHT="27">
							<String ID="string_183" HPOS="111" VPOS="925" WIDTH="38" HEIGHT="19" WC="0.89" CONTENT="har"/><SP WIDTH="22" VPOS="925" HPOS="149"/>
							<String ID="string_184" HPOS="171" VPOS="924" WIDTH="119" HEIGHT="19" WC="0.89" CONTENT="tillkommit"/><SP WIDTH="18" VPOS="924" HPOS="290"/>
							<String ID="string_185" HPOS="308" VPOS="922" WIDTH="155" HEIGHT="26" WC="0.91" CONTENT="presterskapet"/><SP WIDTH="22" VPOS="922" HPOS="463"/>
							<String ID="string_186" HPOS="485" VPOS="922" WIDTH="39" HEIGHT="20" WC="0.93" CONTENT="och"/><SP WIDTH="23" VPOS="922" HPOS="524"/>
							<String ID="string_187" HPOS="547" VPOS="922" WIDTH="178" HEIGHT="27" WC="0.92" CONTENT="kyrkostyrelsen,"/><SP WIDTH="18" VPOS="922" HPOS="725"/>
							<String ID="string_188" HPOS="743" VPOS="922" WIDTH="85" HEIGHT="20" WC="0.91" CONTENT="hvilken"/><SP WIDTH="21" VPOS="922" HPOS="828"/>
							<String ID="string_189" HPOS="849" VPOS="922" WIDTH="5" HEIGHT="18" WC="0.97" CONTENT="i"/>
						</TextLine>
						<TextLine ID="line_23" HPOS="111" VPOS="956" WIDTH="743" HEIGHT="29">
							<String ID="string_190" HPOS="111" VPOS="959" WIDTH="52" HEIGHT="26" WC="0.96" CONTENT="följd"/><SP WIDTH="16" VPOS="959" HPOS="163"/>
							<String ID="string_191" HPOS="179" VPOS="957" WIDTH="61" HEIGHT="21" WC="0.96" CONTENT="deraf"/><SP WIDTH="12" VPOS="957" HPOS="240"/>
							<String ID="string_192" HPOS="252" VPOS="958" WIDTH="61" HEIGHT="19" WC="0.96" CONTENT="äfven"/><SP WIDTH="17" VPOS="958" HPOS="313"/>
							<String ID="string_193" HPOS="330" VPOS="957" WIDTH="54" HEIGHT="19" WC="0.93" CONTENT="varit"/><SP WIDTH="15" VPOS="957" HPOS="384"/>
							<String ID="string_194" HPOS="399" VPOS="956" WIDTH="89" HEIGHT="26" WC="0.96" CONTENT="befogad"/><SP WIDTH="17" VPOS="956" HPOS="488"/>
							<String ID="string_195" HPOS="505" VPOS="958" WIDTH="30" HEIGHT="18" WC="0.96" CONTENT="att"/><SP WIDTH="17" VPOS="958" HPOS="535"/>
							<String ID="string_196" HPOS="552" VPOS="956" WIDTH="33" HEIGHT="20" WC="0.93" CONTENT="vid"/><SP WIDTH="12" VPOS="956" HPOS="585"/>
							<String ID="string_197" HPOS="597" VPOS="956" WIDTH="139" HEIGHT="20" WC="0.92" CONTENT="förefallande"/><SP WIDTH="11" VPOS="956" HPOS="736"/>
							<String ID="string_198" HPOS="747" VPOS="956" WIDTH="64" HEIGHT="20" WC="0.85" CONTENT="hehof"/><SP WIDTH="8" VPOS="956" HPOS="811"/>
							<String ID="string_199" HPOS="819" VPOS="956" WIDTH="35" HEIGHT="26" WC="0.93" CONTENT="pä-"/>
						</TextLine>
						<TextLine ID="line_24" HPOS="111" VPOS="991" WIDTH="410" HEIGHT="29">
							<String ID="string_200" HPOS="111" VPOS="993" WIDTH="64" HEIGHT="27" WC="0.93" CONTENT="bjuda"/><SP WIDTH="15" VPOS="993" HPOS="175"/>
							<String ID="string_201" HPOS="190" VPOS="998" WIDTH="42" HEIGHT="20" WC="0.93" CONTENT="nya"/><SP WIDTH="15" VPOS="998" HPOS="232"/>
							<String ID="string_202" HPOS="247" VPOS="992" WIDTH="134" HEIGHT="20" WC="0.92" CONTENT="barnskolors"/><SP WIDTH="15" VPOS="992" HPOS="381"/>
							<String ID="string_203" HPOS="396" VPOS="991" WIDTH="125" HEIGHT="20" WC="0.92" CONTENT="inrättande."/>
						</TextLine>
					</TextBlock>
					<TextBlock ID="block_3" HPOS="112" VPOS="1024" WIDTH="745" HEIGHT="470">
						<TextLine ID="line_25" HPOS="178" VPOS="1024" WIDTH="678" HEIGHT="28">
							<String ID="string_204" HPOS="178" VPOS="1026" WIDTH="42" HEIGHT="20" WC="0.96" CONTENT="Till"/><SP WIDTH="22" VPOS="1026" HPOS="220"/>
							<String ID="string_205" HPOS="242" VPOS="1026" WIDTH="70" HEIGHT="20" WC="0.96" CONTENT="denna"/><SP WIDTH="23" VPOS="1026" HPOS="312"/>
							<String ID="string_206" HPOS="335" VPOS="1025" WIDTH="23" HEIGHT="20" WC="0.96" CONTENT="af"/><SP WIDTH="20" VPOS="1025" HPOS="358"/>
							<String ID="string_207" HPOS="378" VPOS="1025" WIDTH="81" HEIGHT="26" WC="0.93" CONTENT="kyrkan"/><SP WIDTH="23" VPOS="1025" HPOS="459"/>
							<String ID="string_208" HPOS="482" VPOS="1025" WIDTH="146" HEIGHT="27" WC="0.91" CONTENT="organiserade"/><SP WIDTH="24" VPOS="1025" HPOS="628"/>
							<String ID="string_209" HPOS="652" VPOS="1024" WIDTH="148" HEIGHT="26" WC="0.96" CONTENT="undervisning"/><SP WIDTH="18" VPOS="1024" HPOS="800"/>
							<String ID="string_210" HPOS="818" VPOS="1024" WIDTH="38" HEIGHT="19" WC="0.96" CONTENT="har"/>
						</TextLine>
						<TextLine ID="line_26" HPOS="112" VPOS="1058" WIDTH="745" HEIGHT="29">
							<String ID="string_211" HPOS="112" VPOS="1060" WIDTH="157" HEIGHT="27" WC="0.96" CONTENT="lagstiftningen"/><SP WIDTH="24" VPOS="1060" HPOS="269"/>
							<String ID="string_212" HPOS="293" VPOS="1066" WIDTH="33" HEIGHT="13" WC="0.92" CONTENT="om"/><SP WIDTH="16" VPOS="1066" HPOS="326"/>
							<String ID="string_213" HPOS="342" VPOS="1059" WIDTH="206" HEIGHT="20" WC="0.92" CONTENT="folkskoleväsendet"/><SP WIDTH="15" VPOS="1059" HPOS="548"/>
							<String ID="string_214" HPOS="563" VPOS="1058" WIDTH="86" HEIGHT="20" WC="0.95" CONTENT="anslutit"/><SP WIDTH="14" VPOS="1058" HPOS="649"/>
							<String ID="string_215" HPOS="663" VPOS="1059" WIDTH="31" HEIGHT="26" WC="0.93" CONTENT="sig"/><SP WIDTH="19" VPOS="1059" HPOS="694"/>
							<String ID="string_216" HPOS="713" VPOS="1058" WIDTH="94" HEIGHT="23" WC="0.96" CONTENT="sålunda,"/><SP WIDTH="18" VPOS="1058" HPOS="807"/>
							<String ID="string_217" HPOS="825" VPOS="1059" WIDTH="32" HEIGHT="18" WC="0.96" CONTENT="att"/>
						</TextLine>
						<TextLine ID="line_27" HPOS="112" VPOS="1091" WIDTH="742" HEIGHT="29">
							<String ID="string_218" HPOS="112" VPOS="1094" WIDTH="175" HEIGHT="26" WC="0.96" CONTENT="undervisningen"/><SP WIDTH="18" VPOS="1094" HPOS="287"/>
							<String ID="string_219" HPOS="305" VPOS="1094" WIDTH="3" HEIGHT="19" WC="0.93" CONTENT="i"/><SP WIDTH="16" VPOS="1094" HPOS="308"/>
							<String ID="string_220" HPOS="324" VPOS="1093" WIDTH="91" HEIGHT="20" WC="0.90" CONTENT="hemmet"/><SP WIDTH="14" VPOS="1093" HPOS="415"/>
							<String ID="string_221" HPOS="429" VPOS="1093" WIDTH="40" HEIGHT="20" WC="0.93" CONTENT="och"/><SP WIDTH="16" VPOS="1093" HPOS="469"/>
							<String ID="string_222" HPOS="485" VPOS="1093" WIDTH="150" HEIGHT="20" WC="0.92" CONTENT="barnskolorna"/><SP WIDTH="20" VPOS="1093" HPOS="635"/>
							<String ID="string_223" HPOS="655" VPOS="1093" WIDTH="64" HEIGHT="26" WC="0.96" CONTENT="gjorts"/><SP WIDTH="17" VPOS="1093" HPOS="719"/>
							<String ID="string_224" HPOS="736" VPOS="1092" WIDTH="31" HEIGHT="19" WC="0.93" CONTENT="till"/><SP WIDTH="11" VPOS="1092" HPOS="767"/>
							<String ID="string_225" HPOS="778" VPOS="1091" WIDTH="76" HEIGHT="26" WC="0.93" CONTENT="grund-"/>
						</TextLine>
						<TextLine ID="line_28" HPOS="112" VPOS="1125" WIDTH="743" HEIGHT="28">
							<String ID="string_226" HPOS="112" VPOS="1129" WIDTH="34" HEIGHT="20" WC="0.96" CONTENT="val"/><SP WIDTH="16" VPOS="1129" HPOS="146"/>
							<String ID="string_227" HPOS="162" VPOS="1129" WIDTH="39" HEIGHT="20" WC="0.93" CONTENT="och"/><SP WIDTH="16" VPOS="1129" HPOS="201"/>
							<String ID="string_228" HPOS="217" VPOS="1128" WIDTH="148" HEIGHT="25" WC="0.92" CONTENT="förutsättning"/><SP WIDTH="16" VPOS="1128" HPOS="365"/>
							<String ID="string_229" HPOS="381" VPOS="1127" WIDTH="31" HEIGHT="20" WC="0.96" CONTENT="för"/><SP WIDTH="15" VPOS="1127" HPOS="412"/>
							<String ID="string_230" HPOS="427" VPOS="1127" WIDTH="39" HEIGHT="20" WC="0.97" CONTENT="den"/><SP WIDTH="17" VPOS="1127" HPOS="466"/>
							<String ID="string_231" HPOS="483" VPOS="1127" WIDTH="106" HEIGHT="26" WC="0.93" CONTENT="egentliga"/><SP WIDTH="15" VPOS="1127" HPOS="589"/>
							<String ID="string_232" HPOS="604" VPOS="1126" WIDTH="130" HEIGHT="20" WC="0.92" CONTENT="folkskolans"/><SP WIDTH="16" VPOS="1126" HPOS="734"/>
							<String ID="string_233" HPOS="750" VPOS="1125" WIDTH="105" HEIGHT="20" WC="0.91" CONTENT="verksam-"/>
						</TextLine>
						<TextLine ID="line_29" HPOS="112" VPOS="1159" WIDTH="742" HEIGHT="30">
							<String ID="string_234" HPOS="112" VPOS="1164" WIDTH="42" HEIGHT="25" WC="0.93" CONTENT="het,"/><SP WIDTH="15" VPOS="1164" HPOS="154"/>
							<String ID="string_235" HPOS="169" VPOS="1163" WIDTH="97" HEIGHT="20" WC="0.92" CONTENT="hvarföre"/><SP WIDTH="20" VPOS="1163" HPOS="266"/>
							<String ID="string_236" HPOS="286" VPOS="1161" WIDTH="61" HEIGHT="20" WC="0.92" CONTENT="äfven"/><SP WIDTH="21" VPOS="1161" HPOS="347"/>
							<String ID="string_237" HPOS="368" VPOS="1161" WIDTH="139" HEIGHT="20" WC="0.91" CONTENT="meddelande"/><SP WIDTH="16" VPOS="1161" HPOS="507"/>
							<String ID="string_238" HPOS="523" VPOS="1160" WIDTH="22" HEIGHT="20" WC="0.93" CONTENT="af"/><SP WIDTH="13" VPOS="1160" HPOS="545"/>
							<String ID="string_239" HPOS="558" VPOS="1159" WIDTH="126" HEIGHT="27" WC="0.93" CONTENT="statsbidrag"/><SP WIDTH="16" VPOS="1159" HPOS="684"/>
							<String ID="string_240" HPOS="700" VPOS="1160" WIDTH="21" HEIGHT="19" WC="0.93" CONTENT="ät"/><SP WIDTH="14" VPOS="1160" HPOS="721"/>
							<String ID="string_241" HPOS="735" VPOS="1159" WIDTH="119" HEIGHT="20" WC="0.91" CONTENT="landskom-"/>
						</TextLine>
						<TextLine ID="line_30" HPOS="113" VPOS="1192" WIDTH="744" HEIGHT="31">
							<String ID="string_242" HPOS="113" VPOS="1205" WIDTH="54" HEIGHT="18" WC="0.96" CONTENT="mun,"/><SP WIDTH="9" VPOS="1205" HPOS="167"/>
							<String ID="string_243" HPOS="176" VPOS="1204" WIDTH="43" HEIGHT="13" WC="0.92" CONTENT="som"/><SP WIDTH="17" VPOS="1204" HPOS="219"/>
							<String ID="string_244" HPOS="236" VPOS="1196" WIDTH="76" HEIGHT="20" WC="0.96" CONTENT="önskar"/><SP WIDTH="11" VPOS="1196" HPOS="312"/>
							<String ID="string_245" HPOS="323" VPOS="1196" WIDTH="76" HEIGHT="19" WC="0.96" CONTENT="inrätta"/><SP WIDTH="10" VPOS="1196" HPOS="399"/>
							<String ID="string_246" HPOS="409" VPOS="1195" WIDTH="65" HEIGHT="26" WC="0.93" CONTENT="högre"/><SP WIDTH="11" VPOS="1195" HPOS="474"/>
							<String ID="string_247" HPOS="485" VPOS="1194" WIDTH="112" HEIGHT="25" WC="0.96" CONTENT="folkskola,"/><SP WIDTH="8" VPOS="1194" HPOS="597"/>
							<String ID="string_248" HPOS="605" VPOS="1194" WIDTH="65" HEIGHT="26" WC="0.93" CONTENT="gjorts"/><SP WIDTH="12" VPOS="1194" HPOS="670"/>
							<String ID="string_249" HPOS="682" VPOS="1193" WIDTH="104" HEIGHT="20" WC="0.95" CONTENT="beroende"/><SP WIDTH="11" VPOS="1193" HPOS="786"/>
							<String ID="string_250" HPOS="797" VPOS="1192" WIDTH="60" HEIGHT="20" WC="0.96" CONTENT="deraf"/>
						</TextLine>
						<TextLine ID="line_31" HPOS="112" VPOS="1227" WIDTH="743" HEIGHT="27">
							<String ID="string_251" HPOS="112" VPOS="1234" WIDTH="30" HEIGHT="17" WC="0.96" CONTENT="att"/><SP WIDTH="15" VPOS="1234" HPOS="142"/>
							<String ID="string_252" HPOS="157" VPOS="1232" WIDTH="125" HEIGHT="19" WC="0.96" CONTENT="kommunen"/><SP WIDTH="16" VPOS="1232" HPOS="282"/>
							<String ID="string_253" HPOS="298" VPOS="1229" WIDTH="168" HEIGHT="25" WC="0.95" CONTENT="(församlingen)"/><SP WIDTH="17" VPOS="1229" HPOS="466"/>
							<String ID="string_254" HPOS="483" VPOS="1228" WIDTH="112" HEIGHT="25" WC="0.96" CONTENT="behörigen"/><SP WIDTH="15" VPOS="1228" HPOS="595"/>
							<String ID="string_255" HPOS="610" VPOS="1227" WIDTH="75" HEIGHT="20" WC="0.96" CONTENT="vårdat"/><SP WIDTH="10" VPOS="1227" HPOS="685"/>
							<String ID="string_256" HPOS="695" VPOS="1227" WIDTH="31" HEIGHT="26" WC="0.96" CONTENT="sig"/><SP WIDTH="11" VPOS="1227" HPOS="726"/>
							<String ID="string_257" HPOS="737" VPOS="1233" WIDTH="33" HEIGHT="13" WC="0.93" CONTENT="om"/><SP WIDTH="12" VPOS="1233" HPOS="770"/>
							<String ID="string_258" HPOS="782" VPOS="1227" WIDTH="73" HEIGHT="19" WC="0.91" CONTENT="barna-"/>
						</TextLine>
						<TextLine ID="line_32" HPOS="112" VPOS="1260" WIDTH="744" HEIGHT="29">
							<String ID="string_259" HPOS="112" VPOS="1265" WIDTH="182" HEIGHT="24" WC="0.96" CONTENT="undervisningen."/><SP WIDTH="30" VPOS="1265" HPOS="294"/>
							<String ID="string_260" HPOS="324" VPOS="1263" WIDTH="45" HEIGHT="19" WC="0.96" CONTENT="Och"/><SP WIDTH="13" VPOS="1263" HPOS="369"/>
							<String ID="string_261" HPOS="382" VPOS="1264" WIDTH="65" HEIGHT="24" WC="0.96" CONTENT="jemte"/><SP WIDTH="16" VPOS="1264" HPOS="447"/>
							<String ID="string_262" HPOS="463" VPOS="1263" WIDTH="35" HEIGHT="18" WC="0.96" CONTENT="det"/><SP WIDTH="15" VPOS="1263" HPOS="498"/>
							<String ID="string_263" HPOS="513" VPOS="1262" WIDTH="26" HEIGHT="19" WC="0.96" CONTENT="de"/><SP WIDTH="11" VPOS="1262" HPOS="539"/>
							<String ID="string_264" HPOS="550" VPOS="1261" WIDTH="97" HEIGHT="26" WC="0.96" CONTENT="kyrkliga"/><SP WIDTH="11" VPOS="1261" HPOS="647"/>
							<String ID="string_265" HPOS="658" VPOS="1261" WIDTH="99" HEIGHT="20" WC="0.96" CONTENT="skolorna"/><SP WIDTH="10" VPOS="1261" HPOS="757"/>
							<String ID="string_266" HPOS="767" VPOS="1260" WIDTH="89" HEIGHT="20" WC="0.96" CONTENT="sålunda"/>
						</TextLine>
						<TextLine ID="line_33" HPOS="112" VPOS="1294" WIDTH="741" HEIGHT="31">
							<String ID="string_267" HPOS="112" VPOS="1299" WIDTH="62" HEIGHT="26" WC="0.87" CONTENT="tagits"/><SP WIDTH="9" VPOS="1299" HPOS="174"/>
							<String ID="string_268" HPOS="183" VPOS="1298" WIDTH="6" HEIGHT="19" WC="0.87" CONTENT="i"/><SP WIDTH="9" VPOS="1298" HPOS="189"/>
							<String ID="string_269" HPOS="198" VPOS="1297" WIDTH="90" HEIGHT="26" WC="0.96" CONTENT="anspråk"/><SP WIDTH="11" VPOS="1297" HPOS="288"/>
							<String ID="string_270" HPOS="299" VPOS="1297" WIDTH="32" HEIGHT="20" WC="0.96" CONTENT="för"/><SP WIDTH="11" VPOS="1297" HPOS="331"/>
							<String ID="string_271" HPOS="342" VPOS="1296" WIDTH="39" HEIGHT="21" WC="0.96" CONTENT="den"/><SP WIDTH="12" VPOS="1296" HPOS="381"/>
							<String ID="string_272" HPOS="393" VPOS="1296" WIDTH="117" HEIGHT="26" WC="0.96" CONTENT="borgerliga"/><SP WIDTH="9" VPOS="1296" HPOS="510"/>
							<String ID="string_273" HPOS="519" VPOS="1295" WIDTH="177" HEIGHT="26" WC="0.96" CONTENT="folkbildningens"/><SP WIDTH="10" VPOS="1295" HPOS="696"/>
							<String ID="string_274" HPOS="706" VPOS="1294" WIDTH="147" HEIGHT="25" WC="0.96" CONTENT="befrämjande,"/>
						</TextLine>
						<TextLine ID="line_34" HPOS="112" VPOS="1328" WIDTH="744" HEIGHT="29">
							<String ID="string_275" HPOS="112" VPOS="1334" WIDTH="37" HEIGHT="18" WC="0.95" CONTENT="har"/><SP WIDTH="23" VPOS="1334" HPOS="149"/>
							<String ID="string_276" HPOS="172" VPOS="1332" WIDTH="164" HEIGHT="25" WC="0.95" CONTENT="lagstiftningen,"/><SP WIDTH="24" VPOS="1332" HPOS="336"/>
							<String ID="string_277" HPOS="360" VPOS="1331" WIDTH="30" HEIGHT="18" WC="0.93" CONTENT="till"/><SP WIDTH="22" VPOS="1331" HPOS="390"/>
							<String ID="string_278" HPOS="412" VPOS="1329" WIDTH="131" HEIGHT="20" WC="0.54" CONTENT="äudamälets"/><SP WIDTH="22" VPOS="1329" HPOS="543"/>
							<String ID="string_279" HPOS="565" VPOS="1329" WIDTH="86" HEIGHT="19" WC="0.96" CONTENT="säkrare"/><SP WIDTH="16" VPOS="1329" HPOS="651"/>
							<String ID="string_280" HPOS="667" VPOS="1328" WIDTH="110" HEIGHT="24" WC="0.93" CONTENT="vinnande,"/><SP WIDTH="17" VPOS="1328" HPOS="777"/>
							<String ID="string_281" HPOS="794" VPOS="1328" WIDTH="62" HEIGHT="25" WC="0.92" CONTENT="rigtat"/>
						</TextLine>
						<TextLine ID="line_35" HPOS="112" VPOS="1360" WIDTH="745" HEIGHT="31">
							<String ID="string_282" HPOS="112" VPOS="1373" WIDTH="25" HEIGHT="13" WC="0.96" CONTENT="en"/><SP WIDTH="15" VPOS="1373" HPOS="137"/>
							<String ID="string_283" HPOS="152" VPOS="1365" WIDTH="127" HEIGHT="26" WC="0.95" CONTENT="uppmaning"/><SP WIDTH="16" VPOS="1365" HPOS="279"/>
							<String ID="string_284" HPOS="295" VPOS="1363" WIDTH="31" HEIGHT="20" WC="0.96" CONTENT="till"/><SP WIDTH="16" VPOS="1363" HPOS="326"/>
							<String ID="string_285" HPOS="342" VPOS="1364" WIDTH="26" HEIGHT="19" WC="0.97" CONTENT="de"/><SP WIDTH="14" VPOS="1364" HPOS="368"/>
							<String ID="string_286" HPOS="382" VPOS="1363" WIDTH="100" HEIGHT="25" WC="0.96" CONTENT="kyrkliga"/><SP WIDTH="15" VPOS="1363" HPOS="482"/>
							<String ID="string_287" HPOS="497" VPOS="1361" WIDTH="173" HEIGHT="26" WC="0.96" CONTENT="myndigheterna"/><SP WIDTH="15" VPOS="1361" HPOS="670"/>
							<String ID="string_288" HPOS="685" VPOS="1363" WIDTH="30" HEIGHT="17" WC="0.93" CONTENT="att"/><SP WIDTH="14" VPOS="1363" HPOS="715"/>
							<String ID="string_289" HPOS="729" VPOS="1360" WIDTH="81" HEIGHT="20" WC="0.92" CONTENT="utöfver"/><SP WIDTH="11" VPOS="1360" HPOS="810"/>
							<String ID="string_290" HPOS="821" VPOS="1361" WIDTH="36" HEIGHT="18" WC="0.96" CONTENT="det"/>
						</TextLine>
						<TextLine ID="line_36" HPOS="112" VPOS="1394" WIDTH="743" HEIGHT="33">
							<String ID="string_291" HPOS="112" VPOS="1399" WIDTH="96" HEIGHT="28" WC="0.95" CONTENT="specifikt"/><SP WIDTH="15" VPOS="1399" HPOS="208"/>
							<String ID="string_292" HPOS="223" VPOS="1397" WIDTH="98" HEIGHT="27" WC="0.93" CONTENT="kyrkliga"/><SP WIDTH="17" VPOS="1397" HPOS="321"/>
							<String ID="string_293" HPOS="338" VPOS="1397" WIDTH="97" HEIGHT="20" WC="0.89" CONTENT="behofvet"/><SP WIDTH="10" VPOS="1397" HPOS="435"/>
							<String ID="string_294" HPOS="445" VPOS="1395" WIDTH="86" HEIGHT="26" WC="0.93" CONTENT="utvidga"/><SP WIDTH="10" VPOS="1395" HPOS="531"/>
							<String ID="string_295" HPOS="541" VPOS="1395" WIDTH="154" HEIGHT="20" WC="0.91" CONTENT="småskolornas"/><SP WIDTH="11" VPOS="1395" HPOS="695"/>
							<String ID="string_296" HPOS="706" VPOS="1394" WIDTH="149" HEIGHT="26" WC="0.86" CONTENT="läroprogram."/>
						</TextLine>
						<TextLine ID="line_37" HPOS="113" VPOS="1428" WIDTH="742" HEIGHT="30">
							<String ID="string_297" HPOS="113" VPOS="1435" WIDTH="31" HEIGHT="19" WC="0.96" CONTENT="En"/><SP WIDTH="16" VPOS="1435" HPOS="144"/>
							<String ID="string_298" HPOS="160" VPOS="1433" WIDTH="65" HEIGHT="20" WC="0.96" CONTENT="sådan"/><SP WIDTH="16" VPOS="1433" HPOS="225"/>
							<String ID="string_299" HPOS="241" VPOS="1432" WIDTH="127" HEIGHT="26" WC="0.96" CONTENT="uppmaning"/><SP WIDTH="20" VPOS="1432" HPOS="368"/>
							<String ID="string_300" HPOS="388" VPOS="1431" WIDTH="59" HEIGHT="26" WC="0.93" CONTENT="ingår"/><SP WIDTH="15" VPOS="1431" HPOS="447"/>
							<String ID="string_301" HPOS="462" VPOS="1429" WIDTH="102" HEIGHT="26" WC="0.91" CONTENT="nemligen"/><SP WIDTH="17" VPOS="1429" HPOS="564"/>
							<String ID="string_302" HPOS="581" VPOS="1429" WIDTH="6" HEIGHT="20" WC="0.93" CONTENT="i"/><SP WIDTH="16" VPOS="1429" HPOS="587"/>
							<String ID="string_303" HPOS="603" VPOS="1429" WIDTH="12" HEIGHT="27" WC="0.87" CONTENT="&amp;"/><SP WIDTH="18" VPOS="1429" HPOS="615"/>
							<String ID="string_304" HPOS="633" VPOS="1429" WIDTH="37" HEIGHT="20" WC="0.96" CONTENT="115"/><SP WIDTH="17" VPOS="1429" HPOS="670"/>
							<String ID="string_305" HPOS="687" VPOS="1428" WIDTH="23" HEIGHT="20" WC="0.96" CONTENT="af"/><SP WIDTH="13" VPOS="1428" HPOS="710"/>
							<String ID="string_306" HPOS="723" VPOS="1428" WIDTH="77" HEIGHT="27" WC="0.93" CONTENT="nådiga"/><SP WIDTH="15" VPOS="1428" HPOS="800"/>
							<String ID="string_307" HPOS="815" VPOS="1428" WIDTH="40" HEIGHT="20" WC="0.93" CONTENT="för-"/>
						</TextLine>
						<TextLine ID="line_38" HPOS="113" VPOS="1462" WIDTH="742" HEIGHT="32">
							<String ID="string_308" HPOS="113" VPOS="1469" WIDTH="115" HEIGHT="25" WC="0.96" CONTENT="ordningen"/><SP WIDTH="9" VPOS="1469" HPOS="228"/>
							<String ID="string_309" HPOS="237" VPOS="1466" WIDTH="23" HEIGHT="21" WC="0.95" CONTENT="af"/><SP WIDTH="6" VPOS="1466" HPOS="260"/>
							<String ID="string_310" HPOS="266" VPOS="1466" WIDTH="39" HEIGHT="21" WC="0.96" CONTENT="den"/><SP WIDTH="10" VPOS="1466" HPOS="305"/>
							<String ID="string_311" HPOS="315" VPOS="1466" WIDTH="24" HEIGHT="21" WC="0.96" CONTENT="11"/><SP WIDTH="11" VPOS="1466" HPOS="339"/>
							<String ID="string_312" HPOS="350" VPOS="1466" WIDTH="40" HEIGHT="25" WC="0.96" CONTENT="Maj"/><SP WIDTH="21" VPOS="1466" HPOS="390"/>
							<String ID="string_313" HPOS="411" VPOS="1465" WIDTH="50" HEIGHT="20" WC="0.96" CONTENT="1876"/><SP WIDTH="12" VPOS="1465" HPOS="461"/>
							<String ID="string_314" HPOS="473" VPOS="1464" WIDTH="107" HEIGHT="26" WC="0.96" CONTENT="angående"/><SP WIDTH="11" VPOS="1464" HPOS="580"/>
							<String ID="string_315" HPOS="591" VPOS="1463" WIDTH="169" HEIGHT="27" WC="0.95" CONTENT="organisationen"/><SP WIDTH="11" VPOS="1463" HPOS="760"/>
							<String ID="string_316" HPOS="771" VPOS="1463" WIDTH="23" HEIGHT="19" WC="0.92" CONTENT="af"/><SP WIDTH="8" VPOS="1463" HPOS="794"/>
							<String ID="string_317" HPOS="802" VPOS="1462" WIDTH="53" HEIGHT="20" WC="0.92" CONTENT="folk-"/>
						</TextLine>
					</TextBlock>
					<TextBlock ID="block_4" HPOS="180" VPOS="1503" WIDTH="499" HEIGHT="22">
						<TextLine ID="line_39" HPOS="180" VPOS="1503" WIDTH="499" HEIGHT="22">
							<String ID="string_318" HPOS="180" VPOS="1506" WIDTH="102" HEIGHT="19" WC="0.93" CONTENT="Allmänna"/><SP WIDTH="11" VPOS="1506" HPOS="282"/>
							<String ID="string_319" HPOS="293" VPOS="1505" WIDTH="176" HEIGHT="19" WC="0.91" CONTENT="Besvärsutskottets"/><SP WIDTH="13" VPOS="1505" HPOS="469"/>
							<String ID="string_320" HPOS="482" VPOS="1503" WIDTH="110" HEIGHT="19" WC="0.95" CONTENT="betänkande"/><SP WIDTH="11" VPOS="1503" HPOS="592"/>
							<String ID="string_321" HPOS="603" VPOS="1503" WIDTH="37" HEIGHT="18" WC="0.95" CONTENT="N:o"/><SP WIDTH="12" VPOS="1503" HPOS="640"/>
							<String ID="string_322" HPOS="652" VPOS="1503" WIDTH="27" HEIGHT="18" WC="0.96" CONTENT="19."/>
						</TextLine>
					</TextBlock>
				</ComposedBlock>
			</PrintSpace>
		</Page>
	</Layout>
</alto>
