1042 1700
272 132 321 20 Petitionsbetänkande
611 132 49 20 N:o
679 134 40 18 17.
827 132 13 19 9

118 203 38 13 nas
180 196 76 20 skiften
280 197 105 19 måhända
406 197 69 19 blefve
495 198 77 25 taget
567 192 15 36 i
589 198 136 26 användning
744 198 28 25 pä
791 198 77 19 sådant

117 232 49 22 sätt,
186 231 30 18 att
236 230 36 19 det
287 230 111 26 plötsligen
415 230 67 21 skulle
498 231 95 25 upphöra
608 233 31 18 att
655 237 50 14 vara
721 238 24 13 en
763 231 57 20 källa
835 231 32 20 för

118 263 26 20 de
163 264 95 19 normala
277 264 167 19 statsbehofvens
461 264 144 25 bestridande;
620 265 7 18 i
643 264 80 20 hvilket
738 264 36 20 fall
792 264 73 26 päfölj-

119 297 40 20 den
176 299 30 17 att
224 297 73 19 kräfva
312 303 28 20 ny
356 297 56 19 skatt
428 297 23 19 af
462 297 139 26 jordegarene
616 298 47 19 icke
679 298 67 19 skulle
757 298 107 20 uteblifva.

186 331 48 19 Med
251 334 65 16 större
332 331 45 19 skäl
394 331 70 20 kunde
481 331 35 20 det
527 331 61 20 alltsä
600 331 65 20 blifva
675 331 58 26 fräga
745 338 33 13 om
789 332 76 25 grund-

118 365 95 19 skattens
229 364 122 27 aflyftande,
366 365 27 25 pä
409 367 41 17 sätt
465 364 203 27 landtdagsmannen
684 365 84 20 Aschan
780 365 85 20 föresla-

117 399 36 26 git.
184 399 31 19 De
239 399 135 26 ojemnheter,
395 405 44 13 som
460 405 28 13 nu
504 399 119 26 förefinnas,
640 399 68 20 blefve
725 399 26 20 dä
767 400 46 19 med
829 406 36 13 ens

118 433 128 26 aflägsnade,
263 433 137 25 brokigheten
412 433 6 18 i
431 433 36 19 vär
483 433 106 20 kamerala
605 433 130 26 lagstiftning
751 433 68 20 skulle
831 436 34 17 vä-

116 467 118 25 sendtligen
258 467 110 26 afhjelpas.
399 467 40 19 För
459 469 31 17 att
509 467 131 26 undanrödja
656 467 65 20 andra
737 466 128 21 missförhäl-

116 500 86 24 landen,
225 507 43 13 som
293 501 35 20 det
350 501 123 20 nuvarande
492 501 296 26 jordbeskattningssystemet
803 501 61 20 fram-

117 534 75 25 kallar,
209 535 62 20 bland
288 536 64 18 annat
367 535 43 19 deri
427 537 31 17 att
473 535 24 18 fri
514 535 136 26 arrondering
658 530 27 35 af
685 535 180 25 jordlägenheter

117 568 40 20 och
173 568 74 26 obegrä

116 603 117 20 emellertid
252 606 56 16 ännu
324 603 65 19 andra
405 602 98 27 ätgärder
519 603 23 19 af
555 603 76 25 nöden,
647 606 25 16 än
690 603 39 20 den
745 603 24 19 af
782 603 81 25 petitio-

116 639 64 18 nären
196 637 119 20 förordade.

186 670 105 20 Utskottet
314 671 66 19 finner
400 671 31 25 sig
447 670 54 20 dock
516 671 48 19 icke
579 671 72 19 kunna
667 670 105 26 tillstyrka
787 677 26 13 en
829 677 35 20 pe-

116 705 60 20 tition
192 705 6 19 i
216 705 34 20 det
272 705 22 19 af
312 703 26 22 hr
357 704 83 20 Aschan
458 705 117 26 föreslagna
591 705 60 25 syfte.
681 704 32 20 De
729 704 136 27 svärigheter,

115 745 44 14 som
180 739 44 19 frän
244 745 25 13 en
290 739 66 20 sädan
372 738 75 21 reform
464 742 36 17 äro
516 739 142 26 oskiljaktiga,
675 739 68 19 skulle
759 738 106 20 sannolikt

115 776 62 23 göras
193 773 98 26 gällande
307 773 67 20 såsom
391 775 29 17 ett
436 772 74 20 hinder
524 773 33 20 för
572 773 126 20 densamma.
728 773 45 20 Den
789 779 74 13 sanno-

114 807 44 20 lika
175 807 184 26 nödvändigheten
375 808 31 18 att
421 807 77 19 bereda
513 807 126 19 statsverket
655 807 36 18 full
707 807 115 25 ersättning
833 806 32 19 för

116 841 40 20 den
180 843 137 24 permanenta
336 841 92 19 inkomst
448 847 42 13 som
512 847 75 20 genom
603 840 104 21 ordinarie
723 842 85 18 räntans
824 840 39 20 och

116 875 165 20 kronotiondens
304 874 131 21 afskaffande
456 875 67 19 skulle
545 875 73 25 frångå
634 875 122 20 detsamma,
773 874 69 19 kunde
857 874 7 19 i

116 910 40 19 och
172 909 32 20 för
218 910 32 25 sig
265 908 111 20 framkalla
392 908 77 20 tvekan
485 909 37 20 hos
539 909 53 23 dem,
609 915 43 13 som
668 909 99 19 befarade
782 911 31 16 att
828 915 35 12 an-

116 943 66 25 tydda
207 943 99 24 vederlag
326 942 97 26 möjligen
443 943 83 20 komme
542 945 31 17 att
587 943 80 19 kännas
683 942 43 19 lika
741 935 52 26 eller
808 944 56 17 ännu

116 983 58 13 mera
194 977 132 25 betungande
346 979 25 16 än
389 976 25 19 de
430 977 121 19 nuvarande
563 975 164 28 jordskatterna.
757 975 52 20 Kort
825 975 37 20 fat-

116 1010 51 25 tadt,
192 1013 22 16 är
235 1009 118 20 Utskottets
372 1009 140 26 öfvertygelse
533 1010 46 25 den,
595 1012 30 17 att
641 1016 24 13 en
682 1010 86 26 petition
784 1009 23 19 af
821 1015 42 14 om-

116 1044 104 20 förmälda
242 1043 94 20 innehåll
356 1043 46 20 ieke
421 1044 67 19 skulle
504 1044 48 20 leda
569 1043 30 19 till
617 1044 33 19 det
667 1043 41 19 mål
724 1044 138 25 petitionären

116 1077 84 27 åsyftat.

186 1112 46 19 Men
251 1112 26 19 de
294 1111 73 19 brister
383 1111 37 19 hos
436 1110 45 20 vårt
496 1111 223 26 grundskattesystem,
734 1110 108 20 Utskottet
856 1111 7 18 i

116 1147 36 19 det
172 1145 127 26 föregående
315 1145 121 24 framhållit,
452 1145 109 20 föranleda
576 1145 65 19 likväl
657 1148 37 21 att,
710 1151 33 13 om
759 1151 47 13 man
823 1144 39 19 ock

117 1180 19 25 ej
157 1179 65 20 finner
241 1179 96 26 lämpligt
352 1179 81 25 påyrka
448 1179 161 26 grundskattens
626 1179 121 25 aflyftande,
763 1178 48 19 icke
827 1184 35 13 un-

117 1213 108 26 dandraga
246 1213 31 25 sig
300 1214 30 18 att
353 1213 64 19 tänka
436 1213 27 25 på
482 1215 110 23 systemets
607 1212 144 21 förbättrande
767 1212 23 19 så
804 1212 60 25 långt

116 1247 76 19 sådant
207 1247 41 18 kan
264 1253 50 12 vara
329 1246 83 26 görligt.

184 1280 10 19 I
210 1281 75 18 sådant
301 1280 99 20 afseende
416 1281 37 18 har
469 1281 37 19 hos
520 1280 109 19 Utskottet
643 1280 87 19 kommit
745 1279 7 19 i
768 1279 93 20 öfvervä-

116 1314 76 25 gande,
208 1316 31 17 att
254 1315 36 18 det
304 1314 47 19 icke
368 1317 22 16 är
406 1314 40 19 den
463 1314 105 25 egentliga
583 1313 151 26 grundskatten
746 1313 31 19 till
788 1314 73 21 staten,

117 1347 51 19 eller
188 1347 104 20 ordinarie
311 1349 74 17 räntan
401 1347 39 19 och
456 1346 160 21 kronotionden,
632 1353 44 12 som
692 1346 32 20 för
735 1346 128 25 jordegaren

117 1381 80 19 kännes
220 1382 52 18 mest
296 1380 138 26 betungande.
464 1380 30 20 De
516 1380 55 20 båda
590 1380 91 19 nämnda
699 1379 91 25 titlarna,
805 1378 57 20 inbe-

117 1415 68 26 gripet
204 1415 24 20 de
244 1415 31 19 till
291 1415 113 19 rusthållen
421 1414 81 26 gående
518 1416 209 25 augmentsräntorna
743 1413 39 20 och
797 1413 66 26 några

117 1452 78 17 smärre
218 1449 31 20 hit
272 1449 117 26 hänförliga
411 1451 77 24 poster,
508 1449 63 19 hafva
587 1449 65 19 under
667 1448 26 20 de
708 1449 82 18 senaste
806 1447 57 24 åren,

188 1488 147 19 Statsutskottets
346 1488 111 18 betänkande
468 1493 30 13 n:o
510 1488 17 17 5.

267 569 37 19 sad
320 568 140 27 parcellering
475 569 47 20 icke
538 569 72 20 kunna
626 575 49 13 vara
692 569 111 26 medgifna,
815 574 50 14 vore
