1025 1709
218 152 26 34 64
408 154 238 21 Petitionsbetänkande
657 153 38 19 N:o
706 153 35 19 20.

200 220 35 21 års
249 219 98 21 ständers
364 218 90 27 petition
472 224 34 15 om
524 217 209 27 skollagstiftningen
751 216 62 21 äfven
832 216 37 20 det
883 214 62 22 önsk-

199 252 105 29 ningsmä]
318 252 68 27 ingår,
401 253 32 21 att
446 252 63 27 ingen
524 252 33 21 för
571 251 123 28 fattigdoms
710 250 56 22 skull
780 249 67 22 borde
861 248 48 23 från
920 248 26 22 de

200 288 109 27 offentliga
322 287 293 27 undervisningsanstalterna
629 285 111 22 uteslutas.
769 285 34 21 De
812 284 38 21 till
865 283 82 22 utskot-

199 324 42 21 tets
266 322 120 21 kännedom
400 321 125 22 meddelade
544 320 155 27 handlingarna
722 319 70 22 utvisa
815 318 132 22 beträffande

200 358 69 21 denna
283 356 68 27 fräga,
367 357 31 20 att
417 355 110 24 enahanda
541 355 94 27 yrkande
649 354 72 21 blifvit
736 353 121 22 framstälät
872 352 23 22 af
908 353 39 21 mi-

199 391 106 22 noriteten
323 391 8 21 i
350 389 218 29 Skolöfverstyrelsen
590 389 39 22 och
645 389 99 22 Senaten.
776 388 114 22 Allmänna
907 387 40 21 Be-

198 425 168 22 svärsutskottet
383 431 63 15 anser
465 425 32 26 sig
514 424 28 27 pä
561 424 68 27 grund
647 423 23 22 af
684 423 41 22 den
739 423 76 22 hittills
830 428 70 16 vunna
915 428 33 15 er-

199 461 125 21 farenheten
331 460 53 21 böra
398 459 114 28 tillstyrka,
527 460 32 20 att
567 465 34 15 om
608 458 70 27 nägon
686 457 144 28 begränsning
840 457 49 22 med
896 456 52 22 hän-

199 495 78 22 seende
292 495 34 21 till
344 494 138 23 frielevernes
500 494 57 22 antal
572 493 67 22 mäste
655 493 111 27 vidhällas,
784 493 121 21 densamma
921 491 28 22 dä

199 530 126 21 åtminstone
341 529 66 22 måtte
426 529 24 22 sä
464 529 83 26 fixeras,
563 530 32 20 att
609 529 7 20 i
634 528 63 21 hvart
714 528 38 21 fall
770 528 28 21 de
812 527 49 21 bäst
875 526 73 27 begäf-

198 565 54 21 vade
275 565 55 21 samt
352 564 110 26 verkligen
486 563 131 22 behöfvande
642 563 35 20 mä
699 563 85 21 komma
802 561 7 22 i
824 561 124 28 ätnjutande

199 598 23 22 af
241 598 100 22 bemälda
359 597 89 22 förmän.

267 770 42 22 Vid
324 769 196 28 granskningen-af
534 770 25 22 de
575 770 31 21 uti
621 776 26 15 en
661 769 79 27 mängd
754 769 114 27 petitioner
883 769 64 21 fram-

199 804 70 22 stälda
294 804 123 28 yrkandena
439 804 28 27 pä
492 804 69 22 finska
585 804 111 21 läroverks
721 803 121 22 inrättande
869 803 28 27 pä
921 810 27 15 en

199 839 52 22 eller
270 844 70 16 annan
358 840 40 25 ort,
417 838 40 21 har
474 838 75 27 frägan
568 844 34 16 om
620 838 166 27 uppehällandet
800 837 23 22 af
836 839 31 20 ett
883 837 66 22 finskt

198 873 100 22 läroverk
316 873 7 21 i
341 873 84 21 landets
444 873 129 21 hufvudstad
591 873 76 20 främst
682 872 84 27 ädragit
781 873 33 26 sig
832 872 116 22 utskottets

197 907 195 28 uppmärksamhet.
421 907 100 22 Yrkande
539 907 74 21 härom
628 907 130 22 framställes
774 907 102 21 särskildt
890 907 7 21 i
912 913 36 21 pe-

198 942 115 21 titionerna
327 941 25 22 af.
367 941 51 21 herr
436 936 119 32 Hornborg,
572 939 27 23 af
609 932 145 40 skollärarnes
767 932 180 40 representanter,

198 977 55 20 samt
275 975 23 22 af
319 975 205 27 landtdagsmännen
545 975 108 26 Suutarla,
675 975 91 26 Brusila,
789 975 95 28 Ignatius
909 975 39 22 och

197 1010 97 21 Nohteri.
330 1010 31 21 Af
377 1010 63 21 desse
458 1010 138 26 petitionärer
614 1009 40 21 har
675 1009 135 27 framhållits,
832 1009 116 22 huruledes

196 1045 102 21 tillvaron
313 1043 24 22 af
354 1045 31 20 ett
402 1044 77 21 sädant
492 1043 99 22 läroverk
605 1044 67 21 redan
687 1043 34 22 för
736 1043 41 22 den
791 1044 7 21 i
812 1043 135 28 Helsingfors

198 1079 100 26 varande,
313 1079 35 21 till
362 1079 81 21 inemot
461 1079 56 21 9000
534 1085 103 20 personer
655 1079 98 26 stigande
775 1078 69 22 finska
866 1078 81 22 befolk-

197 1113 85 26 ningen,
297 1113 111 22 äfvensom
422 1113 34 21 för
470 1113 94 27 Nylands
579 1113 46 21 läns
640 1119 46 16 mer
701 1115 27 19 än
744 1113 76 26 80,000
834 1113 69 22 finska
916 1115 31 20 ta-

197 1149 64 21 lande
279 1148 129 21 innevänare
426 1149 26 20 är
470 1149 31 20 ett
519 1147 108 28 oafvisligt
645 1147 74 27 behof;
738 1147 69 22 likasä
821 1149 25 20 är
861 1148 36 21 det
911 1148 36 22 be-

197 1183 52 21 kant
268 1183 40 21 och
325 1182 95 27 framgär
438 1182 24 21 af
479 1183 41 21 den
537 1182 113 21 inledande
665 1182 125 27 historiken,
806 1184 32 19 att
853 1183 40 21 den
909 1183 38 21 all-

197 1219 77 20 männä
296 1217 114 26 meningen
432 1216 39 22 hos
493 1217 83 21 landets
595 1217 84 22 bildade
699 1217 116 22 allmänhet
833 1217 67 22 redan
914 1217 33 21 för

197 1251 44 20 fem
255 1251 24 20 är
293 1251 91 20 tillbaka
398 1251 136 26 temmeligen
549 1251 86 26 stadgat
649 1251 33 26 sig
697 1251 80 26 derom,
793 1253 31 18 att
839 1253 30 19 ett
883 1251 64 21 finskt

197 1284 100 22 läroverk
311 1284 8 21 i
333 1284 84 22 landets
432 1284 130 22 hufvudstad
576 1290 51 16 vore
641 1284 108 28 behöfligt.
779 1285 34 21 'Dä
828 1285 119 22 emellertid

197 1318 153 28 normallyeeet
360 1317 132 29 förflyttades
500 1318 34 22 till
541 1318 137 28 Tavastehus,
687 1319 109 27 skyndade
804 1319 143 21 allmänheten

197 1354 71 22 såsom
286 1353 80 22 bekant
384 1354 31 26 är,
434 1354 32 21 att
484 1360 75 21 genom
579 1353 83 22 enskild
680 1353 145 28 subskription
843 1354 58 27 gifva
915 1354 32 20 bi-

197 1389 53 27 drag
269 1388 33 22 till
316 1388 172 23 "underhållande
506 1388 23 22 af
546 1390 31 20 ett
594 1388 64 22 finskt
679 1389 100 22 läroverk
796 1389 8 21 i
811 1388 135 22 hufvudsta-

198 1423 47 27 den,
261 1423 82 22 hvilket
357 1423 67 21 sedan
438 1424 37 26 egt
493 1425 38 20 ett:
541 1423 120 28 betydande
676 1424 58 21 antal
750 1424 77 22 elever.
857 1424 42 21 Vid
913 1423 33 22 sä-

198 1458 51 22 dant
267 1458 135 22 förhällande
416 1458 62 22 torde
495 1459 54 21 intet
566 1458 74 23 tvifvel
658 1459 53 21 räda
726 1459 78 26 derom,
821 1459 32 21 att
867 1458 36 22 det
917 1464 29 16 nu

265 1499 96 17 Allmänna
372 1499 160 18 Besvärsutskottets
543 1500 104 17 betänkande
659 1500 35 17 N:o
706 1500 29 18 17.
