1039 1706
232 152 23 17 96
416 150 240 19 Petitionsbetänkande
668 150 37 19 N:o
717 150 34 18 20.

210 214 63 20 häraf
293 213 70 21 blefve
385 213 140 27 nödvändiga,
549 213 68 21 skulle
639 213 68 21 måsta
729 214 127 20 verkställas
876 213 82 26 efteråt,

210 248 21 21 d.
250 254 20 15 v.
289 254 17 14 s.
326 248 86 25 studier,
432 254 45 15 som
492 248 121 26 egentligen
627 248 88 20 tillhöra
730 248 81 26 skolan,
827 248 69 21 skulle
912 254 48 15 man

210 282 81 26 nödgas
312 282 127 26 framskjuta
459 282 33 20 till
516 282 153 26 universitetet,
688 282 86 21 hvilken
792 282 116 26 inrättning
927 282 33 21 så-

211 316 65 21 lunda
294 316 46 21 åter
358 316 7 20 i
384 316 32 20 sin
434 317 35 19 tur
488 316 69 21 skulle
575 316 122 21 förvandlas
715 316 34 20 till
767 316 65 26 något
850 318 65 19 annat
933 318 27 18 än

209 350 43 21 den
268 350 66 26 enligt
348 350 32 20 sin
395 350 35 20 idé
445 350 39 20 bör
498 356 57 20 vara,
571 350 33 20 till
619 351 32 20 ett
665 350 223 22 elementarläroverk.

279 384 50 21 Men
344 384 46 21 icke
405 384 55 21 blott
476 384 26 21 de
517 384 129 26 läroämnen,
662 384 33 21 för
710 384 73 21 hvilka
793 384 81 22 antalet
883 384 77 22 under-

211 419 181 26 visningstimmar
407 418 83 21 komme
506 420 32 19 att
552 418 99 27 minskas,
668 418 69 22 skulle
751 419 34 21 till
795 418 54 28 följd
859 418 24 22 af
892 419 68 22 denna

210 453 121 26 minskning
353 453 84 21 komma
459 454 32 20 att
512 453 53 26 lida;
589 453 62 21 äfven
670 453 26 21 de
714 453 129 27 läroämnen,
862 454 8 20 i
888 453 72 22 hvilka

210 487 179 26 nndervisningen
404 487 83 21 komme
502 489 32 19 att
549 487 109 21 meddelas
673 487 28 27 pä
716 488 36 21 det
767 488 67 21 andra
849 488 111 21 inhemska

211 522 93 27 språket,
319 521 69 21 skulle
402 521 48 21 icke
464 521 71 21 kunna
550 521 72 27 undgå
637 523 31 19 att
683 523 52 19 röna
752 524 31 19 ett
797 522 89 26 menligt
900 522 60 27 infly-

210 557 64 20 tande
293 556 23 21 af
332 556 37 21 det
386 555 122 27 föreslagna
526 556 235 26 undervisningssättet.
795 556 98 26 Afsigten
912 557 48 20 med

210 591 129 20 detsammas
354 590 110 21 införande
480 592 24 19 är
516 590 31 26 ju,
563 592 31 19 att
609 590 98 21 eleverna
722 590 61 21 skola
797 591 46 20 lära
858 591 33 26 sig
902 591 58 21 detta

209 625 67 21 andra
291 625 110 20 inhemska
416 624 70 27 språk.
515 624 32 21 De
563 626 36 19 äro
615 624 84 22 således
714 625 117 21 detsamma
846 625 47 22 icke
911 625 49 21 fullt

210 659 101 27 mägtiga,
330 659 28 20 då
375 659 178 26 undervisningen
571 659 108 27 begynner
695 659 39 21 och
749 659 88 27 sålänge
852 659 41 22 den
908 659 52 22 fort-

210 694 45 26 går.
286 693 73 22 Skulle
382 693 25 21 de
430 699 40 21 ega
492 693 97 27 förmåga
606 695 32 19 att
657 693 140 22 obehindradt
812 694 97 27 begagna
925 694 36 21 det

210 728 66 21 andra
295 727 110 22 inhemska
424 727 92 28 språket,
537 727 24 21 så
579 727 69 21 skulle
667 728 179 26 undervisningen
861 728 47 22 icke
923 729 36 21 be-

210 762 63 21 höfva
288 762 38 21 ske
340 761 28 28 på
383 762 58 21 detta
456 762 70 27 språk.
548 762 74 21 Redan
637 762 134 22 hemarbetet
785 763 68 21 måste
863 763 33 21 till
907 763 53 27 följd

210 796 63 21 häraf
286 796 66 21 blifva
367 796 33 21 för
416 797 98 21 eleverna
529 803 58 15 mera
602 797 141 26 betungande,
759 797 28 21 då
802 797 88 22 lexorna
900 798 60 21 skola

209 831 79 21 inläras
302 837 27 14 ur
343 831 130 26 läroböcker,
488 831 36 20 vid
539 831 82 21 hvilkas
637 831 138 27 begagnande
794 832 83 21 lexicon
892 832 68 21 måste

209 866 115 20 användas.
353 865 78 21 Likaså
453 865 67 22 måste
543 865 180 27 undervisningen
742 865 13 22 å
773 866 58 21 klass
846 866 113 27 fördröjas,

210 900 27 20 då
255 900 84 21 läraren
358 900 34 21 väl
411 899 39 22 bör
469 906 51 15 anse
539 900 32 27 sig
594 899 116 27 förpligtad
728 902 32 19 att
778 900 45 21 dels
843 897 117 24 öfversätta

208 935 35 20 till
262 934 151 21 modersmålet
431 935 46 20 sina
495 934 72 27 frågor
586 934 39 21 och
644 934 149 27 förklaringar,
813 935 24 21 så
856 935 44 21 ofta
918 935 42 21 han

210 970 46 19 tror
272 969 32 26 sig
320 968 46 21 icke
381 975 51 14 vara
448 968 103 26 förstådd,
567 969 46 20 dels
628 975 54 20 egna
697 969 94 21 särskild
800 969 160 26 uppmärksam-

209 1003 37 20 het
264 1003 22 20 åt
304 1003 162 26 korrigerandet
483 1003 24 20 af
525 1003 120 26 språkfelen
659 1003 7 20 i
683 1003 110 21 elevernas
808 1003 81 27 afgifna
904 1009 54 15 svar.

209 1037 33 20 Då
260 1037 37 20 det
314 1043 28 14 nu
361 1037 65 20 redan
445 1037 56 21 varit
518 1037 99 21 förenadt
639 1037 48 21 med
705 1039 59 19 stora
782 1037 178 27 ansträngningar

208 1073 33 19 att
256 1071 113 21 medhinna
384 1071 26 21 de
425 1071 128 22 föreskrifna
568 1071 108 26 kurserna,
693 1071 24 21 så
731 1071 55 22 skall
801 1072 40 21 den
852 1072 107 27 projekte-

208 1105 52 21 rade
276 1105 150 26 förändringen
442 1105 96 21 erfordra
553 1107 56 19 ännu
624 1107 68 20 större
703 1106 184 27 ansträngningar.
910 1106 49 21 Ele-

208 1145 72 19 verna,
302 1139 58 20 förut
381 1140 129 25 ansträngda
532 1139 34 21 till
584 1139 37 22 det
639 1141 96 25 yttersta,
755 1140 60 21 skola
833 1140 125 27 ytterligare

208 1174 133 25 ansträngas,
357 1173 39 20 och
411 1173 97 21 lärarene
523 1173 61 21 skola
598 1173 36 20 vid
649 1173 32 21 sin
692 1173 180 26 embetsutöfning
882 1173 76 21 försät-

206 1208 35 19 tas
256 1207 7 20 i
279 1207 36 20 det
329 1206 119 27 pinsamma
462 1207 54 26 läge,
533 1213 45 15 som
593 1213 26 15 en
634 1207 155 26 pligtkollision
803 1207 89 22 medför.
926 1208 32 21 De

208 1240 61 20 skola
288 1241 106 25 nämligen
414 1241 99 25 antingen
531 1241 34 20 för
583 1241 245 26 undervisningsämnets
844 1242 57 20 skull
916 1242 42 19 för-

206 1279 84 15 summa
304 1273 250 27 undervisningsspråket
569 1275 53 20 eller
637 1275 38 20 ock
691 1275 33 20 för
734 1275 224 26 undervisningssprå-

207 1307 47 21 kets
270 1307 56 21 skull
342 1307 116 22 försumma
473 1308 241 27 undervisningsämnet.
737 1309 126 22 Försumma
878 1309 26 22 de
919 1316 38 15 un-

208 1342 226 27 dervisningsspråket,
461 1342 23 21 så
509 1343 152 21 neutraliseras
684 1343 113 22 reformen.
833 1344 125 22 Försumma

206 1377 28 20 de
256 1376 47 21 åter
325 1377 123 26 läroämnet,
472 1377 24 21 så
514 1377 62 28 bryta
595 1377 26 22 de
641 1379 44 20 mot
700 1385 27 14 en
741 1378 23 21 af
778 1379 96 22 lärarens
890 1379 68 22 första

206 1411 85 27 pligter.
320 1411 110 22 Utskottet
452 1412 38 21 har
512 1414 45 19 mot
580 1412 63 22 dessa
665 1413 161 28 ovedersägliga
849 1414 46 21 skäl
915 1416 43 20 satt

206 1446 34 21 sin
262 1446 55 27 ,tro*
340 1446 27 27 på
390 1446 40 21 den
449 1447 100 27 oändliga
567 1447 141 22 elasticiteten
726 1448 7 21 i
754 1449 85 21 skolans
855 1449 101 27 förmåga,

276 1486 94 17 Allmänna
383 1487 159 17 Besvärsutskottets
553 1487 103 18 betänkande
669 1487 34 18 N:o
716 1488 28 17 17.
