1045 1703
242 153 319 20 Petitionsbetänkande
582 153 46 21 N:o
646 156 40 17 11.
793 153 22 19 13

103 218 83 26 mening
201 218 27 25 pä
243 218 61 19 ofvan
320 218 58 25 gifna
392 218 46 20 skäl
453 219 66 19 uttala
535 219 111 26 yrkandet,
660 221 34 18 att
708 219 41 20 den
759 219 8 20 i
773 217 71 28 fräga

101 251 97 21 varande
208 251 119 27 petitionen
339 251 58 26 från
414 252 133 21 Ständernas
562 253 49 20 sida
622 252 44 21 icke
676 253 36 20 mä
722 253 35 20 till
773 253 72 26 någon

101 285 81 27 ätgärd
192 284 127 27 föranleda.

583 353 22 21 J.
620 352 166 28 Pippingsköld.

169 454 182 25 Undertecknade,
367 460 44 14 som
434 458 35 16 äro
485 455 23 19 af
521 455 40 19 den
584 455 88 25 mening,
689 456 31 18 att
735 454 57 20 såväl
809 454 36 20 det

101 488 147 26 ursprungliga
273 488 184 26 petitionsförslag,
480 489 81 19 hvilket
584 488 69 21 blifvit
674 488 127 20 framställdt
823 488 22 19 af

101 522 202 26 landtdagsmannen
326 522 45 19 från
387 522 119 26 Idensalmi,
522 529 44 13 som
582 522 60 20 äfven
658 522 40 20 den
713 522 64 26 något
792 522 51 19 afvi-

101 556 69 20 kande
186 556 52 20 form
255 556 64 26 deraf,
335 556 101 20 utskottet
451 556 100 25 förordar,
567 556 103 20 hvardera
680 556 56 26 syfta
751 558 30 18 att
795 555 48 21 leda

101 590 123 27 regeringen
240 593 55 17 ännu
311 590 71 20 vidare
398 590 27 27 pä
440 597 25 13 en
481 591 62 26 bana,
558 597 44 13 som
618 590 87 20 alldeles
720 590 47 20 icke
782 590 62 20 bordt

102 625 96 19 beträdas
221 625 39 19 och
275 631 44 13 som
341 625 65 26 enligt
421 625 47 19 värt
489 625 135 20 förmenande
640 628 22 16 är
678 625 38 19 allt
730 626 65 18 annat
817 627 26 17 än

101 659 40 19 den
163 659 83 25 riktiga,
263 658 84 20 anhälla
370 660 31 18 att
415 659 32 19 till
463 659 98 20 ständens
584 659 118 25 antagande
723 658 21 19 fä
766 658 77 20 föreslä

100 692 94 26 följande
209 692 120 20 uttalande:

258 728 34 18 att
306 725 98 26 ständen,
416 726 103 20 anseende
529 726 126 27 regeringen
666 725 83 21 handla
759 724 84 22 klokast

201 760 9 20 i
225 762 33 18 att
272 759 87 27 afhälla
373 760 34 27 sig
421 760 56 26 från
498 760 32 20 all
549 759 131 27 delaktighet
695 760 8 19 i
718 758 124 27 teaterföre-

200 796 43 25 tag,
254 794 103 27 förkasta
368 794 62 21 såväl
441 794 40 21 den
492 794 29 27 af
527 794 27 20 hr
564 793 168 28 Kumpulainen,
744 800 44 14 som
799 793 40 21 den

203 828 29 26 af
242 828 101 21 utskottet
357 828 128 28 föreslagna
496 828 126 28 petitionen.

168 862 74 21 Såsom
258 863 45 20 stöd
320 863 69 20 härför
400 863 85 27 utbedja
500 864 20 18 vi
536 870 33 13 oss
589 865 31 17 att
634 863 21 19 få
674 862 111 20 framhålla
803 862 38 20 föl-

98 897 76 25 jande:

168 930 42 20 Det
231 931 67 20 finnes
320 931 183 26 angelägenheter,
526 931 72 19 hvilka
614 931 34 19 det
670 930 171 26 ovedersägligen

101 965 70 20 tillhör
187 966 67 18 staten
271 967 30 17 att
316 967 49 24 taga
380 965 56 19 hand
451 972 39 13 om.
521 964 73 21 Säsom
616 964 96 26 exempel
730 958 64 32 derpä
809 964 34 20 mä

101 999 83 19 anföras
207 999 111 19 rättvisans
343 998 108 26 skipande.
480 999 41 19 Det
536 999 65 19 finnes
624 999 71 24 andra,
711 998 72 20 hvilka
798 998 43 19 lika

101 1032 155 26 ovedersägligt
271 1032 51 20 böra
336 1032 80 19 lemnas
432 1032 43 19 helt
490 1032 40 19 och
544 1032 66 19 hället
620 1032 22 19 ät
652 1032 141 19 individernas
807 1038 34 13 en-

100 1066 69 19 skilda
184 1066 93 26 görande
292 1065 39 20 och
347 1065 91 20 lätande.
469 1065 71 20 Säsom
560 1065 95 26 exempel
674 1065 64 26 derpä
757 1065 33 19 mä
805 1071 36 13 an-

100 1100 54 20 föras
170 1100 165 25 förfärdigandet
349 1099 24 20 af
386 1099 35 20 det
436 1099 115 26 alldagliga
565 1099 69 20 lifvets
650 1099 108 20 materiela
773 1099 68 19 förnö-

101 1134 106 21 denheter,
237 1134 41 19 Det
293 1133 64 20 finnes
373 1133 98 26 slutligen
487 1133 181 26 angelägenheter,
680 1139 44 14 som
740 1133 34 19 väl
789 1133 51 19 kun-

100 1175 33 18 na,
149 1175 47 12 men
211 1168 47 19 icke
269 1167 130 26 nödvändigt
410 1168 65 19 mäste
485 1167 174 26 omhändertagas
670 1167 23 19 af
705 1168 73 19 staten.
805 1166 35 20 Sä-

101 1202 55 19 dana
171 1205 35 16 äro
223 1204 13 17 i.
252 1208 32 14 ex.
301 1203 80 24 posten,
398 1201 113 26 telegrafen
528 1208 26 13 m.
570 1207 26 13 m.
625 1201 10 19 I
654 1200 97 20 afseende
767 1200 12 20 &
795 1200 46 20 dem

101 1236 60 19 beror
177 1236 35 19 det
227 1235 27 26 pä
270 1237 29 18 ett
315 1235 64 19 skildt
395 1234 141 26 bepröfvande
547 1235 23 19 af
578 1234 57 20 olika
650 1234 190 20 förhandenvaran-

99 1270 26 19 de
147 1269 184 26 omständigheter,
347 1275 33 13 om
401 1269 35 18 det
455 1271 23 17 är
493 1269 129 25 lämpligare,
638 1269 31 18 att
688 1269 67 18 staten
778 1274 64 19 egnar

99 1303 32 26 sig
146 1303 22 19 ät
186 1303 113 24 desamma,
317 1302 56 19 eller
394 1303 30 18 att
443 1302 25 20 de
491 1302 138 20 öfverlemnas
653 1301 21 20 ät
694 1301 25 20 de
735 1301 105 20 enskildes

99 1337 93 25 görande
208 1336 39 20 och
263 1336 91 20 lätande.
385 1336 41 18 Till
443 1336 57 18 detta
515 1336 46 27 slag
577 1335 22 19 af
612 1335 177 25 angelägenheter
803 1335 37 19 hör

99 1369 61 20 äfven
183 1371 86 18 teatern.
299 1369 10 19 I
325 1375 24 13 en
365 1369 34 19 del
420 1368 72 19 länder
514 1369 37 18 har
568 1369 68 18 staten
658 1368 52 25 tagit
732 1367 56 20 hand
807 1373 33 14 om

99 1404 127 25 densamma,
242 1403 6 20 i
264 1403 65 20 andra
339 1402 44 20 äter
392 1402 38 19 har
442 1402 39 20 den
492 1401 88 20 lemnats
591 1401 22 20 ät
623 1401 39 20 den
674 1401 95 20 enskilda
781 1401 58 20 verk-

99 1438 113 21 samheten.

164 1473 42 19 Det
222 1475 21 17 är
263 1474 90 18 teaterns
371 1471 106 27 egenskap
493 1473 30 18 att
538 1477 51 13 vara
604 1477 25 12 en
645 1469 77 21 anstalt
740 1469 33 21 för
788 1470 52 20 skön

167 1507 101 17 Allmänna
279 1505 184 19 Besvärs-utskotteis
475 1504 110 19 betänkande
596 1509 31 12 n:o
639 1505 15 18 9.
