1039 1695
234 147 313 20 Petitionsbetänkande
562 147 47 20 N:o
624 150 37 17 16.
781 149 12 18 5

79 213 84 27 glering
185 213 23 21 af
228 213 200 28 löneförhöjningen
459 215 8 20 i
490 215 36 21 det
548 214 22 21 af
584 215 168 26 petitionärerne
767 215 55 20 före-

81 247 75 26 slagna
171 247 62 26 syfte.
263 248 50 21 Men
329 248 27 21 då
371 248 107 21 utskottet
492 249 72 20 tillika
579 255 63 14 anser
658 255 26 14 en
692 248 79 21 allmän
779 248 43 20 för-

81 281 88 26 höjning
192 281 23 20 af
238 282 99 26 samtlige
358 282 129 21 skollärares
502 289 42 20 nog
559 283 87 25 knappa
666 282 157 21 löneförmåner

80 321 51 14 vara
156 316 56 19 ännu
231 321 59 15 mera
305 315 189 27 maktpåliggande
517 318 27 19 än
560 316 41 21 den
616 315 23 20 af
652 316 171 25 petitionärerne

80 349 109 26 påyrkade
205 349 143 26 regleringen,
364 349 39 21 och
422 350 106 21 utskottet
543 350 39 21 har
598 349 33 26 sig
645 349 87 26 bekant,
748 350 33 19 att
797 355 26 14 en

80 383 80 20 komité
182 383 73 21 blifvit
277 383 23 20 af
322 384 106 26 styrelsen
446 383 79 22 tillsatt
541 383 33 22 för
589 383 139 26 uppgörande
743 383 23 20 af
780 383 42 20 för-

80 417 47 26 slag
149 417 33 20 till
206 417 59 27 dylik
289 417 80 21 allmän
391 417 122 27 förhöjning
529 417 22 21 af
565 418 90 20 lönerna
669 417 33 21 för
718 417 26 21 de
759 417 63 21 flesta

81 450 22 22 af
117 451 85 21 landets
218 451 252 28 embetsmannakorpser
485 452 39 21 och
539 451 66 21 bland
614 451 47 21 dem
670 451 152 25 skollärarene,

81 487 55 20 samt
151 486 28 20 då
193 486 85 26 möjligt
293 488 30 24 är,
339 487 33 19 att
386 486 93 21 nämnda
494 486 88 26 komité,
597 486 64 20 hvars
676 486 74 20 arbete
765 485 58 21 inom

81 520 49 20 kort
145 520 62 21 torde
223 520 66 20 varda
304 520 108 26 slutfördt,
428 520 100 21 omfattat
544 526 25 15 en
580 526 71 14 annan
660 519 164 27 aflöningsprin-

81 554 32 26 cip
137 555 27 19 än
185 554 47 25 den,
257 560 45 15 som
318 556 63 24 utgör
396 554 156 27 förutsättning
567 554 33 20 för
615 561 29 14 nu
659 553 165 27 ifrågavarande

80 588 193 27 petitionsförslag,
296 590 46 18 tror
365 589 105 21 utskottet
486 589 32 26 sig
534 589 53 20 böra
601 588 87 22 förorda
704 588 119 26 petitionen

80 622 49 22 med
152 622 67 22 sådan
242 622 155 27 modifikation,
413 629 45 15 som
473 623 99 26 betingas
588 623 23 20 af
624 622 142 28 nyssanförda
780 622 44 21 för-

81 657 122 26 hållanden,
226 657 118 27 hvarjemte
356 658 108 21 utskottet
479 658 22 20 af
515 657 112 21 enahanda
642 657 47 21 skäl
704 658 72 20 ansett
791 657 33 27 sig

81 692 33 20 för
129 692 135 21 närvarande
279 691 47 21 icke
341 692 53 21 böra
408 692 112 26 tillstyrka
535 692 70 27 någon
620 692 101 21 anhållan
736 697 34 15 om
781 690 42 22 för-

82 725 68 22 ökade
166 726 268 27 löneförhöjningsanslag.

149 760 113 22 Utskottet
277 760 32 21 får
325 760 63 22 alltså
403 760 110 22 vördsamt
528 760 89 22 föreslå:

183 804 31 17 att
233 800 81 21 landets
336 800 111 28 höglofliga
471 800 91 22 Ständer
587 800 47 20 ville
650 800 34 20 till
699 799 61 21 Hans
774 799 50 27 Kej-

147 835 78 27 serliga
250 835 100 27 Mojestät
374 835 49 27 ingå
444 835 46 20 med
509 834 132 28 underdånig
668 833 103 21 anhållan
794 836 30 17 att

148 869 149 20 skolläravenes
321 870 7 19 i
350 869 69 20 landet
438 868 103 28 betryckta
570 867 128 22 ekonomiska
724 867 100 27 ställning

148 904 63 19 måtte
224 910 73 19 genom
309 903 55 20 ökad
379 903 91 27 ajlöning
487 903 69 26 lättas,
566 905 52 18 samt
634 905 36 23 att,
686 901 85 28 sålänge
782 909 44 12 suc-

148 937 62 20 cessiv
230 937 167 28 löneförhöjning
413 936 91 21 kommer
519 940 30 17 att
566 937 50 27 ingå
633 937 7 19 i
654 935 121 22 skolverkets
791 936 33 27 af-

149 971 129 28 löningsstat,
305 971 72 27 hvarje
401 971 80 20 lärares
504 972 41 19 vätt
568 970 34 21 till
624 970 58 28 dylik
703 970 122 28 förhöjning

149 1007 63 19 måtte
226 1006 67 28 blifva
309 1005 96 21 beroende
421 1005 27 28 af
460 1006 39 20 den
514 1006 31 20 tid
560 1005 42 21 han
617 1006 9 19 i
640 1004 115 21 allmänhet
769 1004 56 20 varit

149 1041 66 20 såsom
231 1041 70 20 lärare
317 1039 97 21 anställd.

150 1104 136 26 Helsingfors
302 1104 23 20 af
339 1104 117 21 Allmänna
471 1103 202 22 Besvärsutskottet
688 1103 41 21 den
744 1102 13 21 8
768 1102 58 21 Mars

83 1139 60 21 1877.
