1050 1709
250 134 13 19 8
379 131 311 19 Petitionshetänkande
703 132 43 17 N:o
760 133 37 16 45.

223 202 11 26 8
254 201 7 21 i
278 201 54 20 1869
347 201 35 20 års
397 200 216 27 Landtdagsordning
629 200 87 21 utvisar.
748 200 130 22 Ständernas
894 208 26 14 ur
934 201 27 21 42

223 236 11 27 $
260 235 24 21 af
296 234 202 28 Regeringsformen
514 234 137 27 framgäende
665 234 138 22 motionsrätt
817 236 25 19 är
856 242 77 20 genom
948 236 13 20 6

223 269 97 27 punkten
340 269 7 20 i
371 268 128 28 Förenings-
515 268 39 21 och
570 268 181 21 Säkerhetsakten
767 269 102 27 upphäfd.
900 269 61 21 Hvad

223 303 34 26 46,
272 303 34 26 47,
322 303 34 25 49,
372 303 27 20 50
415 302 39 21 och
470 303 25 20 51
512 303 23 27 $$
551 302 6 21 i
572 303 50 27 Reg.
638 302 22 21 F.
676 302 77 28 stadga
762 303 24 20 är
796 302 62 21 äfven
869 303 93 21 ändradt

223 345 77 20 genom
315 337 251 28 Landtdagsordningen,
581 339 56 19 samt
652 337 118 21 innehället
785 337 24 21 af
822 338 27 20 48
864 340 11 25 &
890 337 8 21 i
910 338 51 28 Reg.

224 372 22 21 F.
262 379 78 21 genom
357 372 9 20 1
383 371 97 28 punkten
495 371 7 21 i
512 371 129 28 Förenings-
650 372 40 21 och
702 371 188 28 Säkerhetsakten,
898 372 64 22 hvars

224 408 13 20 3
251 407 69 28 punkt
335 407 97 21 deremot
447 407 24 21 är
486 406 82 21 ändrad
584 413 76 21 genom
676 406 58 28 Kejs.
750 406 163 29 Förordningen
922 407 40 22 den

224 443 12 20 2
253 442 61 28 April
330 442 61 26 1864,
407 442 40 21 och
463 443 11 20 6
490 442 69 27 punkt
574 442 98 21 närmare
687 441 105 26 bestämd,
809 442 66 21 bland
890 445 72 24 annat,

224 485 77 21 genom
316 477 34 26 38,
366 477 25 20 51
409 476 40 22 och
465 477 26 20 68
507 477 23 27 $$
547 476 7 21 i
568 475 250 29 Landtdagsordningen.

294 512 43 21 Till
352 511 62 22 dessa
423 510 130 28 exempel
527 506 26 37 pä
561 510 26 22 de
597 511 78 26 många
683 510 123 28 ändringar,
814 510 73 22 hvilka
896 511 66 28 Rege-

224 547 144 28 ringsformen
383 548 56 19 samt
453 546 128 27 Förenings-
597 545 40 21 och
652 545 181 21 Säkerhetsakten
846 545 67 21 redan
925 553 38 13 un-

226 581 90 28 dergätt,
342 581 71 21 kunde
429 581 57 20 ännu
502 580 73 27 läggas
591 580 68 27 några
673 579 74 26 andra,
764 579 40 22 och
819 579 66 22 bland
900 580 64 21 dessa

226 615 40 22 den
285 615 24 22 af
323 615 152 28 Lagutskottet
491 614 31 21 uti
537 614 49 21 dess
601 613 5 20 i
623 613 116 28 anledning
755 615 21 20 af
791 614 79 27 nädiga
884 621 79 20 propo-

225 650 93 21 sitionen
333 649 40 22 N:o
388 649 27 20 44
431 648 116 28 angäende,
563 647 66 22 bland
638 650 72 24 annat,
722 655 26 13 en
758 648 129 28 disenterlag
897 648 67 22 redan

225 683 130 23 framhällna
370 683 97 27 ändring,
483 690 45 14 som
545 682 92 21 drabbat
657 683 6 19 1
681 684 11 25 $
706 683 7 20 i
729 682 51 27 Reg.
796 682 23 21 F.
836 689 76 21 genom
930 683 33 27 7$

225 720 8 20 i
248 717 202 28 Riksdagsbeslutet
467 717 40 20 den
523 717 27 20 26
565 717 90 20 Januari
673 717 60 22 1779,
749 716 77 28 Kongl.
843 717 121 28 Kungörel-

227 761 36 14 sen
279 753 41 21 den
335 753 28 20 24
379 751 88 22 Januari
485 752 53 21 1781
555 751 40 21 och
610 752 13 19 6
639 752 11 26 $
666 751 7 20 i
688 751 137 28 Kyrkolagen
842 751 39 22 den
898 753 12 19 6
923 751 41 21 De-

227 787 85 22 cember
336 787 60 20 1869.
427 786 48 21 Men
500 786 35 21 det
557 785 92 21 anförda
670 785 62 21 torde
747 785 73 21 kunna
835 793 63 14 anses
913 793 52 14 vara

226 822 106 28 tillfyllest
346 821 36 21 för
396 819 175 28 ädagaläggande
587 819 66 26 deraf,
669 822 32 18 att
716 819 26 21 de
757 819 33 21 till
802 819 162 28 Regeringsfor-

226 863 61 15 mens
302 857 57 20 samt
373 854 128 28 Förenings-
513 854 40 21 och
569 853 191 22 Säkerhetsaktens
772 854 86 21 område
871 854 95 22 hörande

228 890 139 29 stadganden,
381 889 73 22 hvilka
468 896 29 13 nu
513 888 63 28 gälla,
590 887 47 21 icke
652 888 74 21 kunna
740 888 106 22 inhemtas
863 896 25 13 ur
904 889 62 21 dessa

228 925 132 28 grundlagar
385 923 76 26 allena,
482 925 52 18 utan
549 923 38 20 äro
603 924 32 19 att
650 921 64 22 sökas
730 922 5 20 i
752 921 50 22 tlere
816 922 68 21 andra
899 922 67 28 lagar,

228 959 110 22 äfvensom
357 957 62 22 deraf
435 959 32 19 att
482 957 68 20 andra
564 956 141 27 stadganden,
721 955 72 22 hvilka
808 956 90 21 faktiskt
913 964 53 20 upp-

227 994 51 21 hört
301 995 33 19 att
356 992 63 27 gälla,
444 992 19 27 ej
486 991 71 21 blifvit
579 992 82 20 ersatta
682 997 77 20 genom
774 997 42 21 nya
831 990 136 22 föreskrifter

228 1029 56 20 samt
298 1029 32 19 att
344 1027 8 20 i
369 1026 62 27 fräga
445 1025 93 21 varande
554 1024 131 28 grundlagar
700 1024 88 21 derföre
803 1025 67 21 sakna
882 1025 85 28 önsklig

228 1060 165 28 fullständighet
408 1060 40 21 och
464 1059 90 21 klarhet.

300 1095 42 21 Det
361 1101 62 21 synes
439 1101 52 13 vara
506 1093 128 28 uppenbart,
651 1095 32 18 att
697 1093 63 21 dessa
776 1093 78 21 brister
869 1093 6 21 i
891 1094 35 21 två
942 1093 26 22 de

229 1126 115 31 vigtigaste
366 1128 23 21 af
409 1127 103 22 Finlands
528 1127 131 28 grundlagar
673 1129 37 19 äro
726 1127 82 28 egnade
822 1129 32 20 att
869 1129 53 26 göra
936 1128 32 20 in-

229 1163 95 22 nehället
345 1162 24 22 af
386 1162 84 21 landets
485 1162 144 21 konstitution
645 1161 131 29 svärfattligt
791 1162 40 21 och
847 1163 58 20 svårt
925 1162 43 20 till-

230 1198 96 28 gängligt
342 1198 35 21 för
392 1204 25 14 en
433 1197 52 20 hvar
501 1198 55 19 samt
571 1195 86 22 derföre
672 1196 62 21 äfven
749 1197 32 20 att
795 1196 115 21 framkalla
924 1203 44 14 me-

228 1232 146 28 ningsolikhet
398 1230 91 22 emellan
512 1229 106 28 Regering
643 1230 40 20 och
704 1229 101 26 Ständer;
822 1230 39 21 och
876 1237 46 14 som
938 1233 30 18 ett

228 1265 79 22 sådant
324 1264 119 28 beklagligt
457 1263 136 22 förhållande
608 1263 71 20 kunde
695 1263 7 20 i
717 1263 59 21 förra
791 1263 131 21 hänseendet
938 1263 30 21 af-

228 1299 84 28 hjelpas
328 1300 57 20 samt
399 1299 6 20 i
421 1305 75 14 senare
512 1297 132 21 hänseendet
658 1297 128 28 förebyggas
802 1304 76 21 genom
894 1305 26 14 en
936 1305 32 14 re-

228 1334 70 22 vision
320 1333 53 22 eller
394 1332 131 22 åtminstone
552 1339 26 14 en
603 1331 140 22 kodifikation
760 1331 25 22 af
798 1332 26 21 de
839 1332 66 28 lagar,
921 1339 47 14 som

228 1369 54 21 höra
302 1368 34 22 till
358 1375 30 14 nu
403 1367 70 28 ifråga
487 1367 94 21 varande
597 1365 184 29 grundlagsgebit,
798 1367 24 20 så
836 1374 63 14 anser
914 1367 54 28 Lag-

228 1403 107 21 utskottet
358 1403 33 27 sig
413 1402 59 25 böra,
497 1401 47 21 med
568 1401 156 27 godkännande
743 1401 24 21 af
780 1401 56 21 Herr
850 1401 118 22 Mechelins

229 1437 192 29 petitionsförslag,
444 1437 40 20 hos
505 1436 85 21 landets
612 1434 117 29 höglofliga
752 1435 92 22 Ständer
858 1436 110 21 vördsamt

229 1472 90 22 föreslå:

298 1512 141 22 Lagutskottets
454 1509 116 19 betänkande
583 1508 34 19 N:o
630 1510 28 16 24.
