1042 1706
237 104 312 20 Petitionsbetänkaude
565 106 45 20 N:o
625 108 36 18 39.

346 375 124 27 Allmänna
478 376 240 28 Besvärsutskottets
727 378 88 26 betän-

278 416 79 26 kande
384 416 42 26 N:o
454 417 32 25 23
512 418 55 25 med
589 417 131 35 anledning
741 418 28 25 af
788 426 30 18 en

278 457 66 25 inom
361 456 182 28 Bondeständet
561 458 73 26 väekt
652 458 108 34 petition
779 466 38 18 om

277 498 123 34 rättighet
414 498 40 26 för
465 498 236 36 landtmannafartyg
711 502 38 24 att
757 502 59 24 utan

276 538 166 26 examineradt
454 538 67 27 befäl
536 539 68 35 segla
618 539 39 26 till
672 540 49 26 alla
731 534 84 32 Öster-

276 579 148 35 sjöhamnar.

140 648 81 30 Genom
241 648 200 27 protokollsutdrag
461 648 23 21 af
500 648 40 21 den
561 648 26 22 17
603 648 61 28 April
679 649 40 21 har
734 648 81 22 Heder-

72 683 66 21 värda
152 682 162 22 Bondeständet
328 682 34 21 tili
378 682 116 22 Allmänna
507 682 200 22 Besvärsutskottet
721 683 94 21 remitte-

71 719 34 19 rat
120 723 26 15 en
162 717 24 21 sä
200 717 94 27 lydande
308 716 102 27 petition:

139 768 159 28 (Öfversättning.)

276 812 164 20 *Hedervärda
451 813 160 18 Bondeständ!

137 860 51 18 Enär
207 862 44 16 1:sta
268 860 10 22 $
295 860 6 17 i
313 860 50 17 Hans
375 859 105 23 Kejserliga
492 860 96 22 Majestäts
600 859 67 23 nådiga
679 859 107 23 förordning
798 859 20 19 af

69 890 35 18 den
118 890 20 17 15
151 889 53 23 April
217 890 50 21 1874,
280 888 94 24 angäende
387 888 48 18 hvad
447 889 6 17 i
465 888 85 18 afseende
561 888 10 18 ä
579 888 70 19 befälet
657 888 24 23 pä
688 888 60 19 finska
757 888 58 19 stads-

69 919 34 17 och
118 918 180 23 landtmannafartyg
313 918 34 17 bör
364 917 97 23 iakttagas,
473 917 119 19 föreskrifver
605 920 26 16 att
642 918 69 18 befälet
723 918 24 22 pä
759 918 56 18 finskt

68 948 59 22 fartyg
144 948 29 17 mä
190 947 94 18 ombetros
299 946 65 19 endäst
381 946 19 18 ät
418 947 97 22 sjökapten
531 946 46 18 eller
589 947 96 22 skeppare,
698 952 39 13 som
749 947 66 18 under-

68 976 40 23 gått
119 976 120 18 föreskrifven
253 981 81 16 examen,
347 975 26 23 sä,
386 975 35 18 och
434 975 23 17 dä
469 976 7 16 i
488 975 40 17 vårt
539 975 44 19 land
591 975 122 19 sistförflutna
721 976 21 17 år
749 976 66 17 funnos

72 1006 50 22 1,174
133 1004 183 24 landtmannafartyg,
329 1004 19 18 af
359 1004 63 18 hvilka
434 1006 60 16 större
508 1004 52 18 delen
576 1004 60 23 seglat
648 1004 65 19 endast
720 1004 25 23 pä
753 1000 62 22 Öster-

70 1034 106 22 sjöhamnar
193 1036 47 16 samt
255 1033 47 19 förts
318 1033 20 19 af
353 1033 139 18 oexaminerade
509 1033 96 23 skeppare,
621 1038 42 13 vore
680 1034 31 18 det
727 1034 22 18 de
761 1033 54 19 flesta

69 1063 135 22 fartygsegares
218 1063 76 22 önskan,
307 1064 27 16 att
345 1062 6 17 i
364 1061 130 19 ofvannämndt
506 1061 86 18 afseende
608 1061 61 18 kunde
681 1062 133 23 ävägabringas

70 1091 57 18 sädan
144 1091 82 22 ändring,
244 1093 27 16 att
283 1091 37 18 alla
332 1096 39 13 som
386 1090 45 18 idka
443 1089 104 24 skeppsfart
559 1090 24 23 pä
596 1086 105 27 Östersjöns
714 1091 54 23 tyska
780 1091 34 18 och

70 1120 70 19 danska
155 1121 82 22 hamnar,
249 1119 92 19 befriades
352 1119 41 18 frän
406 1119 126 24 skyldigheten
545 1122 28 15 att
584 1119 51 18 hälla
647 1119 124 19 examineradt
783 1119 31 19 be-

71 1149 31 22 fäl,
119 1152 47 16 samt
182 1151 28 16 att
226 1149 62 22 hvarje
305 1149 125 22 skeppsägare
442 1149 48 22 finge
506 1148 44 23 sjelf
559 1148 42 19 föra
612 1148 33 18 sitt
655 1149 62 23 fartyg
729 1149 46 18 eller
786 1149 29 18 till

69 1179 126 18 befälhafvare
207 1180 40 16 utse
259 1178 61 22 någon
332 1183 59 12 annan
403 1177 80 18 välkänd
495 1182 74 17 person,
581 1177 87 18 eftersom
680 1177 58 18 kändt
749 1179 21 16 är
782 1180 32 19 att,

69 1207 131 20 befälhafvare,
213 1207 58 17 ehuru
284 1206 136 21 oexaminerad,
432 1206 57 17 likväl
501 1206 41 18 med
554 1205 70 19 besked
636 1206 69 18 kunnat
717 1206 54 18 sköta
783 1207 32 17 sitt

69 1236 88 23 uppdrag.
171 1246 18 2 —
200 1235 124 18 Fördenskull
334 1235 84 18 anhäller
424 1234 33 23 jag
466 1234 103 23 ödmjukast
582 1236 27 16 att
616 1234 119 19 Hedervärda
743 1235 71 18 Bonde-

70 1265 72 18 ständet
157 1265 42 18 ville
214 1265 34 17 hos
264 1265 51 17 Hans
332 1263 104 23 Kejserliga
450 1263 87 22 Majestät
553 1263 132 23 underdänigst
701 1263 74 23 föreslä,
789 1265 26 16 att

70 1294 51 18 detta
132 1293 30 18 för
174 1293 39 18 värt
224 1293 53 18 lands
290 1292 65 23 sjöfart
367 1292 21 18 sä
400 1292 79 22 menliga
490 1291 115 19 förhällande
617 1292 56 18 mätte
682 1292 6 17 i
697 1291 118 24 ofvanantydt

70 1322 85 19 afseende
172 1321 102 19 förändras.
302 1319 83 25 Ändring
402 1323 21 16 är
439 1321 52 18 desto
507 1321 142 22 nödvändigare,
665 1326 39 13 som
720 1320 39 19 värt
771 1320 43 19 land

70 1353 47 16 ännu
133 1350 47 18 lider
196 1353 39 15 stor
246 1350 48 17 brist
305 1349 25 23 pä
342 1349 136 22 finskspräkiga
489 1348 185 23 navigationsskolor.
797 1346 3 3 :

137 1391 117 24 Helsingfors
267 1391 35 18 den
313 1391 11 18 7
336 1390 90 19 Februari
440 1391 49 17 1877.

560 1431 61 18 Karl
633 1430 114 22 Langén."

138 1474 90 18 Allmänna
241 1475 165 17 Besvärsutskottets
418 1473 103 18 betänkande
533 1472 33 18 N:o
578 1472 29 19 23,
