1045 1703
285 107 253 29 Petltionshotänkando
554 109 46 26 N:o
609 110 21 25 7.

358 284 276 22 Ekonomiutskottets
652 282 130 25 hetänkande
799 285 36 22 N:o

289 322 38 24 51
339 324 120 34 anledning
476 324 26 23 af
516 325 29 29 ett
563 324 32 23 till
613 322 130 26 Hedervärda
758 323 77 24 Bonde-

289 363 84 25 ståndet
394 357 114 30 inlemnadt
525 364 205 28 pelitionsmemorial
748 363 88 24 rörande

289 403 106 24 särskilda
422 403 97 29 åtgärder
544 403 128 25 beträffande
695 405 141 30 kronoskogs-

288 445 84 24 marker
389 446 40 24 och
447 446 114 27 kronotorp
580 445 55 23 inom
654 447 109 22 desamma.

150 517 48 22 Till
220 517 160 22 förberedande
401 518 138 28 behandling
562 518 41 21 har
624 518 52 22 frän
690 517 147 23 Hedervärda

84 552 170 22 Bondeständet
272 552 78 22 blifvit
365 552 38 22 till
417 553 227 22 Ekonomiutskottet
654 552 142 23 remitteradt
806 553 33 21 ett

83 587 9 21 i
108 587 167 30 öfversättning
290 589 25 20 sä
329 587 99 29 lydande
442 588 234 28 petitionsmemoria!:

225 645 60 19 «Till
297 646 40 18 det
348 646 155 18 Hedervärda
515 645 180 19 Bondeständet.

151 676 17 22 Ä
188 680 22 18 de
228 683 51 16 orter
290 680 151 19 undertecknade
453 683 137 21 representera,
602 680 79 19 likasom
692 680 80 23 troligen
785 679 53 18 äfven

83 709 6 18 i
108 709 60 23 öfriga
180 709 53 18 delar
245 709 21 19 af
275 709 86 22 Finland,
373 712 51 15 utom
436 709 7 18 i
455 709 22 18 de
490 709 100 23 sydligare,
602 709 35 18 har
649 714 66 17 genom
727 708 32 18 det
771 708 7 17 i
790 710 47 16 stor-

83 738 65 18 skiftet
167 738 72 19 skedda
256 738 143 23 fränskiljandet
417 738 20 17 af
454 737 149 24 öfverloppsjord
622 737 59 18 under
693 737 87 18 sednaste
793 737 43 18 ärti-

83 767 62 18 onden
162 767 84 23 uppstått
265 773 22 12 en
305 767 68 23 mängd
391 767 138 22 kronomarker,
546 767 64 18 hvilka
627 766 60 19 blifvit
699 766 68 19 ställda
779 765 58 19 under

83 796 157 23 Forststyrelsens
253 796 118 23 förvaltning.

150 825 85 18 Emedan
248 825 96 22 storskifte
357 825 34 18 och
405 825 74 18 således
492 825 54 19 äfven
559 824 181 23 öfverloppsjordens
751 820 86 22 frånskil-

81 854 58 23 jande
159 854 17 23 ej
192 854 71 18 kunnat
281 853 112 19 verkställas
412 853 24 24 på
448 859 23 12 en
483 854 49 23 gång
545 853 10 18 å
567 853 38 18 alla
617 853 7 18 i
635 853 61 24 någon
709 853 69 19 socken
791 853 46 18 eller

81 883 88 18 kommun
181 883 98 23 befintliga
291 882 141 23 allmänningar,
444 885 44 16 utan
499 882 46 19 flere
558 883 21 17 år
591 882 78 18 förflutit
681 882 78 19 emellan
772 882 64 23 hvarje

81 912 102 23 storskifte,
195 912 35 18 har
242 912 69 23 följden
325 911 54 19 deraf
389 911 66 22 blifvit,
467 914 28 16 att
506 911 157 18 kronomarkerna
674 911 7 18 i
692 911 68 23 många
768 911 67 22 bugter

80 941 82 23 inskjuta
168 941 80 18 emellan
255 941 85 18 enskilda
344 941 95 17 hemmans
446 940 111 19 beskattade
563 940 115 23 lägenheter,
683 940 71 17 hvilket
761 939 39 18 åter
806 939 29 18 för

80 970 55 19 deras
148 971 56 22 ägare
216 969 94 19 försvårar
321 969 144 24 lägenheternas
473 969 36 18 fria
517 968 79 19 odlande
604 969 34 18 och
644 968 128 24 begagnande,
778 968 7 18 i
791 974 42 17 syn-

79 999 67 18 nerhet
156 999 50 18 hvad
216 999 152 19 betesmarkerna
374 998 63 23 angår,
446 998 23 18 då
475 998 96 23 boskapen
579 998 16 22 ej
602 998 37 17 kan
644 998 76 18 hindras
726 997 41 18 från
773 999 27 15 att
806 997 27 17 in-

79 1029 67 21 tränga
157 1027 25 23 på
186 1027 82 18 kronans
273 1027 57 22 mark,
339 1031 38 14 som
383 1028 68 16 nästan
457 1026 25 23 på
493 1026 63 23 hvarje
569 1026 55 17 ställe
631 1025 42 18 med
682 1026 28 18 sin
716 1027 55 22 gräns
778 1025 55 18 berör

78 1057 176 22 hemmansägarens
267 1055 115 23 lägenheter.
406 1055 79 18 Derföre
497 1057 32 16 äro
542 1057 12 16 t.
564 1059 28 13 ex.
604 1055 3 17 i
613 1055 86 18 Parkano
706 1054 68 19 socken
780 1054 51 18 hem-

78 1087 134 21 mansägarene
230 1084 109 19 nödsakade
357 1085 28 17 att
404 1084 71 23 årligen
486 1083 42 19 med
541 1089 23 12 en
575 1084 54 17 mark
640 1083 29 18 för
680 1083 64 23 hvarje
757 1083 76 18 kreatur

79 1114 46 18 eller
137 1113 120 19 tillsammans
269 1113 42 18 med
325 1114 50 21 1,500
387 1113 53 18 mark
451 1113 30 18 för
492 1113 44 18 hela
548 1113 82 18 socknen
642 1112 62 19 tillösa
716 1112 29 23 sig
750 1111 83 23 märken,

77 1143 65 18 hvilka
153 1143 110 22 upphängas
276 1142 25 23 pä
312 1142 112 18 kreaturens
436 1141 47 23 hals,
496 1142 34 18 och
542 1141 71 18 hvilket
625 1141 63 18 märke
701 1141 58 18 sedan
770 1141 63 18 berät-

77 1172 49 23 tigar
139 1172 60 23 djuret
212 1173 27 16 att
255 1171 61 23 slippa
333 1171 25 23 pä
373 1171 137 18 kronomarken
522 1170 34 19 och
569 1170 33 19 der
614 1171 49 18 beta.
686 1170 30 18 Då
728 1170 7 18 i
745 1170 86 18 Parkano

78 1201 69 18 socken
158 1200 61 19 finnes
232 1201 22 16 23
266 1200 76 22 mantal;
355 1199 21 18 sä
387 1199 78 24 belöper
477 1199 34 24 sig,
523 1205 29 13 om
559 1199 58 24 sagda
623 1199 96 23 betalning
725 1203 43 14 vore
776 1194 56 34 jemnt

77 1229 90 22 fördelad,
181 1229 25 23 pä
223 1229 65 23 hvarje
305 1229 70 18 mantal
396 1229 21 17 65
436 1229 52 18 mark
500 1229 22 18 25
534 1228 62 23 penni,
608 1228 72 18 hvilket
692 1229 21 17 är
725 1233 22 13 en
760 1227 72 23 ganska

77 1258 84 19 kännbar
180 1258 100 23 tillökning
298 1257 7 18 i
315 1253 45 22 den
373 1257 54 18 äfven
440 1263 67 13 annars
518 1257 97 23 betydliga
627 1257 56 22 skatt,
696 1262 40 13 som
747 1256 28 18 till
787 1256 44 18 kro-

76 1292 37 13 nan
125 1287 49 18 skall
186 1287 92 23 erläggas.

144 1315 96 23 Derjemte
260 1317 20 16 är
298 1314 126 19 förhållandet
439 1315 11 18 å
461 1314 45 19 flere
519 1317 55 19 orter,
586 1314 108 24 isynnerhet
704 1313 8 18 i
723 1313 58 19 Wasa
792 1313 37 21 län,

76 1346 13 16 t.
101 1349 30 13 ex.
146 1344 3 17 i
161 1343 83 23 Alajärvi
256 1343 92 21 kommun,
360 1343 38 21 det,
411 1345 27 16 att
450 1343 11 17 å
472 1343 45 18 flere
529 1343 29 18 till
570 1343 134 18 kronomarker
716 1342 34 18 och
762 1342 67 17 krono-

77 1372 69 23 skogar
163 1371 106 24 gränsande
286 1372 85 17 hemman
382 1371 42 17 icke
436 1370 59 19 finnes
507 1370 47 23 skog
566 1376 32 12 ens
611 1370 29 18 till
652 1369 133 24 oundgängligt
797 1369 32 18 be-

76 1400 37 23 hof,
131 1400 76 19 hvartill
220 1400 79 18 orsaken
311 1399 55 19 torde
377 1404 45 13 vara
434 1399 41 23 den,
488 1400 28 17 att
527 1398 30 19 vid
569 1398 146 19 bestämmandet
727 1398 20 18 af
757 1397 72 19 antalet

75 1429 90 19 tunnland
178 1429 34 19 och
224 1429 30 19 vid
266 1427 144 25 fränskiljandet
421 1428 21 19 af
448 1428 172 23 öfverloppsjorden
625 1428 42 19 icke
674 1427 98 23 tillbörligt
778 1423 48 23 afse-

144 1468 177 18 Ekonomiutskottets
335 1467 114 18 betänkande
463 1466 37 19 N:o
514 1465 19 19 5.
745 1485 5 6 N
