1039 1709
226 145 23 17 56
413 143 239 19 Petitionsbetänkande
663 142 37 20 N:o
712 142 34 19 20.

205 206 102 22 Finlands
326 206 98 22 läroverk
443 206 56 22 skall
516 207 64 21 vinna
599 206 34 21 sin
651 206 156 26 undervisning,
827 206 38 21 och
882 206 35 20 det
932 207 24 19 är

206 241 64 22 alltså
292 240 33 23 för
347 240 47 22 vårt
416 240 56 23 folks
494 241 87 22 ostörda
603 240 68 22 sunda
695 240 121 27 utveckling
834 246 27 15 en
879 239 77 22 oefter-

205 275 62 27 giflig
284 275 164 27 nödvändighet,
467 277 33 20 att
516 275 112 22 nationens
646 274 116 28 lyckligare
777 274 81 22 lottade
873 274 83 21 klasser

204 309 48 22 icke
266 309 36 22 må
316 309 100 22 betrakta
430 309 117 28 någotdera
562 309 160 22 folkelementet
736 309 8 21 i
758 308 49 22 vårt
820 308 52 22 land
886 308 70 21 såsom

205 343 33 22 för
256 344 33 26 sig
307 343 138 22 främmande.
476 344 43 21 För
539 344 43 21 alla
602 344 53 26 dem,
671 343 68 22 som
730 338 13 37 i
757 343 66 27 högre
838 343 54 21 mått
906 342 51 27 vilja

204 379 52 26 taga
275 378 34 21 del
324 378 7 21 i
346 377 48 22 vårt
408 378 171 27 medborgerliga
595 377 30 27 lif,
637 379 24 20 är
670 377 97 28 kunskap
777 377 8 22 i
794 377 85 22 landets
888 377 69 27 begge

206 413 64 26 språk
285 412 23 22 af
321 413 76 21 nöden.
427 413 126 21 Kännedom
569 412 23 21 af
606 412 105 22 svenskan
726 413 25 20 är
765 411 58 22 såväl
834 411 34 22 för
878 417 27 16 en
914 411 43 27 rig-

204 447 32 26 tig
254 447 136 28 uppfattning
405 447 23 22 af
446 447 102 22 Finlands
563 447 96 26 historia,
675 447 48 21 dess
739 446 164 22 samhällsskick
918 445 40 22 och

206 483 36 20 det
258 484 102 25 yppersta
377 482 24 21 af
418 482 49 21 dess
485 481 115 27 litteratur,
620 487 45 16 som
679 481 124 27 isynnerhet
817 481 34 21 för
866 480 91 22 embets-

204 518 50 20 män
270 517 149 26 oundgänglig;
435 517 37 20 det
486 517 139 26 uppväxande
640 516 78 27 slägtet
733 516 40 21 bör
781 515 84 22 således
873 515 84 22 redan
946 511 15 37 i

205 551 75 21 skolan
294 551 94 21 inhemta
403 551 99 27 grundlig
516 550 133 27 bekantskap
664 550 49 21 med
728 550 111 21 svenskan.
868 549 50 22 Men
932 549 25 21 li-

204 585 54 22 kaså
273 585 144 26 oundgänglig
432 586 24 20 är
471 585 146 21 kännedomen
633 584 23 21 af
669 584 70 22 finska
746 584 87 27 språket
840 583 34 22 för
883 583 75 27 hvarje

204 619 74 22 bildad
296 618 64 28 finne,
379 619 57 21 helst
454 625 27 15 en
495 619 82 27 ganska
591 619 96 28 betydlig
701 619 109 22 litteratur
823 619 28 27 på
865 619 93 21 nämnda

204 653 110 27 tungomål
330 654 46 21 dels
390 654 66 21 redan
471 653 76 26 finnes,
555 653 46 22 dels
609 653 68 22 håller
687 654 28 27 på
725 655 32 20 att
766 655 107 26 uppväxa;
888 653 70 22 denna

204 688 97 27 kunskap
314 689 24 20 är
348 688 66 21 redan
426 688 40 21 och
475 688 43 21 blir
529 688 123 27 isynnerhet
663 688 55 21 efter
729 688 55 22 1883
795 688 121 27 nödvändig
924 688 34 21 för

205 723 42 21 alla
252 722 134 27 tjenstemän,
395 728 45 16 som
448 729 77 20 genom
533 723 32 20 sin
573 723 218 22 embetsverksamhet
804 722 65 22 kunna
881 723 77 21 komma

204 758 8 21 i
227 757 100 27 beröring
342 757 48 22 med
400 757 86 22 landets
496 757 71 22 finska
577 757 87 23 talande
675 757 134 23 innevånare.
838 757 35 22 Dä
883 758 75 21 skolan

204 792 134 27 väsentligen
352 792 145 27 grundlägger
512 793 41 21 den
568 792 171 28 medborgerliga
748 792 130 28 bildningen,
889 793 71 21 måste

204 826 43 22 hon
262 826 62 22 äfven
339 826 81 22 sträfva
435 828 32 20 att
482 827 104 27 befrämja
597 827 26 21 de
633 827 96 27 resultat,
741 833 46 15 som
797 826 34 22 för
840 827 48 22 vårt
900 827 58 22 folks

204 861 102 22 framtida
320 861 122 27 utveckling
458 861 104 22 erkännas
574 862 70 21 såsom
654 862 141 27 nödvändiga,
807 862 39 21 och
855 868 51 15 man
915 863 45 20 kan

205 895 90 27 således,
316 895 67 27 enligt
401 895 116 22 utskottets
536 895 61 28 åsigt,
613 895 34 22 för
661 896 114 22 framtiden
791 897 64 21 ställa
870 897 36 21 det
922 903 36 15 an-

204 931 65 26 språk
283 930 28 27 på
326 930 84 21 landets
424 930 223 27 undervisningsverk,
662 932 32 21 att
713 926 100 35 desamma
830 926 64 35 jemte
908 931 50 22 full-

204 964 85 27 ständig
303 964 97 27 kunskap
415 964 7 21 i
438 965 153 21 modersmålet
606 964 61 22 skola
680 965 99 21 meddela
789 965 125 22 alumnerna
925 965 33 22 så-

204 999 42 21 dan
263 999 120 21 kännedom
401 999 32 21 uti
451 999 83 21 landets
553 999 67 21 andra
639 999 70 27 språk,
728 1000 32 21 att
779 999 28 22 de
820 999 36 22 mä
871 999 87 22 obehin-

204 1033 63 22 dradt
284 1033 8 21 i
310 1033 30 21 tal
356 1033 39 21 och
409 1033 65 21 skrift
487 1033 72 21 kunna
572 1033 107 22 behandla
695 1033 124 22 detsamma.

272 1067 38 22 Att
318 1067 58 21 detta
383 1067 43 21 mål
437 1067 19 27 ej
466 1067 54 21 skall
529 1074 52 15 vara
588 1067 41 22 lätt
636 1067 100 28 uppnådt,
745 1067 55 22 lider
811 1068 55 21 intet
876 1068 81 22 tvifvel.

203 1102 43 21 För
267 1102 124 21 resultatets
414 1101 106 22 ernående
539 1102 126 21 förutsättes
682 1103 108 26 nämligen
809 1102 147 27 ovilkorligen,

204 1137 32 20 att
255 1137 31 21 ett
301 1136 65 21 ökadt
380 1136 58 21 antal
453 1136 249 27 undervisningstimmar
716 1136 71 22 anslås
803 1137 22 21 åt
839 1137 37 21 det
890 1137 68 22 andra

202 1170 112 22 inhemska
329 1170 93 27 språket,
437 1177 49 15 men
501 1171 60 21 detta
575 1171 68 20 måste
658 1171 136 27 naturligtvis
809 1177 51 16 vara
875 1171 81 28 ganska

204 1205 64 27 svårt,
278 1205 27 21 då
320 1205 253 22 elementarläroverkens
588 1205 137 27 läseordning
740 1212 47 15 som
801 1206 80 22 bekant
890 1207 66 21 redan

203 1240 34 22 för
251 1239 133 22 närvarande
400 1241 24 19 är
439 1239 81 26 ganska
536 1241 83 24 strängt
633 1241 108 25 upptagen
756 1240 23 21 af
792 1240 77 26 många
879 1241 77 20 under-

203 1273 179 27 visningsämnen,
402 1271 102 23 särskildt
522 1272 23 22 af
559 1272 57 22 olika
632 1273 69 26 språk.
731 1273 48 22 Den
793 1273 78 22 hittills
886 1280 70 16 vunna

204 1306 149 22 erfarenheten
367 1306 73 28 tyckes
456 1306 120 22 emellertid
591 1307 44 21 tala
649 1306 34 22 för
691 1308 32 21 att
737 1308 92 22 nämnda
843 1308 43 22 mål
902 1308 54 22 dock

203 1342 41 21 bör
257 1341 73 21 kunna
344 1340 88 28 uppnås.
462 1340 50 22 Med
528 1343 31 20 ett
571 1341 156 28 jemförelsevis
743 1342 140 28 otillräckligt
898 1343 58 21 antal

203 1376 86 22 timmar
306 1375 40 22 har
364 1376 108 27 nämligen
491 1376 67 22 redan
575 1376 84 22 härtills
678 1377 81 27 ganska
769 1377 43 28 god
825 1377 109 28 färdighet
948 1378 7 21 i

204 1411 37 22 det
262 1411 68 21 andra
351 1410 152 22 modersmålet
525 1411 80 22 kunnat
627 1411 23 22 af
671 1412 86 22 skolans
780 1412 73 23 elever
874 1413 81 27 vinnas,

203 1445 100 23 hvarföre
318 1452 49 14 man
377 1446 50 21 med
436 1446 115 22 anslående
562 1446 24 22 af
595 1448 30 20 ett
635 1448 69 21 större
715 1448 58 21 antal
783 1448 173 28 undervisnings-

272 1486 94 17 Allmänna
378 1486 161 18 Besvärsutskottets
550 1486 104 18 betänkande
665 1487 35 17 N:o
713 1487 29 18 17.
