1045 1709
302 128 241 22 Petitionsbetänkande
556 130 38 20 N:o
607 130 32 21 34.
797 135 12 21 3

143 194 19 28 e)
181 194 32 22 att
231 194 150 24 vederbörande
399 196 128 28 sjömanshus
550 197 65 23 måtte
639 198 111 29 berättigas
773 198 66 23 såsom

99 229 77 22 ombud
190 230 8 20 i
213 230 141 22 landsorterna
369 232 87 22 anställa
470 232 157 23 kronolänsmän
642 234 57 21 emot
717 234 122 28 erläggande

97 264 34 22 till
146 265 47 21 dem
209 265 23 22 af
244 265 41 22 viss
299 267 85 27 procent
399 267 23 22 af
435 267 160 28 sjömanshusets
609 269 99 26 inkomst;

142 301 25 28 d)
183 301 31 22 att
230 301 24 22 de
270 301 88 29 afgifter,
375 302 68 23 hvilka
458 303 32 21 för
504 303 160 29 afmönstringar
684 305 99 28 erläggas,
801 305 38 21 all-

98 336 31 22 tid
143 335 66 24 måtte
224 337 82 22 tillfalla
321 344 79 16 samma
415 339 134 28 sjömanshus,
565 339 34 22 vid
614 340 77 23 hvilket
701 340 138 29 påmönstrin-

97 379 63 22 garne
176 373 68 22 blifvit
259 374 132 27 verkställda;

142 408 20 29 e)
180 409 32 22 att
230 409 25 22 de
270 409 120 23 föreskrifna
409 410 109 28 afgifterna
535 411 32 21 för
584 411 38 28 på-
646 411 37 22 och
707 411 132 22 afmönstrin-

97 450 63 23 garne
176 444 65 22 måtte
257 445 103 22 nedsättas
375 446 34 21 till
423 445 73 24 sådant
508 447 80 28 belopp,
605 447 31 22 att
651 446 25 23 de
691 447 18 28 ej
725 447 35 22 må
776 447 63 22 blifva

97 479 32 22 för
145 486 28 15 nu
188 479 154 29 ifrågavarande
357 481 73 28 sjöfart
445 481 140 29 betungande;

135 515 25 30 f
176 516 31 21 att
228 517 85 21 emedan
331 516 40 22 den
393 517 52 22 finsk
467 517 82 23 talande
573 517 118 30 befolkning
712 519 8 21 i
743 518 96 29 Wiborgs

96 551 45 22 läns
156 551 139 28 kustsocknar,
311 558 45 16 som
371 553 142 22 företrädesvis
533 554 70 22 ställer
617 553 56 23 befäl
688 554 38 22 och
740 554 99 27 manskap

97 587 33 21 till
145 586 25 23 de
185 587 74 28 fartyg,
275 587 70 22 hvilka
362 595 57 15 mera
437 591 26 19 än
482 589 63 22 andra
562 589 75 22 besöka
655 589 24 22 de
697 589 59 28 ryska
777 590 60 21 ham-

97 629 64 16 narna
179 623 34 22 vid
231 623 74 22 Finska
323 623 66 28 viken,
409 620 103 33 Östersjön
531 625 37 22 och
586 625 89 28 Ladoga,
694 626 55 21 samt
772 625 67 22 öfver-

96 659 80 22 hufvud
198 659 53 22 visat
273 660 104 28 synnerlig
399 660 41 28 håg
463 661 37 21 och
518 660 97 23 fallenhet
633 661 31 22 för
684 661 153 28 sjömansyrket,

97 695 73 22 saknar
190 701 24 15 en
233 695 76 22 anstalt
330 695 32 22 för
380 695 122 30 fullständig
525 696 145 29 undervisning
687 697 8 21 i
713 696 124 29 navigation,

98 730 39 22 den
152 730 32 22 för
199 730 117 22 ändamålet
330 731 8 22 i
353 731 97 28 Wiborgs
466 732 45 21 stad
525 731 102 23 inrättade
643 732 70 22 skolan
728 732 65 22 måtte
804 733 35 21 ut-

98 765 71 29 vidgas
184 766 48 22 med
247 767 72 28 nödigt
335 767 56 22 antal
406 767 82 23 klasser.

568 797 51 18 Otto
633 797 159 18 Nordström.”

168 838 34 22 Då
216 838 107 23 Utskottet
337 839 33 22 till
385 839 73 29 åtgärd
473 839 87 22 förehaft
581 839 57 22 detta
653 839 80 27 ärende,
747 840 37 21 har
799 839 40 23 Ut-

98 873 76 23 skottet
190 874 68 22 funnit
278 875 196 28 petitionsförslaget
492 876 42 21 afse
552 875 118 28 förändring
687 875 44 22 icke
754 875 86 22 allenast

99 910 23 21 af
134 909 79 23 landets
229 917 74 22 genom
318 911 90 28 Regents
425 911 37 22 och
478 911 96 22 Ständers
589 911 123 22 medverkan
732 911 108 22 tillkomna

98 946 65 27 sjölag
179 945 23 22 af
216 946 38 21 den
271 947 12 21 9
296 946 47 28 juni
359 947 63 26 1873,
439 947 125 22 beträffande
578 947 37 27 på-
632 947 37 21 och
680 946 159 29 afmönstringar

99 981 22 22 af
135 981 72 29 sjöfolk
222 982 54 22 samt
296 983 107 27 skeppares
423 983 115 28 skyldighet
559 983 30 21 att
612 983 44 21 föra
679 981 85 29 dagbok,
788 983 50 21 utan

99 1017 59 22 äfven
177 1017 23 22 af
214 1018 107 29 kejserliga
343 1018 144 28 förordningen
511 1025 33 15 om
567 1018 153 28 sjömanshusen
741 1018 7 21 i
763 1018 76 27 landet,

98 1053 68 28 gifven
183 1053 39 22 den
238 1054 29 21 30
283 1053 52 28 april
351 1054 63 26 1874,
432 1053 37 22 och
483 1054 108 27 kejserliga
605 1053 134 28 reglementet
754 1053 32 21 för
801 1060 37 15 na-

98 1088 202 29 vigationsskolorna,
317 1089 39 21 den
373 1089 26 21 15
413 1089 7 21 i
431 1089 99 28 sistsagde
545 1088 81 27 månad,
643 1089 68 22 hvilka
725 1089 66 28 begge
807 1095 32 15 se-

98 1124 134 22 nastberörda
246 1124 145 28 författningar
406 1124 26 28 på
448 1124 149 22 administrativ
612 1127 40 25 väg
670 1124 111 26 utfärdats;
803 1125 37 21 och

99 1159 85 22 emedan
201 1160 26 21 51
245 1160 12 27 $
273 1161 7 20 i
295 1161 58 20 Hans
368 1160 114 28 Kejserliga
500 1160 106 28 Majestäts
624 1160 75 29 nådiga
718 1160 120 28 landtdags-

99 1195 87 29 ordning
201 1196 31 21 för
248 1196 192 21 storfurstendömet
454 1195 93 27 Finland,
567 1196 24 21 af
606 1195 39 22 den
662 1196 26 21 15
707 1196 52 27 april
775 1197 63 25 1869,

98 1231 90 28 stadgar,
206 1231 31 22 att
255 1232 17 27 ej
292 1231 49 22 flera
359 1231 87 22 ärenden
470 1231 22 22 af
513 1231 52 22 olika
587 1231 138 22 beskaffenhet
743 1231 34 22 må
792 1232 7 21 i
815 1237 24 16 en

99 1267 156 28 petitionsskrift
277 1267 154 25 sammanföras,
455 1267 37 22 har
514 1267 105 23 Utskottet
638 1267 67 22 ansett
722 1267 32 29 sig
769 1267 71 22 endast

99 1303 51 22 böra
164 1303 33 22 till
212 1303 80 22 landets
307 1303 110 28 höglofliga
433 1302 87 23 Ständer
534 1303 149 22 vördsammast
698 1303 109 22 hemställa

240 1348 28 17 att
282 1345 155 27 ifrågavarande
448 1345 167 27 petitionsförslag
629 1345 40 20 icke
684 1346 60 19 måtte
758 1344 30 21 till
803 1346 36 19 nä-

169 1386 39 22 gon
224 1380 72 28 åtgärd
305 1379 54 27 från
373 1378 123 22 Ständernas
511 1379 45 21 sida
564 1378 116 28 föranleda.

206 1426 135 29 Helsingfors,
359 1426 38 22 den
414 1426 27 22 10
458 1426 82 22 oktober
557 1426 62 21 1877.

169 1528 129 18 Sammansatta
310 1528 47 24 Lag-
369 1528 30 18 och
411 1527 171 19 Ekonomiutskottets
595 1528 103 18 betänkande
710 1527 36 19 N:o
761 1527 15 19 7.
