1039 1706
248 156 26 20 16
382 157 314 19 Petitionsbetänkande
711 156 48 20 N:o
776 158 36 17 13.

465 292 254 21 Reservation.

320 360 110 20 Ehuruväl
450 360 37 26 jag
509 366 67 20 gerna
591 360 112 26 erkänner,
726 361 33 20 att
774 360 38 21 hos
828 366 36 16 oss
878 360 29 28 på
923 360 41 22 den

220 394 91 22 sednare
321 394 60 20 tiden
393 394 47 21 icke
451 394 120 26 obetydligt
579 394 72 21 blifvit
660 394 73 27 gjordt
740 394 35 20 till
783 394 151 26 förbättrande
943 394 23 21 af

220 429 105 26 qvinnans
348 428 129 27 uppfostran
502 428 39 21 och
556 428 93 28 höjande
664 428 23 22 af
700 429 81 21 hennes
796 428 106 28 bildning,
916 429 47 22 hål-

218 463 32 20 ler
266 462 38 27 jag
322 462 56 21 dock
396 462 53 26 före,
466 464 32 20 att
513 462 63 21 dessa
591 463 145 26 tillgöranden
751 462 72 21 blifvit
839 463 23 21 af
875 463 90 26 plurali-

218 498 60 20 teten
293 496 58 21 inom
373 495 107 22 utskottet
494 497 7 20 i
517 496 70 27 någon
602 503 49 14 mon
667 496 168 22 öfverskattade.
864 497 42 26 Jag
922 497 42 21 kan

219 531 130 21 åtminstone
371 530 118 27 ingalunda
510 531 87 26 förbise,
620 531 103 21 hurusom
745 531 9 20 i
778 531 62 20 detta
862 531 102 21 afseende

218 567 58 19 ännu
298 564 82 28 ganska
401 565 86 26 mycket
509 565 93 21 återstår
623 567 34 19 att
672 567 71 25 göras,
759 565 39 21 och
813 566 33 19 att
860 565 28 26 på
904 565 61 21 detta

219 599 87 22 område
324 599 91 26 mången
430 599 69 27 vigtig
514 599 40 21 och
568 599 153 26 betydelsefull
736 599 64 26 fråga
814 601 58 18 ännu
887 601 77 19 väntar

217 633 28 26 på
260 633 33 21 sin
308 633 92 26 lösning.
429 628 90 26 Ämnets
535 633 62 27 djupt
611 633 128 26 ingripande
753 633 113 26 betydelse
880 633 34 21 för
927 634 37 21 he-

217 667 22 21 la
254 666 115 22 samhället
383 667 46 25 har,
445 667 6 20 i
467 667 43 20 alla
525 667 135 21 civiliserade
675 667 83 26 länder,
773 667 73 21 blifvit
860 667 35 20 till
910 667 53 21 fullo

217 701 89 26 erkänd,
329 700 39 21 och
393 701 111 20 tillvunnit
529 701 70 21 denna
613 700 62 27 fråga
691 707 26 14 en
733 701 100 26 allvarlig
847 701 117 26 uppmärk-

218 735 84 21 samhet
324 735 40 20 och
384 735 141 26 ompröfning.
554 735 42 27 Jag
610 734 70 21 finner
695 735 65 27 ingen
775 735 118 26 anledning
908 735 56 21 före-

218 769 84 21 komma
324 770 33 19 att
380 768 39 21 hos
438 775 34 14 oss
488 771 65 24 vägra
569 769 70 22 denna
653 769 57 26 höga
725 769 40 21 och
780 769 82 27 vigtiga
877 769 87 26 angelä-

218 803 79 26 genhet
312 809 82 14 samma
408 803 144 21 erkännande.

284 837 42 26 Jag
352 837 42 20 kan
413 836 18 27 ej
447 837 68 20 heller
539 837 48 22 dela
609 836 157 27 pluralitetens
781 837 58 21 inom
855 837 109 22 utskottet

217 871 57 27 åsigt
296 871 80 26 derom,
399 872 33 20 att
447 870 86 27 frågans
549 873 60 19 stora
624 870 86 27 omfång
729 877 51 15 vore
795 871 118 26 hinderligt
928 871 34 21 för

217 905 136 21 densammas
368 905 133 26 behandling
512 905 23 21 af
545 911 26 15 en
587 905 90 26 komité;
693 905 73 21 såvidt
773 905 39 27 jag
819 904 79 22 förmår
909 905 53 26 inse,

216 939 66 21 hafva
296 939 7 21 i
318 939 118 22 allmänhet
458 939 39 21 hos
519 945 35 15 oss
578 939 155 22 företrädesvis
753 939 25 21 de
794 941 60 20 stora
868 939 41 22 och
924 939 39 22 all-

216 975 79 20 männa
317 973 103 27 frågorna
443 973 56 21 varit
521 973 89 21 föremål
638 973 33 21 för
698 973 264 26 komit6-verksamheten,

217 1007 69 21 under
308 1007 38 20 det
364 1007 26 21 de
406 1013 16 15 s.
438 1007 20 21 k.
473 1007 184 26 specialfrågorna
673 1001 92 32 mången
783 1007 56 26 gång
853 1007 28 27 på
896 1009 67 20 annat

216 1041 45 22 sätt
275 1041 77 21 vunnit
367 1041 33 21 sin
415 1041 91 26 lösning.

284 1074 50 22 Med
349 1075 117 26 anledning
480 1075 65 21 häraf
557 1075 66 26 vågar
635 1075 39 26 jag
689 1075 39 21 hos
738 1075 86 21 landets
834 1075 58 27 högl.
903 1076 59 21 stän-

216 1109 38 21 der
269 1109 111 21 vördsamt
394 1109 80 21 föreslå

352 1145 31 18 att
400 1143 113 20 ständerna
531 1143 64 20 måtte
609 1143 10 20 i
633 1150 24 13 en
672 1143 134 28 underdånig
818 1144 90 27 petition
924 1152 37 13 an-

284 1177 66 26 hålla,
373 1177 34 20 det
428 1177 75 21 täcktes
519 1177 60 21 Hans
587 1177 118 28 Kejserliga
713 1177 100 28 Majestät
823 1179 9 19 i
841 1178 67 21 nåder
916 1178 46 21 låta

282 1211 91 22 tillsätta
389 1218 23 14 en
428 1210 79 28 komité,
523 1218 42 13 som
580 1211 50 28 egde
645 1211 122 29 öfverväga,
782 1211 38 21 och
834 1212 32 28 sig
884 1212 78 27 utlåta,

283 1252 40 18 om,
343 1245 37 19 och
394 1246 8 18 i
417 1245 55 19 hvad
486 1252 55 19 mon,
556 1245 107 27 åtgärder,
678 1245 112 28 åsyftande
808 1245 154 28 befrämjandet

283 1277 37 22 och
343 1277 99 28 höjandet
464 1277 27 27 af
511 1278 39 21 den
569 1277 68 27 finska
653 1279 103 26 qvinnans
772 1277 103 29 bildning,
890 1278 72 22 kunna

284 1311 37 22 och
336 1310 50 21 böra
400 1310 107 29 vidtagas.

610 1341 81 21 Emil
703 1341 36 28 af
749 1341 143 23 Forselles.

282 1373 11 23 1
309 1373 155 22 ofvanstäende
479 1374 133 22 reservation
627 1374 74 23 förena
716 1375 34 28 sig

282 1414 32 22 A.
328 1414 28 23 J.
370 1414 155 28 Hornborg.
667 1416 95 22 Viktor
778 1412 114 33 Öhberg.

283 1449 95 22 Frans
393 1449 145 22 Törnroth.
709 1451 31 22 A.
761 1452 33 22 W.
808 1452 83 27 Lyra.

329 1525 113 23 Helsingfors,
455 1526 80 18 Theodor
547 1527 107 17 Sederholms
666 1527 114 22 boktryckeri,
795 1529 47 16 1877.
