1042 1703
282 99 249 25 Potitionsbetänkande
548 101 41 23 N:o
602 100 38 23 44.
792 101 11 20 3

89 167 23 18 de
133 167 64 23 frågor,
219 168 61 18 hvilka
301 168 29 19 till
351 168 59 19 denna
431 169 86 23 landtdag
539 170 63 17 väntat
620 169 24 24 pä
658 169 28 18 sin
700 168 77 23 lösning,
793 167 40 18 icke

88 195 61 20 kunna
163 197 94 18 bestridas.

156 231 53 18 Emot
227 237 22 12 en
266 232 115 23 förkortning
399 232 20 17 af
435 233 50 17 tiden
501 233 75 17 emellan
591 232 141 23 landtdagarnas
746 237 87 12 samman-

87 260 65 17 träden
173 260 72 18 anföres
267 261 84 22 vanligen
373 261 38 17 dels
434 261 22 18 de
477 261 57 18 ökade
549 261 115 18 omedelbara
677 260 102 21 kostnader,
794 265 39 13 som

88 288 52 18 deraf
152 288 55 18 blifva
221 295 23 11 en
258 289 50 23 följd,
323 289 38 18 dels
377 289 33 18 ock
425 291 28 16 att
468 290 70 17 arbetet
552 289 27 18 för
593 289 195 22 landtdagsärendenas
798 289 34 17 för-

87 317 102 18 beredande
212 317 33 18 och
263 318 73 22 slutliga
349 318 111 22 behandling
475 318 56 18 skulle
546 318 70 17 komma
632 319 28 16 att
674 318 32 17 allt
720 317 28 18 för
762 317 71 23 mycket

86 346 42 22 taga
145 345 7 17 i
170 346 78 22 anspråk
266 346 73 20 krafter,
357 346 62 18 hvilka
433 346 40 18 icke
488 348 43 16 utan
546 346 96 22 olägenhet
656 346 61 18 kunna
732 345 100 18 undandra-

86 380 32 16 gas
133 374 22 17 de
170 374 76 23 löpande
265 374 104 24 göromälen
383 375 50 17 inom
447 374 189 24 statsförvaltningens
650 374 48 18 olika
712 380 65 17 grenar
789 374 44 18 eller

86 403 36 18 den
135 404 152 22 "medborgerliga
304 404 34 18 och
355 404 72 22 privata
441 404 141 18 verksamheten.
602 399 11 32 :
613 404 42 18 Men
670 404 20 17 åt
704 404 98 22 ingendera
816 403 19 17 af

86 432 52 18 dessa
153 432 154 23 omständigheter
321 433 52 19 torde
387 432 60 24 någon
466 432 95 23 afgörande
576 433 39 22 vigt
629 432 18 18 få
661 433 86 17 tillmätas
762 432 6 17 i
782 432 50 22 fråga

86 467 29 12 om
133 462 27 16 ett
177 461 141 19 samhällsbehof
330 462 20 18 af
360 462 35 17 den
411 462 111 22 djupgående
537 462 98 22 betydelse,
650 467 38 12 som
702 461 130 23 lagstiftnings-

87 490 146 18 verksamhetens
255 490 152 23 ändamålsenliga
429 491 91 17 ordnande
542 492 58 20 utgör.
631 491 36 17 Det
688 490 35 18 kan
740 490 40 18 icke
800 495 32 12 ens

85 518 111 22 förutsättas,
214 521 28 16 att
260 520 27 17 ett
301 519 37 18 folk
352 520 40 17 icke
407 520 57 17 skulle
479 519 56 18 förmå
549 520 44 16 bära
608 519 44 17 eller
666 519 43 23 vilja
723 519 109 17 underkasta

86 548 27 22 sig
135 548 22 17 de
179 548 123 22 uppoffringar
323 548 21 18 af
359 548 32 21 tid,
409 548 109 18 arbetskraft
532 548 34 18 och
580 548 129 22 förmögenhet,
725 547 61 18 hvilka
800 548 32 17 äro

86 576 114 23 nödvändiga
214 576 27 18 för
256 576 159 18 åstadkommande
430 576 19 18 af
461 578 47 20 goda
522 577 50 22 lagar
586 577 34 17 och
634 582 23 12 en
667 576 36 23 god
713 576 66 18 allmän
789 576 42 17 hus-

85 605 86 23 hållning,
192 605 23 18 då
230 606 21 23 ju
265 606 28 17 ett
307 605 110 18 välordnadt
431 605 166 18 samhällstillstånd
612 606 20 17 är
647 607 27 16 ett
688 605 20 17 af
720 605 22 18 de
757 604 74 19 främsta

85 634 81 18 vilkoren
181 634 28 18 för
223 635 36 17 alla
273 635 196 22 medborgareklassers
484 635 68 17 välfärd
568 635 33 17 och
616 634 97 18 förkofran.

152 669 35 17 Det
201 669 52 17 torde
269 669 33 17 ock
316 669 78 22 förtjena
408 671 27 15 ett
450 670 81 16 närmare
546 669 132 21 öfvervägande
693 668 88 17 huruvida
791 667 39 18 icke

81 697 39 23 just
134 703 65 17 genom
214 698 23 17 de
251 698 54 22 långa
320 698 109 18 mellanskof
441 697 20 17 af
473 698 129 20 overksamhet,
617 697 51 18 hvari
681 697 149 23 folkrepresenta-

84 726 62 18 tionen
162 726 73 23 jemlikt
253 726 83 23 gällande
355 726 30 23 lag
403 726 90 22 försättes,
513 726 75 23 mycken
602 726 28 17 tid
642 726 32 18 och
689 726 48 17 kraft
751 725 28 18 för
794 726 36 22 lag-

84 754 164 24 stiftningsarbetet
269 755 94 23 förspilles,
385 757 44 16 utan
451 757 27 16 att
499 756 71 17 komma
584 754 137 19 verksamheten
736 754 24 24 på
775 755 56 17 andra

84 784 85 18 områden
183 784 28 18 till
225 784 53 23 godo.
307 784 108 24 Uppenbart
429 786 20 16 är
464 786 27 16 att
510 785 50 17 detta
574 784 6 17 i
595 784 74 18 främsta
682 785 78 17 rummet
774 784 57 22 gäller

82 813 63 23 sjelfva
167 814 35 18 den
224 813 99 23 beredning
344 813 187 23 landtdagsärendena
552 813 58 17 måste
631 812 85 23 undergå,
736 813 56 17 innan
807 813 23 17 de

82 842 61 18 kunna
165 842 28 18 till
215 842 110 18 Ständernas
344 842 86 23 pröfning
449 842 123 18 öfverlemnas.
602 842 26 23 Ty
642 842 28 18 för
684 847 23 12 en
721 842 67 22 mängd
803 842 27 17 så-

82 871 47 18 dana
154 872 78 17 ärenden
255 872 34 17 kan
312 877 23 12 en
349 871 100 23 beredning
468 871 38 23 fyra
520 872 44 17 eller
578 870 36 18 fem
627 871 20 17 år
662 871 54 17 innan
732 871 22 17 de
769 870 61 18 kunna

82 900 44 18 ernä
145 900 28 18 sin
187 900 72 22 lösning
273 900 56 18 redan
345 900 19 18 af
377 900 30 18 det
423 900 38 18 skäl
476 900 40 18 icke
530 900 128 22 ifrågakomma
672 900 28 17 att
714 905 23 12 en
753 899 19 17 så
786 899 44 23 lång

82 929 78 23 tidrymd
182 929 36 17 kan
240 930 80 17 medföra
342 929 19 17 sä
377 929 112 23 väsendtliga
502 928 125 22 förändringar
642 928 6 18 i
663 928 21 18 de
699 928 130 21 förhällanden,

82 957 61 19 hvilka
156 958 7 17 i
177 958 41 18 dem
233 958 51 22 afses,
300 959 28 17 att
343 958 31 18 det
388 958 24 22 pä
426 958 122 22 beredningen
562 957 89 23 nedlagda
661 957 62 18 arbete
733 957 29 17 till
772 958 57 16 större

82 987 44 17 eller
148 986 69 18 mindre
239 987 30 17 del
287 987 57 17 måste
359 988 88 20 omgöras.
476 986 10 18 TI
500 986 30 18 fall
546 992 41 12 man
601 986 113 22 undantager
728 991 49 12 mera
792 992 38 12 om-

82 1016 81 17 fattande
185 1015 182 23 lagstiftningsfrägor
389 1015 32 17 och
436 1016 7 16 i
458 1015 36 17 viss
509 1016 41 17 män
564 1014 52 18 äfven
632 1015 83 22 partiella
730 1014 99 18 förändrin-

82 1050 32 17 gar
132 1045 7 16 i
158 1045 65 17 allmän
244 1045 41 17 civil
300 1045 45 17 eller
359 1044 83 17 kriminal
457 1044 34 22 lag,
507 1045 19 17 sä
540 1044 57 17 måste
612 1043 54 18 alltsä
681 1043 19 18 af
712 1049 23 12 en
749 1042 36 19 fem
800 1043 28 18 års

82 1073 129 23 mellanperiod
225 1074 28 17 ett
267 1079 32 17 par
313 1073 20 17 år
347 1073 24 22 gå
385 1073 28 17 till
428 1074 38 17 stor
481 1073 29 18 del
524 1073 89 18 förlorade
628 1073 27 16 för
670 1072 32 18 det
715 1072 62 18 arbete
792 1073 38 22 lag-

82 1102 211 23 stiftningsätgärdernas
307 1102 130 18 förberedande
451 1101 77 19 kräfver.
558 1102 41 17 Men
615 1101 52 18 äfven
682 1101 28 18 för
724 1101 35 18 den
777 1101 53 18 andel

82 1132 6 17 i
107 1132 76 21 arbetet,
203 1137 38 12 som
259 1131 111 18 tillkommer
386 1131 173 23 representationen,
574 1131 48 17 välla
636 1130 23 17 de
673 1131 54 21 länga
741 1131 89 17 mellanti-

83 1161 55 16 derna
160 1161 109 17 åtminstone
291 1160 35 18 den
345 1160 96 22 olägenhet
456 1161 27 16 att
498 1160 34 17 den
548 1159 102 18 erfarenhet
664 1159 6 17 i
685 1159 92 22 offentliga
792 1159 40 17 värf

82 1189 34 17 och
131 1189 22 18 de
168 1189 81 22 insigter,
265 1195 38 12 som
318 1189 31 18 vid
364 1189 61 17 dessas
440 1189 109 22 behandling
563 1188 96 23 inbespara
668 1188 76 23 mycken
755 1188 32 21 tid,
797 1187 33 18 hos

82 1217 58 18 folket
153 1218 40 17 icke
208 1218 43 17 ernä
266 1217 107 22 erforderlig
387 1217 108 23 utbildning.

150 1247 27 18 Pä
195 1247 52 18 dessa
266 1247 44 20 skäl,
325 1245 73 19 hvartill
413 1248 43 16 utan
472 1246 62 18 tvifvel
549 1246 57 17 andra
621 1245 19 18 af
652 1245 39 18 icke
706 1245 71 23 ringare
793 1245 38 23 vigt

83 1275 60 18 kunde
165 1276 67 22 läggas,
255 1281 53 12 anser
327 1275 32 23 jag
374 1280 22 12 en
411 1275 77 22 ändring
503 1275 19 18 af
534 1273 12 19 2
562 1274 10 22 $
587 1275 6 17 i
607 1275 21 17 L.
644 1274 22 18 O.
682 1274 68 17 derhän
765 1275 29 16 att
808 1280 22 12 en

82 1305 84 17 bestämd
180 1305 73 17 kortare
267 1304 64 23 period
345 1304 28 17 för
387 1303 110 19 Ständernas
513 1303 143 19 sammanträden
671 1303 59 18 blefve
741 1303 90 18 fastställd

83 1335 23 15 än
120 1333 36 17 den
171 1333 73 17 maximi
259 1333 120 21 bestämning,
394 1338 39 12 som
448 1333 38 17 deri
501 1339 24 11 nu
539 1333 58 21 ingär,
610 1333 64 20 utgöra
688 1333 28 15 ett
726 1332 106 22 önsknings-

83 1361 36 18 mål
134 1362 20 17 af
167 1362 35 16 den
217 1361 112 22 betydenhet
343 1362 27 15 att
385 1361 31 17 det
430 1361 55 17 redan
501 1361 19 16 af
532 1366 24 11 nu
570 1360 108 17 församlade
688 1360 79 17 Ständor
776 1361 56 17 borde

83 1389 29 18 till
126 1390 53 19 Hans
191 1389 86 23 Majestät
291 1389 89 22 Kejsaren
395 1389 34 18 och
443 1389 111 18 Storfursten
569 1388 104 17 frambäras.

154 1418 143 18 Vidkommande
317 1419 40 16 äter
371 1417 99 18 innehället
485 1417 19 18 af
517 1418 33 18 den
566 1418 114 22 bestämning
695 1417 6 18 i
715 1417 118 18 förevarande

152 1459 136 23 Lagutskottets
303 1458 113 19 betänkande
430 1457 36 20 N:o
481 1456 34 21 25.
