1053 1703
266 135 298 21 Petitionsbetäkande
583 135 45 21 N:o
645 135 46 22 50.
789 136 26 21 11

99 200 117 28 berättigad
230 200 33 22 till
278 200 41 20 den
341 200 84 21 slutsats
447 202 31 20 att
500 208 26 13 en
540 201 94 21 bestämd
655 201 83 21 skilnad
756 202 89 21 finnes
835 196 14 36 i

98 234 95 28 gällande
204 233 127 28 stadganden
340 233 155 29 upprätthällen
506 234 89 21 emellan
607 234 76 28 förlags
693 235 34 21 län
743 235 39 21 och
796 242 48 14 van-

98 268 41 27 liga
153 267 181 27 försträckningar.
656 287 2 3 ;

166 301 86 28 Medges
267 300 34 22 mä
315 302 31 20 att
361 309 26 13 en
402 308 69 14 annan
491 301 134 29 uppfattning
644 302 42 20 kan
700 302 63 21 hafva
778 302 66 28 börjat

98 337 31 20 att
144 334 35 22 vid
194 335 60 21 sidan
276 334 22 21 af
319 335 68 21 denna
407 339 49 24 göra
478 335 32 28 sig
530 336 101 27 gällande,
647 335 100 28 möjligen
762 336 39 21 ock
815 336 30 21 in-

99 369 74 22 verkat
187 369 27 28 pä
228 368 157 29 lagstiftningen
400 369 8 21 i
423 372 75 19 ämnet.
522 369 44 22 Det
580 373 23 17 är
617 369 55 22 klart
686 371 31 20 att
731 369 111 26 industrin,

96 403 25 30 ju
143 411 45 14 mer
209 404 42 21 hon
273 403 124 22 utvecklade
422 403 37 29 sig,
482 403 68 22 skulle
575 404 56 21 finna
659 411 26 14 en
707 403 135 29 lagstiftning,

98 445 45 14 som
157 438 54 21 hade
221 437 37 22 sitt
272 437 83 30 upphof
368 437 7 21 i
389 437 57 22 äldre
465 437 150 26 förhällanden,
631 438 32 21 för
676 438 61 29 träng
751 439 38 20 och
800 439 42 21 der-

97 472 44 22 före
157 472 50 22 ville
221 471 21 22 fä
258 472 46 22 dess
318 476 85 23 gränser
418 471 117 29 utvidgade.
558 472 45 22 Det
618 477 22 16 är
654 473 39 21 ock
707 472 67 22 kändt
788 473 55 21 huru

98 508 85 27 lagarne
197 506 28 29 pä
239 506 41 21 den
294 506 136 21 ekonomiska
444 508 78 19 rättens
537 506 84 22 omräde
635 507 50 21 bära
695 507 47 28 spär
752 506 23 22 af
787 507 56 21 olika

97 541 64 22 tiders
183 541 56 21 olika
258 540 176 28 &skädningssätt;
456 541 39 20 och
510 541 35 21 det
559 547 49 15 vore
624 540 80 22 derföre
720 541 122 28 visserligen

97 576 46 21 icke
158 575 62 28 något
236 575 86 21 enstaka
336 575 82 22 faktum
432 575 8 21 i
454 575 38 22 vär
506 574 131 29 lagstiftning
651 583 34 13 om
700 583 49 13 man
763 575 8 21 i
786 575 56 22 detta

97 609 37 22 fall
149 609 67 22 skulle
231 609 73 22 kunna
318 609 8 21 i
341 609 133 28 stadganden,
491 617 43 14 som
546 614 56 17 ännu
611 610 60 27 gälla,
683 609 88 29 uppvisa
785 612 58 19 tvän-

96 652 27 13 ne
138 644 77 21 sädana
230 643 56 22 olika
301 643 157 29 uppfattningar
472 643 87 22 bredvid
568 643 123 26 hvarandra,
703 651 44 14 som
756 644 39 21 här
809 651 33 14 an-

95 678 63 28 tydts.
189 679 50 20 Men
254 679 32 21 att
300 678 35 21 det
349 678 32 21 uti
395 677 136 22 förevarande
546 682 61 17 ämne
618 678 67 21 skulle
695 678 26 28 gå
731 678 54 21 ända
799 678 43 21 der-

96 712 47 26 hän,
160 714 31 19 att
211 712 79 22 fabriks
304 712 128 21 inventarier
454 712 37 21 och
508 712 87 21 effekter
608 712 55 28 finge
677 712 8 21 i
700 712 86 22 modern
801 720 41 14 me-

96 746 51 29 ning
167 746 105 22 användas
294 745 67 22 såsom
380 746 108 28 hypothek
506 747 38 20 och
561 745 33 23 för
608 746 73 22 sådant
702 746 97 22 ändamål
813 747 29 21 in-

96 780 92 26 tecknas,
199 780 26 29 pä
236 788 78 14 samma
329 780 53 28 gång
397 780 117 28 begreppen
528 780 67 29 förlag
606 781 37 21 och
658 780 111 30 förlagslän
786 790 57 20 gvar-

97 815 32 22 stä
143 815 8 22 i
166 815 32 21 sin
212 814 56 22 förra
282 814 113 29 betydelse,
412 814 35 22 det
461 815 73 26 mäste,
550 814 49 22 med
614 815 96 22 afseende
725 816 27 28 pä
765 815 36 22 det
815 816 27 21 of-

96 849 134 28 vananförda,
244 849 100 22 betviflas.
367 849 170 29 Lagstiftningen
547 850 38 21 har
595 849 18 29 ej
630 849 87 29 vidtagit
731 850 68 28 någon
814 850 28 22 ät

96 885 51 27 gärd
162 884 8 21 i
185 884 40 22 den
240 884 92 28 antydda
346 884 126 28 riktningen.
498 884 50 21 Men
563 884 56 21 hvad
633 884 157 28 lagstiftningen
805 892 37 14 un-

97 918 89 26 derlätit,
203 918 34 22 det
250 918 39 21 har
303 918 70 28 praxis
387 918 63 28 gjort;
474 918 39 21 och
528 918 25 21 dä
568 918 67 21 denna
656 919 101 22 etablerat
779 919 63 21 sädan

96 952 116 29 grundsats,
228 954 30 20 att
272 952 200 28 förlagsinteckning
486 952 41 21 kan
542 952 105 22 meddelas
663 952 32 22 för
704 952 84 29 vanliga
802 952 40 22 för-

97 987 149 28 sträckningar,
262 986 22 22 sä
298 986 39 21 har
351 986 121 28 härigenom
487 986 76 22 mellan
579 986 93 22 skrifven
686 988 34 27 lag
735 987 38 21 och
783 989 58 20 rätts-

96 1022 54 21 bruk
165 1033 28 3 —
208 1028 34 14 om
256 1028 49 14 man
327 1020 33 21 för
375 1023 74 26 antaga
471 1022 31 19 att
522 1020 139 21 förhällandet
683 1020 64 22 redan
762 1021 80 28 antagit

96 1055 126 22 karakteren
236 1055 23 21 af
272 1055 106 21 rättsbruk
393 1067 27 2 —
436 1056 77 27 öppnat
527 1055 31 28 sig
574 1062 26 13 en
610 1054 73 29 klyfta,
696 1062 50 19 som,
758 1055 84 21 betänk-

96 1089 29 28 lig
139 1089 7 21 i
162 1089 72 28 hvarje
249 1089 42 25 fall,
314 1089 76 21 mäste'
402 1096 60 14 anses
483 1097 49 13 vara
548 1089 35 21 det
602 1089 7 20 i
624 1093 27 17 än
665 1089 64 28 högre
743 1089 57 28 grad,
816 1089 26 21 dä

97 1124 34 21 det
145 1123 65 28 gäller
219 1122 158 29 lagstiftningen
387 1130 34 13 om
431 1123 102 21 krediten,
543 1122 88 22 hvilken
646 1122 86 22 framför
742 1123 37 22 allt
788 1123 53 22 kräf-

96 1165 37 14 ver
148 1158 97 21 säkerhet
259 1157 39 21 och
313 1156 137 22 bestämdhet.

164 1190 64 22 Hvad
244 1190 66 28 öfriga
331 1190 124 22 omtvistade
477 1190 101 28 spörsmål
592 1190 27 28 pä
633 1190 57 22 detta
711 1190 84 22 område
809 1191 32 21 be-

96 1224 77 26 träffar,
189 1224 23 21 så
226 1224 32 22 stå
272 1224 26 21 de
320 1232 45 12 mer
379 1224 50 21 eller
448 1224 81 21 mindre
544 1224 8 21 i
567 1224 150 28 sammanhang
738 1224 48 21 med
802 1224 39 21 den

96 1266 29 14 nu
140 1258 124 22 framhållna
279 1257 106 22 olikheten
400 1257 7 21 i
422 1259 62 21 sättet
506 1260 30 19 att
555 1257 94 29 uppfatta
664 1257 75 29 sjelfva
753 1256 89 24 hufvud-

96 1292 77 29 frågan.

164 1327 13 19 IT
186 1326 229 28 petitionsmemorialet
426 1325 119 21 framhälles
555 1328 31 18 att
596 1328 97 19 motsatta
702 1326 76 27 åsigter
787 1326 55 27 gjort

96 1360 31 28 sig
142 1360 96 28 gällande
252 1360 8 20 i
275 1359 57 28 fråga
347 1366 34 13 om
394 1359 73 21 hvilka
482 1360 53 27 slags
550 1359 143 28 inrättningar,
710 1367 44 13 som
769 1359 72 21 kunna

96 1393 66 22 blifva
177 1393 86 22 föremål
278 1393 32 21 för
323 1392 205 29 förlagsinteckning,
540 1393 38 21 och
588 1393 97 22 särskildt
695 1397 88 18 nämnas
792 1393 48 22 bok-

96 1427 115 30 tryckerier
226 1427 38 22 och
278 1427 127 28 litografiska
419 1427 104 22 anstalter.

164 1462 88 21 Erinrar
266 1470 49 13 man
331 1461 31 30 sig
383 1463 31 20 att
428 1461 72 29 dylika
521 1461 139 30 inrättningar
675 1461 66 30 aldrig
755 1461 84 24 räknats

165 1498 135 33 Lagutskottets
315 1495 110 26 betänkande
436 1502 37 19 N:o
487 1502 27 19 21.
