1039 1709
275 151 241 20 Petitionsbetänkande
528 150 38 20 N:o
578 150 32 23 20.
775 152 22 17 87

66 216 95 26 mening,
184 216 33 20 att
235 215 78 22 skolan
335 215 81 27 åligger
434 216 8 20 i
461 216 38 20 sitt
516 216 147 26 läroprogram
684 214 136 28 fullständigt

67 251 97 25 upptaga
182 249 43 21 alla
244 250 27 20 de
285 255 79 21 grenar
378 249 23 21 af
415 249 115 27 menskligt
544 249 98 27 vetande,
658 255 46 15 som
718 249 54 21 höra
786 249 34 21 till

70 283 131 27 grundvalen
219 283 34 21 för
268 283 150 27 vetenskaplig
439 283 102 27 bildning.
578 283 80 21 Skolan
680 282 34 22 får
735 282 84 22 således

68 318 70 26 enligt
152 318 33 20 sin
200 318 35 21 idé
249 318 47 21 icke
311 318 56 21 ifrån
382 318 38 20 sitt
434 318 147 26 läroprogram
591 317 95 21 utesluta
695 316 124 27 kunskapen

70 358 35 15 om
120 351 49 22 Gud
188 352 39 21 och
245 352 136 22 menniskans
395 352 135 21 förhållande
545 352 34 21 till
594 351 84 27 honom,
694 351 124 27 kunskapen

68 392 37 16 om
120 388 96 24 naturen,
236 386 125 27 kunskapen
380 392 34 15 om
432 386 200 27 menniskoslägtets
650 386 62 26 öden,
726 386 93 20 kunska-

68 427 43 21 pen
129 421 8 21 i
155 421 130 26 matematik,
303 420 195 28 spräkkunskapen,
516 420 60 22 såväl
594 421 41 21 den
652 420 107 22 klassiska
773 426 47 15 som

71 455 41 21 den
127 455 108 26 moderna,
251 455 90 22 emedan
355 455 43 21 alla
413 455 63 21 dessa
489 454 186 28 kunskapsämnen
688 454 51 28 ingä
749 454 69 22 säsom

67 489 123 27 väsentliga
207 489 163 22 beståndsdelar
387 489 8 21 i
413 489 131 27 grundvalen
562 489 34 21 för
610 488 141 22 humanistisk
765 488 54 22 bild-

70 524 57 26 ning.
157 524 33 21 En
205 524 176 26 ofullständighet
394 524 8 21 i
417 524 59 22 detta
489 524 121 22 hänseende
625 524 69 21 skulle
708 523 112 21 förorsaka

67 565 29 15 en
112 558 120 27 väsendtlig
251 558 60 26 brist,
331 564 26 14 en
375 558 55 21 brist
449 558 8 21 i
475 558 152 21 fundamentet.
656 557 80 21 Skolan
751 559 25 19 är
789 557 32 21 vi-

70 592 53 22 dare
137 592 47 22 icke
199 592 120 27 berättigad
335 594 32 20 att
380 592 93 22 förnämt
487 592 99 27 ignorera
595 592 178 21 förhållandena
765 588 12 36 i
784 592 36 20 det

71 627 56 27 land,
143 628 38 21 der
196 627 42 21 hon
250 627 86 21 verkar.
366 626 79 22 Skolan
460 626 55 22 skall
529 628 91 20 tvertom
633 626 45 27 just
691 626 33 21 till
735 626 53 26 följd
799 626 23 20 af

67 662 38 21 sin
123 662 35 21 idé
176 668 53 15 vara
250 661 109 26 nationell,
378 661 52 21 bära
449 661 88 27 pregeln
555 660 23 22 af
595 661 41 21 den
654 660 79 26 nation,
756 660 64 21 hvars

70 696 54 21 barn
139 696 42 21 hon
196 698 30 19 är.
248 696 48 21 Den
309 696 70 20 finska
394 696 74 21 skolan
483 695 53 22 eller
551 695 74 22 skolan
640 695 8 21 i
662 695 91 21 Finland
768 695 52 27 ålig-

71 737 41 20 gen
127 730 86 22 derföre
227 732 32 19 att
274 732 52 24 göra
341 730 32 27 sig
388 730 34 21 till
436 730 120 26 tjenarinna
577 729 34 22 för
633 730 26 21 de
674 730 68 26 begge
757 730 63 20 ilan-

69 765 39 21 det
123 765 133 21 existerande
272 764 97 28 språken.
398 764 51 22 Men
462 764 46 27 just
522 764 89 22 emedan
626 764 74 22 skolan
711 764 67 26 enligt
788 764 32 21 sin

70 806 55 20 egen
140 799 35 21 idé
189 798 40 22 har
240 799 37 21 till
291 799 33 21 sin
339 798 53 28 pligt
406 800 33 20 att
452 798 134 27 fullständigt
601 800 93 26 upptaga
704 798 43 21 alla
757 798 63 22 dessa

71 833 108 22 särskilda
197 833 116 22 elementer
331 833 39 21 och
385 833 70 21 lemna
470 834 48 20 dem
534 833 79 21 enhvar
628 832 98 28 behörigt
740 834 80 26 utrym-

71 874 41 21 me,
128 870 25 18 är
167 868 37 21 det
219 874 26 15 en
259 868 125 26 omöjlighet
398 868 34 20 för
446 868 75 21 skolan
536 869 32 20 att
582 867 98 21 meddela
694 867 126 27 fullständig

70 902 121 22 kännedom
207 902 6 21 i
229 902 66 27 något
309 902 55 21 enda
379 902 23 20 af
416 902 54 21 dem.
501 902 73 21 Skulle
590 908 28 14 nu
633 901 75 21 skolan
723 901 98 27 frivilligt

71 937 65 27 åtaga
157 936 33 27 sig
212 938 31 19 att
261 936 98 27 bibringa
378 936 46 21 sina
442 936 71 22 elever
531 942 26 16 en
576 936 127 27 skicklighet
721 936 39 21 och
778 936 43 20 för-

69 972 72 26 måga,
157 971 67 22 sådan
242 970 111 22 Utskottet
371 970 90 28 fordrar,
480 971 24 21 så
518 970 70 22 skulle
603 970 109 22 skammen
728 970 52 22 falla
794 970 28 27 på

72 1007 69 21 henne
157 1006 70 22 såsom
238 1012 26 15 en
280 1006 41 21 den
336 1006 38 21 der
388 1006 46 21 icke
442 1007 36 20 vet
488 1005 55 21 hvad
555 1005 42 21 hon
613 1004 79 22 förmår
708 1005 52 21 eller
775 1011 45 15 som

72 1041 71 21 lofvar
161 1047 46 15 mer
225 1042 27 20 än
266 1040 43 22 hon
323 1040 41 22 kan
379 1040 64 21 hålla.
472 1040 76 22 Denna
562 1039 60 22 skam
638 1039 55 22 skall
708 1039 46 22 icke
770 1039 51 22 falla

71 1076 30 26 på
115 1075 102 21 Finlands
240 1074 67 27 skola,
326 1074 100 22 eftersom
446 1074 42 22 hon
506 1080 76 21 genom
602 1074 32 21 sin
652 1074 169 26 representation

72 1112 26 19 är
116 1110 7 21 i
142 1109 85 22 tillfälle
246 1111 32 19 att
296 1109 69 21 uttala
382 1110 33 20 sin
434 1109 56 27 åsigt
507 1108 7 22 i
533 1108 72 22 saken.
638 1108 51 21 Will
707 1114 49 15 man
774 1108 48 22 der-

71 1146 60 20 emot
145 1144 74 27 tvinga
233 1144 82 26 skolan,
330 1144 38 21 vill
383 1150 49 14 man
448 1144 118 26 dekretera,
582 1144 32 20 att
628 1142 75 22 skolan
718 1142 56 21 skall
791 1142 31 22 bi-

72 1179 77 26 bringa
164 1178 47 21 sina
229 1178 72 22 elever
320 1178 131 22 obehindrad
469 1178 107 26 färdighet
590 1178 33 20 att
637 1177 8 21 i
659 1177 31 21 tal
704 1177 40 21 och
759 1176 64 22 skrift

73 1213 98 21 använda
193 1214 32 20 ett
246 1212 71 27 spräk,
340 1212 25 22 sä
385 1212 61 27 böjer
468 1212 32 26 sig
522 1212 75 20 skolan
614 1211 34 21 för
669 1211 153 27 magtspräket,

72 1254 51 14 men
138 1248 41 20 den
198 1247 82 21 lemnar
298 1247 47 21 icke
363 1247 82 26 osagdt,
460 1246 56 22 hvad
531 1247 31 20 ett
576 1245 77 22 sådant
668 1240 163 26 dekreterande.

74 1282 95 21 innebär.
198 1282 43 21 Det
259 1281 89 21 innebär
365 1281 8 21 i
391 1281 77 27 sjelfva
486 1280 75 22 verket
574 1280 110 26 ingenting
698 1279 82 21 mindre
796 1281 27 19 än

73 1316 48 22 dels
140 1318 31 19 ett
187 1315 140 22 väldförande
345 1315 24 22 af
381 1315 87 21 skolans
483 1315 41 27 idé,
540 1316 31 20 ett
586 1314 144 22 omstörtande
746 1313 24 21 af
782 1314 42 21 den

73 1350 90 26 princip,
178 1350 80 26 hvarpä
277 1349 75 21 skolan
371 1351 23 19 är
413 1349 39 21 och
467 1348 54 22 skall
536 1354 53 15 vara
603 1348 63 26 bygd,
682 1348 46 20 dels
743 1348 39 20 ock
798 1354 26 14 en

75 1384 94 25 fordran,
192 1385 32 19 att
245 1383 76 21 skolan
340 1383 54 21 skall
414 1384 52 25 göra
484 1382 36 21 det
538 1382 106 26 omöjliga.
673 1381 50 22 Men
742 1383 39 19 när
795 1388 29 14 nu

74 1418 39 21 det
127 1418 100 26 omöjliga
242 1418 47 21 icke
304 1417 77 21 blifver
398 1417 84 27 möjligt
497 1416 84 22 derföre
596 1417 32 21 att
642 1416 36 22 det
693 1415 130 27 dekreteras,

73 1453 42 21 och
130 1454 39 20 när
184 1452 74 22 skolan
274 1452 84 22 säledes
372 1452 47 21 icke
434 1452 96 22 kommer
544 1452 32 21 att
590 1450 130 28 förverkliga
736 1450 36 22 det
789 1450 36 22 de-

143 1493 96 17 Allmänna
252 1492 159 18 Besvärsutskottets
422 1492 104 17 betänkande
537 1491 35 17 N:o
585 1491 29 17 17.
