1042 1703
258 180 319 22 Petitionsbetänkande
589 182 54 21 N:o
662 182 43 20 19.
810 183 11 19 9

106 246 54 20 dade
176 246 124 20 konstnärer
316 254 73 19 genom
405 248 84 20 fortsatt
504 249 89 19 studium
605 249 24 19 af
643 249 104 20 utlandets
759 250 90 19 förnäm-

106 281 32 18 sta
153 280 114 20 konstverk
281 281 122 25 ytterligare
418 282 82 19 utbilda
514 283 37 25 sig.
575 282 39 19 Om
629 283 116 24 petitionen
767 283 6 19 i
791 282 60 26 fräga

106 313 69 21 skulle
190 314 70 26 åsyfta
275 314 55 20 hvad
353 321 45 13 som
412 315 6 19 i
434 316 92 25 egentlig
549 316 83 26 mening
648 316 67 20 kallas
738 322 26 13 en
779 316 71 20 konst-

106 347 104 25 akademi,
223 354 25 13 en
264 348 122 26 inrättning,
396 348 37 20 der
448 349 141 20 framstående
603 349 123 20 konstnärer
736 349 67 21 skulle
815 357 34 12 an-

106 381 73 20 ställas
194 387 44 14 som
254 381 136 20 akademiker
409 383 47 19 med
472 383 62 26 årligt
556 383 117 26 underhåll,
688 383 68 20 skulle
772 384 78 20 utskot-

109 417 29 18 tet
153 416 18 25 ej
190 415 81 20 kunnat
293 415 57 20 finna
372 418 70 23 annat,
458 419 25 16 än
500 418 31 18 att
550 416 100 27 förslaget
669 417 118 26 öfverstege
802 417 47 20 Fin-

108 449 60 20 lands
194 449 131 20 närvarande
351 449 111 26 tillgångar
486 452 55 17 samt
565 456 50 14 vore
640 450 49 27 föga
711 458 43 13 mer
776 454 25 16 än
825 458 25 13 em

107 483 169 26 framtidstanke;
307 490 46 13 men
377 484 27 19 dä
427 484 229 25 petitionsmemorialet
679 485 120 26 egentligen
821 486 30 19 af-

107 524 33 13 ser
163 517 128 20 inrättandet
313 517 23 19 af
356 523 25 14 en
400 517 131 27 konstskola,
546 518 84 20 hvilken
653 519 22 19 ät
689 525 100 20 personer
803 520 47 19 med

107 551 63 26 anlag
187 551 32 20 för
234 551 99 20 bildande
348 552 62 19 konst
425 552 39 19 och
480 552 67 19 musik
561 551 68 20 skulle
639 553 65 19 redan
714 553 7 18 i
732 553 120 20 hemlandet

108 585 88 26 erbjuda
211 584 84 20 tillfälle
310 585 31 18 till
360 585 106 20 vinnande
489 586 23 18 af
524 592 26 13 en
566 585 97 26 grundlig
679 586 38 19 och
734 587 118 25 mångsidig

106 619 166 26 underbyggnad
288 619 6 19 i
310 619 91 19 nämnda
420 619 189 26 kunskapsgrenar,
625 619 66 20 mäste
709 619 100 26 förslaget
824 621 27 24 pä

108 653 45 20 helt
168 654 64 19 annat
247 654 41 19 sätt
307 653 106 20 bedömas.
443 653 31 26 Ty
490 653 23 19 sä
528 653 62 26 länge
605 653 89 20 Finland
717 654 18 25 ej
752 659 49 20 eger
816 653 35 19 nä-

108 693 41 20 gon
171 687 121 25 inrättning,
308 686 37 20 der
366 687 65 25 nödig
453 687 90 25 tidigare
565 686 149 26 undervisning
736 687 6 19 i
762 687 91 19 nämnda

110 720 165 21 konstbrancher
290 721 43 19 stär
348 720 82 20 landets
447 720 49 20 barn
513 720 32 20 till
563 720 59 26 buds,
638 720 23 20 sä
677 720 62 26 länge
754 721 39 19 har
811 723 40 17 sta-

109 757 35 18 ten
159 756 18 25 ej
193 755 38 19 hos
246 761 34 13 oss
295 754 32 20 för
343 754 26 20 de
384 754 99 20 bildande
498 754 114 20 konsterna
627 754 39 20 och
682 754 94 20 musiken
791 756 62 24 gjort,

110 789 55 20 hvad
180 795 45 14 som
240 788 130 20 beträffande
392 788 66 20 andra
480 788 183 26 kunskapsgrenar
685 789 102 19 erkännes
804 795 49 13 vara

110 824 47 19 dess
172 822 122 27 skyldighet
309 824 30 18 att
361 825 56 23 göra.
455 822 45 20 Och
524 823 69 19 denna
615 822 155 20 uraktlätenhet
793 825 23 17 är
831 823 24 19 sä

110 857 85 27 mycket
214 863 43 13 mer
280 856 209 26 anmärkningsvärd,
504 856 28 20 dä
547 856 99 20 särskildt
667 857 106 19 musikens
788 856 66 20 sköna

112 892 62 19 konst
189 890 46 20 med
252 890 106 26 synnerlig
374 890 73 19 kärlek
468 890 98 20 omfattas
580 890 7 19 i
603 890 46 19 vårt
663 890 58 24 land,
736 890 23 19 så
774 892 31 18 att
820 891 35 19 det

111 926 31 18 till
158 925 39 20 och
212 924 48 20 med
276 924 22 19 af
312 924 96 20 enskilda
422 930 99 19 personer
533 924 22 19 år
573 924 52 19 1874
641 924 83 26 gjordes
739 926 30 18 ett
784 924 70 20 försök

111 959 32 20 till
167 958 154 26 uppehållande
344 958 23 19 af
386 964 26 14 en
434 958 64 19 sådan
522 958 148 23 konstanstalt,
691 958 85 19 hvilken
800 958 53 20 dock

111 993 48 21 icke
174 992 54 26 egde
243 991 88 21 bestånd
347 998 56 13 mera
418 994 26 16 än
460 991 65 27 några
541 991 105 20 månader.

178 1022 70 23 Äfven
264 1025 66 20 andra
344 1025 46 19 skäl
406 1025 44 19 tala
464 1025 32 20 för
512 1027 31 17 att
557 1026 68 19 staten
641 1025 29 20 uti
684 1025 58 20 detta
757 1025 98 20 afseende

112 1061 68 20 skulle
196 1060 52 20 söka
262 1059 87 26 utvidga
364 1059 31 19 sin
415 1059 133 20 verksamhet
570 1059 30 19 till
617 1059 80 20 förmån
713 1059 31 20 för
759 1059 96 20 konsten.

112 1095 109 25 Teckning
237 1093 38 20 och
292 1093 67 20 musik
375 1093 63 20 hafva
453 1094 30 19 ett
497 1093 81 26 ganska
600 1093 75 26 vigtigt
690 1100 44 12 rum
756 1093 30 19 uti
801 1093 54 20 läro-

112 1129 141 27 programmet
271 1127 32 20 för
318 1127 50 20 flere
388 1127 23 20 af
424 1127 46 19 vårt
484 1127 61 20 lands
563 1126 110 27 offentliga
687 1127 168 26 undervisnings-

113 1163 107 24 anstalter,
236 1161 40 21 och
292 1161 60 20 dessa
367 1161 121 20 läroämnen
504 1161 84 20 komma
607 1160 98 26 möjligen
721 1163 30 17 att
767 1160 88 20 framde-

112 1197 32 19 les
160 1196 63 19 vinna
238 1201 25 14 en
280 1194 55 20 ökad
352 1194 114 26 betydelse.
490 1194 103 20 Behofvet
608 1194 23 19 af
643 1194 78 25 nödiga
732 1193 123 20 lärarekraf-

114 1233 32 17 ter
160 1230 32 20 för
208 1229 60 19 dessa
291 1228 235 25 undervisningsämnen
549 1228 93 19 kommer
661 1230 30 16 att
707 1230 51 23 göra
773 1228 31 25 sig
819 1227 39 19 allt

114 1270 58 14 mera
187 1263 111 25 kännbart,
313 1262 40 20 och
368 1262 36 20 det
419 1264 23 16 är
457 1262 114 25 ingalunda
587 1262 77 26 troligt,
675 1263 30 18 att
721 1261 58 20 detta
794 1261 65 19 behof

114 1298 48 20 bäst
176 1296 40 21 blir
231 1296 55 26 fyldt
308 1302 75 19 genom
399 1295 112 20 utdelande
527 1295 23 20 af
563 1295 161 20 reseunderstöd
745 1295 20 19 ät
781 1295 76 23 elever,

114 1332 84 18 hvilkas
213 1330 95 25 förmåga
324 1336 46 12 man
386 1330 47 18 icke
452 1330 41 18 kan
511 1329 89 19 bedöma
623 1329 38 19 och
677 1335 44 13 som
737 1332 36 15 äro
789 1329 6 18 i
811 1328 46 19 sak-

115 1364 41 19 nad
172 1363 23 20 af
215 1362 77 25 nödiga
314 1362 157 24 förkunskaper.
501 1362 77 18 Likaså
593 1363 24 17 är
639 1362 34 18 det
689 1361 31 19 för
742 1361 116 19 församlin-

116 1403 65 21 garna
196 1398 30 19 ett
241 1395 106 26 oafvisligt
369 1395 64 20 behof
453 1397 30 17 att
504 1395 64 19 hafva
583 1394 104 26 skickliga
709 1394 151 26 orgelspelare;

117 1431 61 20 äfven
194 1431 7 19 i
216 1430 57 20 detta
296 1429 98 20 afseende
416 1429 38 20 har
469 1435 47 13 man
539 1429 74 19 hittills
636 1428 39 20 fått
697 1429 50 24 nöja
765 1428 31 25 sig
812 1428 47 19 med

117 1465 79 20 mindre
213 1463 97 27 anspräk,
320 1463 52 20 eller
386 1463 38 19 har
439 1469 47 13 man
502 1463 89 26 nödgats
607 1462 88 20 bekosta
707 1461 113 20 utländska
830 1468 31 13 re-

114 1505 34 14 sor
163 1498 32 20 för
211 1498 54 25 dem,
280 1503 45 14 som
339 1497 7 19 i
361 1497 75 19 sädant
451 1496 54 26 syfte
526 1496 75 21 önskat
617 1496 62 19 vinna
699 1495 114 26 nödtorftig
828 1498 31 17 ut-

184 1537 102 18 Allmänna
297 1536 184 18 Besvärs-utskottets
493 1535 112 18 betänkande
616 1535 36 18 N:o
664 1535 27 18 14.
