1059 1703
270 142 279 29 Pötitlönsbötknikande
562 143 49 27 Wd
619 144 41 26 25.
781 143 27 25 25

94 211 156 21 föranledaride
266 211 188 27 bestämmingatte
470 212 6 19 i
492 210 176 29 spräkresktiptet
684 212 23 20 af
720 210 41 21 den
774 211 11 21 1
795 211 43 21 Au-

95 245 53 27 gusti
172 241 56 25 1863
250 246 67 20 borde
332 246 85 25 ulbytas
433 248 43 18 mot
491 251 26 15 en
534 246 46 20 fullt
593 245 60 27 billig
668 247 55 19 samt
738 245 46 21 klar
799 246 39 20 och

94 279 110 27 otvetydig
221 279 36 27 låg
272 279 4 20 i
292 279 59 20 detta
368 279 65 20 redän
450 278 24 21 sä
489 278 95 28 ömtåligt
598 279 82 21 vordnä
696 281 70 18 ämne.
799 279 40 20 Till

94 313 51 26 följd
168 313 64 20 detaf
251 313 93 27 föreslog
356 314 39 26 jag
404 313 107 21 utskottet
526 315 29 19 att
570 313 29 21 HI!
616 313 126 21 konklusioh
759 314 32 21 för
806 313 34 21 sitt

93 347 139 21 betänkande
247 350 79 24 antaga
342 346 94 28 följande
452 346 120 22 uttalande:

230 384 31 24 ali
274 384 123 25 Ständerhå
413 386 61 22 mätte
487 386 133 30 pelitionera;
638 386 34 22 det
688 387 24 21 de
726 391 111 17 huvaran-

197 421 25 21 de
244 420 186 30 bestämmningarne
446 424 32 18 om
494 420 69 30 finska
579 421 37 22 och
632 420 89 22 svenska
736 420 103 30 språkens

197 455 138 29 bvegagnändö
358 455 36 21 vid
415 455 41 22 och
479 455 28 28 af
527 455 82 22 landets
625 455 126 22 embetsverk
766 455 72 25 borde,

197 489 69 23 såsom
285 490 97 22 varande
398 490 44 21 dels
458 489 104 30 otydliga,
579 489 44 23 dels
639 488 149 31 otillräckliga,
806 494 34 17 wt-

198 525 60 29 byias
281 527 43 19 imot
346 532 25 14 en
387 527 27 27 ny
431 524 27 28 af
470 526 72 26 regent
557 524 37 22 och
609 524 89 22 ständer
711 528 129 24 gemensamt

196 558 100 29 vidtagen
316 558 133 28 författning
465 563 44 17 som
524 558 66 22 skulle
606 558 64 22 träda
685 558 9 20 i
708 557 59 29 kraft
782 563 56 16 ome-

198 592 82 22 delbart
295 592 53 28 efter
363 592 47 22 déss
424 592 135 29 stadfästelse
576 592 37 22 och
629 592 9 21 i
651 591 125 30 hufvudsak
787 595 53 19 vara

198 627 28 28 af
236 627 100 29 följande
351 626 108 23 innekåll:

235 662 43 21 1:ö.
310 660 92 28 Skrifter
418 661 37 22 och
471 661 86 28 inlagor
572 660 29 28 af
612 660 56 22 hvad
681 660 47 29 slag
736 664 44 18 som
788 661 54 22 helst

197 696 34 21 mä
254 695 33 22 till
306 695 126 22 embetsverk
448 695 36 22 och
500 694 146 30 myndigheter
660 699 52 17 utan
728 694 112 29 undantag

196 730 26 27 få
244 730 105 22 inlemnas
368 730 30 29 pä
412 730 71 30 finska
499 730 50 21 eller
564 728 90 24 svenska
669 729 48 28 frit
730 729 55 28 efter
800 729 40 22 den

197 764 148 22 inlemnandes
362 764 74 29 behag.

230 800 52 21 20.
316 798 79 30 Hvarje
412 798 124 22 embetsverk
553 798 50 21 eller
618 797 123 30 myndighet
749 800 26 20 är
783 796 57 31 skyl-

199 834 37 29 dig
259 835 37 24 att,
314 834 24 21 sä
354 834 70 26 framt
436 833 43 21 icke
495 832 102 23 särskildt
613 832 139 22 annorlunda
768 833 74 22 ästun-

199 868 39 22 das
261 868 28 28 af
309 868 40 21 den
373 867 129 28 begärande,
520 867 22 21 ät
557 866 97 22 enskilda
670 867 84 28 utgifva
768 872 74 24 proio-

199 902 73 27 koller,
297 901 140 29 handlingär,
461 901 59 29 intyg
544 908 19 14 o.
588 908 16 14 s.
628 908 29 18 v.;
676 908 45 14 som
732 901 32 29 pä
780 901 61 22 dessa

198 936 50 22 verk
264 936 38 22 och
317 936 146 28 myndigheter
479 935 73 22 kunna
567 935 121 25 ankomma,
706 936 10 21 ä
727 935 34 22 det
768 935 73 29 språk,

197 970 89 22 svenska
302 968 51 24 eller
368 970 78 30 finska,
464 970 81 29 hvarpä
561 970 103 28 begäran,
681 966 121 33 skriftligen
812 970 29 21 el-

199 1003 31 24 ler
244 1004 132 29 Wiunillligen
392 1004 138 28 (rämställes.

233 1039 48 22 3:0.
320 1038 38 23 Vid
372 1039 123 28 skrifvelser
510 1039 125 22 embetsverk
651 1038 37 23 och
696 1038 147 29 myndigheter

198 1074 98 25 emellän,
321 1074 110 29 begagntt
446 1073 73 29 hvarje
532 1073 130 22 embetsverk
676 1073 51 22 eller
741 1073 101 29 myndig-

199 1109 33 21 het
247 1108 37 22 det
296 1108 73 29 språk;
386 1108 90 21 svenska
493 1107 49 22 eller
557 1107 77 30 finska,
647 1115 45 14 som
706 1107 34 22 det
747 1107 36 30 för
790 1108 51 28 godt

198 1143 80 30 finner;
293 1142 37 29 för
346 1143 24 20 de
385 1142 109 22 särskilda
510 1141 162 22 embetsverkens
688 1142 38 21 och
742 1141 100 32 myndig-

198 1177 98 21 heteriiäs
319 1176 46 22 inre
388 1175 155 30 anteckningar
567 1176 109 29 begagnas
689 1176 36 21 det
741 1177 27 26 af
780 1176 63 29 sprä-

199 1211 47 25 ken,
266 1217 44 16 som
326 1211 40 21 dön
382 1210 124 22 beslutande
521 1210 57 22 inom
594 1209 70 22 verket
679 1211 50 20 eller
744 1210 99 29 myndig-

200 1245 58 22 heten
276 1245 130 22 bestämmer.

234 1280 48 21 4:0.
315 1279 50 22 Alla
388 1274 111 27 allmänna
524 1278 144 29 kunyörelset;
691 1277 152 30 tillkännagif-

199 1314 93 24 vänden,
317 1313 75 29 anslag
410 1320 26 15 öd.
461 1321 16 14 s.
494 1320 28 20 v.,
540 1317 43 18 som
598 1312 102 28 utfärdas
712 1312 32 29 uf
756 1313 88 22 embdelts-

200 1347 56 24 verk,
273 1347 123 28 myndighet
411 1347 51 21 eller
477 1347 133 24 embetsman,
624 1346 40 21 bör
676 1346 101 27 utfärdas
786 1353 58 15 sam-

200 1381 63 30 tidigt
276 1381 56 22 både
346 1380 30 30 pä
390 1381 71 29 finska
477 1381 37 21 och
529 1380 96 21 svenska.

234 1418 30 20 dit
283 1416 121 22 Ständerna
420 1415 74 22 vidare
510 1415 62 21 mälle
589 1414 89 22 anhålla
694 1414 38 22 hos
747 1414 96 28 vegerin-

200 1457 39 22 gen
254 1454 32 19 att
301 1450 53 29 efter
369 1449 97 22 nämnda
481 1449 141 29 förfäitrinys
637 1448 135 29 Wtfärdande
786 1455 56 23 noga

166 1497 98 18 Allmänna
277 1491 175 23 Besdrsutykottöta
459 1490 117 23 -detänkande
592 1494 32 18 Nv
638 1488 32 25 18.
685 1496 17 7 '*
