1042 1706
262 148 23 17 24
448 144 239 21 Petitionsbetänkande
699 144 38 19 N:o
749 144 34 18 20.

239 204 33 18 lor.
295 204 42 17 Men
352 204 28 16 att
393 203 54 17 hafva
461 202 31 18 två
503 202 138 18 lärdomsskolor
653 202 7 17 i
672 206 23 12 en
705 200 41 19 stad
757 200 40 18 med
809 200 55 23 något
878 200 48 18 öfver
937 200 52 20 3,000

240 231 107 19 innevånare
362 231 33 17 och
410 230 78 18 deremot
502 231 53 22 ingen
569 230 7 17 i
591 235 21 12 en
624 230 41 17 stad
676 229 40 18 med
733 228 48 18 öfver
793 229 86 20 11-tusen,
897 228 6 17 i
915 228 73 18 hvilken

240 260 52 18 äfven
303 260 83 22 föröfrigt
393 259 135 18 förhållandena
535 258 28 19 för
571 264 22 12 en
601 258 51 18 skola
660 260 30 16 äro
699 262 126 19 gynsammare,
834 262 41 12 vore
883 257 30 17 väl
921 256 67 18 mindre

240 289 112 18 välbetänkt.

310 317 27 18 På
354 317 129 19 ofvannämnde
501 317 39 17 skäl
554 316 55 23 vågar
622 315 32 23 jag
669 315 101 23 ödmjukast
785 314 101 22 hemställa,
901 314 88 18 huruvida

240 347 39 17 icke
290 346 110 24 högvördiga
412 345 141 22 Prestaståndet,
565 350 37 13 som
613 344 56 18 under
681 343 124 19 århundraden
815 343 64 18 vårdat
887 343 28 23 sig
923 348 28 13 om
959 343 30 17 det

240 375 69 18 Finska
320 374 65 19 folkets
397 374 111 24 uppfostran,
520 374 51 18 äfven
583 379 24 12 nu
619 373 42 17 ville
673 373 54 23 åtaga
739 372 28 22 sig
779 372 57 18 denna
844 372 32 18 sak
885 372 34 18 och
927 377 62 17 genom

241 409 22 12 en
274 402 111 24 underdånig
396 402 132 23 framställning
539 402 76 18 utverka
626 401 65 23 nådigt
701 401 53 18 bifall
766 400 60 18 dertill
839 401 28 17 att

310 451 22 16 ett
341 449 115 23 fullständigt
471 449 64 22 lyceum
551 449 37 17 med
599 448 69 23 finskan
679 447 28 17 till
718 447 185 22 undervisningsspråk
913 447 37 17 med
961 447 28 16 det

310 480 78 15 enaraste
399 478 51 17 måtte
464 477 83 22 anläggas
559 478 8 16 i
580 477 113 21 Tammerfors
705 476 42 17 stad.

310 517 56 18 Anser
380 517 110 23 högvördiga
502 516 135 19 Prestaståndet
649 515 49 18 detta
710 515 67 23 förslag
789 520 42 13 vara
843 514 20 18 af
874 514 34 18 den
919 514 70 18 beskaf-

241 545 66 21 fenhet,
322 547 28 16 att
365 545 31 18 det
411 545 55 18 borde
478 545 20 18 af
509 545 75 18 allmänt
595 545 71 17 utskott
676 543 105 20 behandlas,
793 543 20 17 så
825 542 81 19 anhåller
916 542 32 23 jag
960 542 30 19 öd-

240 573 84 23 mjukast,
343 574 27 17 att
386 573 21 18 de
423 573 57 23 öfriga
494 573 75 18 stånden
584 573 56 17 måtte
655 572 83 23 inbjudas
753 571 30 18 till
795 571 107 23 deltagande
914 571 6 17 i
933 571 58 18 denna

241 602 83 22 petition.
348 602 41 17 Men
407 601 58 18 skulle
483 602 110 23 högvördiga
608 601 75 18 ståndet
696 600 16 23 ej
729 606 42 12 anse
786 600 54 18 saken
855 599 92 19 föranleda
961 600 30 18 till

241 630 57 18 sådan
312 629 70 24 åtgärd,
400 630 20 17 så
434 630 75 18 utbeder
521 630 32 23 jag
567 630 42 23 mig,
622 630 28 17 att
663 629 71 18 ståndet
745 629 56 18 måtte
813 630 67 21 antaga
891 629 99 23 petitionen

242 658 58 19 såsom
312 659 33 17 sin.

310 687 116 24 Helsingfors,
439 687 35 18 den
486 689 11 17 2
508 687 86 18 Februari
606 688 49 18 1877.

760 715 21 18 A.
795 716 17 17 O.
825 716 96 17 Törnudd.*

418 768 54 18 ”Till
487 768 123 23 Välloflige
624 767 193 24 Borgareständet.

310 797 34 18 Att
358 797 46 18 intet
415 797 7 17 i
434 797 20 18 sä
465 797 36 23 hög
512 797 45 23 grad
568 796 91 19 befordrar
677 797 26 17 ett
715 796 47 18 folks
773 796 162 19 framåtskridande
947 797 6 18 i
965 797 27 18 in-

242 825 102 18 tellektuelt
358 825 81 18 afseende
454 831 38 12 som
506 825 47 24 goda
567 825 66 22 skolor,
649 827 19 16 är
683 826 44 17 utan
738 825 63 18 tvifvel
812 830 22 13 en
847 825 19 18 af
877 825 36 18 alla
925 825 66 19 erkänd

243 854 81 23 sanning.
348 854 37 18 Vill
397 860 41 12 man
453 854 68 19 derföre
532 855 77 22 kraftigt
623 854 82 18 befordra
720 854 65 18 folkets
798 854 73 23 andliga
882 855 109 23 utveckling,

241 883 33 18 bör
285 888 41 13 man
338 888 19 12 se
368 883 35 21 till,
415 884 28 17 att
454 883 31 18 det
496 888 40 18 eger
547 884 28 17 ett
585 883 108 22 tillräckligt
701 883 50 18 anta]
759 883 36 17 lätt
802 883 116 24 tillgängliga
926 884 65 21 skolor,

241 911 95 24 placerade
352 911 25 23 pä
394 912 52 21 orter,
465 912 31 17 der
513 911 119 19 folktätheten
650 913 20 16 är
684 912 55 17 störst
755 911 32 18 och
803 911 189 20 lefnadskostnaderne

241 939 93 24 möjligast
347 939 69 24 billiga,
432 941 33 18 och
480 941 61 18 hvilka
557 940 6 17 i
579 940 54 23 öfrigt
648 942 30 16 äro
694 940 95 23 afpassade
801 940 44 19 efter
857 941 33 18 den
902 941 89 18 landsorts

242 969 58 20 behof,
316 969 48 18 inom
375 969 73 18 hvilken
461 969 21 18 de
494 969 58 18 verka.
576 969 41 18 Med
629 969 112 18 tacksamhet
752 969 32 18 bör
796 969 93 22 erkännas,
901 971 28 16 att
941 970 51 18 dessa

242 997 152 24 omständigheter
407 997 19 19 af
436 998 70 18 landets
518 997 74 24 styrelse
604 998 83 23 vanligen
698 997 61 19 blifvit
770 997 94 19 beaktade.

310 1026 39 17 Den
363 1026 39 18 med
418 1027 71 22 ovanlig
504 1026 92 23 hastighet
609 1026 109 23 tilltagande
733 1026 126 23 folkmängden
871 1027 33 18 och
916 1027 31 18 det
958 1027 34 18 allt

241 1060 49 13 mera
307 1054 99 23 trängande
421 1054 91 23 bildnings
526 1055 88 21 behofvet,
629 1055 70 17 hvilket
713 1055 83 18 bemälda
811 1055 73 22 styrelse
901 1055 92 24 välvilligt

241 1083 42 22 gick
297 1083 30 17 till
338 1084 61 20 mötes,
411 1083 76 18 beredde
499 1083 52 18 äfven
562 1083 117 18 Tammerfors
691 1083 41 18 stad
744 1083 34 18 den
790 1083 111 24 ovärderliga
913 1083 79 19 fördelen

242 1111 20 18 af
274 1116 22 13 en
308 1111 55 22 högre
374 1111 156 18 elementarskolas
539 1111 105 23 placerande
652 1111 96 18 derstädes.
771 1111 63 18 Denna
842 1112 51 18 skola
901 1112 90 23 öppnades

242 1139 34 18 den
289 1140 10 17 1
312 1139 102 23 September
427 1140 45 18 1860
483 1139 39 18 med
534 1141 22 18 41
569 1140 62 18 elever.
655 1139 62 18 Redan
725 1140 128 18 höstterminen
862 1141 44 18 1863
914 1141 78 22 uppgick

241 1167 69 18 antalet
318 1168 57 17 elever
382 1167 30 18 till
420 1168 28 20 82,
457 1168 127 18 höstterminen
593 1169 46 18 1868
646 1168 30 17 till
685 1169 33 18 105
727 1169 32 17 och
766 1167 75 19 derefter
847 1168 59 23 aldrig
912 1169 30 17 till
948 1170 43 17 min-

242 1195 31 18 dre
286 1197 22 16 än
322 1197 38 20 100,
373 1197 46 16 samt
431 1195 128 19 höstterminen
571 1197 43 18 1871
628 1196 29 18 till
666 1198 39 17 118.
723 1197 53 17 Emot
784 1197 90 18 elevernas
881 1197 111 23 uppförande

241 1229 32 13 var
285 1223 167 24 öfverhufvudtaget
464 1224 46 18 intet
521 1225 28 17 att
557 1225 100 18 anmärkas.
680 1225 43 18 Man
732 1225 46 18 hade
786 1225 68 18 således
863 1225 25 18 all
897 1226 95 23 anledning

242 1252 28 17 att
283 1253 34 19 tro,
336 1251 30 18 det
380 1252 69 20 skolan,
467 1252 30 17 vid
515 1253 72 17 hvilken
604 1253 135 22 befolkningens
751 1253 70 22 hjertan
833 1253 40 18 med
885 1254 62 17 kärlek
959 1254 33 18 och

241 1279 101 18 förtroende
360 1285 42 12 voro
416 1279 76 22 fästade,
508 1280 69 18 ostördt
592 1280 57 18 skulle
664 1280 19 18 fä
697 1281 86 18 fortsätta
798 1281 33 18 sitt
845 1281 148 23 välsignelserika

242 1307 65 18 arbete.
331 1307 55 23 Ingen
401 1307 60 18 kunde
472 1313 40 16 ana,
525 1309 28 16 att
564 1314 21 12 en
597 1309 64 17 talrikt
673 1309 123 23 fregventerad
808 1310 56 20 skola,
877 1309 31 19 der
923 1315 21 13 en
956 1311 36 22 god

242 1336 47 19 anda
301 1336 20 18 af
330 1336 28 18 flit
370 1336 33 18 och
415 1336 76 23 ordning
503 1342 30 12 var
545 1337 84 21 rådande,
641 1337 58 18 skulle
710 1337 55 18 hafva
776 1337 56 24 något
843 1339 29 18 att
883 1339 74 18 frukta
947 1332 11 33 i
967 1339 25 18 af-

242 1366 63 18 seende
320 1365 10 18 å
345 1365 40 18 dess
400 1365 82 22 existens;
497 1366 72 18 fastmer
584 1366 92 23 hoppades
691 1372 46 16 man,
753 1368 28 17 att
796 1367 57 19 denna
865 1367 51 19 skola
928 1368 63 22 skulle,

241 1394 55 18 sedan
311 1394 34 18 den
360 1395 70 17 bevisat
444 1394 28 18 sin
487 1394 103 25 duglighet,
600 1395 83 23 utvidgas
699 1395 30 18 till
741 1397 26 16 ett
778 1396 115 23 fullständigt
904 1397 87 18 läroverk.

241 1424 39 19 Men
296 1423 40 19 med
351 1429 40 18 sorg
406 1424 33 17 och
454 1423 111 24 bestörtning
580 1424 55 18 erfors
647 1425 41 18 kort
699 1425 38 18 före
747 1425 138 18 höstterminens
897 1425 63 24 början
972 1427 20 18 år

242 1453 49 21 1873,
307 1453 28 18 att
347 1453 63 18 skolan
422 1453 63 22 genast
497 1453 75 18 derefter
584 1453 57 18 skulle
654 1453 110 24 smäningom
776 1454 89 23 indragas,
878 1455 33 18 och
923 1461 21 12 en
956 1455 35 23 fyr-

307 1488 95 18 Allmänna
413 1488 161 19 Besvärsutskottets
585 1489 104 19 betänkande
701 1489 35 17 N:o
749 1489 29 18 17.
