<?xml version="1.0" encoding="UTF-8"?>
<alto xmlns="http://www.loc.gov/standards/alto/ns-v3#" xmlns:xlink="http://www.w3.org/1999/xlink" xmlns:xsi="http://www.w3.org/2001/XMLSchema-instance" xsi:schemaLocation="http://www.loc.gov/standards/alto/ns-v3# http://www.loc.gov/alto/v3/alto-3-0.xsd">
	<Description>
		<MeasurementUnit>pixel</MeasurementUnit>
		<sourceImageInformation>
			<fileName>/tmp/tess_hpqb6_mm_input.PNG</fileName>
		</sourceImageInformation>
		<OCRProcessing ID="OCR_0">
			<ocrProcessingStep>
				<processingSoftware>
					<softwareName>tesseract 5.3.4</softwareName>
				</processingSoftware>
			</ocrProcessingStep>
		</OCRProcessing>
	</Description>
	<Layout>
		<Page WIDTH="1050" HEIGHT="1714" PHYSICAL_IMG_NR="0" ID="page_0">
			<PrintSpace HPOS="0" VPOS="0" WIDTH="1050" HEIGHT="1714">
				<ComposedBlock ID="cblock_0" HPOS="295" VPOS="143" WIDTH="518" HEIGHT="22">
					<TextBlock ID="block_0" HPOS="295" VPOS="143" WIDTH="518" HEIGHT="22">
						<TextLine ID="line_0" HPOS="295" VPOS="143" WIDTH="518" HEIGHT="22">
							<String ID="string_0" HPOS="295" VPOS="143" WIDTH="240" HEIGHT="21" WC="0.91" CONTENT="Petitionsbetänkande"/><SP WIDTH="11" VPOS="143" HPOS="535"/>
							<String ID="string_1" HPOS="546" VPOS="143" WIDTH="37" HEIGHT="20" WC="0.95" CONTENT="N:o"/><SP WIDTH="12" VPOS="143" HPOS="583"/>
							<String ID="string_2" HPOS="595" VPOS="145" WIDTH="31" HEIGHT="19" WC="0.95" CONTENT="23."/><SP WIDTH="166" VPOS="145" HPOS="626"/>
							<String ID="string_3" HPOS="792" VPOS="147" WIDTH="21" HEIGHT="18" WC="0.96" CONTENT="19"/>
						</TextLine>
					</TextBlock>
				</ComposedBlock>
				<ComposedBlock ID="cblock_1" HPOS="90" VPOS="209" WIDTH="748" HEIGHT="617">
					<TextBlock ID="block_1" HPOS="91" VPOS="209" WIDTH="746" HEIGHT="98">
						<TextLine ID="line_1" HPOS="91" VPOS="209" WIDTH="745" HEIGHT="29">
							<String ID="string_4" HPOS="91" VPOS="209" WIDTH="61" HEIGHT="23" WC="0.92" CONTENT="mark"/><SP WIDTH="29" VPOS="209" HPOS="152"/>
							<String ID="string_5" HPOS="181" VPOS="209" WIDTH="73" HEIGHT="28" WC="0.89" CONTENT="belöpt"/><SP WIDTH="29" VPOS="209" HPOS="254"/>
							<String ID="string_6" HPOS="283" VPOS="210" WIDTH="32" HEIGHT="28" WC="0.95" CONTENT="sig"/><SP WIDTH="26" VPOS="210" HPOS="315"/>
							<String ID="string_7" HPOS="341" VPOS="209" WIDTH="28" HEIGHT="28" WC="0.91" CONTENT="på"/><SP WIDTH="25" VPOS="209" HPOS="369"/>
							<String ID="string_8" HPOS="394" VPOS="210" WIDTH="135" HEIGHT="28" WC="0.91" CONTENT="skogsalster,"/><SP WIDTH="29" VPOS="210" HPOS="529"/>
							<String ID="string_9" HPOS="558" VPOS="210" WIDTH="71" HEIGHT="22" WC="0.92" CONTENT="hvilka"/><SP WIDTH="33" VPOS="210" HPOS="629"/>
							<String ID="string_10" HPOS="662" VPOS="210" WIDTH="74" HEIGHT="27" WC="0.93" CONTENT="blifvit,"/><SP WIDTH="30" VPOS="210" HPOS="736"/>
							<String ID="string_11" HPOS="766" VPOS="210" WIDTH="70" HEIGHT="23" WC="0.95" CONTENT="såsom"/>
						</TextLine>
						<TextLine ID="line_2" HPOS="91" VPOS="244" WIDTH="746" HEIGHT="30">
							<String ID="string_12" HPOS="91" VPOS="244" WIDTH="66" HEIGHT="22" WC="0.96" CONTENT="kändt"/><SP WIDTH="15" VPOS="244" HPOS="157"/>
							<String ID="string_13" HPOS="172" VPOS="246" WIDTH="31" HEIGHT="24" WC="0.96" CONTENT="är,"/><SP WIDTH="15" VPOS="246" HPOS="203"/>
							<String ID="string_14" HPOS="218" VPOS="244" WIDTH="175" HEIGHT="28" WC="0.96" CONTENT="hufvudsakligen"/><SP WIDTH="16" VPOS="244" HPOS="393"/>
							<String ID="string_15" HPOS="409" VPOS="252" WIDTH="75" HEIGHT="20" WC="0.95" CONTENT="genom"/><SP WIDTH="15" VPOS="252" HPOS="484"/>
							<String ID="string_16" HPOS="499" VPOS="245" WIDTH="99" HEIGHT="29" WC="0.93" CONTENT="flottning"/><SP WIDTH="10" VPOS="245" HPOS="598"/>
							<String ID="string_17" HPOS="608" VPOS="245" WIDTH="150" HEIGHT="23" WC="0.91" CONTENT="framskaffade"/><SP WIDTH="11" VPOS="245" HPOS="758"/>
							<String ID="string_18" HPOS="769" VPOS="246" WIDTH="32" HEIGHT="22" WC="0.96" CONTENT="till"/><SP WIDTH="11" VPOS="246" HPOS="801"/>
							<String ID="string_19" HPOS="812" VPOS="246" WIDTH="25" HEIGHT="22" WC="0.96" CONTENT="de"/>
						</TextLine>
						<TextLine ID="line_3" HPOS="91" VPOS="278" WIDTH="364" HEIGHT="29">
							<String ID="string_20" HPOS="91" VPOS="279" WIDTH="56" HEIGHT="22" WC="0.96" CONTENT="invid"/><SP WIDTH="15" VPOS="279" HPOS="147"/>
							<String ID="string_21" HPOS="162" VPOS="279" WIDTH="75" HEIGHT="22" WC="0.96" CONTENT="staden"/><SP WIDTH="16" VPOS="279" HPOS="237"/>
							<String ID="string_22" HPOS="253" VPOS="279" WIDTH="92" HEIGHT="28" WC="0.93" CONTENT="anlagda"/><SP WIDTH="15" VPOS="279" HPOS="345"/>
							<String ID="string_23" HPOS="360" VPOS="278" WIDTH="95" HEIGHT="29" WC="0.89" CONTENT="sågarne."/>
						</TextLine>
					</TextBlock>
					<TextBlock ID="block_2" HPOS="91" VPOS="314" WIDTH="746" HEIGHT="133">
						<TextLine ID="line_4" HPOS="158" VPOS="314" WIDTH="678" HEIGHT="29">
							<String ID="string_24" HPOS="158" VPOS="314" WIDTH="62" HEIGHT="22" WC="0.96" CONTENT="Hvad"/><SP WIDTH="18" VPOS="314" HPOS="220"/>
							<String ID="string_25" HPOS="238" VPOS="314" WIDTH="168" HEIGHT="28" WC="0.95" CONTENT="persontrafiken"/><SP WIDTH="15" VPOS="314" HPOS="406"/>
							<String ID="string_26" HPOS="421" VPOS="314" WIDTH="109" HEIGHT="26" WC="0.96" CONTENT="beträffar,"/><SP WIDTH="15" VPOS="314" HPOS="530"/>
							<String ID="string_27" HPOS="545" VPOS="314" WIDTH="25" HEIGHT="22" WC="0.96" CONTENT="så"/><SP WIDTH="14" VPOS="314" HPOS="570"/>
							<String ID="string_28" HPOS="584" VPOS="314" WIDTH="67" HEIGHT="22" WC="0.96" CONTENT="borde"/><SP WIDTH="14" VPOS="314" HPOS="651"/>
							<String ID="string_29" HPOS="665" VPOS="314" WIDTH="41" HEIGHT="23" WC="0.96" CONTENT="den"/><SP WIDTH="15" VPOS="314" HPOS="706"/>
							<String ID="string_30" HPOS="721" VPOS="315" WIDTH="65" HEIGHT="28" WC="0.92" CONTENT="enligt"/><SP WIDTH="14" VPOS="315" HPOS="786"/>
							<String ID="string_31" HPOS="800" VPOS="322" WIDTH="36" HEIGHT="21" WC="0.92" CONTENT="pe-"/>
						</TextLine>
						<TextLine ID="line_5" HPOS="91" VPOS="348" WIDTH="746" HEIGHT="29">
							<String ID="string_32" HPOS="91" VPOS="349" WIDTH="108" HEIGHT="23" WC="0.92" CONTENT="tionärens"/><SP WIDTH="19" VPOS="349" HPOS="199"/>
							<String ID="string_33" HPOS="218" VPOS="348" WIDTH="118" HEIGHT="29" WC="0.96" CONTENT="beräkning"/><SP WIDTH="18" VPOS="348" HPOS="336"/>
							<String ID="string_34" HPOS="354" VPOS="349" WIDTH="70" HEIGHT="21" WC="0.96" CONTENT="lemna"/><SP WIDTH="19" VPOS="349" HPOS="424"/>
							<String ID="string_35" HPOS="443" VPOS="356" WIDTH="25" HEIGHT="15" WC="0.93" CONTENT="en"/><SP WIDTH="18" VPOS="356" HPOS="468"/>
							<String ID="string_36" HPOS="486" VPOS="349" WIDTH="165" HEIGHT="23" WC="0.91" CONTENT="bruttoinkomst"/><SP WIDTH="18" VPOS="349" HPOS="651"/>
							<String ID="string_37" HPOS="669" VPOS="350" WIDTH="24" HEIGHT="21" WC="0.96" CONTENT="af"/><SP WIDTH="13" VPOS="350" HPOS="693"/>
							<String ID="string_38" HPOS="706" VPOS="350" WIDTH="53" HEIGHT="20" WC="0.96" CONTENT="2621"/><SP WIDTH="17" VPOS="350" HPOS="759"/>
							<String ID="string_39" HPOS="776" VPOS="350" WIDTH="61" HEIGHT="22" WC="0.96" CONTENT="mark"/>
						</TextLine>
						<TextLine ID="line_6" HPOS="91" VPOS="382" WIDTH="746" HEIGHT="31">
							<String ID="string_40" HPOS="91" VPOS="385" WIDTH="33" HEIGHT="21" WC="0.96" CONTENT="för"/><SP WIDTH="15" VPOS="385" HPOS="124"/>
							<String ID="string_41" HPOS="139" VPOS="384" WIDTH="73" HEIGHT="28" WC="0.92" CONTENT="hvarje"/><SP WIDTH="15" VPOS="384" HPOS="212"/>
							<String ID="string_42" HPOS="227" VPOS="386" WIDTH="62" HEIGHT="24" WC="0.92" CONTENT="verst,"/><SP WIDTH="10" VPOS="386" HPOS="289"/>
							<String ID="string_43" HPOS="299" VPOS="382" WIDTH="27" HEIGHT="23" WC="0.93" CONTENT="då"/><SP WIDTH="15" VPOS="382" HPOS="326"/>
							<String ID="string_44" HPOS="341" VPOS="384" WIDTH="94" HEIGHT="22" WC="0.92" CONTENT="deremot"/><SP WIDTH="15" VPOS="384" HPOS="435"/>
							<String ID="string_45" HPOS="450" VPOS="386" WIDTH="31" HEIGHT="20" WC="0.96" CONTENT="ett"/><SP WIDTH="14" VPOS="386" HPOS="481"/>
							<String ID="string_46" HPOS="495" VPOS="384" WIDTH="44" HEIGHT="22" WC="0.96" CONTENT="lika"/><SP WIDTH="14" VPOS="384" HPOS="539"/>
							<String ID="string_47" HPOS="553" VPOS="383" WIDTH="60" HEIGHT="29" WC="0.96" CONTENT="långt"/><SP WIDTH="14" VPOS="383" HPOS="613"/>
							<String ID="string_48" HPOS="627" VPOS="384" WIDTH="71" HEIGHT="28" WC="0.96" CONTENT="stycke"/><SP WIDTH="10" VPOS="384" HPOS="698"/>
							<String ID="string_49" HPOS="708" VPOS="384" WIDTH="24" HEIGHT="22" WC="0.93" CONTENT="af"/><SP WIDTH="8" VPOS="384" HPOS="732"/>
							<String ID="string_50" HPOS="740" VPOS="384" WIDTH="97" HEIGHT="29" WC="0.92" CONTENT="Helsing-"/>
						</TextLine>
						<TextLine ID="line_7" HPOS="91" VPOS="418" WIDTH="709" HEIGHT="29">
							<String ID="string_51" HPOS="91" VPOS="418" WIDTH="362" HEIGHT="29" WC="0.84" CONTENT="fors—Tavastehus—Petersburg"/><SP WIDTH="14" VPOS="418" HPOS="453"/>
							<String ID="string_52" HPOS="467" VPOS="419" WIDTH="72" HEIGHT="22" WC="0.93" CONTENT="banan"/><SP WIDTH="15" VPOS="419" HPOS="539"/>
							<String ID="string_53" HPOS="554" VPOS="419" WIDTH="94" HEIGHT="21" WC="0.93" CONTENT="afkastat"/><SP WIDTH="15" VPOS="419" HPOS="648"/>
							<String ID="string_54" HPOS="663" VPOS="420" WIDTH="55" HEIGHT="20" WC="0.96" CONTENT="4930"/><SP WIDTH="15" VPOS="420" HPOS="718"/>
							<String ID="string_55" HPOS="733" VPOS="420" WIDTH="67" HEIGHT="21" WC="0.96" CONTENT="mark."/>
						</TextLine>
					</TextBlock>
					<TextBlock ID="block_3" HPOS="90" VPOS="453" WIDTH="748" HEIGHT="238">
						<TextLine ID="line_8" HPOS="158" VPOS="453" WIDTH="679" HEIGHT="26">
							<String ID="string_56" HPOS="158" VPOS="454" WIDTH="75" HEIGHT="22" WC="0.96" CONTENT="Ehuru"/><SP WIDTH="14" VPOS="454" HPOS="233"/>
							<String ID="string_57" HPOS="247" VPOS="454" WIDTH="109" HEIGHT="22" WC="0.96" CONTENT="Utskottet"/><SP WIDTH="15" VPOS="454" HPOS="356"/>
							<String ID="string_58" HPOS="371" VPOS="461" WIDTH="62" HEIGHT="15" WC="0.96" CONTENT="anser"/><SP WIDTH="15" VPOS="461" HPOS="433"/>
							<String ID="string_59" HPOS="448" VPOS="455" WIDTH="31" HEIGHT="21" WC="0.96" CONTENT="att"/><SP WIDTH="15" VPOS="455" HPOS="479"/>
							<String ID="string_60" HPOS="494" VPOS="461" WIDTH="26" HEIGHT="14" WC="0.96" CONTENT="en"/><SP WIDTH="15" VPOS="461" HPOS="520"/>
							<String ID="string_61" HPOS="535" VPOS="454" WIDTH="62" HEIGHT="25" WC="0.96" CONTENT="bana,"/><SP WIDTH="15" VPOS="454" HPOS="597"/>
							<String ID="string_62" HPOS="612" VPOS="461" WIDTH="45" HEIGHT="15" WC="0.96" CONTENT="som"/><SP WIDTH="11" VPOS="461" HPOS="657"/>
							<String ID="string_63" HPOS="668" VPOS="454" WIDTH="67" HEIGHT="22" WC="0.95" CONTENT="skulle"/><SP WIDTH="10" VPOS="454" HPOS="735"/>
							<String ID="string_64" HPOS="745" VPOS="453" WIDTH="56" HEIGHT="23" WC="0.96" CONTENT="ifrån"/><SP WIDTH="10" VPOS="453" HPOS="801"/>
							<String ID="string_65" HPOS="811" VPOS="454" WIDTH="26" HEIGHT="22" WC="0.96" CONTENT="de"/>
						</TextLine>
						<TextLine ID="line_9" HPOS="90" VPOS="488" WIDTH="747" HEIGHT="29">
							<String ID="string_66" HPOS="90" VPOS="489" WIDTH="66" HEIGHT="22" WC="0.96" CONTENT="redan"/><SP WIDTH="15" VPOS="489" HPOS="156"/>
							<String ID="string_67" HPOS="171" VPOS="488" WIDTH="94" HEIGHT="28" WC="0.93" CONTENT="anlagda"/><SP WIDTH="10" VPOS="488" HPOS="265"/>
							<String ID="string_68" HPOS="275" VPOS="489" WIDTH="144" HEIGHT="27" WC="0.91" CONTENT="jernvägarne"/><SP WIDTH="14" VPOS="489" HPOS="419"/>
							<String ID="string_69" HPOS="433" VPOS="488" WIDTH="58" HEIGHT="22" WC="0.96" CONTENT="ledas"/><SP WIDTH="15" VPOS="488" HPOS="491"/>
							<String ID="string_70" HPOS="506" VPOS="488" WIDTH="32" HEIGHT="22" WC="0.96" CONTENT="till"/><SP WIDTH="15" VPOS="488" HPOS="538"/>
							<String ID="string_71" HPOS="553" VPOS="488" WIDTH="137" HEIGHT="29" WC="0.96" CONTENT="Björneborg,"/><SP WIDTH="16" VPOS="488" HPOS="690"/>
							<String ID="string_72" HPOS="706" VPOS="489" WIDTH="84" HEIGHT="21" WC="0.95" CONTENT="komme"/><SP WIDTH="15" VPOS="489" HPOS="790"/>
							<String ID="string_73" HPOS="805" VPOS="491" WIDTH="32" HEIGHT="19" WC="0.95" CONTENT="att"/>
						</TextLine>
						<TextLine ID="line_10" HPOS="91" VPOS="522" WIDTH="746" HEIGHT="30">
							<String ID="string_74" HPOS="91" VPOS="531" WIDTH="70" HEIGHT="21" WC="0.95" CONTENT="gagna"/><SP WIDTH="15" VPOS="531" HPOS="161"/>
							<String ID="string_75" HPOS="176" VPOS="524" WIDTH="75" HEIGHT="21" WC="0.96" CONTENT="staden"/><SP WIDTH="19" VPOS="524" HPOS="251"/>
							<String ID="string_76" HPOS="270" VPOS="524" WIDTH="40" HEIGHT="21" WC="0.96" CONTENT="och"/><SP WIDTH="14" VPOS="524" HPOS="310"/>
							<String ID="string_77" HPOS="324" VPOS="522" WIDTH="130" HEIGHT="27" WC="0.95" CONTENT="landsorten,"/><SP WIDTH="15" VPOS="522" HPOS="454"/>
							<String ID="string_78" HPOS="469" VPOS="522" WIDTH="24" HEIGHT="23" WC="0.96" CONTENT="så"/><SP WIDTH="15" VPOS="522" HPOS="493"/>
							<String ID="string_79" HPOS="508" VPOS="522" WIDTH="67" HEIGHT="22" WC="0.96" CONTENT="finner"/><SP WIDTH="15" VPOS="522" HPOS="575"/>
							<String ID="string_80" HPOS="590" VPOS="523" WIDTH="108" HEIGHT="22" WC="0.96" CONTENT="Utskottet"/><SP WIDTH="14" VPOS="523" HPOS="698"/>
							<String ID="string_81" HPOS="712" VPOS="523" WIDTH="64" HEIGHT="22" WC="0.96" CONTENT="likväl"/><SP WIDTH="15" VPOS="523" HPOS="776"/>
							<String ID="string_82" HPOS="791" VPOS="524" WIDTH="46" HEIGHT="21" WC="0.96" CONTENT="icke"/>
						</TextLine>
						<TextLine ID="line_11" HPOS="92" VPOS="557" WIDTH="746" HEIGHT="30">
							<String ID="string_83" HPOS="92" VPOS="559" WIDTH="129" HEIGHT="28" WC="0.96" CONTENT="tillräckliga"/><SP WIDTH="18" VPOS="559" HPOS="221"/>
							<String ID="string_84" HPOS="239" VPOS="559" WIDTH="53" HEIGHT="26" WC="0.96" CONTENT="skäl,"/><SP WIDTH="16" VPOS="559" HPOS="292"/>
							<String ID="string_85" HPOS="308" VPOS="566" WIDTH="45" HEIGHT="14" WC="0.96" CONTENT="som"/><SP WIDTH="15" VPOS="566" HPOS="353"/>
							<String ID="string_86" HPOS="368" VPOS="558" WIDTH="70" HEIGHT="22" WC="0.96" CONTENT="kunde"/><SP WIDTH="18" VPOS="558" HPOS="438"/>
							<String ID="string_87" HPOS="456" VPOS="558" WIDTH="111" HEIGHT="22" WC="0.96" CONTENT="föranleda"/><SP WIDTH="14" VPOS="558" HPOS="567"/>
							<String ID="string_88" HPOS="581" VPOS="560" WIDTH="69" HEIGHT="20" WC="0.96" CONTENT="staten"/><SP WIDTH="15" VPOS="560" HPOS="650"/>
							<String ID="string_89" HPOS="665" VPOS="560" WIDTH="31" HEIGHT="20" WC="0.96" CONTENT="att"/><SP WIDTH="15" VPOS="560" HPOS="696"/>
							<String ID="string_90" HPOS="711" VPOS="557" WIDTH="127" HEIGHT="23" WC="0.96" CONTENT="åtminstone"/>
						</TextLine>
						<TextLine ID="line_12" HPOS="91" VPOS="592" WIDTH="746" HEIGHT="30">
							<String ID="string_91" HPOS="91" VPOS="594" WIDTH="34" HEIGHT="22" WC="0.96" CONTENT="för"/><SP WIDTH="14" VPOS="594" HPOS="125"/>
							<String ID="string_92" HPOS="139" VPOS="594" WIDTH="134" HEIGHT="22" WC="0.96" CONTENT="närvarande"/><SP WIDTH="13" VPOS="594" HPOS="273"/>
							<String ID="string_93" HPOS="286" VPOS="592" WIDTH="45" HEIGHT="24" WC="0.96" CONTENT="låta"/><SP WIDTH="10" VPOS="592" HPOS="331"/>
							<String ID="string_94" HPOS="341" VPOS="593" WIDTH="71" HEIGHT="29" WC="0.96" CONTENT="bygga"/><SP WIDTH="10" VPOS="593" HPOS="412"/>
							<String ID="string_95" HPOS="422" VPOS="593" WIDTH="51" HEIGHT="23" WC="0.96" CONTENT="eller"/><SP WIDTH="10" VPOS="593" HPOS="473"/>
							<String ID="string_96" HPOS="483" VPOS="600" WIDTH="76" HEIGHT="21" WC="0.95" CONTENT="genom"/><SP WIDTH="10" VPOS="600" HPOS="559"/>
							<String ID="string_97" HPOS="569" VPOS="592" WIDTH="71" HEIGHT="30" WC="0.95" CONTENT="någon"/><SP WIDTH="11" VPOS="592" HPOS="640"/>
							<String ID="string_98" HPOS="651" VPOS="594" WIDTH="124" HEIGHT="21" WC="0.96" CONTENT="subvention"/><SP WIDTH="11" VPOS="594" HPOS="775"/>
							<String ID="string_99" HPOS="786" VPOS="594" WIDTH="51" HEIGHT="22" WC="0.95" CONTENT="eller"/>
						</TextLine>
						<TextLine ID="line_13" HPOS="90" VPOS="628" WIDTH="746" HEIGHT="28">
							<String ID="string_100" HPOS="90" VPOS="629" WIDTH="147" HEIGHT="27" WC="0.91" CONTENT="räntegaranti"/><SP WIDTH="17" VPOS="629" HPOS="237"/>
							<String ID="string_101" HPOS="254" VPOS="628" WIDTH="106" HEIGHT="28" WC="0.96" CONTENT="befrämja"/><SP WIDTH="10" VPOS="628" HPOS="360"/>
							<String ID="string_102" HPOS="370" VPOS="628" WIDTH="155" HEIGHT="28" WC="0.96" CONTENT="anläggningen"/><SP WIDTH="10" VPOS="628" HPOS="525"/>
							<String ID="string_103" HPOS="535" VPOS="628" WIDTH="24" HEIGHT="22" WC="0.97" CONTENT="af"/><SP WIDTH="9" VPOS="628" HPOS="559"/>
							<String ID="string_104" HPOS="568" VPOS="628" WIDTH="40" HEIGHT="22" WC="0.96" CONTENT="den"/><SP WIDTH="10" VPOS="628" HPOS="608"/>
							<String ID="string_105" HPOS="618" VPOS="628" WIDTH="5" HEIGHT="21" WC="0.89" CONTENT="i"/><SP WIDTH="10" VPOS="628" HPOS="623"/>
							<String ID="string_106" HPOS="633" VPOS="628" WIDTH="61" HEIGHT="28" WC="0.68" CONTENT="fråga"/><SP WIDTH="7" VPOS="628" HPOS="694"/>
							<String ID="string_107" HPOS="701" VPOS="630" WIDTH="57" HEIGHT="20" WC="0.96" CONTENT="satta"/><SP WIDTH="7" VPOS="630" HPOS="758"/>
							<String ID="string_108" HPOS="765" VPOS="628" WIDTH="71" HEIGHT="23" WC="0.96" CONTENT="banan"/>
						</TextLine>
						<TextLine ID="line_14" HPOS="91" VPOS="662" WIDTH="540" HEIGHT="29">
							<String ID="string_109" HPOS="91" VPOS="664" WIDTH="109" HEIGHT="23" WC="0.96" CONTENT="Utskottet"/><SP WIDTH="15" VPOS="664" HPOS="200"/>
							<String ID="string_110" HPOS="215" VPOS="662" WIDTH="33" HEIGHT="24" WC="0.93" CONTENT="får"/><SP WIDTH="14" VPOS="662" HPOS="248"/>
							<String ID="string_111" HPOS="262" VPOS="662" WIDTH="145" HEIGHT="29" WC="0.91" CONTENT="följakteligen"/><SP WIDTH="15" VPOS="662" HPOS="407"/>
							<String ID="string_112" HPOS="422" VPOS="663" WIDTH="107" HEIGHT="21" WC="0.92" CONTENT="vördsamt"/><SP WIDTH="14" VPOS="663" HPOS="529"/>
							<String ID="string_113" HPOS="543" VPOS="662" WIDTH="88" HEIGHT="23" WC="0.96" CONTENT="föreslå:"/>
						</TextLine>
					</TextBlock>
					<TextBlock ID="block_4" HPOS="260" VPOS="698" WIDTH="575" HEIGHT="128">
						<TextLine ID="line_15" HPOS="330" VPOS="698" WIDTH="505" HEIGHT="28">
							<String ID="string_114" HPOS="330" VPOS="700" WIDTH="30" HEIGHT="20" WC="0.79" CONTENT="att"/><SP WIDTH="21" VPOS="700" HPOS="360"/>
							<String ID="string_115" HPOS="381" VPOS="698" WIDTH="197" HEIGHT="28" WC="0.79" CONTENT="petitionsförslaget"/><SP WIDTH="24" VPOS="698" HPOS="578"/>
							<String ID="string_116" HPOS="602" VPOS="698" WIDTH="105" HEIGHT="28" WC="0.93" CONTENT="angående"/><SP WIDTH="21" VPOS="698" HPOS="707"/>
							<String ID="string_117" HPOS="728" VPOS="698" WIDTH="107" HEIGHT="28" WC="0.91" CONTENT="ifrågava-"/>
						</TextLine>
						<TextLine ID="line_16" HPOS="261" VPOS="732" WIDTH="574" HEIGHT="28">
							<String ID="string_118" HPOS="261" VPOS="734" WIDTH="65" HEIGHT="21" WC="0.82" CONTENT="ramde"/><SP WIDTH="10" VPOS="734" HPOS="326"/>
							<String ID="string_119" HPOS="336" VPOS="733" WIDTH="90" HEIGHT="27" WC="0.91" CONTENT="jernväg"/><SP WIDTH="18" VPOS="733" HPOS="426"/>
							<String ID="string_120" HPOS="444" VPOS="732" WIDTH="85" HEIGHT="22" WC="0.96" CONTENT="emellan"/><SP WIDTH="13" VPOS="732" HPOS="529"/>
							<String ID="string_121" HPOS="542" VPOS="732" WIDTH="143" HEIGHT="27" WC="0.96" CONTENT="Tammerfors"/><SP WIDTH="11" VPOS="732" HPOS="685"/>
							<String ID="string_122" HPOS="696" VPOS="733" WIDTH="37" HEIGHT="21" WC="0.93" CONTENT="och"/><SP WIDTH="11" VPOS="733" HPOS="733"/>
							<String ID="string_123" HPOS="744" VPOS="732" WIDTH="91" HEIGHT="28" WC="0.91" CONTENT="Björne-"/>
						</TextLine>
						<TextLine ID="line_17" HPOS="260" VPOS="767" WIDTH="574" HEIGHT="29">
							<String ID="string_124" HPOS="260" VPOS="769" WIDTH="50" HEIGHT="27" WC="0.96" CONTENT="borg"/><SP WIDTH="14" VPOS="769" HPOS="310"/>
							<String ID="string_125" HPOS="324" VPOS="767" WIDTH="43" HEIGHT="23" WC="0.95" CONTENT="icke"/><SP WIDTH="14" VPOS="767" HPOS="367"/>
							<String ID="string_126" HPOS="381" VPOS="768" WIDTH="36" HEIGHT="21" WC="0.97" CONTENT="må"/><SP WIDTH="14" VPOS="768" HPOS="417"/>
							<String ID="string_127" HPOS="431" VPOS="768" WIDTH="32" HEIGHT="21" WC="0.96" CONTENT="till"/><SP WIDTH="14" VPOS="768" HPOS="463"/>
							<String ID="string_128" HPOS="477" VPOS="768" WIDTH="69" HEIGHT="28" WC="0.93" CONTENT="någon"/><SP WIDTH="14" VPOS="768" HPOS="546"/>
							<String ID="string_129" HPOS="560" VPOS="767" WIDTH="130" HEIGHT="23" WC="0.91" CONTENT="Ständernas"/><SP WIDTH="11" VPOS="767" HPOS="690"/>
							<String ID="string_130" HPOS="701" VPOS="768" WIDTH="78" HEIGHT="28" WC="0.93" CONTENT="åtgärd"/><SP WIDTH="10" VPOS="768" HPOS="779"/>
							<String ID="string_131" HPOS="789" VPOS="768" WIDTH="45" HEIGHT="28" WC="0.92" CONTENT="för-"/>
						</TextLine>
						<TextLine ID="line_18" HPOS="261" VPOS="803" WIDTH="78" HEIGHT="23">
							<String ID="string_132" HPOS="261" VPOS="803" WIDTH="78" HEIGHT="23" WC="0.92" CONTENT="anleda."/>
						</TextLine>
					</TextBlock>
				</ComposedBlock>
				<ComposedBlock ID="cblock_2" HPOS="439" VPOS="944" WIDTH="49" HEIGHT="27">
					<TextBlock ID="block_5" HPOS="439" VPOS="944" WIDTH="49" HEIGHT="27">
						<TextLine ID="line_19" HPOS="439" VPOS="944" WIDTH="49" HEIGHT="27">
							<String ID="string_133" HPOS="439" VPOS="944" WIDTH="49" HEIGHT="27" WC="0.84" CONTENT="111."/>
						</TextLine>
					</TextBlock>
				</ComposedBlock>
				<ComposedBlock ID="cblock_3" HPOS="90" VPOS="1012" WIDTH="746" HEIGHT="520">
					<TextBlock ID="block_6" HPOS="90" VPOS="1012" WIDTH="746" HEIGHT="415">
						<TextLine ID="line_20" HPOS="158" VPOS="1012" WIDTH="678" HEIGHT="31">
							<String ID="string_134" HPOS="158" VPOS="1016" WIDTH="62" HEIGHT="21" WC="0.91" CONTENT="Hvad"/><SP WIDTH="8" VPOS="1016" HPOS="220"/>
							<String ID="string_135" HPOS="228" VPOS="1015" WIDTH="116" HEIGHT="28" WC="0.92" CONTENT="petitionen"/><SP WIDTH="9" VPOS="1015" HPOS="344"/>
							<String ID="string_136" HPOS="353" VPOS="1012" WIDTH="109" HEIGHT="30" WC="0.92" CONTENT="angäende"/><SP WIDTH="9" VPOS="1012" HPOS="462"/>
							<String ID="string_137" HPOS="471" VPOS="1020" WIDTH="25" HEIGHT="14" WC="0.93" CONTENT="en"/><SP WIDTH="5" VPOS="1020" HPOS="496"/>
							<String ID="string_138" HPOS="501" VPOS="1012" WIDTH="230" HEIGHT="28" WC="0.90" CONTENT="jernvägsförbindelse"/><SP WIDTH="16" VPOS="1012" HPOS="731"/>
							<String ID="string_139" HPOS="747" VPOS="1012" WIDTH="89" HEIGHT="22" WC="0.92" CONTENT="emellan"/>
						</TextLine>
						<TextLine ID="line_21" HPOS="90" VPOS="1046" WIDTH="745" HEIGHT="30">
							<String ID="string_140" HPOS="90" VPOS="1050" WIDTH="176" HEIGHT="23" WC="0.92" CONTENT="Willmanstrand"/><SP WIDTH="19" VPOS="1050" HPOS="266"/>
							<String ID="string_141" HPOS="285" VPOS="1049" WIDTH="39" HEIGHT="23" WC="0.95" CONTENT="och"/><SP WIDTH="19" VPOS="1049" HPOS="324"/>
							<String ID="string_142" HPOS="343" VPOS="1048" WIDTH="81" HEIGHT="22" WC="0.93" CONTENT="Simola"/><SP WIDTH="11" VPOS="1048" HPOS="424"/>
							<String ID="string_143" HPOS="435" VPOS="1047" WIDTH="180" HEIGHT="29" WC="0.92" CONTENT="jernvägsstation"/><SP WIDTH="14" VPOS="1047" HPOS="615"/>
							<String ID="string_144" HPOS="629" VPOS="1047" WIDTH="110" HEIGHT="27" WC="0.91" CONTENT="beträffar,"/><SP WIDTH="15" VPOS="1047" HPOS="739"/>
							<String ID="string_145" HPOS="754" VPOS="1046" WIDTH="25" HEIGHT="23" WC="0.93" CONTENT="sä"/><SP WIDTH="14" VPOS="1046" HPOS="779"/>
							<String ID="string_146" HPOS="793" VPOS="1047" WIDTH="42" HEIGHT="22" WC="0.92" CONTENT="för-"/>
						</TextLine>
						<TextLine ID="line_22" HPOS="90" VPOS="1082" WIDTH="745" HEIGHT="32">
							<String ID="string_147" HPOS="90" VPOS="1086" WIDTH="70" HEIGHT="28" WC="0.91" CONTENT="tjenar"/><SP WIDTH="21" VPOS="1086" HPOS="160"/>
							<String ID="string_148" HPOS="181" VPOS="1085" WIDTH="205" HEIGHT="29" WC="0.91" CONTENT="uppmärksammas,"/><SP WIDTH="23" VPOS="1085" HPOS="386"/>
							<String ID="string_149" HPOS="409" VPOS="1085" WIDTH="32" HEIGHT="20" WC="0.96" CONTENT="att"/><SP WIDTH="18" VPOS="1085" HPOS="441"/>
							<String ID="string_150" HPOS="459" VPOS="1082" WIDTH="41" HEIGHT="23" WC="0.96" CONTENT="den"/><SP WIDTH="17" VPOS="1082" HPOS="500"/>
							<String ID="string_151" HPOS="517" VPOS="1082" WIDTH="64" HEIGHT="22" WC="0.93" CONTENT="södra"/><SP WIDTH="14" VPOS="1082" HPOS="581"/>
							<String ID="string_152" HPOS="595" VPOS="1082" WIDTH="116" HEIGHT="28" WC="0.93" CONTENT="jernvägen"/><SP WIDTH="18" VPOS="1082" HPOS="711"/>
							<String ID="string_153" HPOS="729" VPOS="1082" WIDTH="47" HEIGHT="22" WC="0.92" CONTENT="icke"/><SP WIDTH="17" VPOS="1082" HPOS="776"/>
							<String ID="string_154" HPOS="793" VPOS="1082" WIDTH="42" HEIGHT="22" WC="0.97" CONTENT="kan"/>
						</TextLine>
						<TextLine ID="line_23" HPOS="90" VPOS="1116" WIDTH="745" HEIGHT="33">
							<String ID="string_155" HPOS="90" VPOS="1123" WIDTH="97" HEIGHT="26" WC="0.93" CONTENT="upptaga"/><SP WIDTH="18" VPOS="1123" HPOS="187"/>
							<String ID="string_156" HPOS="205" VPOS="1120" WIDTH="40" HEIGHT="22" WC="0.93" CONTENT="och"/><SP WIDTH="14" VPOS="1120" HPOS="245"/>
							<String ID="string_157" HPOS="259" VPOS="1119" WIDTH="106" HEIGHT="23" WC="0.92" CONTENT="förmedla"/><SP WIDTH="14" VPOS="1119" HPOS="365"/>
							<String ID="string_158" HPOS="379" VPOS="1118" WIDTH="89" HEIGHT="22" WC="0.91" CONTENT="trafiken"/><SP WIDTH="15" VPOS="1118" HPOS="468"/>
							<String ID="string_159" HPOS="483" VPOS="1117" WIDTH="29" HEIGHT="29" WC="0.93" CONTENT="pä"/><SP WIDTH="15" VPOS="1117" HPOS="512"/>
							<String ID="string_160" HPOS="527" VPOS="1117" WIDTH="95" HEIGHT="22" WC="0.93" CONTENT="Saimens"/><SP WIDTH="15" VPOS="1117" HPOS="622"/>
							<String ID="string_161" HPOS="637" VPOS="1118" WIDTH="58" HEIGHT="21" WC="0.96" CONTENT="stora"/><SP WIDTH="14" VPOS="1118" HPOS="695"/>
							<String ID="string_162" HPOS="709" VPOS="1116" WIDTH="126" HEIGHT="29" WC="0.96" CONTENT="vattendrag"/>
						</TextLine>
						<TextLine ID="line_24" HPOS="92" VPOS="1152" WIDTH="743" HEIGHT="30">
							<String ID="string_163" HPOS="92" VPOS="1154" WIDTH="134" HEIGHT="23" WC="0.92" CONTENT="annorlunda"/><SP WIDTH="14" VPOS="1154" HPOS="226"/>
							<String ID="string_164" HPOS="240" VPOS="1155" WIDTH="27" HEIGHT="21" WC="0.96" CONTENT="än"/><SP WIDTH="16" VPOS="1155" HPOS="267"/>
							<String ID="string_165" HPOS="283" VPOS="1161" WIDTH="75" HEIGHT="21" WC="0.93" CONTENT="genom"/><SP WIDTH="15" VPOS="1161" HPOS="358"/>
							<String ID="string_166" HPOS="373" VPOS="1153" WIDTH="70" HEIGHT="28" WC="0.92" CONTENT="vanlig"/><SP WIDTH="15" VPOS="1153" HPOS="443"/>
							<String ID="string_167" HPOS="458" VPOS="1154" WIDTH="109" HEIGHT="26" WC="0.96" CONTENT="transport"/><SP WIDTH="14" VPOS="1154" HPOS="567"/>
							<String ID="string_168" HPOS="581" VPOS="1152" WIDTH="32" HEIGHT="21" WC="0.92" CONTENT="till"/><SP WIDTH="12" VPOS="1152" HPOS="613"/>
							<String ID="string_169" HPOS="625" VPOS="1152" WIDTH="60" HEIGHT="22" WC="0.92" CONTENT="lands"/><SP WIDTH="11" VPOS="1152" HPOS="685"/>
							<String ID="string_170" HPOS="696" VPOS="1152" WIDTH="52" HEIGHT="22" WC="0.96" CONTENT="eller"/><SP WIDTH="11" VPOS="1152" HPOS="748"/>
							<String ID="string_171" HPOS="759" VPOS="1159" WIDTH="76" HEIGHT="21" WC="0.96" CONTENT="genom"/>
						</TextLine>
						<TextLine ID="line_25" HPOS="92" VPOS="1186" WIDTH="743" HEIGHT="31">
							<String ID="string_172" HPOS="92" VPOS="1190" WIDTH="142" HEIGHT="26" WC="0.92" CONTENT="Saimakanal,"/><SP WIDTH="19" VPOS="1190" HPOS="234"/>
							<String ID="string_173" HPOS="253" VPOS="1189" WIDTH="64" HEIGHT="22" WC="0.96" CONTENT="hvars"/><SP WIDTH="18" VPOS="1189" HPOS="317"/>
							<String ID="string_174" HPOS="335" VPOS="1188" WIDTH="78" HEIGHT="29" WC="0.96" CONTENT="många"/><SP WIDTH="18" VPOS="1188" HPOS="413"/>
							<String ID="string_175" HPOS="431" VPOS="1188" WIDTH="79" HEIGHT="21" WC="0.96" CONTENT="slussar"/><SP WIDTH="15" VPOS="1188" HPOS="510"/>
							<String ID="string_176" HPOS="525" VPOS="1189" WIDTH="52" HEIGHT="27" WC="0.93" CONTENT="göra"/><SP WIDTH="14" VPOS="1189" HPOS="577"/>
							<String ID="string_177" HPOS="591" VPOS="1186" WIDTH="94" HEIGHT="23" WC="0.96" CONTENT="rörelsen"/><SP WIDTH="15" VPOS="1186" HPOS="685"/>
							<String ID="string_178" HPOS="700" VPOS="1186" WIDTH="71" HEIGHT="23" WC="0.93" CONTENT="alltför"/><SP WIDTH="15" VPOS="1186" HPOS="771"/>
							<String ID="string_179" HPOS="786" VPOS="1186" WIDTH="49" HEIGHT="23" WC="0.93" CONTENT="obe-"/>
						</TextLine>
						<TextLine ID="line_26" HPOS="92" VPOS="1221" WIDTH="743" HEIGHT="32">
							<String ID="string_180" HPOS="92" VPOS="1227" WIDTH="62" HEIGHT="26" WC="0.89" CONTENT="qväm"/><SP WIDTH="19" VPOS="1227" HPOS="154"/>
							<String ID="string_181" HPOS="173" VPOS="1225" WIDTH="40" HEIGHT="22" WC="0.96" CONTENT="och"/><SP WIDTH="17" VPOS="1225" HPOS="213"/>
							<String ID="string_182" HPOS="230" VPOS="1223" WIDTH="103" HEIGHT="29" WC="0.96" CONTENT="långsam."/><SP WIDTH="33" VPOS="1223" HPOS="333"/>
							<String ID="string_183" HPOS="366" VPOS="1223" WIDTH="49" HEIGHT="22" WC="0.93" CONTENT="Med"/><SP WIDTH="18" VPOS="1223" HPOS="415"/>
							<String ID="string_184" HPOS="433" VPOS="1223" WIDTH="85" HEIGHT="27" WC="0.91" CONTENT="hänsigt"/><SP WIDTH="17" VPOS="1223" HPOS="518"/>
							<String ID="string_185" HPOS="535" VPOS="1222" WIDTH="33" HEIGHT="21" WC="0.96" CONTENT="till"/><SP WIDTH="18" VPOS="1222" HPOS="568"/>
							<String ID="string_186" HPOS="586" VPOS="1221" WIDTH="67" HEIGHT="22" WC="0.96" CONTENT="sådan"/><SP WIDTH="13" VPOS="1221" HPOS="653"/>
							<String ID="string_187" HPOS="666" VPOS="1222" WIDTH="169" HEIGHT="28" WC="0.96" CONTENT="godstransport,"/>
						</TextLine>
						<TextLine ID="line_27" HPOS="92" VPOS="1257" WIDTH="743" HEIGHT="30">
							<String ID="string_188" HPOS="92" VPOS="1267" WIDTH="45" HEIGHT="15" WC="0.96" CONTENT="som"/><SP WIDTH="18" VPOS="1267" HPOS="137"/>
							<String ID="string_189" HPOS="155" VPOS="1267" WIDTH="50" HEIGHT="20" WC="0.96" CONTENT="eger"/><SP WIDTH="18" VPOS="1267" HPOS="205"/>
							<String ID="string_190" HPOS="223" VPOS="1266" WIDTH="47" HEIGHT="14" WC="0.96" CONTENT="rum"/><SP WIDTH="19" VPOS="1266" HPOS="270"/>
							<String ID="string_191" HPOS="289" VPOS="1258" WIDTH="89" HEIGHT="22" WC="0.93" CONTENT="emellan"/><SP WIDTH="18" VPOS="1258" HPOS="378"/>
							<String ID="string_192" HPOS="396" VPOS="1257" WIDTH="109" HEIGHT="29" WC="0.92" CONTENT="bygderna"/><SP WIDTH="14" VPOS="1257" HPOS="505"/>
							<String ID="string_193" HPOS="519" VPOS="1257" WIDTH="62" HEIGHT="28" WC="0.93" CONTENT="kring"/><SP WIDTH="16" VPOS="1257" HPOS="581"/>
							<String ID="string_194" HPOS="597" VPOS="1257" WIDTH="84" HEIGHT="22" WC="0.92" CONTENT="Saimen"/><SP WIDTH="15" VPOS="1257" HPOS="681"/>
							<String ID="string_195" HPOS="696" VPOS="1257" WIDTH="40" HEIGHT="22" WC="0.96" CONTENT="och"/><SP WIDTH="15" VPOS="1257" HPOS="736"/>
							<String ID="string_196" HPOS="751" VPOS="1257" WIDTH="26" HEIGHT="21" WC="0.93" CONTENT="de"/><SP WIDTH="14" VPOS="1257" HPOS="777"/>
							<String ID="string_197" HPOS="791" VPOS="1264" WIDTH="44" HEIGHT="15" WC="0.92" CONTENT="ves-"/>
						</TextLine>
						<TextLine ID="line_28" HPOS="92" VPOS="1291" WIDTH="743" HEIGHT="29">
							<String ID="string_198" HPOS="92" VPOS="1297" WIDTH="69" HEIGHT="20" WC="0.92" CONTENT="terom"/><SP WIDTH="14" VPOS="1297" HPOS="161"/>
							<String ID="string_199" HPOS="175" VPOS="1293" WIDTH="177" HEIGHT="23" WC="0.91" CONTENT="Willmanstrand"/><SP WIDTH="13" VPOS="1293" HPOS="352"/>
							<String ID="string_200" HPOS="365" VPOS="1293" WIDTH="92" HEIGHT="27" WC="0.93" CONTENT="belägna"/><SP WIDTH="15" VPOS="1293" HPOS="457"/>
							<String ID="string_201" HPOS="472" VPOS="1292" WIDTH="85" HEIGHT="22" WC="0.91" CONTENT="delarne"/><SP WIDTH="15" VPOS="1292" HPOS="557"/>
							<String ID="string_202" HPOS="572" VPOS="1292" WIDTH="24" HEIGHT="21" WC="0.96" CONTENT="af"/><SP WIDTH="11" VPOS="1292" HPOS="596"/>
							<String ID="string_203" HPOS="607" VPOS="1291" WIDTH="78" HEIGHT="27" WC="0.96" CONTENT="landet,"/><SP WIDTH="16" VPOS="1291" HPOS="685"/>
							<String ID="string_204" HPOS="701" VPOS="1294" WIDTH="56" HEIGHT="19" WC="0.95" CONTENT="samt"/><SP WIDTH="14" VPOS="1294" HPOS="757"/>
							<String ID="string_205" HPOS="771" VPOS="1292" WIDTH="7" HEIGHT="20" WC="0.88" CONTENT="i"/><SP WIDTH="10" VPOS="1292" HPOS="778"/>
							<String ID="string_206" HPOS="788" VPOS="1299" WIDTH="47" HEIGHT="21" WC="0.88" CONTENT="syn-"/>
						</TextLine>
						<TextLine ID="line_29" HPOS="92" VPOS="1326" WIDTH="744" HEIGHT="28">
							<String ID="string_207" HPOS="92" VPOS="1330" WIDTH="76" HEIGHT="21" WC="0.91" CONTENT="nerhet"/><SP WIDTH="15" VPOS="1330" HPOS="168"/>
							<String ID="string_208" HPOS="183" VPOS="1329" WIDTH="48" HEIGHT="21" WC="0.93" CONTENT="med"/><SP WIDTH="14" VPOS="1329" HPOS="231"/>
							<String ID="string_209" HPOS="245" VPOS="1328" WIDTH="82" HEIGHT="22" WC="0.90" CONTENT="fästadt"/><SP WIDTH="14" VPOS="1328" HPOS="327"/>
							<String ID="string_210" HPOS="341" VPOS="1327" WIDTH="99" HEIGHT="22" WC="0.96" CONTENT="afseende"/><SP WIDTH="14" VPOS="1327" HPOS="440"/>
							<String ID="string_211" HPOS="454" VPOS="1326" WIDTH="29" HEIGHT="28" WC="0.92" CONTENT="på"/><SP WIDTH="12" VPOS="1326" HPOS="483"/>
							<String ID="string_212" HPOS="495" VPOS="1326" WIDTH="236" HEIGHT="28" WC="0.90" CONTENT="passageraretrafiken,"/><SP WIDTH="10" VPOS="1326" HPOS="731"/>
							<String ID="string_213" HPOS="741" VPOS="1333" WIDTH="50" HEIGHT="16" WC="0.96" CONTENT="vore"/><SP WIDTH="10" VPOS="1333" HPOS="791"/>
							<String ID="string_214" HPOS="801" VPOS="1327" WIDTH="35" HEIGHT="21" WC="0.96" CONTENT="det"/>
						</TextLine>
						<TextLine ID="line_30" HPOS="93" VPOS="1359" WIDTH="743" HEIGHT="32">
							<String ID="string_215" HPOS="93" VPOS="1363" WIDTH="110" HEIGHT="28" WC="0.92" CONTENT="önskeligt,"/><SP WIDTH="20" VPOS="1363" HPOS="203"/>
							<String ID="string_216" HPOS="223" VPOS="1370" WIDTH="34" HEIGHT="14" WC="0.96" CONTENT="om"/><SP WIDTH="15" VPOS="1370" HPOS="257"/>
							<String ID="string_217" HPOS="272" VPOS="1369" WIDTH="26" HEIGHT="15" WC="0.93" CONTENT="en"/><SP WIDTH="14" VPOS="1369" HPOS="298"/>
							<String ID="string_218" HPOS="312" VPOS="1360" WIDTH="326" HEIGHT="26" WC="0.91" CONTENT="kommunikationsförbindelse,"/><SP WIDTH="15" VPOS="1360" HPOS="638"/>
							<String ID="string_219" HPOS="653" VPOS="1359" WIDTH="67" HEIGHT="23" WC="0.96" CONTENT="sådan"/><SP WIDTH="15" VPOS="1359" HPOS="720"/>
							<String ID="string_220" HPOS="735" VPOS="1367" WIDTH="46" HEIGHT="15" WC="0.95" CONTENT="som"/><SP WIDTH="14" VPOS="1367" HPOS="781"/>
							<String ID="string_221" HPOS="795" VPOS="1360" WIDTH="41" HEIGHT="21" WC="0.95" CONTENT="den"/>
						</TextLine>
						<TextLine ID="line_31" HPOS="93" VPOS="1395" WIDTH="684" HEIGHT="32">
							<String ID="string_222" HPOS="93" VPOS="1405" WIDTH="29" HEIGHT="16" WC="0.96" CONTENT="nu"/><SP WIDTH="14" VPOS="1405" HPOS="122"/>
							<String ID="string_223" HPOS="136" VPOS="1397" WIDTH="127" HEIGHT="28" WC="0.95" CONTENT="föreslagna,"/><SP WIDTH="16" VPOS="1397" HPOS="263"/>
							<String ID="string_224" HPOS="279" VPOS="1396" WIDTH="70" HEIGHT="22" WC="0.93" CONTENT="kunde"/><SP WIDTH="15" VPOS="1396" HPOS="349"/>
							<String ID="string_225" HPOS="364" VPOS="1395" WIDTH="179" HEIGHT="28" WC="0.91" CONTENT="tillvägabringas."/><SP WIDTH="224" VPOS="1395" HPOS="543"/>
							<String ID="string_226" HPOS="767" VPOS="1423" WIDTH="10" HEIGHT="4" WC="0.88" CONTENT="N"/>
						</TextLine>
					</TextBlock>
					<TextBlock ID="block_7" HPOS="95" VPOS="1428" WIDTH="741" HEIGHT="69">
						<TextLine ID="line_32" HPOS="161" VPOS="1428" WIDTH="674" HEIGHT="31">
							<String ID="string_227" HPOS="161" VPOS="1432" WIDTH="150" HEIGHT="23" WC="0.93" CONTENT="Kostnaderna"/><SP WIDTH="18" VPOS="1432" HPOS="311"/>
							<String ID="string_228" HPOS="329" VPOS="1431" WIDTH="35" HEIGHT="22" WC="0.93" CONTENT="för"/><SP WIDTH="18" VPOS="1431" HPOS="364"/>
							<String ID="string_229" HPOS="382" VPOS="1430" WIDTH="161" HEIGHT="29" WC="0.91" CONTENT="anläggningen,"/><SP WIDTH="16" VPOS="1430" HPOS="543"/>
							<String ID="string_230" HPOS="559" VPOS="1429" WIDTH="71" HEIGHT="23" WC="0.93" CONTENT="hvilka"/><SP WIDTH="15" VPOS="1429" HPOS="630"/>
							<String ID="string_231" HPOS="645" VPOS="1429" WIDTH="67" HEIGHT="22" WC="0.87" CONTENT="blifvit"/><SP WIDTH="15" VPOS="1429" HPOS="712"/>
							<String ID="string_232" HPOS="727" VPOS="1429" WIDTH="24" HEIGHT="22" WC="0.93" CONTENT="af"/><SP WIDTH="13" VPOS="1429" HPOS="751"/>
							<String ID="string_233" HPOS="764" VPOS="1428" WIDTH="71" HEIGHT="23" WC="0.88" CONTENT="Ofver-"/>
						</TextLine>
						<TextLine ID="line_33" HPOS="95" VPOS="1463" WIDTH="741" HEIGHT="34">
							<String ID="string_234" HPOS="95" VPOS="1467" WIDTH="102" HEIGHT="30" WC="0.96" CONTENT="styrelsen"/><SP WIDTH="18" VPOS="1467" HPOS="197"/>
							<String ID="string_235" HPOS="215" VPOS="1467" WIDTH="33" HEIGHT="22" WC="0.93" CONTENT="för"/><SP WIDTH="17" VPOS="1467" HPOS="248"/>
							<String ID="string_236" HPOS="265" VPOS="1466" WIDTH="110" HEIGHT="29" WC="0.90" CONTENT="väg—och"/><SP WIDTH="18" VPOS="1466" HPOS="375"/>
							<String ID="string_237" HPOS="393" VPOS="1464" WIDTH="305" HEIGHT="24" WC="0.90" CONTENT="vattenkommunikationerna"/><SP WIDTH="17" VPOS="1464" HPOS="698"/>
							<String ID="string_238" HPOS="715" VPOS="1463" WIDTH="121" HEIGHT="24" WC="0.96" CONTENT="beräknade"/>
						</TextLine>
					</TextBlock>
					<TextBlock ID="block_8" HPOS="162" VPOS="1506" WIDTH="366" HEIGHT="26">
						<TextLine ID="line_34" HPOS="162" VPOS="1506" WIDTH="366" HEIGHT="26">
							<String ID="string_239" HPOS="162" VPOS="1502" WIDTH="89" HEIGHT="34" WC="0.36" CONTENT="Jernvägs-"/><SP WIDTH="6" VPOS="1502" HPOS="251"/>
							<String ID="string_240" HPOS="257" VPOS="1502" WIDTH="84" HEIGHT="34" WC="0.16" CONTENT="Utskottets"/><SP WIDTH="11" VPOS="1502" HPOS="341"/>
							<String ID="string_241" HPOS="352" VPOS="1507" WIDTH="103" HEIGHT="19" WC="0.96" CONTENT="betänkande"/><SP WIDTH="10" VPOS="1507" HPOS="455"/>
							<String ID="string_242" HPOS="465" VPOS="1506" WIDTH="35" HEIGHT="19" WC="0.96" CONTENT="N:o"/><SP WIDTH="12" VPOS="1506" HPOS="500"/>
							<String ID="string_243" HPOS="512" VPOS="1507" WIDTH="16" HEIGHT="18" WC="0.96" CONTENT="2."/>
						</TextLine>
					</TextBlock>
				</ComposedBlock>
			</PrintSpace>
		</Page>
	</Layout>
</alto>
