1039 1706
232 147 21 17 94
418 146 239 18 Petitionsbetänkande
668 146 38 18 N:o
717 146 34 18 20.

209 210 33 20 för
260 212 32 18 att
309 209 179 27 undervisningen
508 209 67 26 enligt
589 209 58 21 detta
662 209 85 26 projekt
761 209 55 21 skall
831 209 72 21 kunna
918 209 37 21 be-

208 250 76 20 gynna,
299 243 74 26 mäste,
388 243 70 21 säsom
473 243 62 21 äfven
550 243 110 21 Utskottet
674 243 111 25 erkänner,
801 242 22 22 ät
838 242 37 22 det
888 242 67 22 andra

208 278 111 21 inhemska
333 277 86 27 språket
434 279 31 19 ett
479 277 100 21 förökadt
593 277 58 21 antal
665 277 87 21 timmar
766 277 12 21 å
792 277 26 21 de
829 277 58 26 lägre
898 276 58 21 klas-

208 318 62 15 serna
292 312 90 20 anvisas.
413 311 44 21 Och
479 312 58 20 detta
556 311 57 21 antal
632 311 67 21 mäste
718 311 106 27 betydligt
843 311 58 25 ökas,
921 316 34 16 om

208 346 98 22 eleverna
324 346 28 26 pä
367 346 17 21 V
400 346 60 21 skola
477 346 67 20 förstå
559 346 90 25 läraren,
666 346 27 20 dä
707 346 42 20 han
764 345 126 21 undervisar
906 346 48 20 dem

207 380 28 27 pä
256 382 32 20 ett
309 380 69 27 spräk,
401 386 45 15 som
468 380 46 21 icke
537 382 24 19 är
582 380 62 21 deras
660 379 135 22 modersmäl.
826 379 50 21 Men
892 379 64 21 dessa

207 416 85 20 timmar
310 415 71 21 kunna
398 414 47 22 icke
465 415 73 26 läggas
557 414 70 21 säsom
646 416 31 19 ett
691 414 48 27 plus
753 414 34 21 till
802 414 26 21 de
843 414 112 21 undervis-

207 450 154 27 ningstimmar,
386 449 72 22 hvilka
483 449 65 22 redan
571 451 37 19 äro
630 449 34 21 för
685 449 76 21 skolan
782 449 111 20 bestämda
916 448 39 21 och

207 484 72 21 hvilka
294 484 55 26 stiga
363 484 47 21 frän
425 483 27 22 28
467 484 32 21 till
515 484 27 21 35
556 484 85 21 timmar
656 483 7 21 i
677 483 87 21 veckan.
794 483 32 21 De
841 483 69 21 mäste
921 482 34 21 sä-

207 519 59 20 ledes
288 518 109 27 borttagas
419 518 55 21 ifrån
496 518 85 21 skolans
604 518 68 26 öfriga
694 518 129 21 läreämnen.
853 517 50 21 Men
926 523 29 15 nu

207 553 63 21 hafva
285 553 63 21 dessa
362 553 68 26 öfriga
445 553 122 20 läroämnen
581 553 7 20 i
605 552 74 21 skolan
689 552 7 21 i
707 551 115 22 allmänhet
831 551 47 22 icke
888 551 68 27 nägra

208 587 199 21 Ofverflödstimmar
422 589 32 19 att
468 586 112 27 bortgifva.
603 586 40 21 Till
659 586 54 27 följd
727 585 24 22 af
760 586 26 21 de
797 586 76 27 många
884 585 70 28 språk,

208 622 21 21 3t
243 621 73 21 hvilka
330 621 75 21 skolan
420 621 6 21 i
442 621 89 21 Finland
545 621 90 26 nödgats
646 621 79 21 bereda
735 622 110 25 utrymme,
856 620 40 21 har
906 620 47 21 tim-

207 656 81 21 antalet
302 656 34 21 för
351 655 85 21 skolans
451 655 157 21 hufvudämnen
623 655 66 21 redan
705 655 70 20 blifvit
784 655 128 21 reduceradt
920 654 34 21 till

208 693 30 18 ett
255 690 115 21 minimum.
400 689 34 22 Nu
452 690 67 21 mäste
537 689 126 26 emellertid,
679 695 35 16 om
727 689 107 27 projektet
848 689 55 21 skall
918 695 37 20 ge-

206 725 115 26 nomföras,
337 731 24 15 en
376 725 124 26 ytterligare
515 724 112 21 reduktion
643 726 70 25 göras.
738 723 110 22 Utskottet
858 724 96 27 antyder,

207 761 31 19 att
256 759 75 21 latinet
349 759 38 20 och
402 759 78 26 ryskan
495 765 50 15 vore
561 759 26 21 de
603 760 81 24 ämnen,
701 758 12 21 å
727 758 72 21 hvilka
814 758 140 22 reduktionen

206 794 122 27 lämpligast
345 793 70 22 kunde
433 793 132 22 verkställas.
599 793 85 21 Latinet
702 793 71 21 kunde
791 793 101 26 antingen
910 793 45 21 helt

207 828 39 21 och
260 828 67 21 hållet
341 827 51 26 utgå
407 827 47 22 från
469 828 86 21 skolans
570 827 103 26 läroplan,
690 827 53 21 eller
758 827 38 21 ock
811 827 70 21 kunde
892 827 60 21 latin-

207 863 79 20 studiet
304 862 137 27 framskjutas
461 862 32 21 till
513 862 24 20 V.
567 861 184 27 Undervisningen
766 862 7 20 i
788 861 64 27 ryska
868 862 88 26 språket

206 897 70 20 kunde
290 895 70 22 likaså
373 896 87 26 vidtaga
473 895 28 27 på
515 902 26 15 en
556 896 66 26 högre
637 895 65 21 klass.

274 931 120 21 Utskottets
416 930 133 27 benägenhet
571 931 32 20 att
625 929 95 28 uppoffra
742 930 76 21 latinet
839 930 69 21 hvilar
927 929 29 27 på

206 966 41 21 den
269 965 158 26 förutsättning,
450 966 31 19 att
503 965 78 20 studiet
603 964 23 21 af
647 965 58 20 detta
727 964 63 27 språk
812 966 24 19 är
856 965 98 26 onyttigt,

206 1002 56 19 samt
283 1001 31 20 att
335 999 178 27 undervisningen
535 999 7 21 i
565 999 59 21 detta
642 999 64 26 språk
725 1001 55 19 ännu
799 999 107 22 bedrifves
926 999 27 26 på

207 1041 79 15 samma
304 1034 34 21 för
357 1034 98 21 eleverna
473 1033 118 28 pinsamma
609 1035 43 20 sätt
667 1040 44 15 som
727 1033 33 22 för
775 1034 28 21 50
818 1033 24 22 år
856 1033 96 22 tillbaka.

205 1069 43 21 Det
261 1069 41 20 kan
317 1068 47 21 icke
378 1068 85 21 komma
477 1069 7 20 i
499 1068 60 26 fråga
574 1069 31 20 att
619 1068 38 21 här
673 1070 93 25 upptaga
780 1068 33 21 till
823 1068 129 27 behandling

206 1103 39 21 den
265 1105 58 18 stora
341 1102 74 26 frågan
434 1108 34 15 om
487 1102 124 27 betydelsen
626 1102 39 21 och
680 1103 74 20 värdet
769 1102 23 21 af
806 1102 25 21 de
847 1102 106 21 klassiska

206 1137 102 26 språkens
323 1137 98 20 studium.
452 1136 45 21 Här
511 1136 41 21 kan
569 1137 76 20 endast
660 1136 99 27 påpekas,
776 1137 31 20 att
817 1142 47 15 man
875 1136 78 21 hittills

205 1171 55 20 varit
279 1171 6 20 i
303 1170 91 21 Finland
412 1170 123 27 öfvertygad
555 1177 33 14 om
607 1171 58 20 detta
683 1171 66 20 värde
769 1170 38 21 och
827 1172 31 21 att
877 1170 76 21 latinet

206 1205 84 21 derföre
308 1204 80 27 utgjort
407 1204 86 21 skolans
511 1204 142 21 hufvudämne
673 1205 55 20 ända
743 1204 47 21 från
806 1205 40 20 den
862 1205 47 26 dag,
926 1204 27 21 då

205 1245 26 14 en
249 1239 47 20 lärd
315 1239 60 19 skola
393 1238 7 20 i
418 1238 90 20 Finland
527 1238 104 25 stiftades,
651 1238 39 20 och
708 1238 55 21 intill
783 1238 40 21 den
842 1238 48 26 dag,
906 1244 46 15 som

204 1279 28 14 nu
250 1274 30 19 är.
310 1271 146 26 Framskjutes
473 1271 75 21 latinet
566 1271 33 20 till
617 1271 66 26 högre
701 1271 91 26 klasser,
810 1271 23 21 så
848 1271 68 21 måste
930 1272 25 21 åt

205 1307 117 20 detsamma
338 1305 37 21 der
390 1305 83 21 anvisas
489 1305 23 20 så
527 1305 83 27 mycket
624 1304 51 22 flere
690 1305 85 21 timmar
790 1305 70 21 såsom
876 1307 77 20 ersätt-

204 1341 50 26 ning
276 1340 34 21 för
332 1340 26 21 de
376 1339 12 22 å
407 1340 59 26 lägre
484 1339 110 22 klasserna
612 1339 119 28 borttagna.
761 1339 47 22 Kan
827 1340 59 21 detta
905 1340 47 22 icke

205 1376 43 26 ske,
264 1387 27 3 —
307 1375 39 21 och
360 1375 137 26 möjligheten
515 1377 24 18 är
554 1375 115 26 ingalunda
683 1375 87 21 bevisad
785 1387 28 2 —
828 1375 24 20 så
866 1375 39 20 har
920 1375 33 20 la-

203 1411 54 20 tinet
275 1410 91 27 upphört
385 1411 31 20 att
435 1415 50 16 vara
501 1409 84 30 skolans
601 1409 148 26 hufvudämne,
765 1415 48 16 men
828 1409 122 27 derigenom

204 1445 39 21 har
258 1451 25 15 en
298 1444 111 27 principiel
424 1444 123 27 förändring
562 1444 7 21 i
585 1443 85 22 skolans
685 1444 97 27 läroplan
797 1443 70 22 blifvit
882 1444 70 21 vidta-

272 1484 94 17 Allmänna
378 1484 159 17 Besvärsutskottets
549 1483 104 18 betänkande
665 1484 34 16 N:o
712 1484 29 17 17.
