1042 1703
282 132 239 22 Petitionsbetänkande
533 133 37 19 N:o
583 133 34 19 20.
795 136 12 16 3

256 196 55 18 ”Till
323 196 140 24 Högvördiga
474 196 176 19 Prestaständet.

146 235 32 19 Ett
190 236 42 22 folk,
251 242 38 12 som
301 237 15 23 ej
329 237 67 18 känner
408 238 56 18 behof
474 238 20 18 af
504 238 54 22 högre
570 237 82 23 bildning
664 237 33 17 och
710 237 68 18 derföre
790 237 39 17 icke

76 264 57 18 heller
145 265 77 18 sträfvar
234 266 28 17 att
274 265 84 19 tillvinna
371 267 28 22 sig
410 266 76 18 vetande
499 266 32 18 och
543 266 72 18 dermed
626 265 73 19 förenad
711 266 80 22 förmäga
799 265 30 17 till

77 293 72 23 andelig
166 294 118 22 verksamhet,
302 294 38 18 stär
358 295 83 18 rättslöst
455 295 47 17 inför
517 294 96 18 historiens
630 294 45 18 dom.
699 294 35 18 Det
747 294 82 22 stegrade

76 322 153 23 bildningsbegär,
248 328 37 12 som
300 323 6 17 i
322 323 82 18 sednaste
419 324 27 17 tid
461 324 33 17 hos
510 323 29 17 det
555 323 58 18 finska
624 322 58 18 folket
693 323 28 17 uti
733 322 40 18 vårt
785 322 44 18 land

77 350 34 17 allt
122 355 48 14 mera
182 350 50 19 trädt
244 351 6 17 i
262 351 62 23 dagen,
337 352 36 17 kan
385 351 68 19 säledes
465 351 39 18 icke
517 352 55 17 annat
583 353 23 16 än
618 351 61 23 glädja
692 351 33 18 den
737 347 58 22 sanna
803 351 26 18 fo-

76 379 164 19 sterlandsvännen.
264 380 35 18 Att
313 380 39 18 icke
367 380 78 19 erkänna
460 380 30 18 det
504 379 112 24 berättigade
631 379 46 22 häri,
697 381 27 16 att
736 379 44 18 söka
791 379 38 18 till-

76 407 113 24 bakatränga
204 408 50 18 detta
269 408 55 23 begär
339 414 41 13 vore
395 409 7 18 i
416 409 77 22 sanning
508 414 36 13 mer
559 410 24 17 än
599 408 92 22 orättvisa,
708 409 21 22 ty
744 408 30 18 det
788 413 41 13 vore

77 437 27 17 att
120 437 69 18 dömma
207 436 49 19 detta
274 437 38 18 folk
329 437 31 18 till
377 437 72 23 andelig
463 437 78 19 träldom
557 437 34 18 och
605 437 51 18 deraf
672 437 79 23 följande
767 437 63 23 slutlig

76 465 98 18 förintelse.

145 494 71 18 Sådant
229 495 57 18 måste
301 495 29 18 väl
345 500 73 13 numera
432 500 51 13 anses
502 495 49 24 ligga
565 496 50 17 utom
629 495 126 23 möjlighetens
770 496 59 21 gräns.

76 522 42 18 Men
130 523 30 17 det
172 523 65 18 saknas
249 523 57 18 likväl
318 523 39 18 icke
372 525 61 20 röster,
452 529 38 13 som
505 524 79 18 förklara
599 523 30 18 det
643 524 58 17 finska
716 523 65 17 folkets
797 529 32 17 rop

76 551 24 23 på
113 556 58 18 ,mera
183 552 45 23 ljus”
240 552 28 18 för
280 552 128 24 oberättigadt,
425 553 24 23 ja,
468 553 31 17 till
514 553 33 18 och
561 552 41 19 med
617 552 43 18 söka
674 554 44 21 göra
733 552 31 18 det
778 552 51 18 miss-

76 581 62 21 tänkt;
157 580 32 18 och
205 581 39 18 med
259 581 111 19 bedröfvelse
384 582 57 18 finner
455 587 47 16 man,
520 583 28 17 att
563 581 63 24 sjelfva
645 576 140 28 Öfverstyrelsen
803 580 27 18 för

76 609 72 18 landets
165 609 122 22 skolväsende,
306 610 107 18 åtminstone
427 610 30 18 till
472 610 59 24 någon
545 610 34 22 del,
599 610 76 18 anslutit
690 610 29 22 sig
729 610 31 17 till
773 610 57 18 denna

76 638 76 23 mening,
162 638 22 18 då
193 638 117 18 densamma
300 634 12 33 i
322 644 21 12 en
355 640 72 22 nyligen
436 638 132 24 offentliggjord
580 638 65 18 officiel
657 638 92 18 skrifvelse
761 638 68 18 uttalat

77 667 33 18 den
123 667 52 22 åsigt,
194 668 28 17 att
236 673 22 12 en
274 668 57 17 större
347 668 124 22 utsträckning
488 668 19 17 af
519 668 79 18 finskans
611 667 46 18 bruk
669 667 58 18 såsom
739 667 91 18 undervis-

76 695 108 23 ningsspräk
195 696 28 17 uti
235 696 33 17 den
280 696 55 23 högre
351 697 63 17 skolan
430 697 39 17 icke
484 697 59 18 kunde
559 712 3 7 ,
564 701 57 18 anses
632 696 77 22 förenlig
720 696 41 18 med
773 696 57 18 odlin-

76 730 43 17 gens
132 724 80 23 verkliga
223 725 92 17 intresse.”

145 753 67 23 Dylika
229 753 66 23 åsigter
312 759 34 18 ega
360 764 22 3 —
396 755 18 17 vi
429 755 30 16 äro
474 754 60 18 derom
549 753 113 24 öfvertygade
679 763 22 3 —
715 753 40 18 icke
770 758 59 13 annan

76 781 62 23 grund,
157 783 22 16 än
191 781 126 19 missförstånd
330 783 33 17 och
374 783 69 17 mindre
458 783 56 23 rigtig
525 782 118 24 uppfattning
655 782 20 18 af
685 781 96 19 bestående
793 782 36 17 för-

76 810 103 19 hällanden.

144 839 36 18 Det
192 840 57 17 finska
261 839 65 19 folkets
340 841 77 22 anspråk
435 841 27 18 att
478 842 55 17 vinna
547 841 57 18 större
619 840 29 18 del
665 840 7 17 i
690 839 34 18 den
741 839 88 23 bildning,

77 874 37 13 som
126 868 55 19 sedan
193 869 57 18 sekler
262 869 78 18 tillbaka
353 870 55 22 slagit
420 871 29 16 rot
462 870 33 17 och
507 869 63 18 vunnit
585 869 64 22 stadga
660 869 6 17 i
680 868 40 18 värt
731 868 48 21 land,
799 869 30 17 äro

75 898 40 17 icke
126 897 100 23 tillfälliga,
238 898 44 17 utan
294 904 22 12 en
327 898 103 22 nödvändig
440 899 46 22 följä
494 899 20 17 af
520 899 41 17 hela
570 898 34 18 den
612 897 106 23 föregäende
729 897 100 18 historiska

76 926 132 23 utvecklingen;
222 926 30 18 det
263 926 70 18 fordrar
341 927 15 22 ej
365 927 57 17 heller
434 928 59 20 annat,
506 927 43 18 eller
560 932 53 16 mera,
626 928 23 16 än
657 925 47 19 hvad
716 926 113 22 rättvisligen

76 955 36 18 kan
124 955 33 17 och
168 955 33 18 bör
215 954 81 19 tilldelas
308 955 103 18 detsamma.

144 983 110 23 Visserligen
266 983 33 18 har
311 984 51 17 detta
372 984 38 17 folk
422 984 40 17 haft
475 985 27 16 att
515 984 51 18 bestå
577 989 22 12 en
612 983 39 19 svår
663 983 46 18 strid
720 983 27 18 för
756 983 27 18 sin
792 983 37 18 till-

76 1017 48 12 varo.
147 1012 36 17 Det
194 1012 33 17 har
239 1011 39 18 icke
290 1012 48 17 blott
349 1012 77 23 nödgats
438 1012 88 23 bekämpa
539 1018 21 12 en
572 1013 44 22 karg
628 1013 58 20 natur,
696 1013 44 16 utan
749 1012 32 17 ock
789 1012 40 17 med

76 1040 32 17 sitt
120 1039 43 18 blod
175 1039 120 24 mängfaldigt
306 1041 60 16 utlösa
376 1040 169 23 besittningsrätten
556 1041 31 17 till
599 1040 27 18 sin
637 1045 62 18 magra
707 1040 63 17 torfva.
787 1039 42 19 Men

75 1068 57 17 likväl
143 1068 54 17 hafva
209 1067 21 18 de
242 1073 37 13 mer
291 1070 23 16 än
326 1069 71 22 mycket
407 1069 91 22 misstagit
510 1069 32 23 sig,
555 1069 62 18 hvilka
624 1069 51 21 trott,
688 1069 28 17 att
724 1069 103 21 detsamma,

76 1096 56 18 under
142 1096 70 23 trycket
225 1096 19 18 af
254 1097 52 18 dessa
318 1097 69 22 vidriga
399 1097 130 21 förhällanden,
541 1097 77 18 förlorat
626 1097 50 18 sinne
687 1097 28 18 för
728 1097 38 21 allt,
779 1097 50 18 utom

76 1131 92 17 omsorgen
180 1125 28 18 för
220 1125 30 18 det
262 1125 73 23 dagliga
347 1125 64 19 brödet
423 1127 33 17 och
468 1126 34 18 den
514 1127 51 21 tröst,
581 1125 98 24 religionen
692 1126 77 17 skänker
780 1131 48 12 men-

76 1153 64 19 niskan
152 1153 56 18 under
220 1153 60 19 lifvets
295 1154 110 23 pröfningar,
420 1155 33 17 och
468 1155 24 22 pä
505 1155 54 18 sädan
572 1154 57 23 grund
642 1154 93 21 förmenat,
749 1155 28 17 att
789 1154 39 19 dess

75 1183 74 23 andliga
161 1182 55 18 behof
226 1182 39 19 icke
278 1183 78 18 sträckte
368 1184 28 22 sig
407 1183 70 18 utöfver
488 1184 93 21 ekonomi
593 1183 32 18 och
638 1183 126 18 kristendom.”

144 1218 33 17 Att
189 1217 30 18 det
230 1217 58 18 finska
299 1217 62 22 folket,
376 1218 29 17 för
420 1219 28 16 att
462 1218 61 18 kunna
535 1219 42 22 taga
590 1217 28 18 del
630 1217 7 18 i
649 1218 31 17 det
691 1217 56 23 högre
758 1217 69 18 kultur-

76 1246 70 19 arbetet
157 1247 7 16 i
175 1246 40 18 vårt
226 1246 48 21 land,
290 1246 77 23 nödgats
382 1247 62 22 afsäga
456 1247 28 22 sig
496 1247 33 18 sitt
541 1248 40 21 eget
593 1245 58 24 språk,
667 1247 44 17 ökar
722 1245 64 18 endast
798 1246 30 18 det

75 1275 57 18 hårda
144 1275 34 18 och
190 1275 87 18 orättvisa
288 1275 7 17 i
308 1276 27 16 ett
347 1275 64 18 sådant
426 1275 84 21 omdöme,
525 1280 41 13 men
578 1275 60 22 jäfvar
649 1275 16 22 ej
677 1274 97 18 historiens
785 1275 44 18 vitt-

75 1303 81 22 nesbörd,
169 1303 79 18 minskar
260 1303 14 23 ej
287 1303 57 18 heller
355 1303 105 24 förtjensten
472 1303 32 18 hos
517 1303 21 18 de
549 1304 46 19 män,
608 1303 62 18 hvilka
681 1302 62 23 utgått
755 1308 21 12 ur
788 1303 41 18 dess

76 1333 50 16 sköte
138 1333 33 16 och
182 1332 100 17 förvärfvat
293 1332 27 22 sig
333 1332 77 22 anspråk
422 1332 23 22 på
457 1332 70 17 landets
539 1331 100 22 everdeliga
650 1331 117 22 tacksamhet.

144 1366 36 16 Det
191 1370 31 12 var
233 1365 7 17 i
252 1364 63 23 sjelfva
332 1365 62 17 verket
411 1370 22 12 en
449 1365 37 17 stor
501 1364 56 23 lycka,
576 1369 21 12 en
615 1363 94 18 oskattbar
727 1363 100 23 Försynens

76 1394 92 20 skickelse,
181 1394 27 18 att
220 1394 64 18 latinet
296 1393 31 18 vid
339 1393 33 19 den
384 1393 33 21 tid,
433 1393 23 18 dä
468 1393 30 18 det
509 1392 58 18 finska
578 1392 58 18 folket
648 1392 45 18 först
704 1392 64 18 trädde
779 1392 7 17 i
798 1392 30 18 ke-

76 1423 61 23 röring
148 1422 40 18 med
201 1423 33 18 den
246 1422 151 24 vest-europeiska
410 1422 136 21 civilisationen,
561 1426 32 13 var
604 1421 93 18 kulturens
711 1420 33 18 och
756 1421 71 18 skolans

76 1458 130 18 gemensamma
218 1452 59 23 språk,
290 1451 98 18 oberoende
400 1451 20 18 af
431 1451 33 18 den
476 1450 91 19 nationela
575 1450 96 18 olikheten.
689 1449 26 23 Ty
723 1449 104 24 härigenom

145 1488 94 18 Allmänna
250 1487 160 19 Besvärsutskottets
423 1486 103 19 betänkande
538 1485 35 18 N:o
585 1486 28 17 17.
