1042 1709
219 152 13 20 6
406 150 80 23 Ständ.
501 150 106 23 Petition
621 152 41 21 N:o
675 151 37 21 20.

189 218 63 20 lunda
267 219 31 20 att
311 218 36 21 det
368 217 23 22 af
411 220 67 19 staten
492 218 44 22 helt
550 218 39 21 och
603 218 65 22 hållet
690 217 121 29 öfvertages,
828 218 50 20 eller
892 218 38 21 ock

189 252 22 21 så
225 254 30 20 att
269 254 30 20 ett
313 252 121 29 tillräckligt
449 252 61 30 årligt
524 252 112 22 understöd
650 252 87 28 beviljas
753 252 119 22 detsamma.
896 252 34 22 Dä

188 286 116 22 emellertid
319 286 155 30 ifrågavarande
482 287 75 21 anstalt
568 294 48 21 eger
630 289 29 19 ett
674 286 116 28 betydande
802 286 80 29 kapital
891 287 39 21 och

189 320 35 22 det
238 321 46 21 icke
299 326 23 16 är
332 321 65 22 kändt
406 321 104 22 huruvida
524 322 31 25 de,
566 322 73 21 hvilka
650 321 76 22 hittills
736 321 60 22 hållit
811 321 120 22 densamma

187 355 36 22 vid
233 356 64 25 makt,
313 360 34 17 äro
362 356 93 28 benägna
469 358 30 20 att
514 355 53 23 afstå
581 355 46 22 från
637 356 165 22 bestämmandet
812 355 57 22 öfver
883 356 46 21 dess

187 390 145 28 organisation,
348 390 63 22 hafva
425 390 117 22 Ständerna
556 390 46 21 icke
617 390 81 22 kunnat
712 391 96 21 närmare
818 390 66 22 utlåta
898 390 31 28 sig

187 424 132 26 härutinnan,
336 426 51 20 utan
401 426 68 20 ansett
484 424 120 29 afgörandet
613 424 131 22 hvilketdera
755 424 23 22 af
787 424 142 29 nyssantydda

188 459 111 22 alternativ
314 466 49 14 vore
378 461 30 19 att
422 459 107 28 föredraga
543 459 50 21 böra
607 459 79 21 lemnas
701 459 103 21 beroende
821 459 27 29 på
864 458 65 23 öfver-

187 493 152 23 enskommelse
354 494 89 21 emellan
459 493 108 29 Styrelsen
582 494 38 20 och
635 493 82 22 skolans
732 494 130 28 principaler.

253 528 106 22 Behofvet
372 528 22 22 af
408 530 29 20 ett
451 528 64 22 finskt
528 528 83 28 lyceum
625 528 8 21 i
649 528 115 28 Uleåborgs
784 528 35 22 län
840 529 44 25 har,
902 528 27 28 på

186 564 42 20 sätt
242 563 117 22 Ständerna
373 563 64 21 redan
451 562 32 22 uti
497 562 129 28 underdånig
640 562 109 22 skrifvelse
760 562 24 22 af
792 563 40 21 den
847 563 25 21 27
884 562 43 29 Maj

187 597 53 22 1877
251 598 33 21 för
293 598 81 21 Eders
387 597 154 29 Kejserliga
555 596 122 30 Majestät
692 598 84 25 anmält,
792 597 70 22 blifvit
876 597 7 21 i
899 599 30 20 ett

185 634 52 20 stort
258 632 56 22 antal
336 632 174 28 petitionsförslag
530 631 126 22 framhållet.
687 632 42 21 Till
751 631 134 29 afhjelpande
907 631 23 21 af

185 661 61 38 detta
257 666 61 29 behof
331 671 23 17 är
368 666 116 29 föreslaget,
500 666 22 22 af
534 666 63 29 nägre
612 665 134 30 petitionärer
756 668 31 20 att
804 666 35 22 det
848 666 9 22 i
866 666 61 22 Uleä-

184 702 61 27 borgs
259 702 46 21 stad
320 701 87 28 anlagda
421 701 136 29 privatlyceet
578 700 64 22 måtte
664 701 48 21 med:
734 701 105 21 allmänna
858 700 69 22 medel

185 736 137 26 underhållas,
339 735 22 23 af
373 736 64 21 andre
451 738 31 20 att
496 735 81 21 finskan
599 734 64 22 måtte
678 735 78 22 införas
771 735 67 22 såsom
853 736 74 21 under-

183 770 156 29 visningsspråk
353 770 8 22 i
376 770 113 29 Uleåborgs
503 778 30 13 nu
547 770 112 22 bestående
680 770 140 28 statslyceum,
837 773 54 19 samt
905 770 24 22 af

183 810 56 17 ännu
254 805 63 21 andre
339 807 31 20 att
391 807 30 20 ett
442 807 47 27 nytt
510 805 63 21 finskt
594 804 120 29 sjuklassigt
733 805 83 29 lyceum
838 804 65 22 måtte
917 804 8 22 i

182 839 91 22 nämnda
288 840 45 21 stad
347 840 92 21 inrättas.
470 840 41 22 Att
525 839 135 22 omförmälda
674 839 65 22 behof
751 839 108 30 verkligen
873 839 52 22 före-

182 875 66 21 finnes
264 874 70 22 derom
349 879 34 17 äro
399 874 116 22 Ständerna
525 874 31 22 för
566 875 32 21 sin
608 875 34 21 del
652 874 52 22 fullt
714 874 140 30 öfvertygade.
879 874 46 22 Och

183 908 25 22 då
222 909 141 28 nyssnämnda
377 909 151 29 privatlyceum
543 909 27 29 på
585 910 40 20 den
639 910 60 20 korta
713 909 58 22 tiden
781 908 23 22 af
812 913 31 17 tre
853 908 23 22 år
885 909 39 21 och

181 944 66 20 under
255 944 63 21 täflan
332 944 49 20 med
389 944 64 20 andra
462 944 94 21 läroverk
567 944 81 28 lyckats
658 943 97 22 tillvinna
765 944 31 28 sig
806 945 34 19 ett
846 944 78 27 ganska

179 977 118 29 betydande
308 978 56 21 antal
374 978 69 21 elever
453 980 54 19 samt
516 977 86 22 sålunda
612 978 64 21 redan
687 977 26 29 på
728 979 30 20 ett
773 978 150 27 öfvertygande

180 1013 41 20 sätt
235 1012 54 21 visat
303 1011 31 29 sig
348 1020 50 13 vara
412 1012 8 20 i
435 1012 59 21 stånd
509 1014 30 20 att
552 1011 75 29 främja
642 1012 108 22 vetandets
761 1012 43 26 sak,
815 1012 58 22 torde
888 1012 35 22 det

180 1046 93 28 åsyftade
288 1046 117 22 ändamålet
419 1046 81 22 säkrast
513 1047 81 25 vinnas,
613 1046 67 22 derest
696 1054 80 14 samma
790 1047 89 28 lyceum,
897 1047 25 28 pä

179 1083 41 19 sätt
235 1081 45 21 dess
295 1080 81 22 stiftare
396 1080 78 29 jemväl
496 1089 61 21 synas
580 1081 70 26 önska,
665 1080 69 22 blefve
749 1081 23 21 af
792 1084 67 19 staten
881 1089 40 14 om-

178 1115 141 29 händertaget.

247 1150 49 21 Med
311 1149 112 29 anledning
437 1149 60 21 deraf
509 1151 30 20 att
553 1149 32 22 för
600 1149 40 21 den
658 1149 76 22 talrika
752 1150 67 21 finska
838 1150 83 22 talande

178 1184 148 28 befolkningen
340 1184 8 20 i
363 1178 44 27 Åbo
430 1184 38 21 och
483 1183 138 29 Björneborgs
640 1184 34 21 län
698 1183 18 30 ej
735 1186 30 20 ett
787 1184 53 22 enda
857 1184 64 28 högre

177 1218 96 22 läroverk
287 1219 67 21 finnes
368 1218 100 22 inrättadt
483 1222 22 17 är
519 1218 37 22 hos
571 1218 117 22 Ständerna
710 1218 76 28 yrkadt
805 1219 43 21 dels
863 1218 7 21 i
885 1219 35 21 all-

177 1253 86 21 mänhet
277 1255 31 19 att
321 1252 67 20 finska
402 1253 70 27 lyceer
485 1252 35 20 må
529 1252 7 20 i
545 1253 40 20 den
595 1254 103 20 närmaste
708 1253 113 21 framtiden
830 1253 9 20 i
848 1256 71 18 nämn-

177 1287 26 29 da
218 1286 34 21 län
266 1286 93 25 inrättas,
375 1286 44 20 dels
433 1288 30 19 att
479 1285 75 22 sådana
568 1286 70 28 lyceer
652 1286 34 21 må
696 1287 97 27 anläggas
806 1286 6 21 i
823 1286 96 22 städerna

177 1317 44 25 Åbo
237 1321 38 21 och
293 1320 134 29 Björneborg,
447 1320 44 21 dels
510 1322 30 20 att
558 1320 81 22 finskan
660 1320 68 22 blefve
751 1320 167 29 undervisnings-

176 1355 61 30 språk
252 1355 8 21 i
275 1355 41 22 den
330 1354 65 23 andra
409 1354 132 29 afdelningen
556 1355 23 21 af
587 1349 44 28 Åbo
641 1354 123 30 sjuklassiga
773 1356 89 28 lyceum,
873 1356 44 22 dels

176 1392 39 21 och
229 1390 99 29 slutligen
342 1391 31 21 att
386 1389 140 29 Björneborgs
540 1389 124 30 fyrklassiga
677 1390 84 29 lyceum
779 1390 35 22 må
832 1391 34 22 till
887 1393 30 20 ett

175 1426 64 22 finskt
253 1425 119 29 sjuklassigt
386 1424 73 22 sådant
473 1424 101 30 utvidgas.

242 1460 41 22 Att
297 1454 45 28 Åbo
357 1460 38 22 och
409 1460 139 29 Björneborgs
561 1460 35 22 län
606 1460 48 22 med
664 1460 45 22 dess
723 1461 33 22 till
771 1463 73 20 största
855 1462 60 22 delen

174 1496 66 23 finska
261 1494 122 30 befolkning
397 1500 23 16 är
434 1495 8 21 i
456 1495 64 22 behof
532 1495 23 23 af
568 1504 26 14 en
611 1495 121 30 fullständig
750 1496 54 22 finsk
818 1496 97 23 lärdoms-
