1042 1706
310 139 80 23 Ständ.
406 140 106 23 Petition
527 141 41 22 N:o
582 140 37 22 20.

320 442 133 25 Finlands
483 443 134 24 Ständers
643 442 199 29 underdåniga

235 477 137 32 petition,
392 476 113 31 angående
528 476 261 33 undervisningsspråket
806 477 36 24 vid

235 517 257 25 elementarläroverken
519 519 53 23 samt
599 517 124 25 inrättande
751 518 26 24 af
801 524 42 24 nya

235 557 84 31 lyceer.

99 635 257 30 Stormäktigste,
379 635 239 30 Allernådigste
637 636 131 29 Kejsare
790 637 52 21 och

380 677 188 22 Storfurstel
779 703 6 6 N

167 717 61 21 Inom
243 716 96 29 samtliga
353 717 93 22 Ständen
461 716 62 22 hafva
538 717 36 22 vid
588 716 142 23 innevarande
744 717 99 30 landtdag

98 751 114 22 framstälts
227 751 105 28 åtskilliga
346 751 181 29 petitionsförslag,
538 750 108 30 äsyftande
660 751 44 22 dels
718 751 123 23 förändrade

98 785 154 30 bestämningar
269 786 87 21 rörande
371 785 246 30 undervisningsspräket
631 786 8 21 i
654 786 25 21 de
694 787 59 21 lärda
768 787 76 22 skolor-

98 829 34 18 na,
148 821 43 21 dels
206 820 124 29 utvidgning
345 820 23 22 af
379 821 64 21 redan
462 820 32 22 för
511 821 83 21 handen
609 821 90 22 varande
714 821 52 22 eller
780 821 62 23 inrät-

98 855 62 22 tande
183 855 23 22 af
218 863 41 21 nya
277 855 75 28 lyceer.
382 855 35 22 De
431 855 162 28 önskningsmäl,
612 863 44 14 som
670 855 8 22 i
694 855 59 23 dessa
767 856 77 29 förslag

99 890 91 25 uttalats,
206 894 35 17 äro
255 889 188 29 hufvudsakligen
434 885 13 37 :

167 925 30 20 att
216 923 35 22 vid
273 924 41 21 alla
335 925 96 21 läroverk
452 924 48 21 med
521 924 81 22 finskan
624 924 33 22 till
676 924 168 29 undervisnings-

98 958 63 29 språk
174 958 169 29 handledningen
357 959 13 21 &
384 959 25 21 de
424 959 64 28 högre
503 959 106 22 klasserna
620 959 64 22 måtte
700 959 144 28 obligatoriskt

98 993 33 22 uti
146 1001 26 14 en
187 992 33 23 del
235 997 76 18 ämnen
332 993 105 22 meddelas
453 993 26 28 på
502 993 94 27 svenska,
612 995 54 20 samt
688 994 99 22 omvändt
808 993 36 23 vid

100 1028 40 21 alla
155 1027 96 23 läroverk
266 1027 48 22 med
329 1028 103 21 svenskan
447 1027 33 22 till
495 1027 223 30 undervisningsspråk
732 1028 27 29 på
770 1028 73 26 finska,

99 1062 27 29 på
141 1062 34 22 det
189 1062 120 29 derigenom
323 1061 108 30 förmågan
455 1064 30 21 att
499 1063 8 21 i
521 1063 29 22 tal
564 1063 39 22 och
624 1062 62 23 skrift
708 1062 136 23 obehindradt

100 1096 95 22 använda
209 1097 65 28 begge
289 1096 90 29 språken
392 1097 69 22 blefve
476 1096 124 29 befrämjad;

167 1133 31 20 att
212 1131 241 28 undervisningsverken
467 1131 34 22 må
511 1131 74 22 ordnas
595 1131 8 22 i
612 1131 129 22 förhållande
756 1132 33 22 till
804 1132 40 21 den

99 1165 97 22 inbördes
211 1170 125 17 numerären
351 1165 24 22 af
385 1165 82 22 landets
488 1167 64 27 begge
568 1165 141 27 folkelement,
725 1167 67 21 finska
806 1166 39 21 och

100 1199 89 22 svenska
203 1200 90 25 talande,
309 1199 22 22 så
346 1201 31 20 att
391 1200 69 21 skolor
467 1200 49 21 med
525 1200 87 22 svenskt
621 1199 223 30 undervisningsspråk

99 1233 68 22 skulle
182 1233 121 29 uppehållas
318 1234 88 21 allenast
419 1233 8 22 i
443 1234 25 22 de
488 1234 120 26 landsorter,
624 1234 37 21 der
674 1234 89 22 flertalet
776 1233 24 22 af
812 1234 33 21 be-

99 1267 123 30 folkningen
236 1269 54 20 talar
305 1268 57 21 detta
376 1268 113 29 tungomål,
506 1276 48 14 men
569 1268 65 29 öfriga
644 1269 69 22 skolor
726 1267 118 23 förvandlas

99 1303 34 22 till
146 1302 152 29 finskspråkiga
313 1303 102 26 läroverk,
434 1303 106 22 äfvensom
560 1305 30 20 att
608 1303 108 22 enahanda
734 1302 110 29 grundsats

100 1337 34 20 må
148 1336 59 29 följas
223 1336 35 22 vid
274 1336 167 22 understödande
456 1337 23 21 af
491 1337 81 28 privata
586 1336 193 29 skolinrättningar;

169 1373 30 19 att
209 1369 141 30 friplatsernas
361 1371 56 21 antal
427 1370 7 21 i
445 1371 95 21 skolorna
550 1370 64 22 måtte
624 1371 66 21 blifva
699 1369 145 30 obegränsadt;

169 1407 30 19 att
213 1413 42 20 nya
269 1405 97 21 läroverk
376 1404 48 22 med
434 1405 82 22 finskan
530 1405 32 22 till
576 1404 224 29 undervisningsspråk
810 1403 34 22 må

101 1439 108 22 efterhand
224 1438 86 24 inrättas
325 1439 106 23 hvarhelst
447 1440 38 21 och
500 1439 7 22 i
522 1440 40 22 den
577 1447 49 15 mon
637 1441 30 21 ett
677 1439 90 29 verkligt
781 1438 65 23 behof

101 1473 23 23 af
137 1473 76 24 sådana
227 1479 36 24 gör
277 1474 31 29 sig
322 1474 105 29 gällande;
444 1476 53 20 samt
