1039 1709
223 153 23 17 52
406 150 239 21 Petitionsbetänkande
653 151 41 19 N:o
705 150 34 19 20.

201 216 77 20 tvenne
293 214 91 28 språken
398 214 32 22 uti
445 214 138 22 förevarande
599 214 38 22 fall
652 214 69 21 skulle
736 214 70 21 såsom
819 212 129 23 modersmål

201 249 117 27 betraktas,
336 249 114 21 förordade
468 248 184 28 lärarekollegiets
670 248 50 22 vida
735 248 155 27 öfvervägande
900 246 49 22 fler-

201 283 37 27 tal,
254 284 48 21 med
316 284 126 27 hänvisning
456 283 33 22 till
505 283 38 22 sitt
556 283 36 22 vid
605 283 136 22 visitationen
756 283 55 22 1871
826 282 80 28 afgifna
916 283 32 20 ut-

201 318 92 26 låtande,
312 319 32 20 att
362 317 68 22 finska
448 317 86 27 språket
551 317 67 22 borde
636 318 35 21 vid
691 317 60 22 detta
765 317 99 22 läroverk
878 316 71 23 såsom

202 353 110 22 elevernas
326 353 129 21 modersmål
469 358 69 15 anses.
567 352 52 21 Med
633 352 114 26 anledning
756 351 62 22 häraf
830 350 120 23 hemstälde

202 386 217 27 Skolöfverstyrelsen
442 387 31 20 uti
495 385 111 23 skrifvelse
625 386 24 21 af
666 387 40 20 den
725 386 28 21 20
771 385 59 22 Mars
846 385 55 22 1873
916 384 33 22 till

202 421 60 21 Hans
280 420 113 27 Majestäts
408 421 105 26 pröfning,
528 420 135 22 hvilketdera
677 420 87 27 spräket
778 419 70 22 säsom
863 419 86 22 skolans

201 455 65 27 spräk
288 455 67 21 borde
377 456 94 26 antagas,
487 456 55 21 samt
563 455 116 27 tillstyrkte
701 454 34 21 för
757 454 33 21 sin
809 454 34 21 del
859 453 91 23 svenska

202 489 98 27 spräkets
318 489 117 26 införande,
452 491 51 20 enär
517 489 35 22 vid
567 489 135 22 visitationen
718 488 55 23 1871
788 488 115 27 befunnits,
919 489 32 20 att

202 523 23 22 af
239 525 41 20 172
295 524 72 21 elever
384 523 28 22 28
427 524 56 21 varit
497 523 75 22 endast
586 523 69 22 finska
670 523 87 28 spräket
771 523 101 27 mäktige,
887 523 63 22 hvar-

200 558 65 27 jemte
282 558 157 27 Skolstyrelsen
454 558 125 28 äberopade,
595 559 31 20 att
635 558 37 21 vid
681 557 136 22 visitationen
828 557 53 22 1871
893 557 57 22 skol-

200 593 73 21 rädets
291 592 110 27 pluralitet
420 592 69 22 skulle
503 592 78 21 uttalat
596 592 33 27 sig
643 591 34 22 för
693 592 105 21 svenskan
813 597 46 16 som
873 592 77 21 under-

201 627 167 27 visningsspräk.

268 661 129 22 Emellertid
411 661 55 21 hade
481 661 28 22 48
523 667 103 21 personer
641 661 30 20 uti
687 667 26 15 en
727 661 35 22 till
776 660 122 28 Kejserliga
913 661 37 22 Se-

200 697 65 20 naten
287 696 95 27 ingifven
404 695 63 22 skrift
489 695 94 27 anhällit,
608 697 31 19 att
662 695 35 22 det
712 696 91 21 svenska
818 695 133 27 tungomälet

202 730 65 22 mätte
287 730 69 22 säsom
376 730 229 28 undervisningsspräk
623 729 138 23 föreskrifvas
780 730 35 21 vid
830 729 120 28 Uleäborgs

200 765 88 27 lyceum.

268 799 122 28 Kejserliga
405 799 92 22 Senaten
511 799 123 22 infordrade
649 799 49 22 med
713 799 114 28 anledning
842 799 63 22 häraf
918 799 33 22 sä-

200 834 35 21 väl
250 833 229 28 Skolöfverstyrelsens
495 840 45 15 som
556 834 39 21 ock
611 833 120 22 skolrädets
746 834 9 21 i
768 833 109 28 Ule&borg
895 834 55 21 utlä-

200 869 71 26 tande,
291 868 109 22 äfvensom
420 868 69 27 öfriga
506 869 127 27 handlingar
651 869 8 20 i
677 868 82 28 frägan.
788 869 42 22 Vid
845 875 105 16 samman-

200 903 60 22 träde
276 903 24 21 af
314 903 41 21 den
370 904 26 21 17
411 903 51 22 Juni
477 903 55 22 1873
546 904 96 21 uttalade
657 903 120 22 skolrädets
792 904 110 27 pluralitet
917 904 33 21 sä-

200 943 46 16 som
266 937 33 22 sin
318 937 62 27 äsigt,
399 938 32 20 att
446 937 36 21 det
497 943 50 16 vore
561 937 50 22 med
626 938 109 21 elevernes
745 937 74 22 fördel
833 939 40 20 oeh
888 938 63 21 bästa

200 973 55 20 mest
270 971 236 27 öfverensstämmande,
522 973 32 20 att
561 971 64 22 finskt
635 971 229 28 undervisningsspräk
874 972 24 21 sä
908 972 43 22 fort

200 1007 33 26 sig
251 1008 53 25 göra
321 1006 43 21 läte
383 1006 69 21 skulle
467 1005 86 27 införas,
570 1006 27 21 dä
612 1007 69 20 större
697 1005 64 22 delen
776 1006 23 21 af
812 1007 86 21 stadens
914 1007 36 21 be-

200 1040 97 27 folkning
312 1041 56 20 samt
382 1041 42 20 den
438 1039 162 28 kringliggande
615 1040 77 27 nejden
708 1040 45 21 helt
768 1040 39 21 och
821 1041 67 22 hållet
898 1047 51 16 vore

199 1074 61 27 finsk,
284 1074 39 21 och
345 1075 81 20 barnen
445 1074 66 22 redan
529 1074 7 21 i
555 1074 66 27 späda
640 1074 24 21 är
681 1075 8 20 i
707 1074 97 22 hemmen
819 1075 131 28 fullkomligt

200 1109 95 22 inhemta
313 1109 36 21 det
366 1109 70 21 finska
451 1108 92 28 spräket.
572 1109 51 21 Med
638 1109 131 21 insändande
784 1109 24 22 af
821 1109 59 22 detta
895 1111 55 21 utlä-

200 1144 64 21 tande
279 1143 111 22 äfvensom
405 1143 43 22 alla
466 1143 7 22 i
489 1143 64 22 målet
567 1142 110 28 befintliga
692 1143 132 27 handlingar,
844 1144 106 22 äterhem-

199 1178 51 21 tade
265 1178 168 27 Skolstyrelsens
448 1177 109 27 pluralitet
571 1177 8 21 i
593 1177 111 22 utlåtande
718 1177 23 22 af
750 1178 41 21 den
802 1178 26 21 18
838 1178 45 21 Juli
894 1179 56 21 1873

200 1213 38 21 sitt
255 1212 59 21 förut
332 1211 82 27 afgifna
432 1211 101 28 yrkande,
552 1213 31 20 att
602 1212 105 21 svenskan
726 1212 67 22 borde
812 1218 46 16 som
873 1213 77 22 under-

200 1245 161 27 visningsspråk
375 1246 8 19 i
397 1245 119 26 Uleåborgs
530 1245 99 21 läroverk
643 1246 88 20 införas.
761 1246 77 21 Tillika
852 1247 98 20 anmälde

200 1279 154 27 skolstyrelsen
369 1278 34 21 för
418 1278 98 27 Senaten,
532 1279 46 20 ”att
592 1279 36 20 vid
643 1279 36 20 det
693 1279 68 21 under
775 1279 92 22 nämnda
876 1279 74 22 visita-

199 1313 45 21 tion
262 1313 50 21 med
330 1312 109 21 skolrådet
456 1312 73 22 hållna
545 1313 156 21 sammanträde
716 1313 107 27 protokoll
838 1313 47 22 icke
900 1313 49 22 blif-

199 1347 32 22 vit
248 1347 78 27 fördt,”
346 1347 39 21 och
403 1347 100 28 upplyser
522 1347 47 22 åter
587 1347 41 21 den
647 1347 24 21 af
684 1347 217 28 Skolöfverstyrelsen
916 1350 33 19 ut-

200 1382 59 27 gifna
277 1382 84 27 tryckta
379 1381 121 27 berättelse,
516 1383 32 21 att
563 1382 218 28 Skolöfverstyrelsen
798 1383 39 22 hos
857 1382 93 23 Senaten

200 1417 86 26 anmält,
306 1417 45 21 ”att
368 1417 36 21 vid
422 1416 135 22 visitationen
577 1417 53 21 1871
651 1419 155 21 sammanträde
826 1418 49 22 med
893 1418 57 22 skol-

199 1451 62 23 rädet
274 1451 57 22 inför
344 1450 108 28 protokoll
466 1451 46 22 icke
528 1452 91 22 hällits.”

267 1491 95 17 Allmänna
374 1491 158 18 Besvärsutskottets
543 1492 105 18 betänkande
660 1492 33 17 N:o
706 1492 29 18 17.
