1045 1706
241 140 12 18 4
428 138 239 19 Petitionsbetänkande
678 137 38 19 N:o
730 137 33 18 20.

219 196 62 22 intogo
293 195 80 18 finnarne
387 195 47 17 ifrån
448 195 63 23 början
527 201 22 12 en
563 195 40 17 med
615 195 57 23 öfriga
683 194 44 21 folk,
745 194 33 18 och
791 192 85 19 särskildt
887 192 41 18 med
939 191 31 19 det

220 224 80 21 svenska,
316 224 112 22 jemnbördig
446 224 87 23 ställning
550 224 7 17 i
573 223 113 18 förhållande
703 224 31 16 till
751 222 121 23 vetenskapen
887 221 33 18 och
936 220 32 18 den

219 253 55 23 högre
292 252 104 24 bildningen
414 252 122 18 öfverhufvud.
559 252 39 18 Den
613 252 80 18 latinska
708 252 63 18 skolan
787 251 40 18 stod
841 250 59 18 likaså
912 251 57 21 öppen

218 281 29 18 för
258 281 31 18 det
299 281 63 22 finska,
381 286 37 13 som
432 281 27 18 för
475 281 30 18 det
521 282 75 18 svenska
609 281 69 22 barnet,
697 281 33 17 och
743 280 29 18 det
788 280 77 18 berodde
877 278 63 18 endast
952 277 20 19 af

219 309 28 17 flit
259 310 33 18 och
304 310 72 23 andelig
386 310 102 23 begåfning,
500 310 88 18 huruvida
600 309 30 18 det
642 315 33 13 ena
687 309 44 18 eller
743 308 56 19 andra
811 308 59 18 skulle
881 308 43 22 taga
936 306 35 18 för-

219 338 59 23 steget
290 339 32 18 och
334 338 101 24 derigenom
447 339 54 18 vinna
513 344 21 13 en
546 338 119 19 framstående
676 338 49 22 plats
737 338 49 18 inom
797 337 57 23 kyrka
867 336 43 18 eller
921 336 42 18 stat.

287 378 37 18 Till
336 384 22 12 en
368 378 64 24 början
443 379 69 18 införde
525 380 15 22 ej
552 380 57 18 heller
617 379 137 18 reformationen
766 378 41 18 häri
818 378 59 23 någon
889 377 82 18 väsendt-

219 406 26 24 lig
257 407 112 23 förändring;
381 409 25 22 ty,
418 408 87 18 ehuruväl
517 408 155 23 nationalspråket
681 407 20 19 så
709 408 29 17 till
746 408 43 18 vida
797 412 47 13 vann
853 405 117 22 erkännande,

220 437 28 17 att
259 436 31 18 det
302 436 65 23 ansågs
379 437 60 18 kunna
451 437 33 18 och
496 438 43 18 böra
551 437 49 23 gifva
611 437 72 23 uttryck
697 436 19 18 åt
727 436 66 18 folkets
805 436 85 22 religiösa
900 434 71 18 medve-

219 465 60 21 tande,
296 465 66 19 förblef
375 465 45 19 dock
434 466 66 18 latinet
514 466 109 18 fortfarande
639 466 129 22 vetenskapens
780 465 33 18 och
825 465 72 18 skolans
909 464 59 23 språk.

219 494 32 18 Ett
263 494 63 24 utbyte
338 494 44 23 egde
394 494 63 19 endast
469 495 110 23 småningom
593 500 44 13 rum.
661 495 41 18 Men
717 494 7 18 i
739 500 67 12 samma
820 494 43 18 mån
878 493 92 22 svenskan,

217 523 55 24 jemte
286 524 70 21 latinet,
374 530 48 12 vann
436 524 59 24 insteg
510 525 6 17 i
531 524 68 22 skolan,
615 524 112 18 försvårades
741 523 116 23 naturligtvis
872 523 30 17 det
914 522 57 18 finska

219 552 73 18 barnets
306 552 81 18 tillträde
402 552 29 19 till
447 553 35 18 den
496 554 55 22 högre
566 553 112 23 bildningen;
696 554 20 22 ty
732 558 24 12 nu
770 553 65 21 tvangs
851 552 30 17 det
893 552 28 17 att
932 551 38 17 icke

219 581 78 19 allenast
309 581 62 23 afsäga
383 582 29 22 sig
424 581 30 19 det
466 587 45 18 egna
524 582 77 23 språket,
619 581 51 18 hvari
685 582 31 17 det
730 581 55 18 redan
800 581 37 17 lärt
851 581 28 17 att
893 580 6 18 i
911 579 60 23 någon

219 610 41 18 mån
271 610 62 18 ikläda
345 610 29 18 sin
384 611 60 20 tanke,
461 612 45 16 utan
518 611 33 18 ock
566 611 28 17 att
604 610 24 23 på
639 611 64 17 tvenne
716 610 54 21 olika,
788 609 108 18 fremmande
907 610 64 21 tungo-

218 638 37 20 mål
265 639 77 23 tillegna
354 639 28 23 sig
392 640 82 17 vetande.
497 640 35 18 Det
543 640 78 22 menliga
633 639 6 17 i
651 640 27 17 ett
690 640 65 17 sådant
762 638 113 19 förhållande
883 638 88 18 erfordrar

218 668 54 23 ingen
283 668 113 23 utläggning,
414 668 33 18 och
460 669 28 17 att
500 669 31 17 det
541 668 70 18 kunnat
622 668 91 21 uthärdas,
732 668 88 18 förklaras
832 667 64 18 endast
907 672 64 18 genom

219 697 34 18 den
265 697 103 18 häfdvunna
383 702 67 13 vanans
463 698 49 17 stora
523 698 56 22 magt.
602 697 61 18 Under
677 697 74 18 latinets
766 696 105 19 herravälde
882 696 48 18 hade
942 696 30 18 det

219 726 58 18 finska
288 726 57 18 folket
356 725 61 19 blifvit
428 726 54 22 bragt
494 726 72 21 derhän,
580 727 27 17 att
619 726 31 18 det
661 726 106 18 betraktade
780 726 33 17 sitt
824 726 41 22 eget
877 725 53 23 språk
942 730 29 12 en-

219 754 41 18 dast
271 754 58 19 såsom
342 754 26 18 ett
374 754 100 21 folkidiom,
481 754 31 19 det
518 755 31 18 der
554 755 105 23 visserligen
667 752 77 20 förstods
753 754 19 18 af
777 760 21 12 en
807 754 110 23 barmhertig
926 753 44 22 Gud,

218 789 41 13 men
271 783 79 19 deremot
361 788 31 13 var
404 784 108 18 fremmande
523 784 28 18 för
564 784 57 18 denna
633 784 81 18 verldens
726 785 52 17 store.
800 784 28 17 Då
841 783 69 18 således
921 788 51 13 sven-

219 812 44 18 skan
276 812 44 18 efter
334 812 50 18 hand
398 818 21 12 ur
434 812 62 18 skolan
511 812 96 24 utträngde
623 812 65 18 latinet
701 813 59 17 såsom
775 812 195 23 undervisningsspråk,

219 841 42 18 fann
274 841 28 23 sig
312 841 58 18 folket
382 840 37 18 deri
431 842 20 17 så
462 842 72 22 mycket
548 847 53 16 mera,
620 848 37 12 som
672 842 109 18 traditionen
797 842 51 18 äfven
863 842 33 17 här
910 841 61 23 gjorde

219 870 28 23 sig
258 870 90 23 gällande,
359 870 7 18 i
379 870 29 18 det
420 871 28 17 att
460 870 63 18 skolan
535 870 109 19 fortfarande
657 871 79 23 emottog
744 871 30 17 det
782 870 58 18 finska
848 870 68 21 barnet,
926 871 46 17 samt

219 898 32 24 gaf
261 898 31 18 det
303 898 27 18 tid
342 899 28 17 att
384 898 39 18 lära
438 899 28 23 sig
482 899 14 22 ej
512 900 68 17 mindre
597 900 76 17 svenska
691 901 24 16 än
732 899 52 18 latin.
809 899 24 17 Sä
845 899 78 22 fortgick
936 899 35 21 det,

219 927 56 18 ehuru
285 927 41 17 med
338 927 59 18 städse
409 927 47 18 ökad
467 927 97 23 svårighet,
577 927 34 17 allt
622 928 50 17 intill
684 927 19 17 år
715 928 51 18 1843.

287 967 51 18 Huru
353 966 121 19 förhållandet
488 967 98 19 imellertid
601 968 78 21 ändrats,
697 968 47 17 inses
759 968 42 17 bäst
817 967 54 21 deraf,
884 968 28 16 att
923 973 49 17 gym-

219 996 54 18 nasii-
286 996 32 18 och
330 995 139 23 skolordningen
482 996 20 18 af
512 996 111 18 sistnämnda
635 996 24 21 år,
668 997 44 17 utan
721 997 27 17 att
756 996 57 22 något
821 996 60 18 derom
893 996 79 22 uttryck-

219 1024 48 23 ligen
279 1024 111 22 bestämmes,
404 1024 83 18 öfverallt
498 1024 107 18 förutsätter
618 1025 87 17 svenskan
714 1024 58 18 såsom
780 1024 192 23 undervisningsspråk

219 1053 50 18 såväl
280 1053 7 18 i
298 1052 55 23 högre
366 1053 154 22 elementarskola,
533 1060 37 11 som
582 1054 6 17 i
600 1054 115 22 gymnasium.
740 1053 35 18 För
788 1053 50 17 detta
850 1052 54 23 språk
915 1053 56 18 finnes

219 1081 68 18 derföre
298 1081 54 22 ingen
365 1081 77 18 särskild
453 1082 129 23 undervisning
597 1082 120 21 föreskrifven,
736 1083 44 16 utan
798 1081 87 24 påbjudes
903 1081 68 22 endast,

220 1111 28 16 att
260 1110 80 18 eleverne
352 1110 51 18 skola
416 1109 48 19 öfvas
480 1111 6 17 i
502 1110 39 18 dess
557 1110 91 23 skriftliga
662 1110 116 23 behandling.
803 1110 84 18 Deremot
902 1111 30 16 äro
944 1109 28 18 för

218 1139 128 22 undervisning
357 1139 7 17 i
376 1138 58 19 finska
447 1139 95 19 bestämda
558 1140 71 17 timmar
644 1140 87 23 anslagna
746 1139 20 18 så
778 1139 7 18 i
800 1139 56 22 skola,
875 1144 36 13 som
924 1144 48 17 gym-

218 1167 76 18 nasium.

287 1202 68 18 Genom
373 1202 57 17 denna
449 1202 104 23 anordning,
572 1202 57 18 skulle
648 1202 69 18 således
733 1202 30 17 det
778 1202 57 17 finska
849 1202 65 18 barnet
925 1202 47 18 varit

218 1231 39 17 helt
269 1231 32 18 och
313 1230 57 18 hållet
382 1231 86 18 uteslutet
483 1231 40 17 från
542 1231 33 18 den
592 1231 55 22 högre
665 1231 68 20 skolan,
751 1236 29 12 om
795 1231 16 22 ej
827 1231 84 22 derjemte
922 1231 50 22 lägre

219 1258 156 18 elementarskolor
386 1258 62 18 blifvit
459 1258 98 21 inrättade,
567 1258 27 17 uti
602 1258 62 18 hvilka
676 1258 128 23 undervisning
815 1257 50 18 såväl
877 1258 7 17 i
896 1259 76 17 svenska

219 1292 37 12 som
267 1287 7 16 i
285 1287 59 17 finska
355 1286 73 23 språket
439 1285 82 24 påbjöds,
535 1287 33 17 och
580 1287 21 17 de
614 1286 49 18 olika
675 1287 68 17 barnen
755 1287 91 17 dessutom
858 1287 114 22 sedvanligen

218 1315 30 18 till
260 1320 22 13 en
293 1315 63 24 början
368 1313 115 22 handleddes,
495 1314 53 19 hvart
559 1314 25 24 på
595 1315 33 18 sitt
639 1314 111 22 modersmål,
763 1315 56 18 ehuru
827 1315 27 18 ett
865 1315 107 24 uttryckligt

218 1343 98 24 stadgande
328 1344 63 18 härom
402 1343 46 18 först
459 1343 53 23 ingår
527 1344 7 17 i
548 1343 121 24 nästföljande
687 1344 94 23 gymnasii-
800 1345 32 18 och
850 1344 122 23 skolordning.

219 1373 68 19 Genom
298 1374 29 17 att
339 1370 67 21 besöka
418 1379 21 12 en
451 1373 49 22 lägre
512 1373 152 21 elementarskola,
680 1379 31 12 var
728 1373 30 18 det
773 1373 69 19 således
858 1373 28 18 för
898 1374 30 18 det
939 1374 33 18 fin-

218 1403 33 18 ska
262 1401 64 19 barnet
338 1401 70 24 möjligt
421 1402 28 18 att
461 1401 40 18 lära
512 1402 28 23 sig
552 1402 20 18 så
583 1403 70 23 mycket
668 1403 80 21 svenska,
762 1403 28 18 att
801 1403 31 18 det
847 1403 59 18 kunde
918 1403 54 19 vinna

217 1431 71 19 inträde
299 1431 7 18 i
318 1437 22 12 en
351 1431 55 23 högre
419 1431 33 18 och
467 1431 79 18 derifrån
562 1431 71 24 öfvergå
649 1431 30 18 till
693 1431 117 27 gymnasium.
833 1432 27 18 De
873 1433 29 17 äro
915 1433 56 18 likväl

217 1461 40 18 icke
271 1461 24 22 få,
314 1466 38 13 som
367 1461 104 22 genomgått
488 1460 42 19 hela
548 1460 57 19 denna
623 1461 138 18 elementarkurs
777 1461 34 19 och
823 1461 44 19 dock
880 1461 15 23 ej
907 1462 65 18 vunnit

286 1496 93 18 Allmänna
391 1496 159 19 Besvärsutskottets
561 1496 104 19 betänkande
677 1497 34 18 N:o
723 1497 29 18 17.
