1039 1709
230 142 313 18 Fetitionsbetänkande
559 142 46 17 N:o
621 142 36 17 16.

343 407 125 25 Allmänna
499 407 241 25 Besvärsutskottets
772 407 43 25 be-

276 447 123 26 tänkande
425 447 17 26 N:o
496 447 27 25 13
547 447 8 26 i
579 447 130 33 anledning
733 447 27 24 af
781 450 37 22 ett

276 487 65 26 inom
364 487 153 34 Högvördiga
538 487 187 26 Presteständet
744 487 72 26 väckt

275 527 225 35 petitionsförslag,
524 531 37 22 att
588 527 151 26 skollärares
766 530 52 23 rätt

276 569 40 24 till
343 568 200 34 löneförhöjning
568 569 75 24 måtte
673 571 72 30 göras
774 569 42 24 be-

278 609 91 25 roende
393 609 27 24 af
435 609 45 25 den
499 609 38 25 tid
555 609 49 24 han
622 611 74 31 egnat
714 611 25 23 åt
758 609 58 24 sko-

276 649 54 25 lans
349 649 87 32 tjenst.

141 717 71 21 Jemte
234 717 201 26 protokollsutdrag
450 717 34 20 för
500 717 41 20 den
556 717 27 20 13
599 717 100 20 sistlidne
714 717 103 21 Februari

74 751 39 20 har
133 751 140 26 Högvördiga
288 751 164 21 Presteståndet
467 750 35 21 till
517 751 110 20 allmänna
641 751 177 21 Besvärsutskot-

73 786 32 20 tet
120 785 6 20 i
144 785 102 21 afseende
269 785 13 20 å
296 785 161 21 förberedande
471 785 165 26 handläggning
651 785 122 41 hänskjutit
788 787 32 18 ett

73 819 24 21 så
112 819 94 26 lydande
220 819 228 27 petitionsmemorial:

143 861 163 29 (Öfversättning).

231 907 64 17 «Till
311 906 151 23 Högvördiga
479 907 183 18 Presteständet.

140 937 16 22 Å
176 941 45 18 flere
241 941 93 18 skolmäns
347 942 7 17 i
366 941 61 22 Borgå
440 941 37 18 stift
490 943 73 21 vägnar,
576 941 71 18 hvilkas
659 942 114 24 fullmäktige
786 945 16 17 vi
815 951 6 16 ;

72 970 140 18 Presteståndet
224 972 38 21 äro,
275 970 75 18 anhålla
362 971 17 16 vi
391 972 27 17 att
429 969 19 18 få
459 965 95 35 framlägga
562 970 82 23 följande
653 971 167 25 petitionsförslag
813 965 10 35 .

141 999 8 18 I
167 999 85 22 gällande
272 999 131 22 skolordnings
422 999 22 17 65
458 999 9 22 &
481 999 80 23 stadgas,
581 1002 26 15 att
626 1000 79 22 Lärare
724 1002 35 16 och
774 1002 47 18 lära-

73 1032 52 14 rinna
146 1038 14 3 —
181 1038 13 3 —
215 1038 12 3 —
247 1039 14 2 —
282 1037 15 4 —
308 1033 43 12 vare
372 1027 114 23 berättigade
504 1031 31 20 att,
554 1027 33 18 der
603 1029 50 18 olika
669 1029 53 18 löner
738 1029 29 18 för
779 1036 41 13 ena-

74 1057 60 18 handa
152 1057 45 22 grad
209 1057 58 18 finnas
280 1057 102 22 bestämda,
396 1057 46 17 efter
454 1057 121 22 tjensteälder
587 1057 48 18 inom
649 1063 69 13 samma
729 1059 92 24 läroverk,

73 1086 30 17 vid
124 1086 32 18 der
176 1085 86 18 inträffad
284 1085 88 23 ledighet,
391 1085 82 18 tillträda
491 1085 128 23 förmänligare
639 1087 96 22 aflöning.*
765 1088 56 19 Detta

75 1115 106 23 stadgande,
202 1115 71 18 hvilket
291 1115 42 18 med
350 1115 106 18 hänseende
469 1115 28 17 till
510 1115 148 24 löneförhöjning
669 1117 109 18 inskränker
790 1118 30 17 be-

74 1145 101 22 räkningen
188 1144 20 18 af
218 1144 131 23 tjensteäldern
362 1145 49 17 inom
423 1145 100 22 gränserna
536 1145 19 18 af
567 1147 26 15 ett
606 1145 34 17 och
655 1140 62 33 samma
727 1146 93 23 läroverk,

75 1173 71 18 medför
159 1173 31 18 det
202 1173 168 22 missförhällande,
382 1175 28 16 att
422 1173 35 18 den
471 1173 67 23 lärare,
551 1179 39 13 som
604 1173 35 18 den
651 1175 73 22 längsta
736 1175 27 17 tid
772 1176 49 17 inne-

74 1202 40 18 haft
126 1208 23 12 en
161 1202 35 19 och
209 1207 69 13 samma
290 1203 56 22 tjenst
358 1202 30 17 vid
401 1202 111 22 skolverket,
525 1203 56 17 likväl
594 1203 61 17 kunde
667 1203 74 18 komma
753 1204 28 17 till
794 1204 26 18 ät-

74 1231 88 23 njutande
175 1231 20 18 af
204 1231 51 22 lägre
267 1231 109 21 lönevilkor,
387 1231 6 17 i
405 1230 88 18 händelse
506 1231 36 18 han
554 1231 60 18 blefve
627 1231 116 23 öfverflyttad
755 1233 28 16 till
796 1235 26 16 ett

75 1263 56 15 annat
148 1260 90 21 läroverk,
256 1260 76 17 hvarest
344 1259 60 22 öfriga
415 1260 78 21 tjenster
505 1259 20 18 af
536 1265 69 12 samma
617 1265 45 17 rang
674 1266 43 12 vore
730 1260 49 18 förut
790 1261 32 18 be-

77 1291 52 16 satta.
160 1288 140 23 Otvifvelaktigt
312 1288 60 18 skulle
385 1293 22 12 en
417 1288 82 22 jemnare
513 1289 34 17 och
559 1294 51 12 mera
621 1289 77 22 lämplig
709 1289 113 23 löneförhöj-

76 1317 147 23 ningsreglering
240 1317 142 22 ästadkommas,
403 1322 29 12 om
444 1322 42 12 man
503 1317 31 17 vid
546 1317 103 22 beräkning
661 1317 20 18 af
691 1318 131 22 tjensteäldern

76 1345 94 18 likställde
191 1345 36 18 alla
246 1345 60 18 lärare
325 1345 20 18 af
362 1350 70 12 samma
444 1345 46 22 grad
503 1345 48 18 inom
564 1346 43 17 hela
619 1346 132 23 skolomrädet,
765 1357 19 2 —
798 1352 23 13 en

77 1373 61 18 metod
156 1379 40 12 som
214 1378 44 13 vore
276 1373 21 18 sä
316 1373 72 22 mycket
400 1373 115 22 begvämare,
528 1379 39 12 som
579 1373 72 18 landets
661 1375 86 22 samtliga
760 1375 62 17 skolor

75 1402 22 23 ju
116 1402 102 23 underlyda
236 1401 188 24 skolöfverstyrelsen.
449 1402 43 18 Men
505 1401 52 18 äfven
569 1402 7 17 i
589 1402 59 18 denna
659 1402 89 19 händelse
761 1403 61 18 skulle

79 1431 30 19 det
121 1431 130 23 motbjudande
264 1432 35 17 och
310 1432 103 22 pinsamma
424 1431 115 18 förhällande
554 1432 79 22 gvarstä,
647 1434 27 15 att
687 1438 22 12 en
721 1432 59 18 lärare
793 1432 29 18 för

79 1463 26 16 att
117 1460 73 19 komma
203 1460 29 18 till
244 1460 107 23 ätnjutande
364 1460 19 18 af
394 1460 57 23 högre
464 1460 135 18 löneförmäner
611 1460 58 18 mäste
682 1463 60 21 vänta,
756 1463 27 17 att
791 1462 31 18 nä-

79 1495 36 17 gon
133 1490 45 18 hans
197 1490 141 22 tjenstekamrat
357 1493 43 19 toge
420 1490 66 18 afsked
499 1490 45 18 eller
557 1490 71 23 afginge
641 1490 41 18 med
695 1490 64 18 döden.
784 1491 38 18 Hos

147 1531 89 17 Allmänna
250 1531 166 17 Besvärsutskottets
428 1531 105 17 betänkande
544 1530 35 18 N:o
592 1532 27 16 13.
