1042 1703
251 136 322 21 Petitionsbetänkande
588 136 49 20 N:o
654 135 43 20 14.
819 134 11 18 3

114 200 45 21 från
184 202 39 20 den
238 201 72 27 prägel
326 201 22 19 af
364 201 104 20 måhända
491 200 71 20 alltför
580 202 43 18 stor
642 200 149 25 likformighet,
807 198 52 20 hvil-

115 235 39 19 ken
171 237 67 17 staten
254 235 104 25 knappast
373 236 41 18 kan
430 236 72 25 undgå
512 236 31 18 att
553 234 28 25 på
595 234 58 19 detta
663 234 92 23 område,
771 232 88 19 likasom

114 268 28 26 på
158 268 72 26 andra,
238 268 104 26 påtrycka
356 269 45 19 sina
416 269 145 25 inrättningar.
587 267 40 19 Vid
639 267 75 19 sådant
729 265 131 20 förhållande

114 302 40 20 oeh
171 302 27 19 då
213 302 97 20 tillvaron
327 302 23 18 af
362 302 82 25 privata
459 302 71 19 skolor
545 300 31 20 till
593 307 24 13 en
634 300 34 20 del
687 300 86 25 fritager
792 300 67 18 staten

115 335 45 20 från
177 335 155 25 omkostnader,
347 336 72 19 hvilka
435 336 39 19 den
491 336 5 18 i
513 334 51 27 följd
581 334 22 19 af
616 334 31 19 sin
663 334 107 19 allmänna
780 332 79 19 kultur-

116 369 82 26 uppgift
212 369 6 19 i
234 371 64 18 annat
313 369 36 19 fall
366 369 54 26 finge
444 369 123 24 vidkännas,
583 375 62 19 synes
661 368 35 19 det
711 367 61 19 äfven
789 372 50 13 vara
854 365 6 19 i

115 403 31 19 sin
163 402 95 27 ordning,
275 404 29 18 att
321 404 66 18 staten
403 403 80 20 lemnar
497 403 25 20 de
537 402 96 20 enskilda
648 400 212 25 läroinrättningarna

115 437 37 19 sitt
166 436 55 27 hägn
238 437 39 19 och
293 436 97 26 erbjuder
405 437 31 19 sin
452 437 127 20 medverkan
596 435 30 20 till
643 434 135 27 aflägsnande
798 433 23 20 af
835 433 26 20 de

115 471 75 19 hinder
200 471 40 19 och
250 470 136 26 svärigheter,
397 471 72 19 hvilka
480 471 62 20 ställa
553 470 47 27 sig
595 464 13 37 i
612 473 67 23 vägen
694 469 32 20 för
742 468 73 26 dylika
830 468 30 19 in-

115 505 126 25 rättningars
256 504 112 27 gagneliga
383 505 139 20 verksamhet.

187 538 46 19 Men
250 539 26 19 de
291 538 163 25 önskningsmäl,
474 539 72 19 hvilka
561 539 6 18 i
583 538 151 20 ofvanstäende
754 536 105 20 memorial

117 572 69 20 blifvit
200 571 138 25 framställda,
347 579 60 12 anser
423 573 100 19 utskottet
538 572 64 20 likväl
618 572 47 19 icke
681 579 51 12 vara
743 571 22 19 af
774 569 40 21 den
826 571 34 18 be-

116 606 124 25 skaffenhet,
256 609 30 17 att
309 607 106 20 desamma
432 607 63 20 borde
518 607 23 20 af
557 605 118 22 Ständerna
698 605 103 24 omfattas,
821 603 38 20 och

117 641 58 19 detta
190 640 27 27 pä
231 640 94 27 följande
340 640 56 19 skäl:

186 675 61 19 Hvad
263 674 53 20 först
330 675 64 25 angår
409 676 150 24 petitionärens
574 675 77 25 förslag
667 677 30 17 att
708 675 21 19 åt
739 675 68 18 lärare
822 673 39 19 och

116 708 117 20 lärarinnor
249 708 34 20 vid
300 709 80 25 privata
396 708 71 20 skolor
482 710 64 18 måtte
561 709 136 20 tillerkännas
713 707 107 21 förmånen
832 708 31 18 att

117 742 35 19 vid
168 742 115 26 ofvergäng
299 742 31 19 till
346 744 78 18 statens
440 742 63 27 tjenst
518 743 21 19 få
549 743 6 19 i
567 742 98 21 afseende
674 737 9 36 &
700 741 160 27 tjensteförslag,

116 776 169 26 löneförhöjning
296 776 38 19 och
346 776 86 26 pension
444 777 156 26 tillgodoräkna
611 777 31 25 sig
653 776 39 20 den
704 776 36 24 tid,
749 776 26 19 de
791 776 70 24 tjenst-

116 811 56 25 gjort
187 810 35 20 vid
238 810 82 20 enskild
337 810 165 27 läroinrättning,
518 818 61 12 anser
594 811 101 19 utskottet
710 818 25 12 en
751 809 59 27 dylik
821 809 40 19 för-

116 845 48 19 män
179 844 94 20 hvarken
285 845 46 19 med
343 845 51 19 eller
404 846 48 18 utan
465 845 25 19 de
502 845 23 20 af
538 845 138 26 petitionären
692 844 121 26 uppställda
824 844 37 18 vil-

117 878 38 19 kor
171 878 51 20 böra
236 878 28 26 pä
278 878 89 20 förhand
382 878 138 21 tillförsäkras
532 879 95 19 enskilda
643 878 82 20 skolors
739 878 68 19 lärare
822 877 39 19 och

118 912 116 20 lärarinnor
249 912 5 19 i
272 912 120 20 allmänhet.
422 913 103 19 Enskilda
540 913 147 19 läroanstalter
702 912 71 19 kunna
789 911 72 20 nemli-

117 952 39 20 gen
172 946 87 20 inrättas
275 946 31 20 för
323 947 26 19 de
360 948 52 18 mest
422 947 58 19 olika
490 946 96 21 ändamål
599 947 38 19 och
653 946 24 20 af
690 953 43 13 mer
748 946 51 19 eller
810 945 50 19 min-

115 982 37 19 dre
168 980 103 26 skicklige
282 980 38 20 och
332 981 84 26 duglige
431 988 110 19 personer;
557 981 39 19 och
613 980 106 25 ehuruvä!,
735 980 66 26 enligt
816 979 44 25 gäl-

117 1014 61 20 lande
201 1014 153 25 författningar,
377 1016 68 24 någon
469 1015 59 25 dylik
551 1015 78 19 anstalt
651 1015 48 19 icke
722 1014 31 19 får
769 1014 60 19 träda
850 1013 6 18 i

116 1048 138 24 verksamhet,
270 1048 63 19 innan
357 1048 134 25 öfverhetligt
508 1047 94 20 tillstånd
627 1048 30 19 till
673 1048 47 19 dess
743 1046 118 20 inrättande

117 1081 115 25 utverkats,
249 1081 40 20 kan
305 1081 36 19 vid
357 1082 122 25 pröfningen
496 1083 23 18 af
533 1089 24 13 en
578 1081 91 26 ingifven
688 1081 117 26 ansökning
827 1087 32 14 om

115 1115 101 25 rättighet
231 1117 30 17 att
276 1115 80 26 grunda
372 1122 25 13 en
412 1115 123 20 läroanstalt
551 1115 68 26 någon
631 1115 129 20 omfattande
770 1115 91 20 kontroll

114 1149 48 20 icke
172 1148 159 27 ifrågakomma,
342 1151 25 16 än
378 1149 80 19 mindre
474 1149 96 25 förutses,
587 1149 84 20 hvilken
688 1149 121 26 utveckling
824 1156 35 12 an-

116 1184 76 18 stalten
208 1183 53 19 skall
278 1183 5 18 i
300 1189 24 13 en
341 1183 83 19 framtid
439 1183 71 19 kunna
521 1184 64 18 vinna
595 1183 39 19 och
645 1183 85 19 hvilken
742 1184 60 23 nytta
813 1183 49 19 den-

116 1222 80 14 samma
211 1216 41 19 kan
275 1216 95 19 medföra
384 1216 32 19 för
431 1216 35 20 det
486 1216 111 20 allmänna.
627 1216 73 20 Blefve
715 1223 27 13 nu
758 1216 103 26 ifrågava-

117 1251 65 19 rande
198 1250 77 25 förslag
299 1250 101 25 upphöjdt
415 1250 30 19 till
462 1250 40 26 lag,
518 1250 23 20 så
558 1250 69 20 kunde
647 1250 34 20 det
703 1250 47 20 icke
773 1250 90 19 allenast

117 1284 91 24 inträffa,
217 1286 29 17 att
262 1284 88 25 mången
367 1284 74 24 lärare,
456 1284 85 20 hvilken
558 1284 52 20 efter
625 1284 89 19 erhållet
729 1283 134 26 öfverhetligt

118 1317 93 20 tillstånd
234 1317 105 20 meddelat
362 1317 148 26 undervisning
527 1318 22 19 åt
563 1318 36 19 två
614 1318 51 19 eller
682 1320 31 17 tre
729 1317 76 21 elever,
821 1317 40 19 för-

117 1350 100 19 värfvade
228 1350 31 25 sig
270 1356 79 13 samma
359 1350 123 25 rättigheter
492 1357 44 12 som
553 1350 32 23 de,
600 1350 72 19 hvilka
688 1350 65 19 under
768 1352 93 17 ansträn-

117 1384 69 25 gande
202 1383 71 19 arbete
289 1382 61 20 offrat
365 1383 46 18 sina
426 1383 78 19 krafter
520 1383 21 19 åt
556 1383 35 19 det
606 1383 116 19 allmännas
741 1384 71 25 tjenst;
832 1385 31 17 ett

117 1417 83 20 tillfälle
217 1423 48 14 vore
282 1417 104 20 dessutom
402 1417 94 26 öppnadt
511 1419 30 17 att
557 1417 44 20 med
620 1417 81 20 landets
715 1417 87 26 publika
812 1417 47 20 sko-

117 1452 32 20 lor
164 1451 94 20 likställa
273 1451 145 26 inrättningar,
434 1451 72 20 hvilka
521 1451 54 20 hade
591 1451 32 20 till
639 1451 35 20 sitt
689 1451 54 26 syfte
759 1453 30 18 att
805 1452 55 19 med-

184 1491 102 18 Allmänna
298 1491 184 18 Besvärs-utskottets
494 1491 111 17 betänkande
617 1491 36 18 N:o
666 1491 25 17 11.
