1039 1706
236 158 12 20 4
364 160 313 19 Petitionsbetänkande
697 161 47 18 N:o
759 162 34 16 13.

206 224 66 23 bringa
291 224 99 23 desamma,
407 226 68 17 ställda
492 225 57 18 under
564 226 99 22 ledningen
675 226 20 18 af
705 226 42 17 fullt
758 226 86 22 pålitliga
856 226 35 18 och
904 231 46 13 sam-

208 255 110 20 vetsgranna
334 253 175 24 föreståndarinnor,
521 255 28 17 till
562 255 35 18 den
609 255 66 22 högsta
687 255 77 23 möjliga
776 254 45 24 grad
835 254 19 18 af
864 254 86 19 fullkom-

207 282 66 23 lighet;
295 284 19 21 ty
334 282 88 22 qvinnans
440 284 48 17 inom
507 283 35 18 den
561 284 99 18 arbetande
681 284 76 18 klassen
768 284 98 22 inflytande
879 284 24 22 på
915 284 36 18 den

206 311 121 23 uppväxande
351 311 103 23 ungdomen
473 312 34 18 och
524 312 43 19 hela
584 312 70 18 hennes
673 312 100 23 omgifning
790 312 109 18 framträder
916 312 35 18 här

205 340 107 22 isynnerhet
324 340 61 18 såsom
397 340 79 18 varande
489 340 20 19 af
519 341 150 22 utomordentligt
681 343 39 16 stor
732 341 45 22 vigt.

274 368 52 19 Hvad
339 368 40 18 åter
390 369 87 18 beträffar
489 369 111 19 inrättandet
612 369 20 18 af
642 369 104 18 folkskolor
759 370 28 17 för
798 370 72 22 flickor,
882 370 6 18 i
895 369 55 18 ända-

206 399 36 19 mål
261 400 26 17 att
304 398 85 22 bibringa
406 398 42 18 dem
460 397 59 19 medel
530 398 28 18 till
571 403 23 13 en
606 398 86 18 framtida
704 398 109 18 ekonomisk
826 398 124 23 sjelfständig-

205 428 33 19 het
250 428 34 19 och
296 426 251 24 sjelfförvärfs-verksamhet,
560 427 21 18 så
593 426 53 19 torde
659 426 56 23 detta,
728 427 41 18 med
781 427 86 18 afseende
880 427 11 18 å
900 427 51 19 olika

205 457 59 18 behof
279 456 25 23 pä
322 456 50 18 olika
388 458 55 21 orter,
458 456 45 18 böra
515 456 96 23 rätteligen
623 455 76 19 tillhöra
711 456 142 18 kommunernas
866 456 85 19 enskilda

207 491 79 18 omsorg.

272 515 30 18 Då
321 519 42 13 man
382 519 24 12 nu
424 514 87 22 slutligen
530 514 91 22 besinnar,
641 515 26 16 att
679 519 24 12 en
714 514 72 17 nations
798 514 102 18 förnämsta
913 515 35 17 och

205 545 108 22 dyrbaraste
330 543 71 22 kapital
415 543 63 17 består
490 543 26 16 uti
528 543 22 17 de
563 542 84 18 enskilda
659 542 123 18 individernas
795 543 67 22 högsta
875 543 76 22 möjliga

206 574 79 22 kropps-
298 572 35 18 och
346 571 134 23 själsbildning,
493 571 34 18 och
540 573 26 16 att
578 571 60 18 denna
650 571 21 18 så
682 571 115 22 väsentligen
810 571 54 18 beror
876 571 75 23 afgvin-

205 608 43 13 nan,
260 601 22 18 sä
293 601 37 18 kan
342 605 42 12 man
396 599 98 23 ingalunda
506 605 43 12 anse
563 599 113 23 statsmedel,
689 600 82 18 använda
774 595 37 32 till
817 600 135 23 befrämjandet

206 631 20 18 af
236 636 22 13 en
271 630 57 22 högre
340 629 35 18 och
386 628 139 23 fullständigare
538 628 155 23 gvinnobildning,
705 629 140 22 tillspillogifaa.

273 658 49 18 Utan
338 657 82 22 ringaste
438 657 79 22 anspräk
529 657 24 22 pä
565 659 26 16 att
603 657 6 17 i
622 657 59 17 denna
693 657 70 22 vigtiga
775 657 53 22 fräga
839 657 55 18 hafva
906 657 44 18 träf-

206 688 26 18 fat
252 687 24 23 pä
289 687 31 17 det
332 688 54 21 rätta,
398 686 52 17 torde
463 685 64 23 sjelfva
539 686 57 17 saken
608 685 48 18 dock
668 686 7 17 i
689 686 34 17 och
737 686 29 17 för
779 686 28 23 sig
819 692 43 12 vara
874 686 77 23 förtjent

206 717 20 18 af
245 718 27 17 att
291 715 99 23 behjertas,
408 715 34 18 och
459 715 58 18 skulle
527 715 33 22 jag
573 714 71 19 derföre
658 720 43 13 anse
714 715 32 18 det
759 715 117 23 nödvändigt,
888 718 28 15 att
928 715 21 18 &t

206 751 23 12 en
252 745 69 18 komit6
334 743 20 18 af
364 743 113 23 sakkunnige
489 749 88 17 personer
590 743 143 18 öfverlemnades
746 746 27 15 att
784 746 86 21 upprätta
882 744 70 23 förslag

206 774 29 18 till
246 773 117 23 lämpligaste
376 773 56 17 sättet
442 772 29 18 för
483 772 132 23 befrämjandet
628 773 19 17 af
659 777 21 12 en
693 773 57 22 högre
763 773 33 17 och
810 773 142 22 fullständigare

208 801 150 24 avinnobildning
378 801 34 18 och
432 803 21 15 är
472 801 31 18 det
519 801 41 18 med
573 801 98 22 anledning
683 801 54 18 deraf
744 801 33 22 jag
789 801 57 23 vägar
857 801 95 18 vördsamt

206 831 104 21 hemställa,
329 835 30 12 om
378 830 40 17 icke
436 829 105 23 Högloflige
560 829 137 22 Ridderskapet
709 830 35 17 och
756 830 61 17 Adeln
828 830 44 17 ville
884 829 65 19 förena

207 861 28 22 sig
254 865 30 12 om
299 864 23 13 en
333 858 114 23 underdänig
464 858 79 23 petition
558 859 6 16 i
577 858 50 18 detta
639 857 54 23 syfte,
714 860 48 16 samt
774 858 88 23 derjemte
875 859 75 22 inbjuda

204 888 121 19 medständen
337 889 27 16 att
376 887 60 18 deruti
448 887 77 22 deltaga.

676 922 26 17 E.
720 922 162 21 Gripenberg”

274 980 44 21 Det
336 981 24 19 är
375 979 118 26 ingalunda
512 979 70 26 nägon
597 979 111 21 förbisedd
724 979 53 21 eller
791 979 50 26 föga
855 979 96 21 beaktad

206 1015 68 26 fråga,
296 1020 46 15 som
357 1013 64 21 ofvan
435 1013 89 26 intagna
538 1013 215 26 petitionsmemorial
767 1013 74 26 berör;
857 1014 94 20 tvärtom

206 1049 44 21 kan
265 1054 49 15 man
330 1049 58 24 säga,
404 1048 32 20 att
451 1047 39 21 allt
509 1047 67 21 sedan
592 1047 42 21 den
649 1047 39 26 tid,
704 1047 28 21 dä
747 1047 102 21 intresset
856 1046 33 22 för
896 1053 54 21 upp-

205 1081 220 28 fostringsväsendets
449 1081 183 26 ändamälsenliga
654 1081 111 21 ordnande
789 1081 55 21 först
858 1081 91 27 började

206 1118 78 25 tränga
298 1115 35 22 till
347 1115 74 21 vidare
436 1115 85 20 kretsar
538 1115 8 20 i
561 1115 48 21 vårt
623 1115 58 25 land,
694 1115 158 26 jemförelsevis
871 1115 22 21 få
908 1115 42 21 frä-

207 1156 39 21 gor
260 1149 84 28 lyckats
366 1149 80 26 ädraga
461 1149 33 26 sig
509 1150 32 19 ett
555 1155 60 14 mera
629 1148 110 27 varaktigt
755 1149 131 26 deltagande
901 1148 49 21 frän

206 1183 156 22 allmänhetens
384 1183 48 20 sida
454 1184 27 19 än
496 1182 76 21 denna.
601 1182 71 21 Ocksä
687 1183 39 20 har
741 1184 32 19 ett
788 1184 72 25 träget
874 1182 76 21 arbete

207 1217 92 28 fortgätt
320 1217 28 26 pä
368 1216 72 21 skilda
460 1215 45 22 häll
525 1216 35 21 till
584 1216 218 27 gvinnobildningens
816 1215 132 28 främjande;

206 1251 41 21 och
268 1251 64 20 torde
353 1250 37 20 det
411 1255 53 15 vara
478 1249 23 20 af
514 1250 46 25 vigt
583 1251 32 19 att
630 1249 74 21 härom
719 1250 56 20 först
788 1249 120 26 framlägga
924 1255 26 15 en

207 1284 51 21 kort
271 1283 71 21 fattad
357 1282 110 27 öfversigt,
482 1282 65 21 innan
562 1282 107 21 utskottet
684 1283 87 20 skrider
781 1283 35 20 till
826 1282 124 27 afgifvande

207 1317 24 22 af
244 1316 112 23 utlåtande
371 1316 104 22 särskildt
488 1315 134 22 beträffande
637 1315 71 22 denna
722 1317 99 26 petition.

276 1351 50 22 Som
344 1350 82 22 bekant
439 1357 38 14 var
492 1350 37 21 det
543 1350 56 21 först
613 1357 77 20 genom
705 1351 115 27 gymnasii-
835 1351 40 22 och
893 1351 57 22 skol-

208 1385 120 28 ordningen
345 1385 23 22 af
386 1385 42 21 den
446 1385 14 20 6
475 1384 121 22 November
611 1385 61 26 1843,
688 1391 46 15 som
748 1385 154 22 läroanstalter
916 1385 34 21 för

207 1420 136 21 fruntimmer
361 1419 105 22 erkändes
480 1425 51 15 vara
546 1425 27 15 en
587 1419 97 27 behöflig
698 1419 52 21 länk
772 1419 7 21 i
793 1419 49 22 värt
857 1419 93 22 offentli-

208 1460 28 21 ga
256 1453 267 26 undervisningsväsende,
544 1453 78 21 medan
644 1453 97 22 deremot
755 1453 58 22 intill
831 1453 71 22 denna
916 1453 33 22 tid

208 1487 124 22 döttrarnas
354 1486 127 27 uppfostran
503 1486 118 27 försiggätt
642 1486 183 28 hufvudsakligen
840 1487 36 21 vid
890 1487 60 22 hem-

276 1532 90 17 Allmänna
378 1531 163 18 Besvärsutskottets
553 1531 105 18 betänkande
670 1531 35 18 N:o
720 1532 26 17 10.
