1039 1700
251 143 322 21 Petitionsbetänkande
588 141 47 21 N:o
651 142 42 20 17.
801 140 11 19 7

97 210 51 20 eller
163 210 64 20 bland
242 210 86 26 practici
344 209 98 26 slutligen
458 208 96 27 afgjorda
568 209 73 26 frågan
657 208 102 20 huruvida
769 208 75 26 grund-

97 244 58 19 skatt
169 244 6 19 i
192 243 114 20 allmänhet
327 244 37 19 bör
384 250 61 12 anses
460 243 69 20 såsom
544 250 25 12 en
585 242 89 20 rationel
690 242 153 26 beskattnings-

99 280 32 16 art
153 278 51 19 eller
226 278 28 25 ej,
276 279 43 18 tror
343 276 106 21 Utskottet
468 277 33 25 sig
520 276 55 20 dock
591 276 46 20 med
653 276 114 25 anledning
782 275 23 20 af
819 276 25 19 de

97 310 79 20 väckta
192 311 105 25 förslagen
313 310 51 20 böra
379 310 111 20 framhålla
506 309 111 20 huruledes
624 308 221 27 jordbeskattningen,

98 344 65 20 sådan
187 344 40 20 den
243 344 6 20 i
265 344 89 20 Finland
377 344 32 20 för
431 344 132 20 närvarande
586 346 23 16 är
628 343 87 25 ordnad,
736 343 47 20 icke
804 344 40 19 kan

99 378 117 26 medgifvas
236 378 95 26 uppfylla
351 378 43 19 alla
409 378 26 20 de
450 378 97 26 anspråk,
563 384 44 13 som
623 384 49 13 vare
687 378 32 25 sig
734 377 47 20 från
796 379 49 18 rätt-

100 413 69 19 visans
194 412 52 20 eller
268 412 225 26 statshushållningens
516 411 129 26 ståndpunkt
664 411 49 20 böra
732 411 72 20 ställas
819 411 28 26 på

99 446 130 20 densamma.

167 480 43 19 När
218 480 209 26 jordlägenheternas
439 479 150 26 uppskattning
599 480 6 18 i
614 478 103 21 kameralt
728 479 119 20 hänseende

99 514 50 19 stält
171 514 32 25 sig
224 514 23 19 så
269 513 63 24 olika,
356 515 30 18 att
401 514 7 18 i
424 513 54 20 vissa
497 513 59 20 delar
574 513 23 19 af
615 512 75 27 landet
705 512 82 27 knappt
807 513 40 20 100

101 547 103 20 tunnland
226 548 75 26 belöpa
320 548 32 26 sig
366 548 28 25 på
409 548 30 19 ett
454 547 86 26 mantal,
555 547 75 20 medan
646 548 27 25 på
689 547 65 20 andra
769 547 79 20 trakter

102 581 122 27 lägenheter
239 588 33 13 om
288 583 30 19 ett
328 581 90 28 mantal,
434 583 50 18 utan
501 583 30 18 att
546 587 51 14 vara
612 581 23 20 af
649 584 67 17 sämre
731 581 116 20 beskaffen-

101 615 42 27 het,
159 615 63 20 hafva
238 622 25 13 en
276 615 101 27 jordvidd
393 615 23 20 af
429 616 88 19 tusende
533 615 103 20 tunnland
651 616 32 25 sig
694 615 106 26 tilldelad;
810 619 39 16 när

101 650 106 20 ordinarie
222 652 82 24 räntan,
320 650 88 20 oaktadt
423 650 47 20 dess
484 651 7 18 i
507 650 80 26 princip
602 649 110 20 faststälda
727 650 120 20 oföränder-

101 684 72 26 lighet,
190 684 54 20 dock
260 684 32 20 för
307 684 73 26 hvarje
396 684 23 19 år
434 683 66 27 något
514 684 93 20 varierar
622 683 40 20 och
677 684 56 19 inom
742 683 105 27 jemförel-

101 718 55 19 sevis
179 718 61 20 korta
260 718 114 26 tidrymder
395 718 55 19 visat
468 718 32 26 sig
517 717 56 26 stiga
587 717 112 26 ansenligt,
715 717 27 21 då
757 718 41 20 den
814 718 34 20 be-

103 752 77 20 räknas
195 752 6 19 i
217 753 126 26 penningar;
360 755 36 17 när
412 752 26 19 de
453 751 154 26 förhållanden,
623 758 43 14 som
683 752 35 20 vid
733 752 115 27 skattlägg-

102 786 77 27 ningen
202 787 54 19 varit
278 787 26 19 de
328 786 162 25 bestämmande,
511 786 65 20 under
598 786 92 20 tidernas
705 787 49 26 lopp
771 787 80 20 kunnat

103 820 145 26 väsendtligen
265 820 108 20 förändras
389 822 50 17 utan
455 822 31 17 att
500 821 83 19 skatten
601 819 68 20 blifvit
686 821 3 18 i
706 827 80 13 samma
801 828 47 13 mon

102 855 97 26 jemkad;
214 858 38 17 när
264 855 75 26 jorden
356 854 37 20 har
409 856 30 17 att
455 854 50 20 bära
519 854 48 20 icke
577 854 54 20 blott
642 855 25 19 de
678 855 106 26 egentliga
794 855 56 20 skat-

104 891 66 23 terna,
191 890 49 18 utan
262 889 40 20 ock
318 895 25 14 en
359 889 77 25 mängd
452 888 77 21 bördor
545 888 38 20 och
599 889 112 25 prestanda
726 889 32 20 för
773 891 78 18 statens

105 922 40 20 och
165 923 138 19 kommunens
318 922 96 27 räkning,
430 922 72 20 hvilka
516 923 39 19 allt
570 922 52 20 efter
636 923 214 20 samhällsförhållan-

106 957 64 20 denas
186 957 122 26 utveckling
323 957 82 26 tilltaga
420 957 8 19 i
443 956 125 27 omfattning
583 956 40 20 och
638 956 83 21 hvilkas
737 958 114 25 utgörande

106 991 116 26 ingalunda
238 991 43 20 afse
296 991 75 20 endast
386 991 79 20 sådana
480 991 101 20 intressen
597 997 44 14 som
656 991 57 26 ligga
726 991 125 27 jordegaren

107 1029 60 21 nära;
184 1029 37 16 när
236 1025 40 20 den
293 1025 161 26 privilegierade
467 1025 75 26 jorden
557 1025 48 19 icke
619 1024 53 21 blott
683 1028 22 17 är
716 1025 79 20 befriad
806 1026 46 20 från

106 1060 65 25 skatt,
191 1065 46 14 men
258 1059 60 20 äfven
334 1059 45 20 från
396 1059 61 20 dessa
473 1059 94 20 variabla
582 1059 39 19 och
637 1059 130 20 tillväxande
782 1066 71 19 onera,

107 1100 43 13 som
167 1094 65 19 verka
247 1094 23 19 så
286 1093 84 26 mycket
387 1099 56 14 mera
459 1093 124 26 tryckande,
596 1094 24 25 ju
635 1093 50 20 flere
695 1093 156 20 samhällsmed-

108 1127 87 20 lemmar
218 1127 39 20 och
279 1128 24 25 ju
321 1127 49 20 flere
389 1127 45 25 slag
450 1127 23 19 af
486 1127 113 26 tillgångar
614 1130 36 17 äro
665 1127 46 20 från
727 1127 127 27 deltagande

109 1162 44 19 deri
173 1162 146 25 undantagna;
334 1172 28 4 —
377 1164 37 17 när
433 1161 61 20 dessa
509 1162 40 19 och
565 1162 65 19 andra
645 1161 103 20 likartade
764 1164 89 17 omstän-

110 1195 96 26 digheter
229 1196 59 25 tagas
302 1195 7 19 i
325 1194 146 24 betraktande,
492 1197 22 17 är
535 1195 35 20 det
589 1195 80 25 ganska
683 1195 126 26 förklarligt,
824 1197 31 18 att

110 1230 89 24 mängen
214 1235 62 13 anser
292 1228 212 27 jordbeskattningen
521 1228 58 26 gifva
594 1228 113 27 anledning
723 1229 31 19 till
770 1229 84 19 berätti-

109 1264 53 25 gadt
177 1263 104 25 missnöje.

179 1296 9 20 I
204 1296 79 20 sådana
303 1296 43 26 fall,
366 1296 40 21 och
422 1297 26 20 de
464 1297 59 20 torde
538 1297 48 20 icke
601 1303 51 13 vara
666 1296 24 20 så
704 1296 28 26 få,
748 1296 37 21 der
797 1297 58 26 jord-

111 1330 109 20 skatterna
235 1330 98 25 borttaga
348 1336 25 14 en
390 1330 137 20 öfverhöfvan
543 1333 43 17 stor
601 1331 34 19 del
651 1331 23 18 af
686 1331 129 19 hemmanets
826 1332 30 18 af-

111 1364 99 25 kastning
226 1364 66 25 jemte
308 1363 35 20 det
358 1370 64 13 onera
438 1364 23 19 af
474 1364 57 19 olika
546 1364 45 25 slag
608 1365 47 25 taga
671 1370 25 13 en
712 1364 95 26 betydlig
823 1364 34 20 del

112 1397 23 19 af
152 1397 162 20 innehafvarens
334 1398 102 20 arbetstid
451 1398 6 18 i
473 1397 98 27 anspråk,
587 1397 65 20 måste
667 1398 88 20 oaktadt
770 1398 41 20 den
826 1398 30 20 in-

113 1431 86 25 verkan,
216 1438 43 13 som
275 1432 40 20 den
331 1432 43 20 fixa
388 1432 84 20 skatten
487 1431 82 21 utöfvat
583 1431 27 27 på
625 1432 136 26 lägenhetens
771 1432 49 26 pris,
831 1439 26 13 en

114 1464 75 21 känsla
207 1466 23 19 af
247 1466 88 26 betryck
350 1469 52 23 göra
417 1466 31 26 sig
463 1466 98 26 gällande
577 1465 39 21 och
632 1466 80 20 arbetet
727 1466 32 20 för
772 1466 86 27 jordens

183 1504 147 20 Statsutskottets
342 1505 112 19 betänkande
464 1511 32 13 n:o
506 1507 17 17 5.
