1039 1703
226 165 33 17 100
413 160 242 21 Petitionsbetänkande
667 159 37 20 N:o
716 159 35 19 20.

207 226 53 23 offer
281 225 86 22 kräfver
388 225 124 26 detsamma,
535 230 34 15 om
591 223 37 22 det
649 223 55 21 skall
725 223 29 27 på
771 222 50 22 fullt
836 223 68 21 allvar
919 229 37 20 ge-

205 261 115 21 nomföras.

272 294 83 27 Frågar
372 299 50 16 man
440 293 34 27 sig
491 299 40 15 nu:
549 292 34 21 för
600 291 82 22 hvilket
699 291 100 22 ändamål
817 290 62 23 skola
894 292 62 21 dessa

205 329 53 21 offer
276 331 70 24 göras,
366 328 24 21 så
408 333 74 15 svarar
499 326 122 22 Utskottet:
639 326 35 21 för
691 327 32 20 att
739 325 128 27 ,befrämja*
884 325 37 22 det
936 325 22 22 af

205 363 112 21 Utskottet
335 362 87 27 angifna
440 360 131 22 ändamålet:
589 360 98 28 förmåga
701 362 32 20 att
749 360 141 22 obehindradt
904 360 8 22 i
926 360 32 21 tal

206 398 39 21 och
260 396 64 22 skrift
337 396 98 27 begagna
449 396 84 21 landets
548 395 67 21 andra
629 394 110 22 inhemska
754 394 71 28 språk.
854 394 51 22 Icke
920 400 37 16 ens

206 432 112 21 Utskottet
331 431 42 21 kan
388 430 84 22 således
488 430 98 22 försäkra
600 430 38 26 att,
654 429 62 22 äfven
731 435 35 16 om
775 429 85 21 landets
870 428 88 23 ständer

206 472 51 16 vore
279 466 75 26 villiga
375 466 33 20 att
428 466 53 26 göra
505 464 44 22 alla
571 464 63 22 dessa
655 463 146 28 uppoffringar
819 463 40 22 och
877 465 81 20 utsätta

206 500 84 21 landets
308 500 94 26 ungdom
420 499 34 21 för
472 499 43 21 alla
534 499 26 21 de
579 498 65 26 faror,
663 504 46 15 som
727 498 72 21 kunna
813 498 24 21 af
850 498 108 22 reformen

205 534 97 28 härflyta,
325 534 37 22 det
383 533 105 22 föresatta
505 532 66 23 målet
589 532 56 22 skall
663 532 89 28 uppnås.
781 532 45 22 När
845 532 43 22 alla
906 539 52 21 upp-

206 569 102 27 offringar
322 568 71 21 blifvit
407 568 82 27 gjorda,
505 567 24 22 så
544 569 38 20 äro
596 567 22 22 vi
633 567 54 22 dock
701 567 47 22 icke
763 567 91 22 framme
868 567 37 22 vid
914 567 44 22 må-

205 603 37 26 let,
258 604 52 20 utan
324 609 46 15 mer
385 603 53 21 eller
453 602 83 22 mindre
551 602 60 27 långt
625 601 96 28 aflägsna
735 601 101 22 derifrån.

274 637 179 27 Uppoffringarna
468 637 61 21 skola
544 636 85 21 således
644 636 7 21 i
666 636 77 27 sjelfva
752 636 75 22 verket
837 638 64 25 göras
911 636 47 31 icke

206 671 33 21 för
254 671 121 21 inlärandet
392 671 24 21 af
433 671 37 21 det
488 671 67 21 andra
573 670 111 21 inhemska
699 670 93 27 språket,
807 672 53 20 utan
874 670 36 27 för
923 669 36 23 det

206 706 44 21 sätt
264 706 30 20 alt
309 705 47 21 lära
369 704 33 28 sig
417 705 55 21 detta
485 704 73 27 språk,
574 710 45 16 som
637 704 112 22 Utskottet
763 704 94 28 behagat
871 705 87 22 föreslå.

206 740 43 22 Det
263 740 71 21 kunde
349 739 101 27 möjligen
465 739 68 21 finnas
549 739 66 21 andra
630 740 44 20 sätt
688 740 33 20 att
735 739 47 21 lära
797 739 32 27 sig
845 739 37 22 det
891 740 67 21 andra

206 774 112 22 inhemska
333 774 93 27 språket,
442 774 67 21 andra
523 775 97 25 utvägar,
637 779 45 16 som
697 773 71 22 kunde
783 774 49 22 leda
841 774 35 22 till
885 774 73 27 målet,

206 810 52 20 utan
272 810 32 20 att
318 808 76 22 kräfva
412 808 24 22 sä
454 810 59 20 stora
527 808 59 22 offer.
615 808 51 21 Men
680 807 113 23 Utskottet
806 808 40 22 har
860 808 48 22 icke
922 814 37 16 ve-

205 843 32 22 lat
254 844 50 20 veta
318 842 24 22 af
358 842 66 28 något
441 844 66 20 annat
521 844 50 25 sätt,
587 844 52 20 utan
653 842 74 22 tvifvel
743 843 89 21 emedan
846 841 113 24 Utskottet

206 879 71 20 ansett
292 878 59 21 detta
366 877 34 21 för
414 877 36 21 det
468 877 63 21 bästa
545 877 39 21 och
600 876 221 28 ändamålsenligaste.
850 878 44 21 Det
908 884 51 21 eger

206 912 40 22 ock
261 918 27 15 en
302 912 44 21 viss
364 912 130 21 anciennitet
512 912 39 21 och
565 911 43 22 kan
623 912 109 21 dessutom
747 911 67 22 räkna
827 911 29 28 på
870 918 27 16 en
912 912 46 22 icke

206 947 61 27 ringa
288 946 130 27 popularitet
439 946 39 22 hos
501 946 54 25 dem,
578 952 46 15 som
647 946 33 21 stå
702 946 75 22 skolan
799 946 101 27 fjermare
920 946 38 22 och

206 981 85 22 derföre
305 980 47 22 icke
366 980 65 22 hafva
445 980 61 22 tänkt
516 981 33 26 sig
559 980 22 22 in
591 980 7 21 i
609 980 44 22 alla
663 980 86 22 skolans
760 980 97 28 detaljer.
873 980 86 22 Samma

205 1015 85 27 projekt
311 1015 40 20 har
372 1014 66 27 dykat
459 1020 42 21 upp
525 1015 8 20 i
555 1014 58 21 olika
631 1014 74 22 länder
724 1015 39 21 och
781 1015 28 26 på
823 1013 59 23 olika
895 1015 63 22 tider.

205 1049 11 21 I
233 1050 49 20 tron
300 1048 28 27 på
346 1049 50 20 dess
415 1048 163 27 undergörande
597 1048 97 28 förmåga
708 1049 40 21 har
762 1055 50 15 man
827 1049 131 27 experimen-

204 1084 58 21 terat
276 1083 94 21 dermed.
399 1083 51 21 Men
464 1089 50 15 man
528 1083 39 21 har
582 1085 60 19 snart
655 1083 90 22 kommit
759 1083 34 22 till
808 1084 41 21 den
864 1083 94 22 erfaren-

206 1117 42 26 het,
267 1119 33 19 att
317 1117 179 26 undervisningen
514 1117 8 21 i
541 1117 26 21 de
584 1119 81 24 ämnen,
682 1113 37 26 der
734 1118 124 21 densamma
872 1118 86 21 medde-

206 1151 42 21 lats
263 1151 28 27 på
306 1153 32 19 ett
352 1151 33 20 för
400 1151 100 21 eleverna
514 1151 83 21 mindre
612 1151 67 21 kändt
694 1151 70 27 språk,
781 1152 80 21 lemnat
876 1153 31 20 ett
922 1152 36 21 då-

206 1185 41 27 ligt
261 1185 97 26 resultat,
372 1186 53 20 utan
440 1186 32 20 att
487 1185 110 21 elevernas
612 1185 97 28 förmåga
723 1186 8 21 i
746 1186 101 22 afseende
858 1186 13 21 å
881 1186 77 22 under-

206 1219 193 27 visningsspråkets
421 1219 112 27 praktiska
554 1219 130 28 behandling
705 1220 72 21 blifvit
798 1220 25 22 så
841 1222 52 24 stor,
912 1226 46 16 som

205 1259 50 15 man
276 1253 56 21 hade
353 1254 73 20 väntat
448 1253 40 26 sig.
517 1253 52 21 Man
591 1253 40 21 har
648 1254 127 26 visserligen
793 1255 75 20 vunnit
885 1254 72 26 något,

205 1292 49 16 men
274 1286 84 22 vinsten
379 1286 40 21 har
440 1286 56 21 varit
518 1287 61 26 ringa
601 1288 8 20 i
625 1287 124 27 jemförelse
767 1288 49 21 med
834 1288 57 21 hvad
909 1293 49 16 man

205 1320 97 22 förlorat.
330 1320 50 22 Mar
398 1320 73 22 derför
486 1320 94 28 frångått
594 1321 106 27 metoden,
717 1321 24 22 så
755 1322 15 21 t.
786 1328 31 16 ex.
837 1322 4 21 i
855 1322 102 26 Böhmen,

207 1355 38 21 der
260 1355 180 27 undervisningen
454 1355 8 21 i
478 1355 26 21 de
519 1355 112 22 czechiska
641 1356 148 27 gymnasierna
799 1363 89 15 numera
898 1357 59 21 med-

206 1389 59 22 delas
280 1389 136 22 uteslutande
430 1389 28 28 på
477 1389 111 22 czechiska
603 1390 87 27 språket
705 1391 39 22 och
758 1391 8 21 i
781 1391 26 22 de
821 1391 63 28 tyska
899 1397 58 22 gym-

205 1425 99 21 nasierna
321 1425 29 26 på
366 1425 63 27 tyska
448 1425 93 26 språket.
569 1420 70 27 Äfven
656 1426 8 21 i
682 1426 91 21 Finland
792 1427 25 20 är
835 1426 37 21 det
887 1426 70 21 såsom

204 1459 80 21 bekant
301 1459 47 21 icke
366 1465 46 16 mer
430 1461 27 19 än
476 1460 26 21 12
518 1459 23 22 år
557 1460 66 21 sedan
639 1460 81 27 åsigten
736 1467 35 15 om
785 1462 74 26 nyttan
875 1461 23 22 af
912 1461 45 22 två-

273 1499 95 17 Allmänna
379 1499 162 18 Besvärsutskottets
553 1500 104 17 betänkande
669 1500 34 17 N:o
716 1500 29 17 17.
