1042 1700
234 152 11 20 6
358 150 321 22 Petitionsbetänkande
694 149 50 20 N:o
760 149 28 19 9.

207 218 58 19 torde
281 218 65 19 blifva
361 217 90 26 ogörligt
467 218 30 17 att
513 216 63 19 hinna
592 215 104 20 behandla
711 221 26 14 en
752 215 128 26 proposition
896 215 7 19 i
915 216 30 19 så-

206 251 50 20 dant
276 252 61 25 syfte,
353 251 60 20 äfven
436 257 33 13 om
493 250 119 20 densamma
632 249 69 20 hunne
716 249 106 20 utarbetas
838 249 39 20 och
893 251 54 18 stän-

207 286 64 19 derna
293 285 125 26 föreläggas.
456 284 57 19 Huru
536 286 42 18 stor
601 284 44 25 vigt
667 283 101 19 utskottet
790 285 26 17 än
835 283 63 20 fästat
913 283 34 20 vid

206 319 68 20 denna
299 319 32 20 för
355 319 41 20 den
421 318 154 20 fosterländska
597 317 99 20 historien
718 317 24 19 sä
765 317 182 26 magtpäliggande

206 353 64 26 fråga,
293 353 41 20 kan
358 353 35 19 det
415 353 62 18 alltså
500 353 18 25 ej
538 351 104 26 tillstyrka
662 353 63 18 annat
746 354 25 17 än
794 351 105 26 anhållan,
918 353 30 18 att

206 387 128 26 proposition
357 387 6 19 i
387 388 70 18 ämnet
480 385 68 21 blefve
570 385 94 26 förelagd
684 387 47 18 näst
752 385 196 20 sammanträdande

205 421 94 20 ständers
315 421 133 26 granskning.

270 455 107 20 Utskottet
396 455 37 18 har
448 455 72 19 vidare
539 454 52 26 tagit
610 453 6 20 i
632 453 156 26 öfvervägande
812 454 35 19 det
862 454 5 19 i
884 453 63 21 ofvan

205 490 86 25 intagna
310 488 206 27 petitionsmemoria!
536 487 122 20 framstälda
676 487 119 24 alternativ,
815 489 30 18 att
864 495 24 12 en
905 491 42 17 sär-

205 523 54 20 skild
283 523 133 26 arkeologisk
435 523 134 19 kommission
588 522 68 19 skulle
675 523 6 18 i
697 522 89 19 Finland
803 522 97 19 tillsättas
916 522 31 20 för

204 559 31 17 att
254 560 75 23 utgöra
347 557 144 26 vetenskaplig
509 557 123 26 myndighet
652 557 5 19 i
676 556 70 26 frägor
760 556 90 20 rörande
865 556 82 20 landets

205 592 137 20 fornminnen.
378 591 64 20 Detta
457 591 78 27 förslag
550 591 38 20 har
603 590 101 20 utskottet
719 590 68 20 funnit
803 597 50 13 vara
867 590 80 26 ganska

204 626 34 19 väl
257 626 88 19 betänkt
363 626 39 19 och
418 626 130 19 motiveradt.
583 625 29 19 På
627 626 42 17 sätt
683 625 138 25 petitionären
837 624 64 20 redan
917 625 29 18 uti

203 659 36 20 sitt
255 659 102 26 muntliga
371 659 134 26 andragande
520 659 32 20 till
568 659 166 20 Prestaständets
749 658 105 26 protokoll
865 659 81 25 antydt,

204 694 37 19 har
264 694 39 19 den
327 694 6 19 i
354 693 46 20 värt
422 693 49 20 land
497 693 64 20 sedan
584 693 65 26 nägra
669 693 23 19 är
711 693 105 20 verkande
832 693 115 20 statistiska

204 728 161 19 kommissionen
381 728 57 19 varit
453 729 30 18 ett
497 727 31 20 för
544 727 40 20 den
596 727 153 20 fosterländska
760 727 116 20 statistiken
887 727 58 26 inga-

203 761 64 20 lunda
283 761 140 26 oväsendtligt
438 762 53 25 stöd,
510 762 64 19 ehuru
588 761 31 20 till
636 763 64 18 större
721 761 60 20 delen
797 761 113 20 bestäende
925 761 24 20 af

204 796 140 26 medlemmar,
368 796 25 20 de
416 796 37 19 der
474 796 112 20 innehafva
607 796 46 19 sina
670 796 78 25 platser
774 796 67 19 säsom
862 795 83 21 heders-

204 831 70 25 poster
289 830 39 20 och
343 830 48 20 icke
406 833 35 17 äro
458 830 104 20 fackmän.
613 832 34 17 Utan
658 830 92 19 särdeles
761 830 108 20 kännbara
880 830 65 19 finan-

203 865 52 19 siela
271 864 142 27 uppoffringar
428 865 45 19 från
490 865 35 20 det
540 865 116 19 allmännas
672 865 46 18 sida
728 864 70 20 kunde
810 871 24 13 en
845 864 100 20 liknande

203 898 123 27 myndighet
344 899 75 26 skapas
435 899 61 20 äfven
513 899 31 20 för
559 899 184 26 handläggningen
762 899 24 19 af
798 899 148 26 arkeologiska

203 933 76 26 frågor,
295 933 40 20 och
349 939 50 14 vore
415 939 25 14 en
456 933 65 20 sådan
540 933 140 24 kommission,
696 933 66 26 enligt
778 933 110 20 utskottets
904 940 41 13 me-

203 967 56 26 ning,
275 973 44 14 mer
334 970 26 16 än
377 967 53 20 både
446 967 149 20 Consistorium
606 967 143 20 academicum
760 967 39 20 och
811 967 132 26 vetenskaps-

203 1001 114 20 societeten
333 1001 67 26 egnad
417 1004 30 17 att
462 1001 72 20 härvid
550 1003 74 24 utgöra
640 1001 144 26 vetenskaplig
794 1001 86 20 instans.
905 1001 39 20 Om

203 1035 81 20 således
303 1037 30 18 ett
353 1037 47 24 nytt
418 1035 78 26 förslag
517 1035 30 20 till
563 1035 123 26 författning
705 1035 6 19 i
727 1035 44 20 ofta
786 1035 89 20 berörda
890 1035 54 27 syfte

202 1068 83 20 komme
300 1070 31 18 att
345 1069 82 19 landets
443 1069 83 19 ständer
542 1068 124 27 föreläggas,
677 1069 65 20 borde
758 1069 65 27 enligt
833 1069 111 21 utskottets

203 1103 84 25 mening
309 1109 25 13 en
354 1102 23 20 af
397 1103 129 25 regeringen,
544 1103 55 19 helst
614 1103 65 25 enligt
695 1103 77 26 förslag
787 1104 23 19 af
823 1104 121 26 någondera

201 1137 23 19 af
245 1137 82 19 landets
352 1137 159 26 vetenskapliga
534 1137 147 25 institutioner,
707 1137 74 20 utsedd
810 1138 133 26 arkeologisk

201 1170 134 20 kommission
351 1170 22 19 få
387 1171 32 25 sig
433 1171 118 26 uppdraget
566 1173 30 17 att
611 1171 68 19 såsom
694 1171 75 26 högsta
784 1171 160 27 vetenskapliga

200 1203 114 20 auktoritet
329 1203 115 20 öfvervaka
458 1204 155 20 fornminnenas
629 1205 58 25 vård,
706 1205 92 20 börande
818 1205 90 20 flertalet
922 1206 24 19 af

201 1237 68 19 denna
290 1237 146 19 kommissions
456 1238 122 25 ledamöter,
598 1240 7 17 i
623 1239 67 18 likhet
711 1239 47 18 med
778 1239 55 19 hvad
852 1245 43 13 som
911 1239 32 19 för

200 1270 40 19 den
255 1270 116 19 statistiska
385 1270 162 20 kommissionen
562 1273 23 16 är
600 1271 66 25 fallet,
681 1271 114 20 innehafva
809 1272 46 19 sina
864 1272 79 25 platser

199 1303 69 20 såsom
283 1303 146 26 hedersposter
444 1306 49 17 utan
509 1304 35 20 lön
559 1304 51 20 eller
626 1305 84 20 arvode.

264 1343 61 20 Hvad
344 1350 43 13 som
403 1343 32 20 för
451 1343 97 21 bemälda
562 1345 146 20 kommissions
723 1345 97 20 framtida
835 1346 105 21 verksam-

199 1378 35 20 het
258 1378 131 26 naturligtvis
415 1378 65 20 måste
498 1379 65 20 blifva
587 1386 25 13 en
632 1379 87 21 alldeles
735 1379 148 28 hufvudsaklig
897 1387 42 14 om-

199 1413 125 26 ständighet,
347 1415 23 16 är
385 1414 30 17 att
431 1419 25 13 en
475 1413 96 20 fackman
587 1414 28 19 uti
632 1414 120 20 densamma
767 1414 75 21 funnes
858 1415 81 20 anstäld

198 1447 68 19 såsom
291 1446 156 20 verkställande
471 1447 98 26 ledamot,
589 1448 46 19 med
658 1448 114 27 tillräcklig
792 1449 35 20 lön
846 1449 27 26 på
891 1451 47 19 stat.

197 1480 63 21 Detta
282 1482 92 17 moment
393 1480 24 19 af
432 1480 137 21 förevarande
590 1482 87 25 petition
698 1488 60 14 anser
773 1483 101 19 utskottet
890 1490 49 12 vara

264 1518 102 20 Allmänna
377 1518 183 20 Besvärs-utskottets
572 1520 110 19 betänkande
694 1520 36 19 N:o
743 1521 15 18 7.
