1039 1703
239 135 12 18 2
424 134 240 19 Petitionsbetänkande
675 134 39 19 N:o
725 135 31 19 18.

218 197 97 22 anledning
329 195 102 22 förefinnas,
447 198 28 16 att
489 196 107 19 underkasta
608 196 108 23 stadgandet
728 195 91 24 angående
831 195 137 23 ifrågavarande

219 231 68 17 valrätt
299 236 22 12 en
333 230 109 18 omfattande
453 230 82 18 revision.

285 258 68 18 Derhos
368 258 50 18 torde
434 258 30 18 det
479 258 15 23 ej
509 259 44 18 böra
565 258 81 21 förbises,
661 259 28 18 att
704 259 31 18 det
746 259 28 18 för
785 258 83 23 behörigt
884 259 82 22 upprätt-

217 288 72 19 hållade
305 287 19 18 af
338 287 33 18 den
387 287 23 22 på
424 287 145 23 medborgarenes
585 287 61 18 aktiva
660 288 76 17 intresse
750 287 92 24 grundade
853 287 115 18 kommunala

217 316 127 23 sjelfstyrelsen
355 321 41 12 vore
408 315 20 18 af
437 316 44 23 vigt,
493 317 27 16 att
533 316 81 23 aflägsna
623 321 21 12 en
654 316 19 17 af
679 316 43 23 inga
730 316 67 18 sociala
805 315 123 18 förhållanden
937 322 31 11 nu-

217 350 48 12 mera
276 344 87 23 betingad
373 344 116 18 rättsolikhet
500 344 7 17 i
519 345 84 21 politiskt
614 344 101 18 hänseende
727 344 48 18 inom
784 344 161 18 stadskommunen.

284 374 37 17 Det
332 378 52 18 synes
395 372 37 23 mig
444 372 60 21 alltså,
516 372 58 18 såsom
585 372 55 18 borde
652 372 50 18 såväl
714 373 83 22 regering
809 378 38 12 som
858 374 110 22 representa-

218 402 39 18 tion
269 407 42 13 anse
324 402 30 17 det
367 401 94 23 angeläget
472 403 28 16 att
511 402 89 17 valrätten
612 401 33 17 och
654 401 116 18 valbarheten
778 401 30 18 till
817 400 151 24 Borgareståndet

217 426 58 22 vunne
290 430 56 18 sädau
358 430 124 23 utsträckning
493 435 38 12 som
543 429 214 23 komunalförfattningen
765 430 27 18 för
800 430 84 17 städerna
892 430 76 18 föranle-

216 460 38 20 der;
273 460 34 17 och
324 458 55 23 vågar
395 458 31 23 jag
444 458 48 23 förty
507 458 91 18 vördsamt
612 458 64 18 föreslå
692 464 21 12 en
725 458 111 23 underdånig
848 458 78 23 petition
937 458 30 18 till

217 488 51 18 Hans
279 488 86 23 Majestät
376 487 84 23 Kejsaren
472 488 33 17 och
517 486 109 19 Storfursten
639 487 64 21 derom,
716 487 31 18 det
758 487 69 18 täcktes
840 487 50 18 Hans
899 487 69 23 Kejser-

216 518 37 22 liga
265 517 86 23 Majestät
366 516 54 18 redan
434 516 30 17 till
476 522 23 11 nu
511 516 107 18 församlade
630 516 76 18 Ständer
718 516 58 17 aflåta
788 515 56 23 nådig
855 516 112 23 proposition

216 550 7 16 i
235 548 79 23 antydda
326 547 51 23 syfte.
400 548 36 22 Jag
448 547 80 18 anhåller
539 547 61 18 tillika
610 547 41 18 med
662 548 41 17 stöd
715 547 19 17 af
745 548 22 18 52
779 549 9 20 $
801 548 6 17 i
819 548 20 17 L.
848 547 20 18 O.
881 549 27 16 att
917 547 50 18 detta

215 577 42 18 mitt
269 576 154 24 petitionsförslag
434 575 58 19 blefve
504 576 112 18 remitteradt
627 576 30 17 till
666 576 127 22 Lagutskottet
802 576 27 18 för
838 576 102 23 afgifvande
949 576 19 18 af

215 606 114 18 betänkande
341 605 59 18 derom
412 605 30 17 till
454 605 36 17 alla
502 604 58 21 stånd,
572 605 7 17 i
591 604 79 23 enlighet
681 605 41 18 med
733 606 23 18 54
768 606 9 20 $
789 605 7 17 i
808 610 66 13 samma
886 606 36 22 lag.

284 634 117 22 Helsingfors,
414 634 34 18 den
459 634 11 18 9
481 634 87 17 Februari
576 635 53 17 1877.

750 663 19 17 P.
782 664 22 16 K.
816 664 81 21 Nybom."

283 721 11 20 I
309 721 66 20 slutet
392 720 24 21 af
432 725 81 16 samma
530 719 78 22 månad
625 719 63 22 hafva
704 719 120 22 Ständerna
842 720 42 21 fått
898 721 68 20 emot-

215 757 51 25 taga
284 755 59 21 Hans
361 753 122 28 Kejserliga
500 753 112 28 Majestäts
631 754 77 27 nådiga
726 755 132 26 proposition
876 755 40 21 N:o
932 755 33 26 35,

217 789 109 27 angående
345 789 36 21 det
398 789 8 20 i
424 788 232 27 petitionsmemorialet
679 788 91 22 berörda
794 791 68 24 ämne,
880 789 86 22 hvilken

216 823 132 28 proposition
359 823 98 26 samtliga
468 822 92 21 Stånden
572 822 93 23 derefter
674 823 120 27 hänskjutit
803 823 34 22 till
846 823 119 28 handlägg-

217 858 52 27 ning
283 857 24 22 af
320 857 156 26 Lagutskottet,
492 862 46 15 som
553 857 7 20 i
576 857 41 26 dag
632 857 88 21 beslutit
734 859 32 20 att
776 858 7 21 i
794 858 114 27 anledning
918 859 48 20 der-

217 892 24 21 af
253 891 80 27 afgifva
349 891 37 21 sitt
399 891 133 21 betänkande
547 891 40 21 N:o
602 891 34 21 10.

283 925 34 21 Dä
336 925 41 22 den
395 925 86 26 önskan,
500 924 87 22 hvilken
604 925 141 26 petitionären
760 927 71 20 ansett
846 926 120 21 Ständerna

217 960 52 21 böra
287 960 76 25 uttala,
379 959 89 21 sålunda
482 959 65 20 redan
562 958 70 22 blifvit
647 959 95 27 uppfyld,
758 960 42 21 kan
814 960 152 27 Lagutskottet

215 995 20 26 ej
250 994 71 27 undgä
336 995 32 20 att
382 993 108 21 vördsamt
500 992 88 22 föreslä:

375 1051 29 20 att
418 1048 199 29 petitionsförslaget
634 1050 20 26 ej
668 1050 35 21 mä
719 1050 111 26 föranleda
844 1052 71 26 någon
930 1052 33 20 ät-

317 1084 57 27 gärd
388 1083 28 27 af
427 1083 124 22 Ständerna.

283 1130 141 27 Helsingfors,
440 1130 40 21 den
495 1130 27 21 18
538 1130 60 27 April
615 1130 61 22 1877.

377 1460 115 24 Helsingfors,
505 1461 16 18 J.
534 1461 18 18 C.
565 1461 92 18 Frenckell
670 1460 14 19 &
697 1461 40 21 Son,
752 1462 49 18 1877.
