1039 1709
299 126 236 28 Petitionsbetänkande
547 127 37 20 N:o
596 128 34 26 20.
792 128 22 18 55

88 190 60 29 trädt
159 190 10 29 i
184 192 32 21 ett
229 192 47 26 nytt
291 191 71 22 skede.
390 192 43 22 Det
447 198 38 15 var
500 192 123 27 isynnerhet
636 193 46 20 mot
696 192 26 21 de
733 191 105 22 måhända

88 224 83 24 mindre
185 225 137 22 välbetänkta
343 225 176 28 förändringarna
528 226 57 22 inom
599 226 238 26 undervisningsväsen-

87 259 48 21 dets
155 259 92 27 område,
267 265 45 16 som
332 260 55 21 1872
406 260 34 21 års
456 260 90 22 Ständer
560 260 71 22 inlade
647 260 32 21 sin
693 261 90 26 protest,
799 260 39 21 och

89 292 131 22 härutinnan
233 299 51 16 voro
299 294 139 26 meningarna
452 293 63 22 äfven
529 293 24 22 så
562 294 52 27 godt
624 300 46 15 som
681 293 89 22 odelade
780 293 57 21 inom

87 326 84 22 landets
189 326 50 23 hela
255 327 175 28 representation.
464 327 71 22 Sedan
552 328 70 21 denna
640 328 30 21 tid
688 327 64 22 hafva
771 327 67 22 andra

87 361 73 26 frågor
181 361 28 27 på
226 361 87 22 skolans
329 361 86 22 område
433 362 109 21 tillvunnit
560 363 32 26 sig
611 362 156 27 öfvervägande
785 368 52 23 upp-

86 395 155 27 märksamhet;
255 395 78 22 främst
345 396 30 27 på
389 396 159 27 dagordningen
563 396 45 22 står
622 403 30 14 nu
666 395 76 28 frågan
757 402 34 15 om
800 395 37 22 be-

86 429 94 22 redande
199 430 24 21 af
238 431 69 26 öppen
325 433 41 24 väg
383 431 33 21 till
434 431 97 26 bildning
546 431 39 22 och
599 431 91 22 vetande
704 431 34 21 för
752 431 85 21 landets

85 463 70 22 finska
176 464 87 22 talande
285 464 129 29 befolkning.
444 465 57 21 Från
525 465 57 22 olika
604 465 60 22 delar
682 465 23 22 af
721 465 49 22 vårt
787 465 51 21 land

85 497 64 22 hafva
167 499 114 26 petitioner
299 505 35 23 om
348 499 69 22 finska
432 499 84 22 skolors
530 499 142 28 upprättande
687 499 71 22 blifvit
772 499 64 21 fram-

85 532 69 22 burna
171 533 50 21 med
239 539 26 16 en
283 533 136 28 enhällighet,
438 540 46 15 som
499 534 19 27 ej
533 534 81 22 tillåter
629 534 65 27 något
708 533 129 22 tvifvelsmål

85 573 35 16 om
135 569 32 20 att
182 568 63 21 dessa
260 568 129 27 önskningar
403 569 111 26 verkligen
528 569 69 21 uttala
612 570 31 19 ett
657 569 8 21 i
680 569 26 21 de
719 569 117 28 vidsträck-

85 603 56 21 taste
160 602 85 30 kretsar
263 601 24 23 af
303 603 48 21 vårt
365 602 45 22 folk
426 603 60 28 djupt
500 603 67 22 kändt
582 602 70 27 behof,
668 603 40 21 och
723 615 28 3 —
766 602 70 22 såsom

81 637 35 21 ett
137 643 40 22 par
197 636 24 22 af
241 637 27 22 de
286 637 63 22 ofvan
367 637 88 27 intagna
472 637 142 28 petitionerna
632 637 62 22 äfven
712 637 78 27 antyda
808 649 28 3 —

85 671 52 22 ökas
151 671 164 28 ifrågavarande
330 671 169 28 önskningsmåls
513 672 111 27 betydelse
638 671 25 22 af
675 672 37 21 det
725 678 46 15 som
788 672 49 21 bäst

83 706 69 21 under
169 706 118 27 beredning
301 707 93 21 varande
408 706 104 27 förslaget
526 707 34 21 till
570 706 174 27 värnepligtslag,
754 706 82 21 hvilket

84 740 24 22 åt
130 741 27 20 de
174 740 119 28 ynglingar,
312 747 45 15 som
376 741 86 22 erhållit
479 741 144 26 skolbildning
641 741 119 26 medgifver
778 743 58 18 stora

83 775 224 28 förmånsrättigheter
321 775 90 22 framför
426 775 54 27 dem,
492 782 45 15 som
551 775 19 27 ej
582 775 86 27 åtnjutit
676 775 160 26 undervisning.

152 810 43 29 Vid
212 810 157 27 behandlingen
387 809 23 22 af
427 811 26 21 de
471 810 33 21 uti
519 810 69 22 denna
603 810 132 21 omfattande
750 810 86 27 angelä-

84 845 79 28 genhet
176 845 105 28 ingående
296 845 58 22 olika
367 847 121 20 momenten
497 845 40 21 har
546 845 106 22 utskottet
661 844 70 21 funnit
741 844 33 27 sig
783 844 53 21 böra

84 882 51 25 taga
153 880 33 22 till
205 879 160 28 utgångspunkt
383 879 75 28 frågan
476 885 34 16 om
528 879 77 22 måttet
624 879 23 22 af
660 879 42 22 den
715 879 98 27 kunskap
829 879 7 21 i

83 915 84 21 landets
178 915 68 29 båda
256 909 111 40 inhemska
381 909 72 40 språk,
468 920 46 16 som
529 914 76 22 skolan
620 920 50 21 eger
684 915 32 20 att
730 913 105 22 meddela.

83 949 105 22 Behofvet
202 949 24 21 af
230 943 98 27 svenska
339 948 39 21 och
387 947 68 22 finska
465 948 215 29 undervisningsverk
690 950 34 19 ter
734 947 33 29 sig
776 949 60 27 näm-

82 984 59 28 ligen
154 983 33 21 uti
200 983 46 21 helt
259 989 71 15 annan
345 983 71 26 dager,
432 982 40 21 allt
486 983 55 21 efter
556 983 36 22 det
606 983 54 21 mått
674 983 24 20 af
706 982 66 27 insigt
781 982 8 21 i
801 977 35 26 det

82 1017 69 22 andra
169 1017 93 27 språket,
281 1023 46 16 som
346 1017 75 21 skolan
440 1017 165 28 skyldigkännes
624 1019 32 20 att
675 1017 105 26 meddela,
797 1017 39 21 och

82 1052 23 22 af
127 1052 59 22 detta
207 1051 163 28 kunskapsmått
387 1051 63 22 beror
468 1051 47 22 åter
532 1051 82 28 frågan,
635 1051 105 22 huruvida
757 1053 78 20 tvenne

83 1086 234 27 undervisningsspråk,
331 1085 85 29 jemlikt
430 1092 27 15 en
472 1086 100 27 petitions
588 1086 102 27 yrkande,
706 1085 70 22 böra
765 1081 13 37 i
787 1085 48 22 sko-

83 1121 36 22 lan
134 1121 127 22 återinföras
275 1120 55 22 eller
343 1120 28 27 ej.
393 1120 111 22 Utskottet
518 1120 39 22 har
572 1120 66 27 derpå
648 1122 36 25 egt
694 1121 32 20 att
735 1121 57 26 yttra
802 1120 33 27 sig

83 1155 110 28 angående
209 1155 26 22 de
249 1155 8 21 i
272 1155 67 27 några
353 1155 113 27 petitioner
484 1155 126 22 framstälda
624 1154 115 27 förslagen,
755 1155 33 20 att
797 1160 38 15 un-

83 1189 213 28 dervisningsverken
315 1189 8 21 i
340 1189 92 22 Finland
446 1189 67 22 borde
527 1195 52 16 vara
594 1189 90 22 svenska
699 1189 53 22 eller
766 1188 69 22 finska

82 1224 8 22 i
104 1224 126 27 proportion
243 1223 34 22 till
292 1223 81 22 antalet
387 1223 23 22 af
423 1223 69 22 finska
507 1223 53 22 eller
575 1223 91 22 svenska
675 1223 93 26 talande,
779 1224 57 28 samt

82 1258 40 22 har
136 1258 101 27 slutligen
251 1257 70 28 ingått
335 1258 8 21 i
357 1257 130 28 granskning
498 1257 22 22 af
532 1258 27 22 de
573 1257 49 22 från
635 1257 57 22 olika
702 1259 58 20 orter
770 1257 64 22 fram-

83 1293 71 22 stälda
166 1291 187 28 önskningsmålen
371 1298 35 15 om
424 1292 84 21 skolors
526 1291 121 23 inrättande
665 1291 50 22 med
733 1291 102 28 antingen

82 1326 65 22 finskt
166 1327 54 21 eller
233 1326 88 22 svenskt
334 1326 236 27 undervisningsspråk.

151 1359 136 24 Beträffande
301 1359 76 22 måttet
391 1359 23 22 af
428 1359 40 22 den
482 1359 96 27 kunskap
594 1359 8 21 i
617 1359 35 21 det
662 1359 67 22 andra
739 1359 95 21 moders-

82 1394 72 26 målet,
169 1400 47 15 som
229 1393 52 27 våra
296 1392 73 27 skolor
383 1393 53 22 böra
444 1393 100 22 meddela
558 1393 104 27 eleverne,
678 1393 42 21 kan
730 1393 104 21 utskottet

81 1429 58 27 yttra
154 1428 33 28 sig
201 1427 46 22 helt
260 1427 56 22 kort.
345 1427 42 22 Det
401 1429 25 19 är
440 1428 46 21 icke
496 1429 76 21 tvenne
587 1426 46 23 folk
647 1428 51 21 utan
713 1428 37 26 ett,
766 1433 46 15 som
826 1426 8 30 i

151 1474 94 17 Allmänna
257 1473 159 21 Besvärsutskottets
427 1474 105 18 betänkande
543 1473 35 18 N:o
592 1473 28 19 17.
