1050 1709
289 170 251 26 Potitionshetänkande
557 172 38 23 N:o
611 171 38 24 28.
803 172 13 20 3

92 234 76 24 särade
187 236 40 22 och
247 236 62 29 sjuke
323 236 98 29 krigares
436 236 57 28 värd,
509 238 62 21 hvars
587 237 130 29 uppmaning
731 237 34 21 till
779 237 66 21 frivil-

90 270 44 29 liga
153 271 76 28 bidrag
249 271 121 29 säkerligen
388 272 48 22 icke
451 272 56 22 skall
521 272 66 22 blifva
603 274 51 19 utan
669 279 96 21 gensvar.
795 272 48 21 Men

90 305 48 22 icke
153 305 57 22 blott
224 306 97 21 enskilda
336 313 103 21 personer
453 305 130 23 tillkommer
599 307 35 22 det
647 309 31 19 att
689 307 34 21 vid
734 307 59 20 detta
803 306 42 21 till-

90 339 51 23 fälle
161 340 107 23 verksamt
287 340 134 30 ädagalägga
441 341 32 22 sin
491 341 134 27 medkänsla;
641 342 62 21 äfven
717 341 84 22 landets
817 349 28 13 nu

90 375 130 23 församlade
235 375 91 23 Ständer
341 376 78 27 kunna,
436 376 65 29 enligt
517 377 121 21 Utskottets
653 376 62 29 äsigt,
728 383 74 21 genom
814 377 31 20 ett

90 410 54 22 efter
159 411 122 22 ändamälet
296 412 111 27 afpassadt
421 412 76 28 anslag
512 412 33 21 för
560 411 79 22 värden
654 412 22 21 af
688 411 61 28 sjuke
760 411 40 22 och
811 410 33 23 sä-

89 445 52 22 rade
155 445 8 22 i
178 446 70 28 kriget
263 446 56 27 gifva
334 446 86 29 uttryck
435 445 22 23 ät
473 447 58 22 detta
546 446 36 22 det
596 446 69 22 finska
680 446 79 23 folkets
769 445 76 22 tänke-

89 481 48 20 sätt.
168 480 58 22 Enär
245 481 88 22 Hennes
352 481 100 28 Majestät
471 481 142 29 Kejsarinnan
633 483 24 20 är
671 481 174 28 beskyddarinna

89 513 24 23 sä
128 515 34 21 väl
177 515 34 22 för
230 516 143 28 nyssnämnda
391 515 69 22 finska
477 515 98 29 förening
593 523 46 14 som
658 516 33 21 för
707 515 67 22 andra
789 515 56 22 före-

89 549 76 28 ningar
186 550 49 21 med
257 557 82 15 samma
360 551 106 25 ändamål,
490 551 39 21 har
550 550 110 22 Utskottet
677 551 80 27 jemväl
776 550 69 21 funnit

89 583 162 29 ifrågavarande
271 585 74 28 anslag
364 584 54 22 böra
436 585 75 21 ställas
525 584 34 22 till
574 585 86 21 Hennes
675 585 112 27 Majestäts
802 584 42 21 för-

90 618 98 29 fogande,
211 619 97 22 hvarföre
331 619 110 22 Utskottet
463 619 117 29 tillstyrker
602 619 129 28 petitionens
749 618 95 29 godkän-

90 653 76 22 nande.

158 688 42 21 Det
222 688 7 22 i
251 688 236 29 petitionsmemorialet
510 689 114 22 förordade
647 689 196 28 anslagsbeloppet,

90 731 26 14 en
136 723 82 22 million
237 723 66 28 mark,
323 723 73 29 borde,
417 724 66 28 enligt
501 724 120 22 Utskottets
635 724 71 26 tanke,
722 723 120 23 åstadkom-

91 765 45 15 mas
156 765 77 21 genom
252 758 77 22 enkom
348 759 34 21 för
401 757 122 24 ändamålet
542 759 78 29 åtagen
636 758 70 22 direkt
720 758 123 29 bevillning.

90 792 145 23 Petitionären
253 793 40 22 har
313 792 123 30 visserligen
456 794 101 22 förutsatt
575 796 32 20 att
621 792 124 30 behållning
760 793 13 23 å
787 794 57 22 förut

90 828 87 22 influten
189 828 116 29 bevillning
317 828 70 22 kunde
398 828 73 22 härtill
479 829 131 28 disponeras.
627 828 49 22 Men
685 828 69 22 denna
763 828 80 22 behåll-

90 863 51 28 ning
153 865 24 20 är
190 863 7 21 i
210 863 32 21 sin
252 863 73 22 helhet
332 863 79 29 tagen
404 859 10 38 i
422 863 93 28 anspråk
523 871 76 22 genom
608 864 26 22 de
643 864 74 28 anslag
726 864 59 21 Hans
793 864 50 27 Kej-

90 898 78 29 serliga
188 898 101 28 Majestät
307 898 8 21 i
335 898 107 22 särskilda
459 897 79 30 nådiga
553 898 157 29 propositioner
725 899 62 21 äskat
803 899 40 21 och

89 933 72 22 hvilka
179 932 67 23 delvis
266 933 67 22 redan
352 935 38 20 äro
410 933 96 22 bifallna.
536 929 75 33 Öfriga
628 934 67 21 under
711 934 131 21 Ständernas

90 968 128 28 disposition
229 967 88 23 stående
326 967 114 30 tillgångar
450 968 63 22 hafva
525 969 79 28 jemväl
615 969 23 21 af
646 968 110 22 Utskottet
765 968 78 22 beräk-

90 1005 49 20 nats
149 1002 71 23 såsom
232 1003 140 29 erforderliga
382 1003 33 22 för
431 1004 25 21 de
473 1003 63 26 olika,
552 1004 57 21 förut
619 1003 149 29 ifrågakomna
778 1003 65 22 ända-

91 1037 80 22 målens
187 1038 176 28 tillgodoseende.
389 1038 28 21 Af
431 1038 67 22 sådan
509 1039 114 27 anledning
635 1039 38 21 och
685 1037 28 23 då
723 1038 70 21 denna
804 1038 39 21 sak

90 1072 47 22 icke
152 1071 45 23 står
211 1073 8 20 i
234 1073 95 21 närmare
345 1073 104 22 samband
465 1073 48 21 med
529 1073 40 21 den
583 1072 13 22 å
606 1073 120 21 Ständerna
736 1073 33 21 för
779 1073 65 27 öfrigt

90 1106 155 23 ankommande
260 1107 169 28 statsreglering,
445 1114 62 15 anser
522 1107 109 22 Utskottet
641 1115 26 14 en
678 1109 61 20 extra
748 1107 95 21 beskatt-

90 1141 57 28 ning,
163 1142 112 27 uppburen
291 1142 40 21 och
345 1141 92 22 bokförd
453 1142 65 21 skildt
532 1142 33 21 för
581 1142 38 28 sig,
635 1149 51 14 vara
700 1143 41 20 den
760 1142 83 27 lämpli-

90 1178 59 26 gaste
165 1177 64 27 utväg
239 1179 32 19 att
281 1176 173 28 sammanbringa
465 1177 139 21 omförmälda
615 1184 88 13 summa.
723 1177 40 21 Om
774 1177 69 20 denna

90 1210 55 29 åsigt
161 1211 23 21 af
196 1211 119 22 Ständerna
325 1211 132 28 godkännes,
468 1212 61 21 torde
540 1211 36 22 det
586 1211 33 21 till
629 1211 214 28 Bevillningsutskot-

89 1247 32 20 tet
135 1245 141 22 öfverlemnas
291 1247 32 20 att
337 1245 80 22 föreslå
431 1246 121 28 grunderna
568 1246 39 21 och
623 1247 65 20 sättet
703 1246 34 21 för
751 1245 93 22 berörda

90 1282 61 20 extra
166 1280 127 29 bevillnings
308 1280 125 28 utgörande.

158 1314 33 23 Då
207 1315 36 22 det
258 1315 119 23 emellertid
392 1316 23 21 af
429 1316 78 22 sakens
522 1317 63 20 natur
599 1315 104 28 betingas,
717 1317 32 19 att
759 1315 84 21 medlen

90 1351 51 20 utan
157 1349 102 28 dröjsmål
274 1350 34 21 må
323 1356 52 15 vara
390 1350 127 27 disponibla,
533 1350 42 21 kan
590 1349 101 27 beloppet
709 1349 134 22 förskottsvis

93 1382 47 23 från
155 1383 160 22 Statskontoret
330 1383 92 28 utgifvas
438 1384 23 20 af
474 1391 28 13 nu
517 1382 111 28 befintliga
646 1382 123 28 behållning
784 1384 7 20 i
806 1383 37 21 be-

90 1417 191 29 villningsmedlen,
307 1418 85 21 hvilken
416 1418 134 28 utbetalning
571 1418 90 21 ersättes
680 1418 39 22 när
739 1418 40 21 den
799 1418 44 21 sär-

92 1452 69 23 skilda
177 1452 142 29 bevillningen
335 1453 89 29 inflyter.

160 1530 141 20 Statsutskottets
316 1531 113 21 betänkande
445 1531 35 19 N:o
495 1529 20 22 9,
