1042 1709
222 150 12 17 8
409 148 240 19 Petitionsbetänkande
660 148 36 18 N:o
708 148 34 18 40.

201 207 46 21 före
261 206 30 22 all
307 207 40 21 den
371 206 149 28 omsorgsfulla
541 207 53 21 vård
613 212 71 22 egnas,
700 212 46 15 som
766 206 48 21 dess
830 207 58 20 stora
903 206 46 26 vigt

201 242 39 21 och
255 241 77 22 sakens
351 241 106 22 särskilda
474 241 146 22 beskaffenhet
638 240 92 22 kräfver.
760 240 109 22 Utskottet
883 240 66 22 biträ-

202 277 37 21 der
255 276 84 22 således
357 276 8 21 i
383 276 42 22 allo
441 276 56 22 hvad
511 276 8 21 i
533 276 139 22 förevarande
687 276 212 27 petitionsmemorial
915 282 34 15 om

202 311 192 27 erforderligheten
409 311 23 21 af
446 318 26 14 en
486 311 246 27 lagberedningskomité
747 311 85 22 anföres
848 312 55 20 samt
913 317 36 15 an-

202 352 34 15 ser
251 347 34 26 sig
301 346 84 21 derföre
400 346 53 21 böra
462 346 39 21 hos
513 346 119 21 Ständerna
642 346 86 21 förorda
738 345 211 27 petitionsförslaget.

269 382 38 20 Att
328 382 98 20 närmare
448 381 69 21 utlåta
535 382 32 26 sig
586 387 34 15 om
640 381 40 21 den
699 380 122 28 föreslagna
845 381 104 21 komiténs

201 416 190 26 sammansättning
403 415 38 22 och
452 416 135 21 verksamhet
602 422 62 15 anser
678 416 106 21 utskottet
798 416 46 21 icke
860 422 28 15 nu
897 416 54 21 böra

202 451 85 21 komma
298 450 7 22 i
317 450 66 27 fråga.
413 451 43 21 Det
470 450 134 27 väsendtliga
618 450 8 21 i
640 450 141 22 förevarande
796 450 155 27 angelägenhet

202 487 30 24 är,
251 487 32 19 att
298 485 93 21 komitén
407 484 56 28 finge
478 485 33 21 till
526 484 84 28 uppgift
624 486 32 20 att
670 485 80 21 bereda
765 485 43 21 alla
822 485 81 27 förslag
917 485 33 21 till

203 520 107 21 allmänna
324 519 157 27 författningar,
497 526 45 15 som
558 520 85 22 komma
657 520 7 20 i
679 520 67 27 fråga,
756 526 76 21 genom
843 522 31 20 att
885 520 66 27 enligt

201 554 123 27 Kejserliga
336 554 103 21 Senatens
449 554 111 27 anvisning
574 554 46 21 dels
630 554 116 22 verkställa
756 555 130 27 granskning
899 555 53 21 eller

203 589 146 27 omarbetning
365 589 22 21 af
401 589 80 21 sådana
495 588 87 28 förslag,
591 595 45 15 som
651 589 23 21 af
687 590 68 20 andra
768 590 125 26 utarbetats,
905 590 46 20 dels

203 624 44 26 ock,
267 624 46 21 ifall
332 624 37 21 det
387 624 71 26 gällde
477 624 81 21 mindre
576 623 113 27 vidlyftiga
707 624 79 26 frågor,
806 624 66 27 enligt
893 624 59 26 gifna

202 659 93 26 grunder
311 658 75 27 sjelfve
402 658 73 22 affatta
489 658 114 27 förslagen,
619 658 39 21 och
668 659 73 21 vidare
752 660 32 19 att
794 659 68 21 denna
872 659 79 21 komité

202 693 71 21 blefve
293 699 25 15 en
337 693 164 26 stadigvarande
520 693 122 26 inrättning,
663 693 67 21 ehuru
745 693 41 26 det,
803 694 27 26 på
845 694 46 21 skäl
906 700 46 14 som

202 727 234 28 petitionsmemorialet
451 727 94 27 antyder,
561 728 19 26 ej
595 728 67 20 borde
677 728 128 21 åtminstone
820 728 33 21 till
868 734 25 16 en
904 728 48 21 bör-

201 763 37 27 jan
256 762 86 21 komma
360 762 7 21 i
387 762 67 26 fråga,
471 763 31 20 att
517 762 145 21 ledamöterne
678 762 6 20 i
700 762 94 21 komitén
810 762 68 22 skulle
893 763 59 21 inne-

202 797 64 21 hafva
285 797 46 21 sina
349 796 144 27 befattningar
512 796 110 21 derstädes
638 796 69 21 såsom
724 796 106 22 ordinarie
848 797 104 26 embeten,

201 833 52 20 utan
276 832 62 20 desse
361 831 68 21 hellre
451 831 66 21 borde
539 831 65 21 undfå
627 831 143 21 förordnande
788 831 28 27 på
833 832 44 21 viss
895 832 32 21 tid
945 832 8 20 i

203 866 83 22 sender.
316 866 37 21 Att
372 866 25 20 de
417 866 68 21 skulle
503 866 59 20 utses
581 866 23 20 af
617 866 127 26 regeringen
762 868 25 19 är
801 867 108 27 naturligt,
927 867 26 20 då

203 901 126 27 regeringen
343 901 49 21 bäst
406 900 39 21 bör
460 906 51 15 vara
525 900 7 20 i
546 900 87 21 tillfälle
648 901 32 20 att
694 900 58 27 välja
766 901 101 27 lämpliga
880 907 73 21 perso-

202 942 38 14 ner
255 935 40 21 och
310 935 36 21 det
360 936 95 20 närmast
470 936 24 20 är
509 935 131 26 regeringen,
656 934 27 27 på
700 935 87 21 hvilken
802 935 59 21 såväl
876 942 77 16 ansvar

203 977 46 15 som
270 970 69 21 börda
357 970 69 26 faller,
442 969 47 21 ifall
507 970 83 20 arbetet
605 970 19 26 ej
640 971 24 19 är
679 969 206 23 tillfredsställande.
914 971 39 21 Ut-

203 1005 81 21 skottet
299 1010 62 15 anser
377 1004 83 21 således
475 1004 116 26 petitionen
606 1004 7 20 i
628 1005 71 20 ämnet
714 1004 53 21 böra
782 1004 74 22 aflåtas
867 1005 7 21 i
885 1005 68 22 öfver-

204 1039 149 21 enstämmelse
377 1038 49 22 med
445 1038 117 22 innehållet
577 1038 23 22 af
614 1038 140 22 förevarande
769 1039 117 21 memorial.
916 1040 38 21 Ett

204 1074 75 26 tillägg
295 1073 72 21 dertill
382 1079 63 21 synes
460 1073 104 21 utskottet
580 1073 54 21 dock
647 1073 142 27 erforderligt.

271 1109 44 20 Det
329 1107 39 21 har
386 1108 56 20 inom
462 1107 105 22 utskottet
582 1108 94 26 uttalats,
693 1109 37 25 att,
746 1108 27 20 då
788 1108 108 21 allmänna
911 1108 42 21 för-

204 1142 117 27 fattningar
335 1142 7 20 i
357 1142 106 21 anseende
478 1142 33 20 till
526 1142 7 20 i
548 1142 73 21 landet
636 1142 95 21 rådande
741 1142 213 26 språkförhållanden

205 1177 84 21 affattas
304 1176 28 28 på
346 1178 77 20 tvenne
447 1176 70 26 språk,
533 1176 180 27 författningarna
731 1176 27 27 på
774 1177 79 21 endera
867 1177 87 26 språket

203 1212 47 21 icke
273 1212 69 21 sällan
361 1211 76 21 saknat
456 1210 39 21 full
515 1210 220 22 öfverensstämmelse
750 1211 49 21 med
816 1217 80 15 samma
911 1211 42 21 för-

203 1246 118 26 fattningar
336 1246 13 19 å
363 1246 37 20 det
414 1246 67 20 andra
504 1246 86 24 språket
612 1245 53 20 eller
684 1245 128 21 åtminstone
826 1246 8 20 i
849 1246 106 26 språkligt

205 1280 120 21 hänseende
348 1279 46 21 icke
413 1280 36 25 egt
468 1285 26 15 en
509 1279 43 21 lika
567 1278 200 22 tillfredsställande
782 1279 62 21 form.
873 1279 11 21 I
899 1280 55 20 hvad

204 1314 49 21 mån
275 1314 76 21 sådant
373 1313 67 21 under
462 1314 133 21 närvarande
617 1312 147 22 förhållanden
787 1313 69 22 skulle
874 1313 81 22 kunnat

205 1349 104 21 undvikas
323 1348 82 22 tillåter
421 1348 32 28 sig
467 1348 105 22 utskottet
586 1348 47 22 icke
648 1349 32 20 att
695 1348 101 26 bedöma;
811 1355 48 15 men
874 1350 32 20 att
921 1349 32 21 till

207 1384 159 27 förebyggande
382 1383 23 21 af
422 1384 67 26 dylikt
506 1383 33 21 för
558 1383 113 22 framtiden
686 1384 62 26 göres
764 1382 56 22 hvad
834 1385 63 25 göras
912 1383 43 21 kan

209 1419 67 22 finner
290 1419 105 21 utskottet
409 1425 51 15 vara
475 1418 22 22 af
510 1418 54 27 vigt;
580 1418 38 22 och
633 1418 61 22 torde
710 1418 36 22 det
761 1418 7 21 i
783 1418 76 22 sådant
873 1418 82 22 afseen-

210 1456 31 25 de,
259 1461 33 15 om
309 1461 25 15 en
349 1454 79 21 komité
444 1454 22 22 af
481 1454 39 22 den
538 1453 152 27 beskaffenhet,
706 1459 46 16 som
770 1453 40 21 här
826 1453 128 28 föreslagits,

276 1495 125 22 Lagutskottets
411 1495 103 17 betänkande
525 1494 34 17 N:o
572 1495 28 16 17.
