1039 1709
233 144 26 32 88
417 148 240 19 Petitionsbetänkande
668 148 37 18 N:o
718 148 33 18 20:

210 212 120 26 kreterade,
350 212 88 21 emedan
457 212 36 21 det
510 211 47 22 icke
577 212 44 20 stär
636 212 8 20 i
658 211 81 21 hennes
755 210 102 28 förmäga,
874 211 24 21 sä
912 210 52 23 blif-

210 252 38 16 ver
263 246 40 21 den
319 246 88 27 slutliga
420 246 85 22 vinsten
520 257 27 5 —
563 247 31 20 ett
609 245 138 28 misslyekadt
761 245 80 22 försök.

279 281 75 21 Denna
373 281 110 26 bevisning
501 281 40 21 har
554 280 37 27 jag
607 280 54 22 efter
675 280 98 27 förmäga
788 280 48 21 sökt
850 280 60 22 inom
922 281 41 21 Ut-

211 316 81 21 skottet
305 315 119 21 framhälla.
454 315 75 27 Nägon
543 315 83 26 verklig
640 314 156 27 motbevisning
810 315 40 21 har
862 314 38 27 jag
914 315 50 21 icke

211 350 81 21 kunnat
305 350 112 26 upptäcka.
447 349 110 22 Utskottet
571 349 174 27 tillkännagifver
760 350 76 21 endast
849 349 51 22 med
913 349 52 22 hela.

210 384 86 22 kraften
310 384 24 21 af
351 385 33 20 sin
402 383 122 28 auktoritet,
543 385 32 20 att
593 383 66 22 målet
677 383 37 22 bör
732 383 72 22 kunna
822 384 82 27 uppnås
923 384 39 21 och

211 420 32 20 att
258 419 165 26 olägenheterna
441 418 23 21 af
480 418 122 22 Utskottets
620 418 81 27 förslag
720 418 57 21 torde
800 419 71 21 kunna
894 418 70 22 öfver-

212 453 81 22 vinnas.
322 454 34 21 De
370 453 115 27 projekter,
502 459 45 15 som
562 453 57 21 inom
633 453 106 21 utskottet
754 453 145 26 framkastats,
911 453 55 21 bära.

212 487 131 22 vittnesbörd
362 488 80 26 derom,
460 489 33 20 att
511 487 87 22 skolans
616 487 35 21 idé
671 488 39 21 och
729 487 26 22 de
770 487 67 27 lagar,
854 493 45 16 som
914 487 51 21 här-

211 521 50 28 flyta
276 523 24 20 af
316 523 130 26 densamma,
461 522 23 21 af
500 522 135 27 majoriteten
655 523 81 20 ansetts
757 522 70 21 säsom
842 522 71 27 nägot,
929 522 34 21 för

210 556 83 22 hvilket
307 563 49 15 man
369 557 47 21 icke
431 556 102 22 behöfver
548 556 137 28 synnerligen
697 562 80 21 genera
792 557 39 26 sig.

281 591 39 22 Om
331 597 50 15 man
394 591 77 22 tänker
486 591 39 27 sig,
540 593 31 20 att
586 590 121 22 Utskottets
726 591 118 22 resolution
862 598 13 15 a
893 591 71 22 blefve

212 625 23 21 af
248 625 84 22 landets
351 625 91 22 Ständer
460 627 98 25 antagen,
577 625 40 22 och
633 625 74 22 vidare
722 627 32 20 att
768 625 59 22 Hans
842 625 60 28 Kejs.
917 626 49 21 Ma-

210 659 72 28 jestät,
298 659 155 28 godkännande
468 660 36 21 det
519 659 23 22 af
558 659 111 22 Utskottet
683 660 114 27 uppstälda
812 662 152 25 programmet,

212 694 69 21 skulle
296 694 86 21 utfärda
396 700 26 15 en
437 695 36 26 lag
488 700 35 15 om
537 694 118 21 reformens
670 694 171 27 genomförande,
858 695 24 21 sä
896 695 70 21 borde

212 729 34 20 väl
268 729 70 21 denna
359 728 36 27 lag
416 729 54 21 höra
488 728 33 21 till
544 729 25 21 de
592 729 67 27 lagar,
679 735 46 15 som
743 729 62 21 skola
823 729 7 21 i
849 729 29 22 all
902 729 64 21 deras

212 763 110 27 stränghet
337 762 129 23 efterlefvas.
496 763 33 22 En
543 763 148 22 föreståndare
706 763 34 21 för
755 764 30 21 ett
800 763 83 27 lyceum
897 763 68 22 borde

212 798 34 21 väl
261 798 27 21 dä
303 798 116 27 ingalunda
433 798 22 21 få
469 798 33 22 till
517 798 155 22 Universitetet
687 798 108 22 dimittera
810 798 67 22 andra
892 800 27 20 än
930 798 35 22 sä-

212 833 56 21 dana
285 833 119 27 ynglingar,
424 838 45 16 som
488 832 67 27 enligt
573 832 74 28 lagens
663 832 134 28 ordalydelse
813 838 40 22 ega
867 832 99 28 förmäga

212 869 32 20 att
258 867 141 22 obehindradt
413 867 7 21 i
435 867 31 22 tal
481 867 39 22 och
536 867 63 22 skrift
613 867 97 22 använda
725 868 37 21 det
776 867 67 22 andra
853 867 113 22 inhemska

212 902 139 27 tungomälet.
380 901 50 22 Men
446 908 34 15 om
495 902 170 27 menskligheten
680 902 47 21 icke
742 902 114 27 plötsligen
867 903 98 21 kommer

212 939 32 20 att
258 937 96 26 undergä
372 938 45 20 stor
435 936 131 27 förändring,
585 937 24 21 sä
623 937 69 21 mäste
707 937 82 22 antalet
803 937 23 21 af
840 937 26 22 de
881 938 84 27 ynglin-

212 978 45 21 gar,
272 977 35 15 om
324 971 73 21 hvilka
416 977 26 15 en
460 971 95 28 laglydig
574 971 259 22 läroverksföreständare
848 972 43 21 kan
906 972 60 27 gifva

212 1007 36 21 det
269 1006 139 26 vittnesbörd,
427 1007 32 20 att
481 1006 26 21 de
526 1005 78 22 besitta
623 1006 36 21 det
676 1006 7 21 i
703 1006 42 21 den
763 1012 42 21 nya
822 1006 64 27 lagen
908 1006 57 23 före-

212 1041 82 22 skrifna
308 1040 191 27 kunskapsmättet,
514 1040 68 22 blifva
597 1042 77 26 ytterst
689 1040 69 27 ringa.
786 1041 46 22 Den
848 1040 70 22 finska
932 1043 32 20 ta-

212 1075 62 22 lande
292 1075 159 27 befolkningen,
472 1075 22 21 ät
512 1075 86 21 hvilken
617 1075 105 21 utskottet
743 1075 106 28 välvilligt
868 1075 96 22 förordat

211 1109 69 22 finska
299 1109 174 26 lärdomsskolor,
493 1109 69 22 skulle
581 1109 57 21 inom
657 1109 48 21 kort
723 1109 34 21 till
773 1109 32 21 sin
821 1111 59 20 stora
893 1110 74 21 förvä-

212 1144 50 26 ning
276 1143 58 22 finna
348 1143 33 26 sig
396 1143 108 27 bedragen
518 1143 7 21 i
540 1143 46 22 sina
601 1143 176 27 förhoppningar,
791 1143 27 22 dä
833 1144 37 21 det
884 1144 7 21 i
901 1144 63 27 lagen

212 1177 88 22 influtna
318 1178 47 21 lilla
383 1178 62 21 ordet
462 1177 163 22 *obehindradt*
645 1178 68 21 skulle
733 1177 94 22 befinnas
847 1178 64 27 lägga
933 1181 32 20 ett

212 1214 54 20 stort
287 1212 76 22 hinder
381 1212 8 21 i
407 1214 68 25 vägen
494 1212 34 21 för
547 1213 48 21 dess
618 1214 73 19 söners
714 1212 96 22 tillträde
828 1212 33 21 till
880 1213 85 22 landets

209 1247 141 21 Universitet.
380 1246 44 21 Och
443 1247 41 20 den
502 1247 91 20 svenska
611 1247 86 20 talande
720 1246 152 27 befolkningen
894 1247 72 21 skulle

212 1281 48 21 med
274 1281 48 21 icke
340 1280 82 22 mindre
441 1279 112 28 förväning
568 1279 79 27 erfara,
661 1281 32 20 att
709 1280 64 21 äfven
787 1279 34 22 för
837 1281 49 21 dess
901 1282 64 20 söner

212 1320 76 22 genom
304 1321 26 15 en
344 1314 42 26 lag,
402 1320 46 16 som
466 1314 125 21 tillkommit
604 1314 36 21 vid
655 1314 132 27 beviljandet
801 1314 24 22 af
838 1314 69 22 finska
922 1315 43 21 lär-

212 1349 140 26 domsskolor,
367 1350 68 26 vägen
450 1348 33 22 till
498 1348 155 22 Universitetet
667 1348 71 22 blifvit
752 1349 9 21 i
776 1349 135 28 synnerligen
922 1349 42 27 hög

212 1384 52 26 grad
280 1383 95 27 spärrad.
397 1384 41 26 Jag
452 1383 43 22 kan
510 1383 47 22 icke
571 1383 66 21 tänka
651 1384 44 26 mig
710 1390 26 15 en
751 1383 41 27 lag,
809 1390 45 16 som
869 1384 94 22 tillkom-

211 1418 39 22 mit
264 1418 7 21 i
286 1417 66 28 afsigt
369 1418 31 20 att
418 1417 60 22 stifta
496 1417 43 21 frid
558 1417 39 22 och
616 1418 115 26 försoning,
751 1418 54 21 dock
819 1424 60 16 mera
894 1419 71 26 egnad

211 1454 39 25 att,
264 1453 73 21 derest
352 1452 41 22 den
408 1452 131 26 efterlefdes,
553 1452 67 22 verka
635 1452 52 21 raka
702 1454 125 20 motsatsen.

278 1492 96 17 Allmänna
385 1492 160 17 Besvärsutskottets
557 1492 104 17 betänkande
673 1492 35 16 N:o
721 1492 28 17 17.
