1042 1709
246 154 11 18 4
430 151 239 19 Petitionsbetänkande
680 150 38 20 N:o
730 150 35 19 40.

224 215 48 13 mera
283 209 81 18 utbildas
376 210 46 16 samt
434 208 75 18 sålunda
519 208 90 18 måhända
621 208 50 18 äfven
683 208 69 18 krafter
764 214 104 17 uppammas
881 209 27 17 för
919 208 53 18 fram-

223 238 39 18 tida
273 243 49 13 mera
334 237 124 23 sjelfständiga
470 237 33 17 och
515 238 56 16 större
583 237 49 17 delar
644 237 19 17 af
674 238 145 22 rättssystement
828 237 111 18 omfattande
947 243 26 12 re-

224 266 146 18 visionsarbeten.
394 260 58 23 Äfven
466 266 28 17 uti
509 265 114 19 förevarande
638 270 43 18 gren
696 266 20 17 af
729 266 88 22 mensklig
829 266 113 18 verksamhet
954 267 20 17 är

224 295 30 18 det
269 295 48 18 blott
332 294 76 18 snillena
423 300 37 12 som
475 294 84 23 plötsligt
573 294 102 18 framträda.
699 294 27 18 De
738 295 49 17 stora
799 294 75 18 svenska
887 294 86 24 lagkomi-

224 324 70 18 téernas
308 323 82 21 historia,
408 323 49 18 såväl
469 322 39 19 från
520 324 45 18 1686
577 328 37 13 som
625 322 40 18 från
677 323 63 23 början
753 324 19 17 af
787 324 49 18 19d:e
855 324 61 20 seklet,
933 323 42 19 åda-

224 353 77 23 galägga
315 352 94 18 huruledes
425 352 22 18 de
463 352 112 23 öfverlägsna
586 352 107 22 talangerna
705 352 94 18 efterhand
810 352 56 18 under
878 352 30 18 det
920 352 54 24 långa

224 382 78 18 arbetets
320 381 84 23 fortgång
425 387 44 12 vuxo
491 386 42 18 upp.
562 380 49 24 Vilja
626 380 18 18 vi
660 386 22 13 en
697 381 112 23 sjelfständig
825 381 150 24 rättsutveckling

224 410 20 19 så
255 410 57 18 måste
324 411 18 17 vi
354 410 34 18 ock
399 410 44 23 vilja
454 410 75 18 medlen.

292 439 26 18 På
334 439 21 18 de
367 440 39 17 skäl
416 439 32 23 jag
460 439 75 18 sålunda
547 438 135 24 antydningsvis
695 439 41 17 haft
747 440 43 17 äran
803 440 62 18 anföra
877 439 56 23 vågar
944 440 31 23 jag

224 468 90 19 vördsamt
324 468 66 18 föreslå
401 474 22 12 en
434 468 111 23 underdånig
557 468 77 24 petition
645 468 30 18 till
687 468 50 18 Hans
749 468 85 23 Majestät
845 468 85 23 Kejsaren
943 468 31 18 och

225 498 115 21 Storfarsten,
361 503 28 12 om
404 497 113 19 tillsättande
532 497 40 18 med
588 497 63 23 anslag
665 503 21 12 ur
701 497 92 18 allmänna
807 497 103 18 statsmedel
925 497 18 18 af
954 503 21 12 en

225 526 205 24 lagberedningskomité
444 527 7 17 i
466 526 30 18 det
512 526 45 24 syfte
571 526 31 24 jag
619 526 94 24 uppgifvit,
730 527 32 17 och
778 526 52 18 utber
839 526 32 23 jag
883 526 61 18 remiss
957 527 20 17 af

225 555 59 18 denna
298 555 133 23 framställning
445 556 8 17 i
464 556 74 17 främsta
549 556 76 17 rummet
637 555 29 17 till
678 555 126 23 lagutskottet.
816 555 113 23 Helsingfors
941 555 34 18 den

224 585 23 18 10
258 584 88 18 Februari
358 585 50 18 1877.

645 612 81 21 Robert
737 612 170 27 Montgomery.”

292 666 43 21 Det
349 667 25 20 är
388 672 27 15 en
429 666 82 27 ganska
525 666 88 22 allmänt
627 666 100 28 gällande
741 666 57 27 åsigt
813 668 32 20 att
859 667 8 21 i
882 666 93 28 lagstift-

224 701 79 27 ningen
317 700 48 22 från
380 706 75 16 senare
466 700 32 22 tid
507 701 46 23 icke
562 701 68 22 sällan
645 701 76 22 saknas
735 702 40 21 den
787 701 85 22 klarhet
883 702 39 21 och
930 702 47 28 tyd-

224 736 74 27 lighet,
317 736 41 21 den
376 735 157 29 följdriktighet
552 736 40 22 och
611 736 46 22 inre
676 737 69 26 enhet,
765 742 45 16 som
829 737 147 27 väsendtligen

224 770 100 22 utmärka
338 771 56 26 goda
408 770 67 28 lagar,
491 771 38 21 och
545 772 32 21 att
591 771 7 22 i
613 771 92 23 nämnda
720 772 183 26 omständigheter
910 772 66 22 borde

226 806 63 21 sökas
304 806 41 21 den
361 805 119 22 förnämsta
495 806 90 22 orsaken
600 806 34 21 till
649 806 26 21 de
691 806 139 27 svårigheter,
846 806 73 22 hvilka
931 806 45 22 ofta

226 846 42 22 nog
282 840 37 22 vid
333 840 163 27 tillämpningen
510 840 23 22 af
547 840 70 22 denna
632 840 135 27 lagstiftning
781 847 55 21 yppa
852 841 38 27 sig.

294 874 41 22 Om
352 880 50 16 man
423 874 65 22 också
508 875 67 21 måste
594 874 59 22 hålla
671 874 45 22 före
738 876 33 20 att
788 876 84 26 mycket
894 875 23 22 af
935 876 42 25 det,

226 914 46 16 som
286 908 8 22 i
309 909 69 23 denna
392 910 41 25 väg
448 909 91 27 anföres,
555 909 65 22 beror
634 909 28 27 på
673 915 27 15 en
711 909 188 28 missuppfattning
912 910 23 21 af
943 910 35 22 det

225 949 49 21 nya,
289 942 34 22 för
338 942 85 22 hvilken
438 943 135 27 lagstiftaren
589 944 19 27 ej
624 944 39 21 bär
678 944 69 26 skuld,
764 944 39 21 och
817 945 28 27 på
864 950 26 16 en
908 945 7 22 i
933 945 44 27 lag-

226 977 181 28 stiftningsfrågor
422 978 41 22 lätt
477 978 112 28 förklarlig
605 978 108 22 förkärlek
729 978 34 22 för
778 980 37 20 det
829 980 77 26 gamla,
915 979 62 22 hvar-

226 1013 48 21 med
289 1018 49 16 man
354 1012 57 27 gjort
426 1013 33 27 sig
474 1013 115 27 förtrogen,
605 1014 57 21 lärer
677 1014 37 21 det
728 1014 105 27 knappast
848 1015 72 21 kunna
935 1014 43 22 för-

225 1047 74 27 nekas,
315 1049 32 20 att
363 1054 25 14 en
404 1048 42 26 god
461 1048 35 21 del
512 1048 88 27 sanning
619 1048 69 27 ligger
702 1048 33 21 till
755 1049 68 26 grund
839 1049 33 21 för
887 1050 92 21 nämnda

226 1082 118 27 klagomål;
361 1082 39 21 och
415 1082 36 21 det
466 1084 25 19 är
505 1082 84 22 derföre
604 1082 23 22 af
642 1082 40 22 den
698 1084 79 20 största
792 1083 51 27 vigt,
859 1085 32 19 att
902 1084 76 26 frågan

226 1116 56 22 huru
297 1116 37 22 det
348 1116 152 27 öfverklagade
515 1116 143 22 förhållandet
673 1117 55 21 skall
743 1117 72 21 kunna
830 1118 110 26 aflägsnas
953 1118 25 27 ju

226 1150 44 22 förr
286 1150 49 22 dess
350 1150 69 21 hellre
433 1151 79 21 varder
526 1152 65 26 tagen
605 1150 68 22 under
689 1152 138 26 omsorgsfull
842 1152 106 27 pröfning.

295 1184 43 22 Det
352 1186 24 20 är
391 1190 27 16 en
432 1184 58 22 känd
505 1184 44 27 sak,
565 1186 32 20 att
611 1185 48 21 icke
673 1184 75 28 hvarje
763 1185 32 21 tid
810 1187 24 19 är
849 1186 45 21 lika
909 1187 69 26 egnad

226 1218 33 22 för
270 1218 189 22 åstadkommande
474 1218 24 22 af
510 1219 55 27 goda
572 1218 241 28 lagstiftningsarbeten,
825 1220 39 21 och
875 1221 104 21 särskildt

225 1253 40 21 har
286 1258 50 15 man
358 1253 53 20 trott
433 1253 32 26 sig
487 1253 72 21 kunna
577 1253 102 21 anmärka
695 1260 34 14 om
745 1254 41 20 den
800 1255 139 25 närvarande,
955 1254 24 22 af

226 1286 25 22 så
265 1286 89 28 mycken
369 1286 68 26 orolig
452 1286 56 22 äflan
522 1286 59 28 fylda
591 1287 152 27 tidsperioden,
752 1288 33 20 att
796 1288 125 22 densamma
930 1288 48 22 här-

226 1320 33 23 till
275 1320 50 28 föga
340 1321 82 27 lämpar
436 1321 40 27 sig.
506 1321 99 28 Antydda
620 1322 157 26 omständighet
792 1322 39 22 bör
847 1323 60 27 dock,
919 1324 59 26 långt

226 1356 56 22 ifrån
290 1357 32 21 att
330 1356 81 22 afhålla
419 1356 47 22 från
474 1357 72 27 hvarje
555 1356 74 23 försök
640 1358 31 20 att
683 1357 123 22 öfvervinna
819 1358 160 28 svårigheterna

228 1391 40 22 och
281 1390 167 29 tillvägabringa
463 1392 41 22 den
518 1392 133 27 förbättring,
661 1398 45 16 som
717 1394 24 20 är
751 1392 82 28 möjlig,
843 1395 92 20 tvärtom
947 1394 32 21 in-

227 1426 80 22 nebära
322 1432 26 17 en
362 1426 126 28 ytterligare
502 1427 85 27 maning
603 1428 32 20 att
649 1427 7 21 i
669 1426 155 28 öfvervägande
835 1429 50 26 taga
898 1428 25 22 de
935 1435 43 15 me-

228 1461 41 27 del,
285 1467 45 16 som
345 1460 111 28 härvidlag
472 1461 33 22 stå
519 1461 33 22 till
567 1462 65 28 buds;
647 1462 39 22 och
701 1463 8 21 i
723 1462 60 22 detta
798 1462 100 23 afseende
913 1464 65 27 påpe-

296 1502 122 22 Lagutskottets
429 1502 105 18 betänkande
545 1502 35 17 N:o
593 1502 28 18 17.
