1050 1706
226 174 12 19 2
418 171 77 23 Ständ.
511 170 101 23 Petition
629 171 38 22 N:o
682 170 38 23 29.

198 240 52 26 icke,
268 240 29 26 på
312 238 74 22 landet
401 240 57 19 emot
473 238 146 25 kommunens,
636 238 39 20 och
690 238 8 20 i
713 237 49 21 stad
778 240 56 20 emot
848 238 96 22 kommu-

198 280 52 14 nens
265 272 40 22 och
320 271 177 29 stadsstyrelsens
513 273 87 25 vägran,
616 272 70 26 någon
701 271 97 28 beviljas.

266 306 49 22 Med
331 306 137 27 tillämpning
484 306 23 21 af
516 306 94 20 nämnda
620 306 134 27 stadganden
764 306 48 26 har,
823 306 55 22 efter
886 307 59 21 mön-

198 342 54 20 stret
266 341 7 20 i
289 340 69 22 andra
373 340 83 26 länder,
472 340 61 21 äfven
548 339 8 21 i
572 347 26 14 en
614 340 34 21 del
664 339 24 22 af
700 340 103 22 Finlands
818 340 72 22 städer
900 343 45 19 ute-

199 375 100 21 slutande
313 375 104 27 rättighet
432 376 32 20 att
479 374 132 22 utminutera
625 374 90 22 bränvin
731 374 70 22 blifvit
815 374 93 28 beviljad
923 376 23 20 åt

200 409 81 21 sådana
300 409 71 27 bolag,
386 409 7 20 i
409 408 84 23 hvilkas
513 409 194 27 sammansättning
725 416 50 22 man
790 410 53 20 trott
858 409 33 27 sig
906 416 40 20 ega

200 451 25 14 en
241 444 85 27 garanti
346 445 57 20 emot
422 444 109 21 missbruk
546 443 66 22 deraf.
643 443 45 22 Och
704 443 62 21 äfven
783 443 37 22 der
835 451 49 14 man
900 444 47 22 icke

200 478 82 21 kunnat
297 478 53 21 eller
365 478 47 21 icke
426 480 72 19 ansett
513 479 32 26 sig
560 478 54 21 böra
627 478 23 20 åt
660 478 69 28 dylikt
739 478 65 27 bolag
815 478 132 21 öfverlemna

200 512 137 22 uteslutande
352 513 44 20 rätt
411 512 34 22 till
460 512 266 27 bränvinsutminutering,
741 513 62 21 torde
818 513 71 21 denna
904 514 43 20 rät-

200 546 79 28 tighets
300 546 158 28 inskränkning
477 547 34 20 till
530 548 31 20 ett
580 546 83 22 mindre
678 546 61 22 antal
754 547 194 28 försäljningsstäl-

200 580 35 22 len
255 580 129 22 åtminstone
404 581 7 20 i
431 582 70 25 någon
522 582 49 20 mån
591 580 130 28 möjliggöra
741 581 167 21 öfvervakandet
926 582 24 20 af

200 615 162 27 försäljningen,
378 615 24 21 så
418 617 30 19 att
464 615 40 21 den
520 616 18 27 ej
555 615 59 21 leder
629 615 34 21 till
674 615 92 28 krögeri,
778 615 39 22 och
828 616 28 26 på
866 622 83 15 samma

201 650 56 27 gång
271 649 125 21 underlätta
411 650 131 26 upptäckten
558 649 24 21 af
594 649 139 27 lönnkrogar.

267 683 43 21 Det
329 683 107 26 ändamål,
456 690 46 15 som
521 690 77 21 genom
615 684 65 27 rigtig
696 684 138 27 tillämpning
850 685 23 20 af
887 684 63 21 dessa

201 717 135 22 föreskrifter
352 718 70 21 kunde
439 718 81 26 vinnas,
536 718 121 21 motverkas
674 718 118 21 emellertid
804 726 76 20 genom
891 718 58 22 stad-

202 752 79 27 gandet
295 752 8 21 i
318 752 11 27 $
345 754 27 18 55
388 752 24 21 af
425 758 82 15 samma
522 752 136 27 författning,
672 753 30 27 på
717 752 69 28 grund
797 753 77 21 hvaraf
883 753 67 21 hand-

202 786 63 21 lande
284 788 25 19 är
328 786 122 26 berättigad
466 788 32 19 att
512 786 90 28 försälja
617 786 81 21 ”andra
714 787 83 21 brända
813 786 52 22 eller
880 787 70 21 distil-

201 820 74 22 lerade
289 821 31 20 in-
337 820 53 22 eller
405 820 117 22 utländska
537 820 153 28 spritdrycker,
707 822 70 20 såsom
792 828 55 20 rum,
862 820 88 29 konjak,

202 854 64 22 arrak
289 854 47 22 med
359 854 63 22 flere”
442 854 35 21 till
496 854 79 28 belopp
591 854 23 21 af
628 855 65 21 minst
708 857 31 19 ett
753 854 55 22 halft
823 856 55 26 stop.
908 855 42 21 Det

202 889 40 21 har
261 888 110 27 nämligen
390 889 56 20 visat
464 889 38 27 sig,
519 891 32 19 att
565 889 7 20 i
588 896 26 13 en
629 889 79 27 mängd
725 889 83 21 mindre
822 889 130 29 handelsbo-

202 922 40 21 dar
261 922 97 26 bränvin,
378 922 79 21 försatt
475 922 47 22 med
537 924 67 26 något
618 922 119 28 färgämne,
753 924 83 21 kunnat
850 923 102 28 försäljas

203 957 69 21 såsom
289 964 47 14 rum
352 956 53 22 eller
420 956 85 28 konjak.
538 958 38 20 Att
590 956 114 22 förhindra
719 958 77 20 sådant
811 959 24 20 är
850 957 102 23 förenadt

203 992 48 20 med
266 991 47 21 icke
327 991 63 27 ringa
406 991 114 27 svårighet,
536 991 27 21 då
578 992 74 26 hvarje
667 992 123 21 handlande
806 992 39 21 har
861 993 44 21 rätt
920 994 32 20 att

203 1025 34 21 till
257 1025 47 21 salu
323 1025 60 21 hålla
402 1025 152 30 spritdrycker.
588 1026 10 20 I
618 1027 54 20 trots
688 1026 25 21 af
726 1026 168 28 författningens
909 1034 43 14 me-

203 1060 52 27 ning
275 1060 41 20 och
338 1060 115 20 tvärtemot
473 1060 165 21 kommunernas
658 1060 53 28 vilja
729 1061 75 20 kunna
818 1061 92 21 sålunda
926 1068 26 14 en

204 1093 78 27 mängd
291 1093 325 28 bränvinsförsäljnängsställen
625 1095 87 26 uppstå,
724 1095 72 20 hvilka
807 1095 35 21 det
853 1097 25 19 är
886 1095 66 28 omöj-

204 1127 40 28 ligt
262 1129 32 19 att
314 1127 116 22 öfvervaka
449 1128 39 20 och
507 1135 46 14 som
572 1128 101 21 befordra
688 1129 141 26 spridningen
844 1129 24 21 af
882 1129 71 21 denna

205 1168 56 15 vara.
295 1161 169 22 Bestämmelsen
480 1162 7 20 i
503 1169 81 14 samma
603 1163 17 27 $,
641 1164 32 19 att
693 1169 67 15 varan
776 1163 18 28 ej
812 1163 32 20 får
859 1163 94 22 förtäras

205 1195 53 22 eller
275 1195 95 21 fördelas
389 1196 29 26 på
438 1195 79 26 stället,
537 1195 102 23 behöfver
658 1197 47 21 icke
723 1197 134 21 öfverträdas
873 1197 33 21 för
922 1200 32 19 att

205 1229 73 28 dylika
297 1229 87 22 butiker
404 1229 61 22 skola
484 1230 97 21 medföra
600 1231 8 20 i
623 1230 36 21 det
678 1232 109 20 närmaste
806 1231 45 21 lika
870 1231 84 28 mycket

206 1262 87 27 förderf,
309 1269 47 15 som
371 1263 26 20 de
412 1270 16 14 s.
444 1263 20 21 k.
480 1263 117 28 krogarne;
613 1262 21 29 ty
650 1271 66 14 varan
732 1264 42 21 kan
789 1265 55 21 både
860 1265 94 22 fördelas

206 1297 40 21 och
265 1297 95 21 förtäras
374 1297 7 20 i
397 1297 101 21 butikens
513 1297 82 22 närhet.
626 1297 41 22 Väl
682 1298 43 21 kan
741 1298 145 23 förhållandet
902 1307 52 14 vara

206 1331 114 22 enahanda
334 1331 48 22 med
398 1331 36 22 det
449 1332 97 28 bränvin,
562 1339 46 15 som
623 1333 102 28 föryttras
741 1333 13 21 å
765 1335 30 20 ett
804 1333 95 28 lagligen
910 1334 44 21 till-

206 1367 54 20 låtet
276 1365 242 29 utminuteringsställe;
536 1374 48 15 men
600 1367 6 21 i
622 1368 74 28 hvarje
714 1367 40 22 fall
772 1369 24 20 är
816 1368 41 26 det,
874 1369 27 22 då
916 1376 38 15 an-

207 1401 53 21 talet
277 1400 247 27 utminuteringsställen
544 1403 25 21 är
587 1403 120 26 inskränkt,
727 1403 129 22 åtminstone
874 1404 80 22 lättare

207 1437 33 20 att
254 1435 116 22 öfvervaka
384 1436 163 28 försäljningen,
563 1437 112 22 hvaremot
688 1437 8 21 i
712 1438 61 27 fråga
788 1438 93 22 varande
896 1439 58 22 stad-

206 1470 70 28 gande
292 1470 7 20 i
315 1470 10 27 $
345 1472 27 18 55
389 1470 24 21 af
427 1471 54 21 1873
502 1472 35 21 års
558 1471 232 28 bränvinsförfattning
810 1473 38 27 gör
868 1473 29 21 all
914 1473 40 22 den

208 1511 85 20 omsorg
308 1511 50 14 man
374 1504 62 21 söker
452 1512 54 21 egna
522 1505 166 23 öfvervakandet
704 1507 23 21 af
741 1506 42 21 den
793 1506 87 22 tillåtna
890 1507 65 22 brän-
