1039 1706
216 143 13 17 4
345 140 322 21 Petitionsbetänkande
681 141 50 20 N:o
747 140 46 21 14.

186 206 49 18 dela
250 212 25 12 en
293 205 94 25 bildning
402 205 24 19 af
438 208 64 17 annat
524 206 45 26 slag
585 208 26 17 än
628 206 39 20 den
691 205 160 20 fosterländska.
882 204 8 20 I
907 202 25 22 de

185 238 38 20 fall
240 239 99 24 deremot,
356 239 26 19 då
398 245 25 13 en
440 239 160 27 läroinrättning
611 240 66 19 under
687 240 68 25 någon
771 240 41 19 tids
827 238 105 20 verksam-

186 272 36 20 bet
237 272 55 20 visat
307 272 32 26 sig
355 278 49 14 vara
426 272 84 26 förtjent
526 273 23 20 af
566 276 137 23 uppmuntran
720 273 45 19 från
781 274 78 18 statens
880 272 53 26 sida,

187 306 69 20 kunde
272 306 26 19 de
314 306 23 19 af
356 306 139 26 petitionären
519 307 108 26 påyrkade
649 307 134 20 förmånerna
800 306 28 26 på
843 306 89 20 särskild

187 340 117 26 ansökning
321 340 97 26 tilläggas
433 340 95 21 lärarene
545 341 34 19 vid
591 341 75 19 sådant
677 341 102 25 läroverk,
791 341 6 19 i
807 340 67 20 likhet
886 340 45 20 med

187 374 54 20 hvad
258 374 133 20 härförinnan
408 375 6 19 i
430 374 66 26 några
511 376 37 19 fall
564 375 61 21 skett.

257 408 134 20 Beträffande
414 409 45 19 åter
481 408 100 28 förslaget
603 411 28 17 att
648 409 67 19 lärare
732 408 34 20 vid
781 409 82 25 privata
878 408 54 20 läro-

188 443 50 19 verk
255 442 64 21 borde
335 443 66 20 under
423 442 157 21 ofvannämnda
600 442 173 26 förutsättningar
796 442 137 20 tillerkännas

188 478 42 18 rätt
250 477 31 19 till
305 476 129 27 delaktighet
456 477 7 19 i
482 477 215 20 ecklesiastikstatens
716 476 62 20 enke-
797 476 38 20 och
857 476 74 26 pupill-

186 510 68 24 kassa,
270 511 41 19 kan
328 510 101 20 utskottet
440 511 23 19 sä
473 511 86 26 mycket
569 511 80 19 mindre
659 510 84 20 förorda
755 511 122 24 detsamma,
888 516 43 13 som

186 545 90 19 nämnde
292 546 62 18 kassa
368 546 48 19 icke
431 548 22 16 är
469 546 69 25 någon
554 545 44 20 helt
613 545 38 19 och
668 545 65 20 hållet
747 544 94 26 offentlig
851 544 81 20 institu-

187 578 42 20 tion
250 579 40 19 och
306 579 81 19 säledes
407 580 47 19 icke
469 579 66 20 heller
550 580 41 19 kan
607 579 23 19 af
643 581 67 18 staten
732 581 49 17 utan
797 578 136 26 delegarenes

187 612 59 20 bifall
263 613 128 25 disponeras.
422 613 44 19 Och
487 613 60 20 äfven
566 612 65 20 under
645 613 149 25 förutsättning
810 615 30 17 att
855 614 31 18 ett
900 612 31 19 sä-

187 646 50 20 dant
253 646 58 20 bifall
327 646 70 20 kunde
421 647 80 25 vinnas,
517 654 62 18 synes
602 646 39 20 den
665 647 119 25 föreslagna
805 646 127 26 rättigheten

186 679 47 21 icke
250 686 50 14 vara
316 680 22 20 af
353 680 97 20 behofvet
465 680 108 26 påkallad,
585 680 63 21 sedan
665 687 105 13 assurans-
787 681 38 19 och
842 680 89 26 kapital-

187 713 236 27 bildningsanstalterna
443 714 60 20 äfven
520 714 38 20 hos
573 721 34 13 oss
623 714 63 20 redan
703 714 83 20 erhällit
798 714 39 20 den
849 714 83 20 utbred-

188 748 56 25 ning,
253 749 30 17 att
299 748 79 20 enhvar
392 754 75 20 genom
484 748 107 20 anlitande
607 749 22 19 af
643 748 72 26 dylika
731 748 59 20 torde
806 748 71 20 kunna
892 749 39 19 för-

188 781 66 21 skaffa
270 782 31 26 sig
316 782 65 26 nägot
396 784 23 18 sä
434 786 38 16 när
488 783 110 19 enahanda
609 782 98 26 fördelar,
718 789 43 13 som
773 782 26 20 de
810 782 39 20 han
862 782 70 20 kunde

187 816 63 19 vinna
265 822 75 20 genom
356 816 131 26 delaktighet
502 817 6 19 i
525 823 24 13 en
565 817 62 19 enke-
644 816 38 20 och
697 817 136 25 pupillkassa.

257 850 9 20 I
283 850 138 20 betraktande
436 850 24 20 af
472 858 26 12 nu
515 850 88 20 anförda
618 851 177 25 omständigheter
807 850 37 20 har
855 851 79 20 utskot-

192 886 30 18 tet
237 886 66 18 ansett
320 885 31 26 sig
366 885 51 19 böra
433 885 38 19 hos
486 885 81 20 landets
584 885 114 26 höglofliga
713 885 89 20 Ständer
817 885 88 20 föreslå:

346 937 32 18 att
393 934 174 28 ifrågavarande
580 936 217 26 petitionsmemoria!
812 936 45 20 icke
867 937 66 20 måtte

285 968 121 26 föranleda
422 969 35 20 till
472 970 71 27 någon
559 969 86 27 åtgärd.

256 1020 136 26 Helsingfors,
413 1020 23 19 af
454 1020 105 21 allmänna
578 1020 195 26 besvärsutskottet,
792 1021 39 19 den
851 1021 12 19 8
880 1021 54 20 Mars

190 1054 61 19 1877.
