1039 1709
290 132 241 27 Petitionsbetänkande
541 134 39 20 N:o
591 134 36 20 20.
787 136 21 18 79

148 198 27 22 då
196 204 49 16 man
267 198 66 22 likväl
352 199 19 27 ej
391 199 62 21 torde
470 198 72 23 kunna
559 199 54 28 hysa
630 199 68 27 några
719 200 114 22 illusioner

78 234 80 26 derom,
170 234 33 21 att
210 238 27 16 en
249 232 25 22 så
284 233 181 27 genomgripande
472 233 125 28 förändring
607 234 8 21 i
625 233 39 23 vår
674 234 157 26 skolorganisa-

77 268 46 21 tion
137 268 8 20 i
163 273 27 16 en
207 268 54 20 nära
279 266 87 22 framtid
384 269 25 19 är
423 267 74 27 möjlig
511 269 109 25 gentemot
635 268 26 21 de
676 268 95 27 mägtiga
786 268 44 27 opi-

77 301 82 27 nioner,
173 300 73 23 hvilka
261 300 35 22 för
310 301 133 22 närvarande
458 301 110 22 dominera
583 301 59 22 detta
657 301 98 26 område;

146 341 50 16 men
210 335 28 22 då
253 335 37 22 det
304 335 88 22 oaktadt
406 335 138 28 möjligheten
558 335 34 22 för
607 342 26 16 en
648 335 102 22 framtida
761 341 71 22 omge-

78 370 104 28 staltning
203 370 24 22 af
246 369 84 22 landets
354 369 140 23 skolväsende
515 370 8 21 i
542 370 75 29 antydt
639 370 54 28 syfte
715 370 119 27 ingalunda

77 405 62 22 torde
153 405 53 22 böra
220 404 49 23 med
285 410 38 16 ens
338 404 104 28 afskäras,

146 439 66 28 vågar
226 439 40 22 hos
281 439 85 22 landets
379 439 117 28 höglofliga
511 439 92 23 Ständer
614 440 39 27 jag
666 440 34 22 för
717 440 43 21 min
770 440 62 27 ringa

79 474 34 22 del
127 474 111 22 vördsamt
251 473 91 23 föreslå:

318 527 30 20 att
361 526 64 27 jemte
444 526 153 28 godkännande
615 526 28 27 af
656 533 82 14 momm.
758 526 22 28 a)
803 539 29 3 —

248 561 24 28 N
294 562 56 20 samt
367 561 31 27 m)
417 561 9 20 i
443 560 231 27 utskottsbetänkandet,
693 561 36 26 för
744 560 89 27 öfrigt
820 556 16 37 i

249 595 61 22 ställe
328 595 36 26 för
381 595 55 22 hvad
452 595 97 23 utskottet
570 595 5 22 i
591 602 82 15 momm.
689 595 18 28 i)
722 607 28 4 —
765 594 16 29 1)
797 594 34 27 fö-

248 629 86 28 reslagit
348 630 74 22 endast
435 630 66 22 skulle
512 629 137 29 petitioneras
663 630 77 26 derom,
751 631 31 20 att
790 636 42 21 nya

248 664 97 22 läroverk
370 665 48 21 med
442 665 84 27 finskan
547 664 33 23 till
603 663 229 29 undervisningsspräk

248 701 65 21 måtte
332 699 138 27 efterhand
487 700 91 22 inrättas
595 699 105 22 hvarhelst
717 699 37 22 och
768 699 9 21 i
791 699 41 22 den

249 742 49 14 mon
320 737 28 19 ett
368 734 110 28 verkligt
499 734 77 27 behof
594 734 25 27 af
639 735 83 21 sådana
742 736 39 26 gör
798 734 34 28 sig

248 769 110 28 gällande;

319 811 30 20 att
362 809 246 28 undervisningsspräket
623 809 14 22 &
651 809 40 22 den
707 816 39 15 ena
756 809 77 28 paral-

250 844 161 28 lelafdelmingen
424 845 37 21 vid
474 844 79 28 lyceum
567 845 10 20 i
589 837 48 29 Åbo
651 845 64 20 måtte
730 843 56 22 klass
795 844 38 27 för

249 879 56 22 klass
320 879 110 22 successivt
444 879 117 26 förändras
575 879 33 21 till
621 878 82 28 finska;
719 881 55 19 samt

319 921 30 20 att
364 919 108 22 enahanda
490 919 79 28 åtgärd
582 918 63 28 äfven
659 919 65 22 måtte
738 919 95 28 vidtagas

250 954 48 22 med
312 954 77 28 lyceum
402 955 10 21 i
426 953 34 23 S:t
474 953 84 23 Michel.

518 1021 31 24 A.
566 1020 25 25 J.
610 1020 153 31 Hornborg.

147 1101 38 22 Uti
202 1101 56 22 hvad
277 1101 58 22 Herr
349 1101 83 21 Doktor
446 1100 115 28 Hornborg
577 1099 110 23 ofvanföre
701 1099 79 22 uttalat
794 1104 37 16 an-

80 1137 81 27 gående
180 1136 41 22 den
242 1135 60 23 reala
321 1135 39 22 och
378 1136 62 21 lärda
460 1135 185 28 bildningsliniens
667 1133 135 23 förhållande
824 1133 8 20 i

80 1171 101 22 skolorna
202 1173 56 20 samt
272 1167 64 25 hvad
358 1177 46 15 som
426 1172 36 20 rör
479 1169 93 23 latinska
589 1169 40 22 och
647 1169 65 28 ryska
734 1167 99 28 spräkets

81 1206 93 21 studium
189 1205 7 22 i
211 1205 84 22 landets
310 1205 100 22 läroverk
423 1205 86 22 förenar
523 1204 34 27 sig
571 1203 34 22 till
619 1203 44 22 alla
678 1203 60 22 delar

527 1269 58 25 Nils
604 1268 157 25 Grotenfelt.

152 1482 94 18 Allmänna
257 1481 159 18 Besvärsutskottets
428 1479 104 18 betänkande
543 1479 36 17 N:o
591 1478 28 18 17.
