1050 1714
244 149 23 17 18
425 147 238 20 Petitionsbetänkande
675 146 37 20 N:o
725 147 32 18 23.

390 218 44 15 som
452 211 108 28 ofvanföre
578 212 70 26 finnas
666 211 94 27 angifna,
775 210 60 22 anslä
850 211 117 26 4,000,000

390 246 61 22 mark
468 248 70 21 såsom
555 246 109 27 räntefritt
682 245 73 28 bidrag
769 245 32 22 till
816 244 151 28 anläggningen

391 282 25 26 af
429 289 25 15 en
467 282 87 28 jernväg
568 281 86 23 emellan
672 280 113 28 Uleåborgs
796 280 49 23 stad
858 280 36 22 och
916 278 52 24 Uleå

577 442 34 24 11.

290 493 47 22 Den
352 492 96 29 jernväg,
467 492 63 23 hvars
545 492 131 29 anläggning
690 492 56 22 Herr
760 491 111 23 Molander
885 491 83 29 begärt,

222 529 25 21 är
266 530 39 20 119
325 530 57 20 verst
398 527 57 29 lång.
488 528 46 22 Den
552 528 40 22 har
610 527 69 22 blifvit
697 526 25 22 är
742 528 53 20 1872
810 526 158 22 instrumentalt

221 563 117 23 undersökt
354 563 39 22 och
408 563 7 21 i
430 563 34 22 det
475 569 40 16 ena
524 562 24 22 af
556 563 26 22 de
592 561 36 23 tvä
638 561 190 29 kostnadsförslag,
839 569 46 15 som
896 561 72 23 derom

221 598 69 22 blifvit
303 598 136 28 upprättade,
454 597 67 23 finnes
536 598 155 28 anläggningen
707 598 109 22 beräknad
833 598 33 21 till
878 598 25 20 15
914 598 55 21 samt

221 634 32 21 uti
271 633 36 22 det
325 633 68 22 andra
410 633 33 21 till
463 634 53 26 12!/2
530 633 98 28 miljoner
642 633 67 21 mark.
739 632 161 29 Handlingarne
915 640 53 20 upp-

222 668 45 29 lysa
281 668 73 22 vidare
369 669 32 21 att
415 668 168 28 terrasseringen
598 668 24 22 af
635 668 40 22 den
690 668 122 28 föreslagna
826 668 65 22 linien
901 668 68 22 skulle

221 703 8 21 i
245 704 104 21 anseende
364 702 32 22 till
412 704 98 21 markens
525 703 107 27 kuperade
647 703 147 22 beskaffenhet
808 703 66 22 blifva
888 703 81 28 ganska

222 737 49 23 svår
285 739 40 21 och
340 738 100 26 kostsam,
456 739 56 21 samt
526 738 59 22 detta
599 738 7 21 i
622 738 115 27 synnerhet
751 737 29 29 på
798 738 40 21 den
856 738 113 27 vestligare

223 773 50 21 eller
295 774 99 21 närmare
416 772 133 28 Björneborg
570 772 92 28 belägna
680 772 112 27 bandelen,
810 773 92 21 räknadt
921 771 48 23 från

222 808 41 23 den
277 809 33 21 4:e
323 808 34 21 till
372 807 40 22 den
428 808 46 22 64:e
488 808 82 22 versten
586 807 24 22 af
621 808 68 28 vägen
704 808 47 22 med
766 808 142 22 nästnämnda
921 807 48 23 stad

222 842 71 24 såsom
307 842 166 29 utgångspunkt.

289 878 144 22 Petitionären
448 877 96 23 anhåller
554 879 38 26 att,
602 878 46 22 ifall
658 879 71 21 staten
739 878 19 28 ej
769 878 36 23 vill
814 878 34 22 för
859 878 47 23 dess
917 885 52 21 egen

222 914 90 27 räkning
326 912 46 23 låta
381 914 71 27 bygga
461 913 79 26 banan,
550 913 126 22 subvention
686 913 52 22 eller
747 914 147 28 räntegaranti
904 913 66 23 måtte

222 949 88 28 beviljas
325 948 24 22 åt
362 948 66 29 något
443 948 77 22 enskilt
534 948 70 28 bolag,
619 955 46 15 som
679 948 49 22 ville
741 948 64 30 åtaga
815 950 33 28 sig
857 950 111 28 företaget.

221 985 48 21 Den
291 983 79 29 kalkyl,
391 990 46 15 som
455 982 85 29 åtföljer
556 983 123 27 petitionen,
698 983 125 23 förutsätter
841 984 37 22 det
895 991 75 15 senare

223 1018 140 23 alternativet.
395 1018 73 28 Enligt
487 1018 122 22 densamma
626 1018 68 22 borde
712 1018 93 30 bolaget,
820 1019 108 28 grundadt
942 1018 28 30 på

223 1054 35 22 nio
283 1054 99 27 miljoner
400 1053 61 21 mark
479 1053 8 21 i
505 1053 145 27 aktiekapital,
670 1053 46 22 icke
738 1054 90 22 allenast
847 1054 69 22 förmå
938 1056 32 20 att

222 1089 73 22 betala
309 1089 42 21 fem
366 1089 100 27 procents
481 1087 54 29 årlig
550 1089 62 21 ränta
626 1087 29 29 på
671 1095 25 15 en
711 1088 62 22 skuld
788 1089 24 21 af
824 1089 88 28 tjuguen
922 1090 46 21 mil-

221 1124 62 28 joner
305 1122 68 27 mark,
395 1124 52 20 utan
469 1122 61 22 äfven
552 1123 73 21 kunna
646 1122 97 28 påräkna
758 1123 34 22 för
814 1130 53 22 egen
890 1124 34 22 del
944 1132 25 14 en

224 1158 98 23 dividend
344 1158 24 22 af
384 1164 45 16 mer
444 1158 28 21 än
486 1158 30 21 tio
532 1158 39 21 och
587 1164 25 15 en
628 1157 47 22 half
687 1160 90 26 procent
792 1159 24 22 af
828 1159 140 28 aktiekapita-

222 1194 36 22 let.
289 1192 75 23 Såsom
378 1192 58 23 bevis
450 1191 111 30 angående
576 1192 163 23 öfverdrifterna
753 1193 7 22 i
773 1194 98 29 kalkylen
885 1194 35 23 må
934 1202 35 15 en-

224 1229 47 22 dast
285 1230 97 25 nämnas,
390 1229 31 21 att
436 1227 143 29 godstrafiken
594 1227 66 29 enligt
675 1229 123 22 densamma
808 1229 66 22 borde
884 1230 86 23 komma

224 1265 32 20 att
270 1263 82 28 årligen
366 1263 99 27 inbringa
481 1263 74 25 18,362
578 1263 61 20 mark
661 1263 33 21 för
704 1263 74 27 hvarje
788 1265 57 20 verst
855 1264 24 22 af
887 1264 82 23 banans

223 1297 71 28 längd,
313 1296 77 21 medan
408 1296 143 27 godstrafiken
566 1296 28 27 pä
609 1296 359 29 Helsingfors—Tavastehus—Pe-

222 1332 99 28 tersburg
333 1331 91 29 jernväg
437 1330 69 23 under
520 1329 47 24 året
583 1331 53 21 1875
651 1331 47 22 icke
713 1331 93 23 afkastat
819 1341 45 14 mer
874 1335 28 20 än
913 1335 55 21 5880

222 1367 62 22 mark
303 1374 40 21 per
365 1368 62 20 verst.
464 1366 78 22 Dervid
563 1366 43 22 kan
620 1366 103 27 jemföras
741 1367 85 29 bilagan
845 1369 40 22 N:o
905 1371 12 20 7
935 1370 33 21 till

223 1402 118 22 Utskottets
360 1401 134 22 betänkande
508 1400 110 29 angående
632 1401 83 23 landets
730 1403 130 28 stambanor,
875 1412 46 15 som
935 1407 33 20 ut-

222 1439 56 22 visar
295 1439 32 21 att
345 1437 49 22 hela
412 1437 74 22 värdet
504 1437 24 21 af
540 1437 144 28 Björneborgs
698 1440 77 27 export
789 1439 33 22 för
836 1440 132 23 sistnämnda

222 1472 24 23 år
257 1473 80 28 utgjort
349 1473 112 26 4,473,258
468 1472 68 26 mark,
544 1473 77 21 hvaraf
626 1474 79 21 största
713 1473 60 23 delen
788 1474 51 22 eller
854 1477 113 26 4,339,984

289 1514 89 22 Jernwägs-
383 1513 86 18 Utskottets
480 1514 102 17 betänkande
594 1514 34 17 N:o
640 1515 18 16 2.
