1039 1709
299 142 241 20 Petitionsbetänkande
551 142 38 20 N:o
600 143 35 27 20.
796 144 21 18 73

324 202 24 27 g)
364 204 30 19 att
408 202 34 21 det
455 201 69 27 finska
535 201 134 28 privatlyceet
679 201 9 21 i
697 200 142 28 Helsingfors,

257 236 49 22 med
319 236 82 26 fästadt
415 236 96 26 afseende
521 236 80 27 jemväl
615 236 15 20 ä
645 236 46 21 dess
697 236 143 26 principalers

259 270 86 26 önskan,
368 270 63 21 måtte
454 270 97 27 antingen
572 270 54 26 från
643 269 131 21 statsverkets
792 269 48 22 sida

260 304 80 21 erhälla
355 304 121 27 tillräckligt
489 304 115 21 understöd
617 303 50 22 eller
681 303 28 26 af
719 305 66 20 staten
798 303 42 22 helt

258 339 36 21 och
309 339 64 21 hället
387 339 126 27 öfvertagas;

326 373 24 28 h)
373 375 30 20 att
423 374 9 20 i
458 373 113 28 Uleåborgs
591 373 49 22 stad
661 375 27 19 ett
706 373 135 28 fullständigt

259 407 205 22 elementarläroverk
488 408 48 21 med
561 407 84 27 finskan
665 414 45 15 som
732 407 108 22 undervis-

260 442 128 28 ningsspräk
402 443 64 21 mätte
481 442 27 27 af
518 443 67 21 staten
599 441 134 28 uppehällas;

327 477 17 26 1)
357 479 30 19 att
398 479 27 19 ett
436 477 134 27 fullständigt
581 476 205 23 elementarläroverk
793 477 49 21 med

258 511 84 28 finskan
366 512 71 21 såsom
462 511 227 28 undervisningsspräk
714 512 64 21 måtte
804 512 34 20 in-

259 547 67 21 rättas
340 547 80 27 jemväl
438 547 9 20 i
464 539 53 34 Åbo,
536 546 37 22 och
590 547 28 21 ett
635 546 124 28 fyrklassigt
776 546 65 27 finskt

261 581 78 28 lyceum
353 581 10 21 i
376 581 143 28 Björneborg;

328 616 23 28 k)
367 618 35 25 att,
418 617 68 21 derest
499 616 74 27 nödigt
581 615 65 27 blefve
656 618 30 19 att
695 616 85 27 utvidga
789 622 51 15 nor-

259 651 105 27 mallyceet
377 651 9 20 i
403 650 125 22 Tavastehus
542 650 48 22 med
603 657 25 14 en
634 650 207 27 parallelafdelning,

260 692 25 15 en
303 685 69 22 sådan
387 685 19 27 ej
420 685 63 22 måtte
497 685 82 21 komma
593 685 9 20 i
615 684 70 28 fråga,
701 687 52 19 utan
767 685 9 20 i
789 685 51 21 stäl-

260 720 27 21 let
302 721 27 20 ett
343 719 65 27 finskt
422 719 77 28 lyceum
512 719 91 22 inrättas
618 719 9 21 i
643 719 154 26 Tammerfors;

329 754 16 28 1)
369 755 29 20 att
420 755 27 20 ett
467 753 66 28 finskt
553 753 78 28 lyceum
649 754 64 21 måtte
731 753 35 26 för
785 755 56 20 östra

259 788 96 22 Finland
378 789 90 21 inrättas
490 788 36 22 och
547 788 108 28 förläggas
673 788 33 21 till
729 787 111 22 Willman-

260 824 86 25 strand;
362 824 110 21 hvaremot

329 859 31 28 m)
383 859 25 21 de
429 857 136 28 framställda
590 857 106 28 förslagen
718 864 33 15 om
773 857 68 22 utvid-

260 893 68 28 gande
350 893 27 26 af
398 893 95 22 Joensuu
517 892 128 29 fyrklassiga
666 892 70 27 finska
757 892 84 27 lyceum,

263 927 107 27 äfvensom
388 927 130 22 inrättandet
532 927 24 27 af
569 933 42 22 nya
626 927 65 27 lyceer
705 927 9 20 i
728 926 64 22 Kemi
806 927 36 20 och

261 962 93 27 Kuopio,
377 962 34 21 det
431 961 61 27 förra
513 961 122 28 fyrklassigt
656 961 48 21 med
721 961 65 26 finskt
803 968 40 14 un-

262 995 203 29 dervisningsspräk,
491 996 34 21 det
549 1002 74 15 senare
652 995 121 28 sjuklassigt
796 995 48 22 med

262 1030 82 23 svenskt
358 1029 233 29 undervisningsspräk,
606 1030 64 21 mätte
685 1029 27 27 af
724 1029 119 22 Ständerna

263 1065 79 22 lemnas
356 1067 52 19 utan
423 1065 101 26 afseende.

160 1105 143 29 Helsingfors,
324 1105 23 22 af
363 1106 114 21 Allmänna
495 1105 202 26 Besvärsutskottet,
715 1104 40 22 den
771 1105 13 21 2
798 1104 44 27 Maj

96 1142 62 21 1877.

164 1484 95 18 Allmänna
271 1484 159 18 Besvärsutskotteis
442 1483 102 18 betänkande
556 1482 35 18 N:o
603 1482 28 18 17.
