1039 1709
240 154 22 18 76
422 152 241 19 Petitionsbetänkande
674 152 38 19 N:o
724 152 34 18 20.

217 216 158 22 beaktansvärd
390 216 158 27 omständighet
561 216 36 21 vid
613 216 41 21 den
665 216 123 22 nuvarande
798 216 172 26 organisationen

219 251 23 22 af
255 251 48 21 vårt
318 250 150 26 skolväsende;
488 256 26 16 en
530 250 163 27 omständighet,
709 250 126 27 visserligen
850 250 48 22 icke
914 256 56 16 ome-

219 285 84 22 delbart
317 285 134 26 hithörande,
466 291 49 16 men
531 285 66 21 likväl
611 285 120 21 medelbart
741 285 119 22 förbunden
870 285 49 22 med
930 285 40 22 den

218 327 29 15 nu
261 320 147 27 föreliggande
423 319 85 27 frågan;
525 319 40 22 den
581 319 157 27 omständighet
751 319 114 28 nämligen,
882 321 32 20 att
929 320 41 21 den

218 355 61 21 lärda
298 354 39 22 och
356 354 41 21 den
412 354 60 21 reala
486 354 174 27 bildningslinien
674 354 39 21 hos
729 360 34 15 oss
779 356 37 19 äro
831 356 77 25 genast
923 354 47 21 från

217 389 75 28 början
308 389 106 27 åtskiljda.
445 389 65 21 Detta
525 389 134 21 förhållande
673 389 62 21 torde
749 389 54 21 böra
812 389 36 22 vid
858 389 112 27 lösningen

218 424 22 21 af
257 431 29 14 nu
304 423 140 22 förevarande
462 423 62 28 fråga
542 429 34 16 om
599 423 98 27 lyceerna
716 423 66 22 skildt
799 423 89 22 beaktas
908 423 62 22 äfven

218 459 91 26 derföre,
324 460 33 19 att
370 458 36 21 vid
421 458 110 27 pågående
546 458 103 27 landtdag
664 458 109 27 åtskilliga
787 457 183 28 petitionsförslag

216 493 71 22 blifvit
301 493 82 26 väckta,
399 493 73 21 hvilka
485 493 82 28 påyrka
582 493 45 21 dels
642 493 131 22 inrättandet
788 493 23 21 af
823 499 42 22 nya
875 493 95 22 realsko-

216 528 40 26 lor,
272 528 47 21 dels
337 527 126 28 utvidgning
481 527 24 22 af
523 527 66 22 redan
607 527 116 28 befintliga,
742 527 40 22 och
796 527 114 22 hvaröfver
926 529 44 20 sär-

217 563 65 21 skildt
297 562 134 21 betänkande
450 562 97 21 kommer
565 564 32 19 att
611 562 24 21 af
648 562 113 21 Allmänna
775 562 195 22 besvärsutskottet

218 597 98 27 afgifvas.

284 631 44 21 För
349 631 44 21 min
408 631 35 21 del
461 631 43 22 kan
524 631 37 27 jag
577 631 19 27 ej
619 633 65 19 annat
705 633 27 19 än
755 637 51 16 anse
829 631 63 22 dessa
914 631 56 22 real-

216 666 79 26 skolor,
314 665 80 21 sådana
413 665 39 22 och
472 665 28 27 på
519 665 36 22 det
570 667 42 20 sätt
627 666 26 21 de
668 672 29 14 nu
711 666 51 26 ingå
776 666 8 21 i
799 665 170 22 läroverkskom-

215 700 83 27 plexen,
313 705 52 15 vara
380 699 111 22 förfelade.
521 699 33 22 De
569 699 114 22 framkalla
697 700 50 21 med
762 699 99 28 oafvislig
876 700 93 21 nödvän-

216 734 74 27 dighet
307 734 171 21 bestämmandet
495 733 24 22 af
536 733 128 22 lefnadskall
680 734 66 21 redan
761 734 36 21 vid
813 740 26 15 en
854 734 60 21 älder
930 734 39 21 och

215 767 245 28 bildningsständpunkt,
480 768 27 21 dä
526 769 31 20 ett
575 768 76 21 sädant
671 768 119 27 afgörande
812 770 57 19 ännu
892 768 77 22 saknar

215 802 43 22 alla
272 802 135 27 nödvändiga
422 802 184 27 förutsättningar.
635 802 57 22 Utan
707 803 48 21 fara
764 803 34 21 för
808 803 89 27 misstag
907 803 62 21 torde

215 837 72 21 kunna
308 838 97 25 antagas,
424 838 32 20 att
471 837 47 27 just
536 837 47 21 häri
602 837 69 27 döljer
689 837 33 27 sig
740 837 174 22 hufvudorsaken
935 837 34 22 till

215 871 41 22 den
278 871 62 26 ringa
362 871 127 26 fregvensen
508 871 24 22 af
548 872 71 21 elever
637 872 8 21 i
664 872 63 21 dessa
749 872 78 26 skolor,
847 872 39 21 och
910 872 60 21 detta

215 905 197 22 missförhällandes
432 905 101 22 framtida
551 906 138 27 upphörande
708 908 24 19 är
747 907 129 22 ätminstone
891 907 77 21 under-

214 940 92 21 tecknad
320 940 47 21 icke
382 946 42 21 nog
440 941 123 26 sangvinisk
578 942 32 20 att
624 941 55 26 väga
693 941 88 27 hoppas.

282 974 34 21 Dä
330 981 29 14 nu
374 974 8 21 i
396 974 68 27 nägra
483 975 23 21 af
524 975 25 21 de
569 975 189 27 petitionsförslag,
774 975 73 22 hvilka
861 975 59 28 ligga
934 976 34 21 till

214 1009 69 26 grund
304 1008 34 21 för
360 1008 142 23 förevarande
523 1009 142 27 betänkande,
687 1010 186 27 nödvändigheten
895 1010 24 22 af
942 1016 26 16 en

213 1049 59 15 mera
287 1043 191 22 tillfredställande
492 1043 120 22 kännedom
627 1043 24 22 af
663 1044 36 21 det
709 1044 67 22 andra
786 1044 112 22 inhemska
908 1044 59 28 sprä-

213 1077 43 27 ket,
272 1077 20 22 d.
307 1084 20 15 v.
344 1084 16 15 s.
377 1077 36 22 det
428 1084 45 15 som
488 1078 32 21 uti
536 1079 75 21 skolan
625 1079 8 21 i
649 1079 61 27 fräga
724 1079 19 27 ej
759 1081 25 19 är
793 1079 174 27 undervisnings-

214 1112 71 27 spräk,
304 1112 143 27 uttryckligen
466 1113 134 27 framhällits,
617 1113 40 22 och
672 1114 59 21 detta
745 1113 81 28 vigtiga
841 1113 126 28 önsknings-

214 1146 54 21 måls
282 1146 146 22 realiserande
443 1147 136 27 naturligtvis
594 1147 98 28 päkallar
707 1148 66 22 ökadt
787 1149 59 21 antal
856 1149 110 21 undervis-

212 1181 155 26 ningstimmar,
387 1181 100 27 erbjuder
505 1182 33 27 sig
557 1182 74 21 härtill
651 1183 108 26 sjelfmant
777 1185 92 25 utvägen
887 1185 32 20 att
933 1183 33 22 till

213 1215 26 22 de
254 1215 67 27 högre
336 1216 118 26 klasserna,
470 1217 140 26 begynnande
624 1217 107 22 mähända
745 1217 55 22 först
809 1217 48 22 frän
867 1218 40 21 och
917 1218 49 22 med

213 1250 41 20 den
276 1249 72 26 femte,
372 1250 84 21 således
474 1251 34 20 till
527 1251 27 20 de
573 1251 47 26 fyra
640 1252 53 20 sista
711 1252 52 21 åren
781 1252 24 20 af
824 1252 141 27 lyceikursen,

212 1282 128 27 framskjuta
358 1283 80 21 studiet
456 1283 24 22 af
496 1283 90 22 latinska
604 1285 93 26 spräket.
727 1285 66 21 Detta
815 1285 75 27 spräks
912 1285 54 22 inlä-

212 1317 66 22 rande
296 1317 67 21 redan
381 1317 48 21 frän
446 1317 55 28 lycei
518 1318 71 27 lägsta
605 1319 67 27 klass,
691 1319 39 22 der
745 1319 98 22 eleverne
858 1321 57 20 ännu
930 1326 35 15 en-

212 1351 40 27 ligt
270 1351 78 22 sakens
367 1353 63 20 natur
448 1354 38 20 äro
505 1353 24 21 sä
548 1353 50 28 föga
613 1353 151 28 försigkomne,
779 1356 25 20 är
819 1361 26 16 en
860 1361 40 16 ren
915 1361 50 15 ana-

212 1386 101 27 kronism,
330 1387 31 21 ett
375 1387 71 22 minne
464 1387 54 22 eller
533 1394 26 15 en
575 1388 83 22 fördom
673 1389 48 22 frän
737 1389 26 22 de
778 1389 73 28 dagar,
868 1389 28 22 dä
910 1389 54 22 bild-

212 1421 51 27 ning
282 1421 39 22 och
340 1422 151 28 latinkunskap
509 1429 52 16 voro
580 1425 53 20 nära
647 1430 42 22 nog
703 1424 113 22 identiska.
847 1424 51 22 Men
912 1424 8 22 i
935 1424 29 22 all

212 1456 86 27 evighet
319 1456 41 22 bör
380 1457 35 21 väl
438 1457 46 23 icke
507 1458 41 22 den
571 1458 107 22 allmänna
699 1459 124 27 bildningen
845 1459 65 22 hafva
930 1459 34 22 till

280 1496 96 18 Allmänna
388 1498 161 18 Besvärsutskottets
561 1499 104 17 betänkande
677 1499 34 17 N:o
724 1499 29 17 17.
