1042 1706
256 142 241 20 Petitionsbetänkande
508 141 38 20 N:o
557 140 35 20 20.
759 141 21 17 17

228 199 54 23 Till
294 200 127 23 Vällofliga
432 198 194 24 Borgareständet.

120 228 28 17 Då
160 233 40 13 man
213 228 29 17 vid
255 228 51 18 detta
318 229 124 20 ständermöte,
455 228 57 22 enligt
523 227 31 18 vär
562 226 122 24 uppfattning,
693 225 62 17 alltför
763 226 38 16 ute-

51 256 82 17 slutande
148 257 34 17 och
197 256 79 23 ensidigt
290 257 90 18 framstält
391 257 97 23 petitioner
500 255 90 23 angäende
602 254 111 18 inrättandet
724 253 20 18 af
753 254 48 16 läro-

50 284 42 18 verk
107 284 40 18 med
162 285 70 18 finskan
246 285 30 17 till
290 284 190 24 undervisningsspräk
495 284 32 18 och
542 284 39 18 icke
593 288 30 13 ens
635 282 43 18 lätit
689 282 28 22 sig
729 281 71 18 dermed

50 312 47 22 nöja,
109 314 44 16 utan
165 313 7 17 i
184 313 27 18 sin
224 313 98 23 spräkifver
334 314 40 22 gätt
385 314 47 18 ända
444 313 72 21 derhän,
529 313 27 17 att
568 317 41 13 man
620 310 101 22 föreslagit,
734 310 29 17 att
771 310 30 17 det

50 341 60 22 gamla
128 341 124 19 fäderneärfda
266 342 207 23 bildningstungomälet,
493 340 86 19 Finlands
595 345 33 13 ena
643 338 84 19 officiella
741 338 60 23 språk,

51 370 92 22 svenskan,
155 370 70 18 hvilket
236 370 34 19 allt
283 372 47 16 ännu
342 372 20 16 af
372 372 70 17 landets
453 370 73 19 bildade
534 369 77 23 familjer
619 368 109 18 allmännast
735 367 66 23 begag-

50 404 38 16 nas,
100 398 56 18 måtte
168 399 58 19 såsom
234 399 191 24 undervisningsspräk
432 399 81 19 helt”och
520 398 58 18 hållet
585 398 40 18 från
633 396 104 19 läroverken
745 396 7 17 i
759 396 42 18 hela

50 428 49 17 östra
110 427 78 18 Finland
200 428 94 21 uteslutas,
306 428 51 18 finna
368 428 144 18 undertecknade
523 427 28 23 sig
563 426 74 19 manade
650 427 28 16 att
689 425 33 18 hos
734 424 67 23 Borga-

49 455 92 18 reståndet
154 456 91 18 vördsamt
256 456 71 21 föreslå,
340 457 28 17 att
379 455 152 24 Borgareståndet
541 455 93 23 behagade
646 454 58 18 såsom
717 453 28 18 sin
756 459 45 17 upp-

48 485 44 22 taga
106 490 21 12 en
140 485 112 23 underdänig
264 485 77 23 petition
354 485 64 22 derom,
431 486 28 17 att
470 486 16 22 ej
498 485 77 18 allenast
583 486 21 18 de
612 485 149 24 svenskspråkiga
769 488 32 13 un-

50 512 204 23 dervisningsanstalter,
269 513 62 18 hvilka
342 513 28 18 för
381 513 31 18 det
423 513 110 19 närvarande
545 513 55 18 redan
612 514 57 18 finnas
677 514 8 17 i
693 515 48 16 östra
749 513 52 18 delen

50 541 20 18 af
80 541 68 22 landet,
159 541 101 19 tillsvidare
272 541 56 19 måtte
339 542 107 21 bibehållas,
458 543 44 17 utan
514 542 51 18 äfven
574 543 27 17 ett
608 542 117 23 fullständigt
732 543 69 22 lyceum

50 569 40 18 med
106 570 73 17 svenskt
193 570 191 23 undervisningsspråk
398 571 77 18 inrättas
487 571 7 17 i
506 571 69 22 Kuopio
587 571 46 21 stad,
646 571 31 18 der
688 571 84 18 behofvet
784 570 20 17 af

51 599 27 17 ett
92 598 66 18 sådant
169 599 81 18 läroverk
262 599 48 24 gjort
322 599 27 22 sig
361 599 23 23 på
396 601 28 16 ett
435 599 89 18 kännbart
536 600 37 18 sätt
585 599 89 24 gällande,
687 599 114 18 alldenstund

51 628 68 17 hälften
135 628 20 17 af
168 628 80 18 eleverne
262 629 7 17 i
284 628 30 18 det
328 628 57 18 finska
396 628 69 23 lyceum
478 629 89 18 derstädes
580 629 33 17 har
625 629 87 17 svenskan
723 629 30 18 till
765 633 36 12 mo-

51 656 77 18 dersmål
142 656 33 18 och
190 656 58 23 någon
263 657 64 22 publik
342 656 205 23 undervisningsanstalt
562 657 27 18 för
604 662 62 18 gossar
677 657 40 17 med
729 657 73 17 svenskt

51 685 191 23 undervisningsspråk
256 685 40 18 icke
310 691 49 12 mera
375 685 59 18 finnes
446 686 6 17 i
464 686 42 17 hela
517 686 69 23 Kuopio
598 686 36 17 län.
658 685 68 18 Endast
738 690 63 18 genom

51 713 87 18 hvardera
150 713 86 23 språkens
248 714 7 17 i
268 714 40 17 vårt
319 714 44 18 kära
374 714 99 18 fosterland
481 715 120 22 likställighet
609 720 42 12 anse
659 714 143 18 undertecknade

52 742 96 32 nämligen
154 742 84 23 missnöje
250 743 33 17 och
295 743 91 17 terrorism
396 742 61 18 kunna
469 743 122 22 förekommas;
603 743 32 17 och
648 743 6 17 i
667 743 33 17 och
711 742 40 18 med
763 742 38 17 det-

52 776 67 13 samma
127 767 24 31 vi
162 771 56 17 önska
229 771 93 23 framgång
334 771 20 18 åt
365 771 111 18 sträfvandet
490 771 26 18 för
528 771 103 18 inrättande
642 771 19 18 af
670 772 58 17 finska
737 771 64 22 skolor,

52 799 46 23 våga
112 800 18 18 vi
144 799 102 24 ödmjukast
262 799 78 22 anhålla,
355 801 28 16 att
395 799 72 18 ståndet
478 800 90 23 välvilligt
579 801 89 22 upptager
679 800 79 23 följande
769 807 33 12 un-

52 828 98 23 derdåniga
165 828 159 23 petitionsförslag:
340 829 28 17 att
382 828 248 23 undervisningsanstalterna
641 829 7 17 i
660 830 49 17 östra
720 829 51 18 delen
784 830 20 17 af

52 857 62 18 landet
124 857 41 18 med
177 857 87 18 svenskan
276 857 30 18 till
317 857 191 23 undervisningsspråk
519 857 56 18 måtte
583 857 110 18 fortfarande
701 857 101 19 bibehållas

52 886 34 17 och
98 887 26 16 ett
136 886 115 23 fullständigt
262 886 68 23 lyceum
339 886 66 23 jemväl
414 885 39 18 med
462 886 72 17 svenskt
542 886 190 23 undervisningsspråk
740 887 7 17 i
755 887 47 18 Kuo-

52 915 30 22 pio
94 915 41 17 stad
146 915 41 18 med
199 914 30 18 det
241 914 57 18 första
308 915 83 18 inrättas.

122 942 114 24 Helsingfors
249 942 34 19 den
295 944 22 18 10
328 942 87 19 Februari
427 944 51 18 1877.

155 979 21 16 A.
190 979 21 16 A.
224 978 19 17 F.
256 978 89 22 Lindberg.
549 978 60 18 Viktor
621 976 78 25 Öhberg.*

241 1024 55 22 »Till
310 1024 124 22 Vällofliga
448 1023 193 23 Borgareståndet.

121 1052 37 19 Hos
171 1052 31 18 det
213 1052 97 23 Vällofliga
321 1052 151 23 Borgareståndet
480 1052 80 18 anhåller
566 1052 32 24 jag
606 1052 90 18 vördsamt
705 1058 27 12 om
740 1054 63 17 välvil-

53 1081 26 23 lig
90 1081 157 23 uppmärksamhet
260 1080 18 18 åt
290 1086 22 12 en
324 1080 55 24 fråga,
392 1086 37 12 som
441 1082 7 17 i
456 1082 50 17 snart
514 1081 25 17 tio
549 1080 19 19 år
576 1081 69 23 utgjort
652 1081 73 19 föremål
733 1082 27 17 för
769 1082 34 18 den

53 1110 57 17 finska
126 1110 128 18 allmänhetens
270 1109 84 23 lifligaste
369 1110 75 17 intresse
459 1110 33 18 och
507 1109 51 18 äfven
573 1110 20 17 af
605 1110 70 18 landets
690 1110 30 18 vid
732 1112 71 16 senaste

53 1138 87 23 landtdag
158 1138 106 18 församlade
278 1138 73 17 ständer
366 1138 32 17 hos
414 1139 86 22 styrelsen
516 1139 57 17 varmt
587 1138 108 21 förordades,
710 1144 40 12 men
765 1144 37 12 som

54 1167 30 17 det
99 1167 75 18 oaktadt
189 1167 35 18 allt
238 1168 48 17 ännu
300 1168 64 16 väntar
378 1166 24 23 på
414 1172 21 12 en
446 1166 167 18 tillfredsställande
625 1166 76 24 lösning,
713 1167 89 22 nemligen

53 1196 64 22 frågan
129 1201 29 12 om
170 1195 168 23 upprätthållandet
349 1195 20 17 af
379 1196 27 16 ett
417 1195 177 18 elementarläroverk
605 1195 40 17 med
653 1195 72 19 finskan
733 1196 30 17 till
770 1201 33 11 un-

54 1224 166 23 dervisningsspråk
231 1224 7 17 i
249 1223 87 19 Finlands
348 1223 115 18 hufvudstad.
481 1219 116 27 Öfverflödigt
610 1224 51 17 torde
673 1224 31 18 det
715 1224 19 17 få
746 1229 57 16 anses,

55 1253 28 17 att
94 1253 7 17 i
112 1258 23 12 en
146 1252 104 24 församling
262 1252 20 18 af
292 1252 58 18 finska
361 1252 65 18 folkets
438 1253 142 22 representanter
591 1252 67 18 betona
669 1258 21 12 en
699 1252 56 18 sådan
763 1253 40 17 sko-

54 1282 28 17 las
96 1281 110 23 behöflighet
221 1281 32 17 och
268 1286 47 18 gagn
330 1281 7 17 i
351 1281 89 17 nationelt
452 1282 33 16 och
497 1280 64 19 socialt
572 1280 106 22 hänseende,
691 1281 112 22 öfverflödigt

54 1310 51 18 torde
120 1310 31 17 det
162 1310 86 18 likaledes
260 1315 43 13 vara
314 1310 29 17 att
353 1309 33 17 här
398 1310 59 17 erinra
469 1308 29 19 om
510 1310 29 18 det
551 1309 90 18 allmänna
653 1310 33 17 och
698 1310 57 22 lifliga
766 1310 37 17 del-

54 1339 83 22 tagande,
150 1338 84 18 hvarmed
248 1338 63 22 frågan
326 1342 29 13 om
370 1338 58 16 denna
443 1338 59 17 skolas
517 1343 42 12 vara
573 1337 43 17 eller
631 1337 38 17 icke
685 1342 42 13 vara
742 1338 61 17 blifvit

55 1367 49 22 följd,
117 1367 33 17 och
161 1366 70 18 hvilket
243 1366 107 22 deltagande
362 1365 88 23 tydligast
462 1366 105 22 ådagalagts
579 1365 56 17 bland
647 1366 56 16 annat
714 1366 6 16 i
729 1366 22 17 de
759 1366 45 17 efter

54 1395 44 17 våra
112 1394 124 18 förhållanden
251 1394 69 23 ganska
331 1393 93 23 betydliga
436 1393 68 23 bidrag,
517 1399 37 12 som
565 1393 28 18 för
605 1393 168 23 upprätthållandet
785 1394 20 17 af

56 1423 34 18 den
103 1429 25 12 nu
144 1423 109 18 existerande
267 1422 71 23 privata
352 1422 58 18 finska
425 1422 63 17 skolan
503 1422 7 18 i
524 1422 37 18 alla
576 1421 49 18 delar
637 1422 20 17 af
666 1422 62 18 landet
739 1422 65 18 insam-

55 1452 42 18 lats.
109 1462 22 3 —
143 1452 57 18 Dessa
212 1452 82 22 nogsamt
305 1450 60 18 kända
372 1449 125 19 förhållanden
505 1450 38 18 tala
551 1449 106 23 tillräckligt
665 1449 27 18 för
701 1450 27 23 sig
737 1450 68 23 sjelfva.

125 1487 95 17 Allmänna
232 1487 159 17 Besvärsutskottets
403 1486 104 17 betänkande
518 1485 34 17 N:o
565 1485 28 17 17.

725 1515 12 17 2
