1034 1709
234 148 321 21 Petitionsbetänkande
569 149 50 21 N:o
635 150 28 20 3.

349 318 139 25 Allmänra
511 319 309 24 Besvärs-utskottets

282 357 136 26 betänkande
437 358 37 25 N:o
492 358 13 25 3
525 359 45 24 med
589 359 117 31 anledning
722 359 25 24 af
758 361 62 22 tven-

280 404 27 18 ne
330 399 55 23 inom
411 395 159 28 Bondeståndet
595 399 80 24 väckta
701 399 120 31 petitioner

280 437 137 25 beträffande
448 439 229 30 provincialläkarnes
709 439 7 24 i
747 439 74 24 landet

282 477 59 24 antal
359 477 41 24 och
418 477 246 32 embetsskyldigheter.

146 539 136 20 Hedervärda
301 539 157 20 Bondeståndet
477 541 39 19 har
536 547 74 20 genom
629 541 192 26 protokollsutdrag

78 573 23 20 af
114 573 40 20 den
172 573 24 20 13
211 573 99 20 Februari
326 573 115 20 remitterat
456 574 30 19 till
498 573 113 21 Allmänna
621 574 200 20 Besvärsutskottets

78 607 157 26 handläggning
251 609 76 18 tvenne
342 607 208 26 petitionsmemoria!
567 608 22 20 af
602 608 94 27 följande
711 608 92 27 lydelse:

244 652 56 17 <Till
315 652 147 18 hedervärda
478 653 183 18 Bondeständet.

145 686 66 22 Hvarje
222 687 88 17 tänkande
318 687 114 22 medborgare
444 687 6 17 i
459 687 74 17 Finland
545 687 50 18 torde
606 689 81 21 nogsamt
695 687 52 18 hafva
759 688 26 23 sig
792 688 30 17 be-

77 715 49 22 kant,
139 715 45 18 huru
195 716 30 17 illa
237 715 67 18 ordnad
318 715 106 22 sjukvärden
436 717 20 16 är
466 715 6 18 i
483 715 126 23 landsorterna,
622 716 61 18 främst
693 716 6 17 i
712 716 43 23 följd
767 716 54 23 deraf,

77 746 25 15 att
114 743 255 22 provincialläkare-distrikten
381 746 30 15 äro
424 744 19 17 sä
455 744 27 17 väl
493 744 26 17 till
531 745 47 16 areal
594 750 38 12 som
643 745 96 18 invänarta]
751 745 30 17 allt
795 745 28 17 för

78 775 52 20 stora,
144 772 48 18 alltid
210 771 106 19 omfattande
333 774 25 16 ett
374 772 54 18 härad
439 772 39 18 med
495 773 59 17 trettio
565 772 26 18 till
608 773 114 21 fyratiotusen
733 774 88 21 invänare,

79 800 69 18 hvartill
160 801 85 22 kommer,
259 803 26 15 att
296 800 168 24 provincialläkaren
476 802 44 17 efter
533 802 56 21 behag
601 807 41 17 eger
654 802 68 17 bosätta
734 802 27 22 sig
771 802 6 16 i
790 801 34 18 den

78 830 102 22 aflägsnaste
192 830 50 17 delen
254 830 20 16 af
284 829 92 18 distriktet.
399 830 38 16 Har
454 836 40 11 man
511 830 26 18 väl
550 830 48 22 hjelp
609 830 21 17 af
640 836 21 11 en
677 830 65 22 läkare,
755 836 38 12 som
805 832 19 15 är

78 859 58 18 bosatt
149 859 23 22 pä
184 861 25 15 ett
220 859 69 17 afständ
310 858 20 17 af
344 859 82 22 omkring
437 859 60 22 sjuttio
513 859 53 22 ryska
577 861 47 15 verst
640 859 41 18 eller
692 865 48 12 mera
752 859 39 18 från
802 865 22 12 en

78 894 57 11 annan
147 888 28 17 del
188 887 21 18 af
218 893 66 12 samma
296 887 82 18 distrikt?
390 887 48 18 Vore
449 887 29 18 det
486 888 15 21 ej
514 888 38 17 skäl
560 890 25 15 att
592 888 231 22 provincialläkare-distrik-

78 919 35 20 ten,
127 917 5 16 i
144 917 94 22 synnerhet
249 916 37 22 der,
303 917 69 17 hvarest
388 916 127 18 kommunerna
531 922 64 17 genom
612 917 97 17 inrättande
725 917 21 17 af
759 917 65 22 apotek

79 946 56 18 skulle
147 946 37 17 visa
196 947 54 16 större
262 951 72 16 omsorg
346 951 27 11 om
386 945 120 22 helsovärden,
521 945 43 18 efter
576 945 102 18 invänarnes
690 945 67 18 önskan
769 945 56 18 skulle

79 974 63 18 ordnas
154 975 23 22 pä
189 976 25 16 ett
224 975 57 16 bättre
293 974 34 17 och
338 973 166 23 ändamälsenligare
516 975 34 16 sätt
561 974 78 22 sålunda,
649 976 25 15 att
686 974 21 17 de
718 974 105 22 nuvarande,

79 1003 30 18 allt
120 1003 28 17 för
160 1005 48 16 stora
219 1003 92 17 distrikten
322 1002 100 18 minskades
434 1002 26 17 till
472 1003 69 16 distrikt
552 1003 40 17 med
605 1002 66 18 femton
683 1012 21 3 —
713 1003 42 17 eller
766 1003 23 22 pä
797 1003 26 17 sin

78 1032 43 22 höjd
132 1032 102 22 tjugutusen
245 1031 88 22 invånare,
347 1031 89 17 äfvensom
449 1033 25 15 att
485 1031 72 18 läkaren
569 1031 55 17 skulle
635 1031 70 18 bosätta
715 1031 32 22 sig,
758 1031 19 18 sä
789 1031 36 18 vidt

80 1061 72 22 möjligt,
166 1060 5 17 i
184 1060 66 17 midten
266 1059 20 18 af
296 1059 92 22 distriktet,
402 1059 66 17 hvilket
480 1060 14 21 ej
507 1060 50 17 torde
569 1065 41 12 vara
626 1065 22 12 en
659 1059 28 18 för
698 1062 37 16 stor
747 1059 76 19 fordran.

79 1089 27 17 På
118 1089 60 18 sådant
187 1090 33 16 sätt
228 1091 37 15 tror
274 1088 32 22 jag
318 1090 24 15 att
350 1087 114 18 helsovården
476 1087 52 18 äfven
539 1088 5 17 i
556 1088 121 17 landsorterna
688 1089 56 17 skulle
755 1088 70 22 förhjel-

80 1123 31 16 pas
122 1117 7 16 i
141 1119 25 16 ett
177 1117 57 17 bättre
246 1117 55 22 skick,
315 1118 22 15 än
349 1116 48 18 hvari
409 1116 34 17 den
454 1122 66 12 samma
536 1117 111 22 beklagligen
658 1123 24 11 nu
694 1119 24 15 är.
743 1117 26 22 Ty
780 1116 45 18 hvad

80 1148 19 15 är
111 1145 27 18 för
150 1145 103 18 menniskan
264 1145 94 22 dyrbarare
375 1147 21 15 än
409 1145 60 17 helsan
481 1145 34 18 och
531 1145 39 18 dess
582 1145 122 22 omsorgsfulla
715 1145 110 18 bevarande?

80 1174 38 18 Och
130 1175 80 17 hvarföre
226 1174 110 23 respekteras
352 1174 15 21 ej
385 1173 152 18 menniskovärdet
553 1173 32 18 hos
601 1179 28 12 oss
641 1174 6 16 i
657 1173 126 22 landsbygden,
796 1173 29 17 be-

81 1203 85 17 träffande
177 1202 120 22 helsovården,
307 1202 6 17 i
325 1207 66 12 samma
402 1201 108 18 förhållande
523 1207 38 12 som
572 1202 33 17 hos
616 1202 94 17 invånarne
721 1202 6 16 i
739 1201 85 22 städerna,

81 1231 59 18 hvilka
152 1231 40 18 med
205 1233 25 16 ett
240 1231 98 18 invånartal
349 1231 20 16 af
380 1230 60 19 endast
452 1236 30 12 sex
495 1231 41 17 eller
548 1230 78 21 sjutusen
637 1229 147 24 personer;likvä!
796 1229 30 17 all-

80 1260 26 17 tid
118 1259 52 18 hafva
182 1265 27 17 en,
223 1260 37 17 ofta
276 1259 29 18 två
317 1259 71 18 läkare?
405 1259 26 17 På
442 1259 74 17 anförda
532 1259 76 22 grunder
623 1259 53 22 vågar
685 1259 32 22 jag
728 1258 99 22 ödmjukast

82 1288 74 22 anhålla,
170 1290 26 16 att
207 1288 107 18 hedervärda
326 1288 68 18 ståndet
406 1288 40 17 ville
457 1288 94 22 godkänna
566 1288 39 17 mitt
617 1287 65 23 förslag
693 1288 34 17 och
739 1287 88 17 remittera

82 1316 30 18 det
119 1322 66 12 samma
193 1317 25 17 till
231 1316 68 18 utskott
311 1316 27 18 för
350 1318 25 15 att
387 1316 53 18 sedan
452 1316 20 17 af
476 1316 49 17 Hans
534 1316 98 22 Kejserliga
639 1316 81 22 Majestät
728 1315 97 18 fastställas.

82 1344 117 22 Helsingfors,
213 1345 33 17 den
258 1346 10 16 6
281 1345 83 17 Februari
377 1344 50 18 1877.

602 1366 60 16 Anton
673 1366 85 16 Mäkelä.»

251 1422 56 18 «Till
323 1422 147 18 hedervärda
485 1422 184 18 Bondeständet.

152 1458 61 18 Redan
224 1457 28 18 för
263 1458 41 22 lång
319 1457 26 17 tid
360 1456 73 18 tillbaka
449 1457 31 17 har
497 1456 103 22 regeringen
616 1461 63 17 genom
695 1454 105 18 tillsättande
811 1454 19 18 af

85 1487 155 24 provincialläkare
252 1487 40 17 sökt
302 1486 93 23 tillgodose
407 1486 51 17 äfven
468 1485 162 17 landsortsboarnes
641 1483 56 19 behof
702 1483 21 18 af
728 1483 101 18 läkarevård

154 1521 101 18 Allmänna
266 1519 185 20 Besvärs-utskottets
464 1518 111 20 betänkande
585 1524 31 12 n:o
627 1519 16 17 3.
