1059 1706
214 165 12 19 6
342 162 322 21 Petittonsbetänkande
679 161 48 20 N:o
741 161 46 19 27.

186 230 4 16 i
203 229 81 17 städerna
291 228 45 17 lärer
344 228 28 17 väl
380 227 20 17 af
408 227 53 22 ingen
474 227 60 17 kunna
545 226 91 18 bestridas.
658 225 33 17 Vid
704 226 61 16 sådant
777 225 108 19 förhållande
897 225 33 17 och

186 258 22 17 då
220 258 40 22 inga
272 256 127 23 billighetsskäl
410 256 35 16 tala
456 256 33 21 för,
503 258 25 15 att
543 254 176 18 landskommunerna
730 255 26 17 till
772 254 54 18 skada
842 254 34 17 och
892 260 39 11 men

186 286 27 17 för
224 286 40 17 hela
276 285 91 17 nationens
379 284 99 22 utveckling
490 284 50 18 skola
552 284 36 17 helt
599 284 34 17 ock
649 283 54 17 hållet
720 283 64 17 befrias
796 283 38 17 från
852 285 25 15 ett
889 282 42 22 ålig-

186 314 61 22 gande,
261 319 39 13 som
311 314 173 17 stadskommunerna
496 313 54 17 redan
562 313 50 21 länge
624 312 80 22 fullgjort
712 312 5 16 i
726 312 34 17 den
767 314 46 15 mest
824 311 107 18 omfattande

187 342 124 21 utsträckning,
323 342 53 22 vågar
391 342 31 22 jag
440 341 101 22 ödmjukast
558 346 89 17 uppmana
664 341 30 17 det
705 340 92 22 Vällofliga
816 340 72 18 Ständet
899 342 31 20 att,

186 371 45 18 helst
242 371 6 17 i
260 371 80 21 förening
351 370 40 18 med
402 370 22 18 de
438 370 56 22 öfriga
506 370 79 22 stånden,
598 370 27 16 till
633 370 49 17 Hans
690 369 98 22 Kejserliga
800 369 80 23 Majestät
892 368 40 23 ingå

187 399 40 18 med
239 398 109 22 underdånig
360 399 74 21 petition
445 398 61 17 derom

323 429 25 15 att
360 427 60 22 nådigt
427 426 95 22 stadgande
530 425 58 19 blefve
596 426 90 17 utfärdadt
693 425 66 22 derom,
770 428 26 14 att
803 425 60 22 hvarje
875 425 56 17 lands-

255 456 85 17 kommun
351 461 42 11 vore
405 455 62 23 pligtig
478 457 26 15 att
515 455 48 17 inom
575 454 30 18 sitt
616 454 48 22 gebit
676 454 64 17 inrätta
751 454 105 17 åtminstone
868 458 22 13 en
901 454 30 17 hö-

255 490 31 16 gre
298 483 93 20 folkskola.

255 512 117 22 Helsingfors,
385 512 34 17 den
431 513 11 16 8
453 511 86 18 Februari
552 511 49 18 1877.

716 538 23 18 4.
752 538 111 18 Ahlström.»

233 577 155 25 (Öfversättning.)

281 617 83 21 «Ärade
376 620 90 17 Talman
478 619 40 18 och
530 620 147 17 Hedervärda
688 619 151 18 Bondestånd!

255 654 99 23 Kejserliga
364 654 133 23 Förordningen
512 654 21 17 af
542 654 34 18 den
591 654 20 17 11
624 654 34 22 Maj
674 655 43 17 1866
736 654 69 22 stadgar
816 654 6 17 i
834 654 60 21 nåder,
908 656 26 15 att

188 683 90 22 kommun,
292 683 68 22 byalag,
374 685 25 15 ett
411 683 41 17 eller
464 682 46 22 flere,
530 682 42 18 eller
590 682 66 18 enskild
673 682 208 23 lägenhetsinnehafvare,
895 688 38 12 som

189 711 29 17 vill
230 711 63 17 inrätta
305 711 54 22 högre
370 711 89 17 folkskola
470 710 33 18 och
516 710 64 18 önskar
596 710 56 18 dertill
664 710 62 22 bidrag
743 710 20 18 af
772 711 88 17 allmänna
871 710 62 23 medel,

188 740 29 17 må
229 740 60 17 derom
307 740 32 17 hos
351 739 176 22 Skolöfverstyrelsen
542 739 66 17 ansöka
626 739 33 17 och
671 739 84 21 derjemte
773 739 65 22 ingifva
856 740 17 21 1)
885 739 50 18 redo-

188 768 68 22 görelse
267 768 28 17 för
307 768 29 17 det
348 770 38 20 sätt,
400 768 66 22 hvarpå
478 768 27 17 för
517 767 75 18 barnens
608 767 54 18 första
674 767 124 23 undervisning
809 768 55 22 sörjdt
875 770 26 18 är;
916 768 19 22 2)

188 796 102 22 fullständig
300 797 45 17 läro-
358 796 34 18 och
403 796 100 22 arbetsplan
518 798 45 15 samt
578 795 108 23 beskrifning
698 796 49 17 öfver
763 796 117 22 inrättningen
892 796 6 18 i
910 796 25 18 öf-

188 825 42 23 rigt;
244 825 20 22 8)
276 825 106 18 förbindelse
394 827 25 15 att
431 825 53 22 enligt
496 824 58 22 bilagd
567 825 65 22 ritning
645 824 75 22 uppföra
732 825 33 17 och
777 824 101 18 underhålla
890 831 44 16 rym-

188 855 24 21 lig:
224 854 87 18 skollokal
323 854 34 17 och
368 854 53 17 minst
432 856 63 15 tvenne
506 853 115 23 boningsrum
633 853 40 17 med
682 853 35 17 kök
727 854 33 17 och
768 854 64 22 nödiga
844 854 52 18 uthus
908 854 28 18 för

188 884 55 16 lärare
255 882 41 18 eller
308 883 92 21 lärarinna,
414 882 78 18 anskaffa
503 882 73 22 tjenliga
591 882 105 18 inventarier
708 882 33 17 och
753 883 26 17 till
791 882 39 22 den,
844 888 38 12 som
894 883 40 18 sko-

187 912 29 17 lan
228 912 79 21 förestår,
321 912 73 22 upplåta
405 911 29 17 två
446 912 10 16 &
467 913 27 15 tre
510 911 85 17 tunnland
612 910 89 23 uppodlad
711 911 42 21 jord
764 912 90 17 äfvensom
867 912 68 18 bränsle

188 942 44 15 samt
244 939 50 18 foder
305 940 34 16 och
351 940 77 17 mulbete
440 940 27 17 för
479 940 105 17 åtminstone
597 946 22 10 en
630 940 32 20 ko;
677 939 19 22 4)
709 940 69 22 uppgift
790 941 11 16 å
814 940 22 17 de
847 940 89 18 förmåner

188 968 56 18 lärare
256 968 42 18 eller
308 968 88 17 lärarinna
407 968 88 22 möjligen,
509 968 68 18 utöfver
589 968 45 17 hvad
646 969 52 17 ofvan
710 969 50 21 sagdt
772 971 24 19 är,
806 968 83 19 förunnas
902 970 33 17 och

188 996 122 21 tillförsäkras;
324 999 45 15 samt
381 998 19 18 5)
413 996 69 22 uppgift
494 1002 29 12 om
535 996 65 18 antalet
612 997 20 17 af
642 997 61 22 elever,
714 1003 39 11 som
764 998 89 17 förmodas
865 998 71 18 komma

188 1027 26 15 att
225 1025 66 17 besöka
302 1024 160 22 läroinrättningen.
488 1025 81 17 Befinnas
581 1025 99 17 sökandene
696 1025 51 17 hafva
763 1026 95 22 behörigen
876 1026 60 18 vårdat

190 1052 26 23 sig
224 1058 30 12 om
264 1053 206 22 barnaundervisningen,
478 1053 20 17 sä
504 1055 25 14 att
537 1053 34 17 den
579 1053 99 17 tillämnade
687 1053 62 18 skolan
758 1054 34 17 kan
800 1054 85 22 befrämja
893 1060 43 12 sann

191 1081 123 22 folkbildning,
328 1081 33 17 och
373 1081 68 22 uppgår
453 1081 65 18 antalet
525 1081 21 17 af
551 1081 5 17 i
565 1087 21 11 en
599 1081 47 17 ålder
654 1081 21 17 af
683 1082 25 17 tio
721 1082 26 17 till
758 1084 62 15 sexton
829 1082 19 17 år
860 1083 76 17 varande

189 1109 50 22 barn,
252 1115 39 12 som
308 1109 71 17 komme
390 1112 26 14 att
428 1109 66 17 besöka
505 1109 69 22 skolan,
587 1109 27 17 till
626 1110 64 21 trettio,
704 1110 20 17 så
735 1110 73 22 beviljas
820 1111 20 17 af
849 1111 87 18 allmänna

188 1137 57 17 medel
263 1137 27 18 för
307 1137 55 18 lärare
380 1137 99 18 sexhundra
496 1138 34 17 och
547 1138 28 17 för
592 1137 87 18 lärarinna
693 1138 107 22 fyrahundra
812 1139 49 18 mark
873 1139 6 17 i
891 1140 43 22 året,

189 1165 65 18 hvilket
265 1166 103 25 lönebidrag
380 1165 90 18 efterhand
483 1166 42 17 ökas
537 1167 26 16 till
576 1166 98 17 niohundra
685 1167 34 17 och
731 1167 99 18 sexhundra
842 1168 54 17 mark.

256 1195 41 16 Men
309 1195 122 21 beklagligtvis
443 1194 32 17 har
488 1201 21 10 en
521 1197 37 15 stor
570 1195 28 16 del
610 1195 20 16 af
639 1195 38 17 vårt
688 1195 50 17 lands
750 1195 121 24 församlingar
879 1197 56 17 åsido-

188 1224 35 15 satt
234 1223 121 22 uppfyllandet
366 1223 20 17 af
398 1223 58 17 denna
470 1223 27 17 sin
514 1223 97 22 angelägna
628 1223 48 22 pligt,
693 1225 42 16 eller
752 1224 100 18 tillochmed
867 1225 23 22 på
906 1225 30 17 allt

188 1252 36 14 sätt
234 1253 72 14 motsatt
317 1251 26 21 sig
354 1251 105 16 inrättandet
470 1251 21 16 af
500 1251 90 17 folkskola
600 1251 48 16 inom
660 1252 112 17 kommunen.
792 1253 34 21 Jag
834 1253 54 22 vågar
898 1253 38 16 der-

189 1277 38 18 före
238 1278 28 17 för
277 1278 107 17 hedervärda
395 1278 131 17 Bondeståndet
538 1278 99 22 ödmjukast
648 1279 70 22 föreslå,
729 1281 25 15 att
763 1273 38 32 alla
803 1279 22 17 de
833 1280 104 17 kommuner

190 1306 48 16 inom
250 1306 38 17 vårt
299 1306 46 21 land,
358 1306 6 16 i
376 1306 60 17 hvilka
448 1307 58 21 någon
518 1306 89 18 folkskola
619 1309 46 14 ännu
676 1307 40 17 icke
728 1307 60 22 finnes,
802 1308 53 17 måtte
864 1308 71 22 förplig-

189 1337 27 14 tas
228 1336 25 15 att
264 1334 39 17 med
316 1334 54 17 första
382 1334 67 22 görliga
460 1335 48 16 inom
522 1335 35 17 viss
574 1335 78 21 bestämg
667 1335 25 17 tid
707 1335 64 18 inrätta
787 1335 33 18 och
835 1336 101 17 underhålla

189 1362 27 17 till
228 1368 21 11 en
261 1363 64 22 början
337 1369 22 12 en
370 1363 88 18 folkskola
470 1363 28 18 för
509 1363 84 18 hvardera
604 1364 66 21 könet.

256 1391 112 23 Helsingfors
379 1391 34 18 den
426 1393 21 16 10
459 1391 85 18 Februari
556 1392 50 18 1877.

533 1429 3 11 D
735 1420 55 19 Antti
802 1421 66 22 Laari,

635 1449 141 23 Landtdagsman
788 1450 5 17 i
806 1450 130 18 Bondeständet

674 1479 27 16 för
713 1479 87 22 Lappvesi
811 1479 99 23 domsaga.»

256 1511 102 18 Allmänna
369 1511 177 19 Besvärsutskottets
558 1511 112 19 betänkande
680 1513 37 18 N:o
729 1514 27 17 19.
