1031 1703
225 161 25 20 10
353 161 321 20 Petitionsbetänkande
689 161 47 20 N:o
750 161 28 19 4.

196 227 106 26 samtidigt
316 227 38 20 har
368 227 99 26 inträffat,
483 229 30 18 att
527 233 67 20 yngre
608 227 105 23 docenter,
724 227 88 26 mängen
823 228 56 26 gäng
890 234 50 20 gan-

196 261 38 20 ska
255 261 69 26 länge,
347 261 39 19 fått
405 267 51 13 vara
471 261 6 19 i
493 261 80 20 saknad
594 261 23 19 af
633 261 84 20 arvode.
750 260 42 21 För
809 262 131 19 närvarande

196 295 71 20 kunna
287 295 53 20 blott
355 295 43 19 ätta
413 295 190 20 docentunderstöd
619 295 97 26 utgifvas,
732 295 66 20 ehuru
814 295 126 21 docenterne

196 329 69 25 uppgå
280 328 32 19 till
328 330 30 18 ett
373 328 56 19 antal
445 329 23 19 af
481 330 85 24 sjutton,
582 329 40 19 och
637 329 68 26 någon
721 329 56 26 gång
792 329 65 20 under
872 329 26 21 de
909 337 30 13 se-

196 363 59 19 naste
271 362 48 19 åren
335 362 38 19 har
388 362 140 20 förhållandet
543 362 49 20 stält
607 362 31 26 sig
653 365 55 17 ännu
724 363 183 26 ofördelaktigare.

262 396 41 20 För
323 396 131 26 jemförelses
473 396 55 20 skull
549 396 37 20 vill
601 396 107 20 Utskottet
723 396 38 20 här
776 400 118 22 omnämna,
911 399 31 18 att

196 429 73 27 frågan
291 436 34 13 om
347 430 298 26 universitetsadjunkturerna
664 430 62 20 äfven
741 430 7 20 i
763 430 47 20 vårt
824 430 117 27 grannland

197 463 86 27 Sverige
298 463 28 26 på
341 470 73 12 senare
429 463 54 20 tider
498 464 53 20 varit
566 464 87 20 föremål
668 464 32 20 för
714 464 106 26 offentligt
834 465 39 19 och
890 471 50 20 gan-

196 496 38 21 ska
244 497 62 26 lifligt
316 498 175 25 meningsutbyte.
513 497 59 20 Efter
583 497 129 20 omfattande
719 497 152 21 förberedelser
880 499 60 19 fram-

196 531 58 20 lades
277 531 34 20 vid
335 531 53 20 1876
410 531 32 20 års
457 531 86 26 riksdag
559 538 26 13 en
600 530 70 27 kongl.
686 532 130 26 proposition
832 539 32 14 om
881 533 62 20 dessa

196 565 96 26 tjensters
315 564 130 26 ombildning
467 565 6 18 i
494 565 97 26 samtliga
613 565 118 26 fakulteter,
754 567 39 18 och
815 567 128 20 förordnade

196 599 75 26 Kongl.
287 598 98 26 Majestät
399 599 122 25 emellertid,
535 600 31 18 att
577 599 164 26 ledigblifvande
752 600 136 26 adjunkturer
898 601 43 20 tills

196 633 72 19 vidare
290 631 19 28 ej
330 632 56 26 finge
405 633 98 20 besättas.
539 632 58 20 Efter
612 633 66 19 skedd
693 633 98 26 pröfning
806 634 68 20 beslöt
888 635 53 20 riks-

197 666 67 26 dagen
280 667 31 18 att
325 665 26 20 de
367 666 120 19 nuvarande
506 665 148 27 adjunkternes
669 666 117 20 lönevilkor
801 667 139 27 ovilkorligen

198 700 63 20 borde
277 699 118 25 förbättras,
413 701 54 17 samt
481 699 78 25 anhöll,
575 700 31 19 att
621 706 25 13 en
662 699 116 27 detaljerad
793 701 49 25 plan
858 701 32 20 för
905 702 35 20 ad-

194 733 228 27 junktsinstitutionens
438 733 39 19 och
489 733 26 20 de
525 733 122 20 nuvarande
659 734 227 26 docentstipendiernas
898 742 42 14 om-

196 767 95 26 bildning
313 767 65 19 mätte
397 767 119 26 föreläggas
534 769 47 18 näst
599 768 195 20 sammanträdande
810 769 83 21 kamrar
908 770 33 20 till

196 801 109 27 pröfning;
328 801 91 20 börande
442 801 116 20 emellertid
574 801 141 21 kostnaderna
730 802 32 20 för
776 803 88 25 planens
879 804 60 20 reali-

197 836 68 26 sering
287 835 47 20 icke
357 835 114 26 öfverstiga
493 835 36 19 det
547 842 50 19 nyss
617 835 101 20 beslutna.
748 836 116 27 Angående
878 844 61 20 grun-

197 870 65 20 derna
281 869 33 20 för
337 869 112 19 reformens
469 869 162 26 genomförande
650 870 93 20 uttalade
758 870 32 26 sig
804 871 113 27 riksdagen
933 872 7 19 i

197 904 63 26 öfrigt
281 903 86 25 derhän,
387 904 30 18 att
431 904 7 18 i
454 903 71 20 stället
538 903 32 20 för
585 910 27 12 nu
629 904 112 20 bestående
757 905 137 25 adjunkturer
908 906 32 20 in-

196 939 65 19 rättas
283 937 45 20 dels
349 937 54 19 fasta
421 937 194 26 professorsplatser
629 938 81 19 utöfver
725 945 28 13 nu
769 938 108 27 befintliga
891 940 7 19 i
914 940 26 20 de

198 974 81 22 ämnen,
295 971 36 20 der
347 970 79 20 sädana
440 971 32 19 för
488 971 184 26 undervisningens
688 972 184 25 upprätthällande
887 975 53 18 samt

197 1005 32 20 för
251 1004 152 27 obligatoriska
425 1005 107 19 examinas
547 1004 128 20 förrättande
691 1008 35 17 äro
742 1006 24 19 af
778 1006 76 26 nöden,
870 1007 70 20 äfven-

197 1045 44 14 som
257 1038 106 25 tillfälliga
377 1037 266 27 professorsbeställningar
654 1038 31 20 för
694 1040 31 18 att
735 1039 92 20 tilldelas
838 1040 104 21 utmärkte

197 1072 185 26 vetenskapsmän;
398 1072 40 19 och
453 1071 45 21 dels
514 1072 195 26 docentstipendier,
720 1073 102 20 likaledes
832 1074 111 21 fördelade

197 1106 6 19 i
219 1105 54 21 fasta
290 1106 32 20 för
337 1106 26 19 de
378 1109 183 22 examensämnen,
585 1106 36 20 der
643 1106 98 20 behofvet
755 1107 147 21 företrädesvis
918 1109 26 20 sä

196 1139 102 26 päkallar,
321 1140 39 19 och
381 1140 88 25 rörliga;
491 1140 106 20 äfvensom
621 1142 30 17 att
674 1141 192 26 docentstipendier
880 1142 63 20 skola.

196 1173 81 21 utdelas
293 1173 32 21 för
339 1173 90 20 allenast
443 1175 32 18 tre
490 1174 29 26 år,
534 1180 46 14 men
597 1174 71 20 kunna
684 1175 65 19 under
764 1175 55 20 vissa
833 1175 106 21 förutsätt-

196 1208 74 26 ningar
284 1207 22 20 fä
321 1208 117 20 bibehällas
452 1208 123 26 ytterligare
590 1208 65 20 under
670 1208 61 26 högst
747 1210 31 18 tre
793 1210 27 19 är.

263 1241 80 25 Sjelfva
358 1241 114 19 historiken
488 1241 58 19 öfver
561 1241 26 19 de
603 1241 57 19 olika
675 1242 162 25 bestämningar,
848 1249 44 13 som
903 1244 36 18 vid

195 1274 132 26 reglerandet
349 1273 24 19 af
390 1274 25 18 de
433 1280 67 18 yngre
514 1274 226 20 universitetslärarnes
756 1275 99 25 ställning
871 1275 69 20 blifvit

195 1307 7 19 i
217 1307 89 20 Finland
321 1306 101 26 försökta,
438 1307 55 19 visar
507 1306 64 21 redan
587 1307 7 19 i
610 1307 31 19 sin
658 1308 54 24 män,
724 1309 31 18 att
765 1308 116 26 problemet
890 1308 48 21 icke

196 1341 37 21 hör
256 1341 31 20 till
303 1341 26 20 de
343 1341 40 19 lätt
397 1341 60 19 lösta.
493 1340 45 20 Den
553 1340 71 27 gamla
639 1341 46 20 med
700 1343 56 18 rätta
770 1342 116 21 klandrade
902 1343 36 20 ad-

192 1375 219 27 junktsinstitutionen
427 1375 40 19 kan
483 1376 18 25 ej
518 1374 126 21 oförändrad
660 1377 108 24 upptagas,
784 1383 47 13 men
842 1383 47 14 man
901 1377 38 20 bör

195 1410 27 26 pä
237 1416 79 14 samma
331 1409 55 26 gång
401 1409 84 26 beakta,
502 1411 31 18 att
547 1409 39 20 den
603 1409 5 20 i
620 1409 42 20 alla
672 1409 37 20 fall
720 1410 97 26 erbjuder
827 1411 55 20 vissa
892 1411 45 27 vig-

195 1444 43 26 tiga
260 1444 119 20 företräden
394 1443 86 20 framför
495 1443 35 20 det
544 1443 38 20 hos
597 1449 34 14 oss
647 1444 26 25 pä
688 1451 73 13 senare
776 1445 31 19 tid
822 1445 66 26 följda
903 1452 33 20 sy-

195 1479 78 18 stemet.
304 1477 149 20 Universitetet
468 1483 49 20 eger
533 1477 33 19 väl
581 1477 32 20 för
628 1478 131 19 närvarande
768 1480 42 17 rätt
820 1481 31 17 att
860 1479 79 20 föreslå

261 1517 102 17 Allmänna
373 1516 184 17 Besvärs-utskottets
569 1516 110 18 betänkande
690 1516 37 19 N:o
738 1517 16 17 4.
