1061 1709
263 138 308 24 Petitionsbetänkande
587 142 43 19 N:o
642 142 42 20 26.

374 447 243 25 Ständerhusutskottets
640 448 82 28 förslag
743 448 32 24 till
798 454 53 18 sam-

307 481 159 31 manjemkning
485 482 23 24 af
526 480 100 27 Ståndens
642 482 127 30 skiljaktiga
783 482 70 25 beslut

305 516 8 24 i
328 515 62 31 fråga
412 523 33 18 om
468 518 132 29 uppförande
622 518 23 23 af
666 518 30 24 ett
717 518 135 24 Ständerhus.

175 592 42 22 Vid
239 592 155 28 behandlingen
414 593 24 21 af
456 593 60 21 detta
530 594 78 21 ärende
623 594 64 21 hafva
703 594 100 27 Stånden,
820 594 33 21 så-

104 633 46 15 som
169 627 23 21 af
209 627 26 21 de
253 628 34 20 till
303 627 107 21 utskottet
424 627 107 28 ingångna
547 628 225 27 protokollsutdragen
788 629 64 21 fram-

103 662 46 26 går,
165 663 87 20 stannat
266 662 36 21 vid
317 662 94 26 följande
425 662 82 22 beslut:

176 696 9 20 I
200 696 86 26 plenum
303 696 40 21 den
359 697 25 19 26
400 696 44 28 Maj
456 697 39 21 har
508 696 155 28 Ridderskapet
673 697 38 21 och
721 696 71 22 Adeln
803 697 50 27 god-

104 730 53 21 känt
179 730 119 21 utskottets
321 730 86 28 förslag,
432 732 76 20 endast
522 731 48 22 med
586 732 40 20 den
642 732 90 26 ändring
747 732 7 20 i
769 731 85 27 fjerde

104 771 63 15 mom.
191 765 56 27 (pag.
273 765 91 27 12—13)
384 767 32 19 att
434 766 66 21 orden
516 772 45 20 ,om
576 765 148 27 delegationen
741 766 24 20 så
780 766 75 26 nödigt

105 799 96 27 pröfvar*
221 799 69 21 skulle
309 800 107 21 uteslutas
433 800 38 21 och
488 800 61 21 ordet
564 800 55 28 ,mä*
635 800 38 21 der
688 800 89 22 framför
792 801 63 25 utby-

105 837 34 18 tas
159 836 44 19 mot
218 834 83 27 ,skall*,
319 836 55 20 samt
388 834 67 22 orden
470 836 75 27 ,innan
561 836 62 21 nästa
638 835 89 26 lagtima
741 835 114 26 Jandtdag*

105 869 113 21 förändras
237 869 32 21 till
289 870 75 26 ,innan
385 870 24 21 år
426 871 72 25 18824,
514 870 118 28 hvarjemte
647 870 33 21 till
697 876 80 15 samma
792 876 62 16 mom.

106 904 70 21 skulle
197 904 62 26 fogas
282 904 36 21 det
336 904 76 27 tillägg
426 906 39 25 att,
482 905 71 21 derest
569 904 23 22 af
605 910 25 16 en
646 904 52 22 eller
713 911 70 15 annan
799 904 56 22 oför-

107 938 77 22 utsedd
199 938 108 27 händelse,
323 939 65 21 innan
398 940 63 20 nästa
471 939 90 27 lagtima
570 939 109 27 landtdag,
692 939 84 21 tillfälle
787 939 69 21 skulle

106 979 68 21 yppas
190 975 32 19 att
237 973 82 21 erhålla
334 973 80 26 gården
430 974 39 20 och
485 976 80 19 tomten
581 980 34 15 n:o
631 975 12 19 5
660 974 6 20 i
683 975 108 25 qvarteret
809 973 48 21 Ser-

107 1008 62 20 valen
187 1009 52 19 utan
257 1008 159 26 nödvändighet
431 1009 33 20 att
478 1008 70 21 inlösa
563 1008 12 21 å
590 1009 82 20 tomten
687 1008 107 27 uppförda
809 1008 48 27 dyr-

107 1042 53 21 bara
182 1041 129 27 byggnader,
331 1042 150 26 delegationen
499 1042 167 27 bemyndigades
681 1043 32 21 att
728 1042 13 21 å
757 1042 100 21 Ständer-

107 1082 39 15 nas
161 1078 81 24 vägnar
257 1076 89 27 vidtaga
360 1076 35 21 för
410 1076 122 22 ändamålet
547 1076 102 28 lämpliga
665 1077 106 26 åtgärder.

179 1110 84 22 Samma
278 1110 42 27 dag
335 1111 39 21 har
388 1110 162 22 Presteståndet
566 1111 123 22 äfvenledes
705 1111 96 27 godkänt
816 1111 42 21 för-

108 1146 75 26 slaget,
205 1146 50 20 med
275 1146 111 26 undantag
404 1146 24 21 af
442 1145 62 22 ofvan
520 1146 92 21 berörda
626 1145 85 27 fjerde
726 1152 70 20 mom.,
813 1146 45 21 deri

109 1181 40 21 den
176 1180 90 27 ändring
288 1180 100 22 beslutits
412 1182 32 20 att
466 1180 55 22 efter
543 1181 66 21 orden
629 1181 17 25 ,i
666 1187 81 15 samma
763 1181 96 26 gvarter*

108 1215 69 21 skulle
203 1214 92 22 insättas
320 1215 77 27 ,sedan
423 1214 82 28 ritning
530 1221 75 21 genom
632 1215 77 21 allmän
733 1214 65 22 täflan
823 1220 36 16 an-

109 1250 106 26 skaffats*,
232 1252 56 19 samt
303 1251 32 19 att
351 1251 107 20 satserne:
474 1250 35 26 ,så
524 1250 100 26 placerad
640 1249 39 21 och
695 1266 5 4 .
716 1265 68 5 ....
798 1249 62 21 hvar-

106 1285 67 27 jemte
194 1284 127 26 byggnaden
344 1284 45 21 må"
412 1284 70 20 skulle
505 1284 82 21 erhålla
608 1283 94 27 följande
717 1283 92 27 lydelse:
825 1283 36 27 ,så

108 1318 100 28 placerad
227 1318 40 21 och
286 1318 116 26 anordnad,
423 1324 45 16 som
484 1318 41 21 den
541 1318 119 22 Ständerna
675 1318 111 26 förelagda
801 1318 59 26 plan-

109 1352 98 21 eskissen
229 1358 35 14 n:o
280 1352 13 20 2
308 1352 89 25 utvisar,
421 1352 54 21 dock
494 1353 34 19 att
546 1351 218 27 detaljförändringar
779 1352 8 20 i
802 1351 59 21 loka-

109 1386 70 21 lernes
195 1386 120 26 anordning
331 1386 38 20 och
385 1385 150 27 utsträckning
550 1385 56 27 finge
622 1385 22 21 af
656 1386 149 26 delegationen
815 1385 46 21 vid-

109 1423 69 25 tagas,
194 1420 119 28 hvarjemte
328 1420 128 28 byggnaden
470 1420 46 22 mä*
531 1422 39 20 etc.

181 1456 47 22 Den
244 1457 11 20 5
272 1456 80 22 dennes
374 1456 39 21 har
435 1455 185 29 Borgareståndet
637 1456 90 21 beslutit
742 1456 33 20 att
790 1456 71 21 remit-

165 1496 69 24 Bihang
247 1497 29 17 till
289 1496 199 18 Ständerhusutskottets
500 1496 110 18 betänkande.
