1053 1706
97 321 267 31 Storfurstendömet
384 320 131 31 Finlands
537 321 133 30 Ständers
693 321 98 37 beslut,

224 388 73 18 fattadt
309 388 37 18 och
358 388 62 23 gifvet
432 388 11 18 å
457 388 84 22 lagtima
554 389 119 22 landtdagen

350 443 7 19 i
373 442 177 25 Helsingfors,

312 492 40 22 den
371 493 27 20 24
415 492 89 22 Januari
524 493 59 21 1878.

148 589 30 23 Vi
193 589 138 26 efterskrifne,
348 589 198 22 Storfurstendömet
560 590 101 22 Finlands
677 590 90 23 Ständer
784 591 39 22 och

80 624 81 21 Finska
176 624 75 21 folkets
266 624 183 29 Representanter,
465 624 131 29 Ridderskap
611 625 39 21 och
664 625 62 24 Adel,
743 625 81 22 Preste-

81 658 66 26 stånd,
163 658 153 29 Borgarestånd
338 659 39 20 och
395 659 140 25 Bondestånd,
551 659 72 21 hvilka
641 667 29 13 nu
691 659 33 21 till
739 659 85 28 lagtima

80 692 100 28 landtdag
201 692 123 22 församlade
346 692 60 27 varit,
421 697 49 24 göre
485 693 108 28 veterligt:
609 695 31 20 att
654 701 44 13 som
712 693 41 22 den
768 693 56 22 Stor-

81 727 112 28 mäktigste
204 727 113 28 Högborne
328 727 91 22 Fursten
434 727 38 21 och
482 727 85 22 Herren
577 727 197 22 ALEXANDER
784 727 40 22 den

81 762 78 25 Andre,
175 761 89 29 Kejsare
279 762 39 21 och
334 761 163 28 Sjelfherrskare
513 761 57 22 öfver
584 762 48 21 hela
647 762 110 28 Ryssland,
773 762 52 22 Tsar

81 796 24 22 af
118 797 73 24 Polen,
208 795 113 23 Storfurste
337 796 32 21 till
384 796 92 21 Finland
491 799 44 23 etc.,
553 799 44 23 ete.,
614 799 44 23 ete.,
674 796 45 22 Vår
729 796 96 22 Allernä-

83 831 66 28 digste
169 831 113 21 Storfurste
305 831 38 20 och
358 831 75 24 Herre,
449 831 7 21 i
472 831 63 21 nåder
557 831 89 28 behagat
666 839 75 20 genom
764 833 62 27 öppet

82 865 49 22 bref
149 866 39 20 och
210 865 69 28 påbud
298 865 24 21 af
340 865 40 22 den
396 866 26 21 23
437 865 93 29 Augusti
546 867 54 20 1876
615 866 56 21 kalla
686 865 40 22 Oss
741 868 30 19 att
786 866 40 21 den

84 901 27 21 23
129 900 91 22 Januari
241 900 53 21 1877
316 899 183 26 sammankomma,
516 900 61 21 hafve
592 900 30 21 Vi
636 900 137 21 nästnämnde
788 900 40 28 dag

83 934 40 22 Oss
138 935 38 20 här
191 934 8 21 i
212 933 133 29 Helsingfors
360 933 97 22 infunnit.

153 968 143 29 Begynnande
312 967 45 22 Vår
372 968 132 21 verksamhet
519 968 66 21 under
599 967 82 22 åkallan
694 968 39 21 och
743 968 41 21 bön
794 976 34 13 om

85 1004 40 20 den
139 1003 92 27 Högstes
246 1002 124 28 välsignelse
385 1002 58 22 öfver
458 1002 57 22 Våra
528 1002 97 28 göromål,
641 1002 63 22 hafve
719 1002 35 25 Vi,
766 1002 63 22 sedan

85 1038 29 22 Vi
129 1037 13 21 &
156 1036 101 22 rikssalen
273 1036 40 22 den
329 1037 25 21 27
371 1036 7 21 i
394 1036 99 28 sistsagde
508 1036 75 21 månad
597 1036 39 22 fått
651 1036 34 21 del
700 1036 22 22 af
735 1036 25 21 de
770 1036 59 21 flesta

84 1072 77 28 nädiga
175 1071 151 29 propositioner
341 1072 38 20 och
394 1070 81 29 förslag,
491 1071 73 21 hvilka
583 1070 73 22 Hans
675 1070 155 28 Kejserliga

85 1106 126 28 Majestät
225 1106 56 21 velat
296 1105 40 22 Oss
350 1105 109 29 förelägga,
476 1104 52 23 efter
546 1104 125 30 föregängna
681 1105 151 28 öfverläggnin-

86 1149 37 21 gar
142 1140 87 22 rörande
249 1140 59 22 dessa
323 1141 38 20 och
377 1140 25 21 de
417 1140 75 27 nådiga
506 1140 156 28 propositioner,
677 1139 73 22 hvilka
765 1139 67 22 seder-

87 1184 58 13 mera
167 1175 67 21 under
255 1174 137 28 landtdagens
406 1174 95 28 fortgäng
515 1174 70 22 blifvit
599 1174 33 22 till
646 1174 45 22 Vär
705 1174 128 28 behandling

88 1209 160 25 öfverlemnade,
265 1211 54 19 samt
341 1209 63 21 sedan
419 1208 30 22 Vi
467 1208 108 28 emottagit
593 1209 110 21 berättelse
718 1215 34 14 om
767 1208 66 26 Rege-

88 1244 84 28 ringens
187 1243 137 28 tillgöranden
340 1243 8 21 i
363 1242 112 28 anledning
490 1242 23 22 af
526 1242 25 21 de
562 1242 46 22 utaf
617 1242 116 21 Ständerna
743 1242 35 21 vid
789 1241 45 23 sist-

89 1278 72 21 hållna
175 1277 98 28 landtdag
288 1276 78 22 fattade
380 1277 73 25 beslut,
470 1276 72 22 hvilka
557 1276 75 22 vunnit
648 1276 70 21 Hans
734 1275 101 29 Kejser-

88 1312 52 28 liga
155 1311 136 29 Majestäts
314 1311 76 27 nådiga
405 1311 59 21 bifall
478 1311 39 21 och
531 1310 136 26 fastställelse,
684 1309 106 22 äfvensom
804 1314 31 17 rö-

90 1346 64 21 rande
169 1345 55 21 hvad
239 1345 71 21 Hans
325 1344 157 27 Kejserliga
497 1343 126 28 Majestät
638 1343 7 21 i
661 1343 61 27 öfrigt
736 1343 34 21 till
784 1343 52 28 följd

90 1379 23 22 af
121 1379 183 27 förhandlingarna
315 1378 12 21 å
337 1377 138 29 nyssberörda
485 1376 97 29 landtdag
591 1376 67 22 täckts
668 1376 102 26 förordna,
781 1378 54 20 stan-

90 1416 37 20 nat
143 1414 8 22 i
165 1412 90 30 följande
270 1413 80 22 beslut:

440 1448 13 25 8
469 1448 18 20 1.

160 1483 74 22 Under
248 1482 40 22 den
304 1483 27 21 12
346 1481 94 23 sistlidne
455 1481 57 22 Mars
526 1481 62 22 hafve
603 1480 30 23 Vi
647 1479 48 22 med
710 1487 26 14 en
747 1479 89 29 ändring
