1045 1709
258 152 12 20 2
405 152 279 23 Petitionsbetänkande
694 153 46 22 N:o
754 154 39 22 22.

230 220 33 16 ega
281 215 104 22 tillräckligt
403 215 41 17 stöd
461 216 29 16 för
506 216 34 22 sig.
565 216 28 22 Ty
611 222 30 11 om
652 221 42 11 man
707 216 33 16 ock
752 217 50 21 tager
813 216 71 22 hänsyn
896 216 27 16 till
935 216 35 16 den

230 244 162 22 omständigheten,
407 246 24 16 att
443 244 34 17 den
489 245 79 22 manliga
580 245 70 17 läraren
662 244 39 17 icke
713 244 57 18 borde
781 245 58 17 sakna
850 245 28 17 sin
890 244 81 18 utkomst

230 272 52 17 äfven
294 278 39 12 som
345 273 40 21 gift,
399 273 20 17 så
431 274 20 16 är
460 274 22 22 ju
494 274 46 16 dock
552 273 35 18 200
598 274 51 17 Mark
658 282 21 4 —
689 274 95 17 skilnaden
795 273 68 18 mellan
875 274 29 17 det
915 273 56 22 högre

230 301 33 17 och
281 302 49 22 lägre
348 302 81 22 anslaget
440 312 21 3 —
474 304 24 16 ett
513 302 20 18 så
545 303 102 22 obetydligt
658 302 73 23 belopp,
744 304 26 16 att
781 303 31 17 det
822 303 97 22 rimligtvis
931 302 40 17 icke

229 330 37 17 kan
283 333 91 15 motsvara
389 337 86 12 mannens
488 332 61 22 behof,
562 334 33 15 när
607 332 29 17 det
648 334 20 15 är
679 331 52 23 fråga
743 337 30 12 om
785 334 25 15 att
822 332 73 17 dermed
907 332 63 16 under-

229 359 49 18 hålla
295 360 63 18 hustru
376 361 33 17 och
427 361 69 18 kanske
514 362 47 16 ännu
579 362 86 22 derjemte
682 367 22 11 en
719 361 29 17 hel
763 361 53 17 skara
827 362 54 21 barn;
896 360 34 18 och
942 360 30 18 det

229 389 90 17 förefaller
336 390 39 22 mig
389 390 69 17 derföre
471 395 40 13 som
524 396 29 11 om
566 392 24 15 ett
602 390 65 17 sådant
678 392 94 21 argument
783 390 39 17 icke
834 390 36 17 kan
881 396 43 11 vara
933 390 39 22 just

229 418 105 22 allvarligen
352 419 79 17 menadt.
457 419 75 17 Snarare
550 419 61 22 tyckes
631 419 29 17 det
677 419 57 17 andra
746 419 57 17 skälet
815 424 43 12 vara
869 419 73 21 förtjent
954 418 19 17 af

228 447 167 22 uppmärksamhet,
409 447 30 17 det
450 447 90 22 nemligen
553 449 26 15 att
590 447 170 18 lefnadskostnaden
773 448 60 16 ställer
845 448 29 22 sig
885 448 28 16 för
922 452 48 12 man-

228 481 35 11 nen
280 472 69 26 dyrare.
375 476 34 22 Jag
421 477 58 17 skulle
492 477 46 17 dock
550 477 63 17 härvid
625 477 44 22 vilja
681 478 44 21 göra
737 477 35 17 den
783 477 150 21 anmärkningen,
946 478 26 16 att

230 510 29 12 om
277 510 42 12 man
337 505 34 17 ock
387 506 40 16 icke
445 506 27 17 lär
484 506 60 17 kunna
556 506 81 22 förneka,
651 508 25 15 att
688 506 64 17 sådant
764 506 37 17 ofta
813 506 36 17 kan
861 511 43 11 vara
914 506 56 21 fallet,

228 534 29 17 får
274 534 48 17 detta
340 534 46 17 dock
403 535 99 21 ingalunda
520 535 98 22 uppställas
637 540 39 12 som
688 535 55 22 regel.
767 535 71 21 Mycket
849 535 54 17 beror
912 535 22 22 ju
946 534 24 22 på

230 562 34 17 den
276 563 85 17 enskiltes
374 564 56 16 större
443 564 43 17 eller
497 564 70 17 mindre
577 563 82 23 förmåga
671 565 26 16 att
709 564 73 18 komma
793 564 74 17 tillrätta
880 564 35 16 med
926 564 44 16 litet.

229 591 35 17 Det
281 592 74 21 händer,
369 594 25 15 att
406 592 23 17 då
441 593 35 17 den
488 593 80 22 manliga
580 593 70 17 läraren
663 598 41 17 eger
716 599 22 11 en
750 592 57 18 sådan
818 592 105 22 begåfning,
936 592 34 17 kan

229 620 103 18 lärarinnan
344 626 33 16 ega
388 622 70 16 mindre
470 622 55 22 anlag
537 622 33 17 och
582 622 51 17 sinne
645 622 28 17 för
685 622 91 22 ekonomi,
789 622 65 16 medan
861 622 67 16 hennes
935 621 36 21 hog

230 651 19 15 är
260 655 49 12 mera
321 650 113 17 uteslutande
446 651 60 17 riktad
518 650 18 18 åt
548 651 69 17 skolan.
642 651 41 17 Man
696 651 33 17 har
741 651 91 17 dessutom
844 651 48 21 gjort
904 650 34 17 den
946 656 24 10 er-

229 678 87 22 farenhet,
329 680 26 16 att
368 680 84 21 qvinnan,
465 681 6 15 i
485 681 88 16 anseende
585 680 27 17 till
625 680 40 17 sina
676 685 75 17 svagare
762 680 70 22 fysiska
844 680 72 21 krafter,
930 679 41 17 tidi-

229 712 43 16 gare
290 710 22 14 än
330 713 78 12 mannen
420 709 68 17 känner
500 710 28 21 sig
540 709 148 22 öfveransträngd
701 710 19 16 af
730 709 30 17 det
771 709 66 21 arbete,
850 708 69 22 hvarpå
931 708 40 17 sko-

229 736 30 17 lan
271 737 6 16 i
289 737 111 17 närvarande
412 737 27 17 tid
451 738 61 16 ställer
524 738 20 16 så
555 738 48 22 höga
615 738 88 22 anspråk;
717 738 32 17 och
762 738 23 17 då
794 738 22 22 ju
828 737 52 17 äfven
893 738 79 21 qvinnan

229 764 55 18 måtte
296 771 52 11 anses
361 766 101 21 berättigad
474 768 25 16 att
511 767 55 17 tänka
577 767 23 22 pä
612 767 28 17 sin
652 767 80 21 framtid,
738 767 63 22 borde
813 767 37 17 hon
861 766 58 17 under
927 766 44 22 tjen-

230 794 75 16 stetiden
317 794 62 17 kunna
390 793 80 23 påräkna
482 795 60 22 någon
554 796 43 17 liten
609 796 98 22 besparing
719 796 70 17 utöfver
801 796 34 16 den
848 795 57 21 årliga
911 795 59 21 lönen,

229 823 28 16 för
268 825 31 19 att,
313 823 56 17 sedan
381 824 36 16 hon
429 824 77 22 nödgats
517 824 61 18 lemna
590 824 70 21 skolan,
673 825 37 17 hon
722 824 54 18 måtte
788 825 54 17 hafva
854 824 54 22 något
918 825 54 15 annat

230 853 25 15 att
266 852 47 17 lefva
325 853 24 21 af,
363 854 22 15 än
397 852 47 18 blott
456 853 34 17 den
502 853 105 23 obetydliga
618 854 105 22 pensionen.

298 887 58 17 Sedan
373 888 32 22 jag
423 887 76 18 sålunda
517 889 41 17 sökt
572 890 45 19 visa,
631 890 25 16 att
667 888 35 18 den
714 888 49 18 olika
774 889 125 22 fördelningen
912 888 19 16 af
941 893 29 11 an-

230 916 62 21 slagen
304 916 19 17 åt
335 916 34 17 den
381 916 80 22 manliga
472 917 34 17 och
518 918 80 21 qvinliga
609 918 71 16 läraren
691 918 40 16 icke
744 918 50 16 torde
805 923 43 11 vara
860 916 81 24 grundad
948 916 24 22 på

230 946 34 16 rätt
276 945 83 17 hållbara
370 947 82 19 motiver,
465 946 53 17 utber
526 947 32 21 jag
570 948 45 21 mig,
629 948 25 16 att
666 947 7 16 i
685 948 65 16 största
759 946 71 18 korthet
840 946 19 17 få
865 946 63 17 anföra
935 947 36 15 sär-

230 974 56 17 skildt
303 976 64 16 tvenne
379 975 159 22 omständigheter,
552 976 62 16 hvilka
625 981 54 17 synas
691 976 39 22 mig
741 976 75 22 kraftigt
827 976 71 17 talande
910 975 28 17 för
950 980 22 11 en

230 1008 50 12 mera
297 1004 62 17 rättvis
371 1004 103 22 fördelning
486 1005 20 16 af
516 1004 21 17 de
550 1005 28 17 för
589 1005 104 17 folkskolan
705 1004 87 23 anslagna
803 1004 78 18 medlen.
906 1004 35 17 Det
952 1005 20 15 är

230 1032 90 22 nemligen
338 1033 73 22 bekant,
425 1035 25 15 att
461 1033 28 17 för
501 1034 47 22 dem,
562 1034 62 17 hvilka
636 1034 114 22 fullständigt
761 1033 90 23 genomgå
862 1033 108 21 seminariet,

230 1063 20 15 är
266 1061 106 18 lärokursen
390 1062 38 17 lika
445 1062 43 22 lång
505 1063 28 17 för
552 1064 78 20 qvinnan
643 1068 39 12 som
694 1068 83 16 mannen,
791 1063 17 17 d.
822 1068 17 12 v.
853 1068 14 12 s.
880 1061 90 24 fyraårig;

230 1090 34 17 och
281 1090 110 18 beträffande
409 1091 172 18 lefnadskostnaden
599 1092 57 17 under
673 1092 85 17 vistelsen
775 1092 31 16 vid
821 1091 88 17 anstalten
921 1090 50 18 torde

229 1119 61 22 någon
307 1120 89 22 väsentlig
413 1120 73 17 skilnad
502 1120 40 17 icke
559 1121 61 16 kunna
638 1121 91 22 uppvisas.
753 1120 64 17 Häruti
835 1120 56 17 finner
902 1120 34 22 jag
948 1120 24 16 ett

229 1148 67 22 vigtigt
312 1148 39 17 skäl
369 1149 83 17 hvarföre
470 1150 34 16 den
521 1150 82 21 manliga
618 1150 34 16 och
665 1150 80 22 qvinliga
754 1150 70 16 läraren
835 1149 58 17 borde
904 1148 68 18 erhålla

231 1177 108 22 statsanslag
357 1177 28 17 till
397 1183 69 12 samma
478 1178 72 22 belopp.
576 1178 30 17 Ett
618 1180 55 15 annat
683 1178 72 18 talande
768 1178 39 17 skäl
819 1180 20 15 är
851 1178 30 17 det
893 1178 79 16 erkända

230 1207 75 21 faktum,
319 1208 26 16 att
357 1207 34 17 den
403 1207 83 23 förmåga
498 1208 34 17 och
544 1208 114 22 skicklighet,
672 1213 39 12 som
723 1208 103 17 lärarinnan
838 1207 97 22 ådagalagt
941 1206 30 18 vid

229 1236 107 21 utöfningen
349 1236 20 16 af
378 1237 31 16 sitt
420 1236 44 20 kall,
477 1238 37 16 ofta
526 1237 47 17 visat
584 1237 28 21 sig
623 1242 44 11 vara
678 1237 41 17 fullt
728 1236 93 22 jemförlig
829 1236 42 17 med
877 1241 93 16 mannens,

229 1264 53 16 äfven
294 1263 23 17 då
329 1264 36 16 hon
377 1265 46 16 varit
435 1265 78 17 anställd
525 1264 31 18 vid
568 1265 121 21 goss-skolan.
714 1265 79 17 Uträttar
804 1264 37 18 hon
853 1264 69 17 således
934 1264 36 17 det-

229 1297 69 12 samma
316 1297 40 12 som
374 1292 34 17 den
426 1293 80 22 manliga
524 1294 76 20 läraren,
620 1293 20 17 så
651 1294 49 16 inser
709 1294 33 21 jag
753 1293 46 21 icke,
812 1293 82 17 hvarföre
906 1293 37 17 hon
955 1293 15 21 ej

229 1320 46 18 skall
288 1326 42 12 vara
342 1321 102 22 berättigad
456 1322 28 17 till
496 1328 70 12 samma
576 1321 91 18 förmåner
678 1328 40 12 som
729 1322 42 17 han.

295 1356 9 17 I
318 1356 33 17 fall
362 1356 118 23 Högvördiga
490 1356 133 19 Presteståndet
634 1358 6 16 i
652 1358 102 17 hufvudsak
766 1357 105 23 godkänner
881 1356 48 18 hvad
938 1357 33 22 jag

228 1391 25 11 nu
266 1386 40 16 haft
317 1387 44 15 äran
373 1386 68 22 anföra,
454 1386 56 22 vågar
519 1387 33 22 jag
563 1386 93 18 vördsamt
667 1386 72 22 föreslå,
753 1388 24 16 att
789 1386 118 22 Högvördiga
920 1386 50 17 Stån-

230 1415 30 17 det
271 1415 58 17 skulle
341 1415 85 22 antingen
439 1415 79 17 enskildt
530 1416 42 17 eller
584 1416 34 17 ock
630 1416 118 17 tillsammans
760 1416 41 17 med
814 1416 22 16 de
849 1416 58 22 öfriga
920 1415 50 18 Stån-

230 1444 34 16 den
278 1453 20 3 —
311 1450 29 11 om
359 1444 22 17 de
399 1444 62 17 derom
472 1444 63 18 förena
547 1446 29 21 sig
588 1454 21 3 —
621 1444 28 17 till
661 1444 48 18 Hans
722 1444 101 23 Kejserliga
835 1444 82 22 Majestät
928 1444 43 22 ingå

228 1473 42 16 med
288 1473 113 21 underdånig
418 1472 90 23 anhållan,
528 1474 30 16 det
575 1474 67 16 täcktes
654 1474 49 17 Hans
716 1474 101 22 Kejserliga
829 1474 87 21 Majestät,
929 1473 41 16 med

297 1506 97 18 Allmänna
407 1506 174 19 Besvärsutskottets
593 1507 112 18 betänkande
717 1508 35 17 N:o
766 1506 31 20 16.
