1034 1706
263 146 278 24 Petitionsbetänkande
554 148 47 22 N:o
616 149 40 21 22.
792 148 12 20 7

88 210 59 22 grund
162 210 20 18 af
191 215 126 17 noggrannare
329 210 85 22 pröfning
426 210 34 18 och
471 211 131 22 beräkningar;
615 210 91 18 mähända
717 211 57 17 borde
786 211 47 17 dock

88 239 52 17 deras
152 239 107 22 folkmängd
271 240 15 21 ej
299 238 19 18 fä
330 239 47 21 stiga
388 239 57 22 högre
457 241 23 15 än
492 239 28 17 till
532 239 66 22 15,000
609 239 115 17 innevänare.
744 240 27 16 De
782 240 51 16 kom-

88 273 70 16 muner,
171 268 72 17 hvarest
254 268 15 22 ej
282 267 60 23 nägon
354 268 52 16 skola
417 268 64 21 finnes,
495 268 59 17 skulle
567 273 42 12 vara
621 268 85 22 skyldiga
718 270 26 15 att
755 268 78 17 mednä-

89 302 36 16 gon
136 296 71 17 mindre
219 298 73 20 procent
304 296 21 20 (t.
339 301 28 12 ex.
381 296 10 17 5
404 296 30 22 ”/,)
446 298 42 20 taga
500 296 29 18 del
539 297 7 17 i
556 296 139 23 uppehällandet
701 296 20 17 af
725 298 108 20 grannsock-

88 330 44 12 nens
152 325 27 17 till
197 330 70 12 samma
284 324 115 18 skolomräde
418 325 79 17 hörande
513 325 97 17 folkskola.
635 325 64 17 Denna
711 325 53 21 afgift
775 324 58 17 skulle

88 354 68 18 liksom
173 360 41 12 vara
232 360 22 11 en
271 354 100 22 ersättning
389 354 65 22 derför,
474 355 25 16 att
517 354 22 18 de
550 354 55 17 hafva
617 354 85 22 rättighet
714 355 26 16 att
751 354 83 22 begagna

89 384 65 17 skolan
166 383 27 17 till
206 384 28 17 sin
245 382 77 18 förmän.
341 383 97 17 Dessutom
450 383 42 17 ville
501 383 34 23 jag
546 383 110 17 öfverlemna
666 383 27 17 till
700 382 79 18 ständets
786 382 47 22 pröf-

88 413 51 21 ning,
152 412 88 17 huruvida
252 412 29 17 det
293 413 15 21 ej
321 417 42 12 vore
376 412 46 21 skäl,
435 414 26 15 att
473 412 34 17 den
520 412 120 22 bestämning,
654 417 40 12 som
706 412 56 17 finnes
774 412 59 16 ifolk-

89 441 162 22 skoleordningens
263 441 34 17 118
309 442 16 20 $,
339 443 26 15 att
376 441 124 22 lönebidraget
511 441 41 18 frän
564 443 58 16 staten
633 441 91 22 indrages,
735 441 58 17 derest
800 441 33 16 ele-

89 476 63 12 vernas
170 470 47 17 antal
235 469 68 23 nedgär
321 470 28 17 till
360 470 29 21 15,
402 469 58 18 skulle
473 470 65 17 ändras
550 470 74 22 derhän,
638 472 26 15 att
675 470 128 21 statsbidraget
816 471 15 21 ej

90 499 57 17 skulle
164 499 92 22 borttagas
273 504 30 12 om
315 499 30 16 det
357 499 6 16 i
375 499 65 16 skolan
451 499 52 17 fanns
515 498 110 18 åtminstone
637 499 22 16 10
672 499 64 21 elever,
749 504 42 11 men
803 503 30 12 om

90 528 29 17 det
137 528 55 17 sedan
208 527 54 18 också
274 527 58 18 skulle
344 527 66 22 hända,
424 529 26 15 att
461 527 65 18 skolan
538 527 24 23 pä
574 527 58 22 grund
644 527 20 17 af
674 528 52 21 ringa
738 527 49 17 antal
799 527 34 16 ele-

89 562 31 11 ver
137 557 59 17 skulle
213 556 73 17 komma
303 557 6 16 i
326 556 71 17 saknad
410 556 20 17 af
440 556 116 23 statsbidrag,
569 561 43 12 vore
624 556 30 17 det
664 556 70 17 kanske
746 558 25 15 eit
782 555 51 18 verk-

89 587 47 16 samt
153 585 59 18 medel
230 587 25 16 att
266 585 61 22 tvinga
339 585 112 17 kommunen
464 587 25 16 att
501 585 58 18 samla
571 585 58 17 elever
641 585 27 17 till
679 585 110 21 folkskolan,
803 590 30 12 om

90 615 33 17 den
136 614 117 23 förpligtades
265 615 26 16 att
303 614 52 17 äfven
367 614 56 17 sedan
434 614 129 22 statsbidraget
575 614 83 22 upphört,
672 613 24 23 pä
708 619 45 17 egen
761 613 72 18 bekost-

90 644 36 17 nad
143 643 97 24 uppehälla
257 649 21 12 en
297 642 57 18 sädan
365 643 84 17 förfallen
460 643 57 18 skola.
543 643 51 17 Hvad
606 642 55 23 angär
672 643 160 17 folkskollärarnes

89 673 87 22 aflöning,
190 673 57 17 skulle
256 673 33 22 jag
301 672 86 23 härjemte
399 672 54 22 bedja
465 674 25 15 att
501 671 19 18 fä
531 672 47 17 fästa
589 671 79 18 ständets
674 672 159 22 uppmärksamhet

89 702 37 22 vid,
139 703 46 16 huru
198 702 51 21 ringa
261 701 34 18 den
307 701 31 17 lön
350 702 25 20 är,
389 701 28 17 för
428 701 74 17 hvilken
514 701 53 17 dessa
579 697 90 31 arbetarei
678 701 155 22 folkbildningens

89 732 55 21 tjenst
161 730 19 17 få
194 730 78 22 fullgöra
284 731 31 16 sitt
327 730 125 17 mödosamma
463 730 44 22 kall,
520 729 34 18 och
566 729 58 18 skulle
634 730 32 22 jag
678 729 70 18 derföre
759 729 72 22 föreslå,

90 761 26 15 att
134 759 21 17 de
170 758 138 22 löneförmäner,
322 764 39 11 som
373 759 110 16 kommunen
495 758 57 23 enligt
562 759 203 21 folkskoleordningens
777 759 10 20 $
799 758 34 17 117

90 790 20 15 är
122 787 73 23 skyldig
207 790 25 15 att
244 788 49 22 gifva
305 787 18 17 åt
333 787 144 21 folkskollärare,
491 787 76 17 sålunda
580 787 58 17 skulle
649 787 59 22 höjas,
722 789 25 15 att
754 787 33 17 den
794 787 37 21 lön,

90 822 41 12 som
148 817 28 17 för
194 816 56 17 lärare
268 817 73 16 komme
357 816 28 17 till
401 816 22 17 de
435 817 25 16 uti
474 816 58 17 denna
544 816 10 21 $
567 816 110 17 omnämnda
688 815 97 23 förmåner,
797 815 35 18 till-

90 851 91 12 sammans
199 845 41 17 med
252 845 127 22 statsbidraget
391 844 58 17 skulle
461 846 63 21 utgöra
536 845 56 16 minst
603 845 46 16 1000
660 845 60 17 finska
732 845 61 21 mark;
807 845 25 16 äf-

89 880 75 11 vensom
176 874 35 21 det,
225 879 39 12 som
276 874 59 17 skulle
346 874 74 17 komma
431 873 28 18 till
470 874 28 17 för
507 873 108 22 lärarinnan,
623 873 68 22 jemväl
700 873 133 22 sammanlagdt

90 904 41 16 med
150 903 127 22 statsbidraget
295 902 57 17 skulle
370 902 57 17 blifva
444 902 33 17 700
491 902 57 22 Mark,
562 904 47 15 samt
621 904 25 15 att
658 902 58 17 denna
728 902 104 22 tilläggslön

90 932 58 18 skulle
160 933 47 21 stiga
219 932 6 16 i
237 937 69 12 samma
317 931 42 17 män
371 937 40 11 som
423 931 125 22 lönebidraget
559 930 39 18 från
611 933 63 19 staten,
685 931 73 22 jemlikt
769 933 62 15 nämn-

90 961 24 18 da
125 961 115 22 förordnings
253 961 10 21 $
275 960 40 22 134,
327 961 94 16 hvaremot
431 961 8 16 i
451 960 58 17 stället
521 960 109 17 vinterfoder
641 960 28 17 för
681 960 23 17 ko
716 960 61 17 kunde
783 960 49 17 bort-

90 991 74 17 lemnas.

158 1030 97 18 Vördsamt
272 1029 27 18 får
314 1029 33 23 jag
361 1029 72 22 föreslå,
446 1031 25 16 att
483 1029 110 18 hedervärda
607 1029 134 18 Bondeständet
752 1031 6 16 i
770 1029 63 18 under-

91 1060 86 22 d&nighet
188 1059 58 18 skulle
258 1059 99 17 framställa
369 1059 75 22 petition
456 1060 25 15 att
493 1058 227 18 folkskoleförhällandena
732 1058 54 17 måtte
793 1058 39 18 ord-

87 1094 35 12 nas
135 1089 44 16 efter
191 1088 92 17 ofvanföre
295 1087 74 22 angifna
381 1087 84 22 grunder.

158 1122 112 21 Helsingfors
283 1122 34 17 den
329 1121 11 17 8
352 1121 86 18 Februari
450 1121 50 17 1877.

575 1162 20 19 T.
608 1163 24 18 H.
648 1161 117 19 Härkönen."

160 1257 51 21 Som
229 1263 72 20 synes,
318 1255 109 22 innehålla
442 1257 62 20 ofvan
520 1255 87 28 intagna
622 1253 211 29 petitionsmemorial

92 1292 52 20 flera
158 1291 69 21 skilda
242 1291 85 27 förslag,
345 1291 72 20 hvilka
432 1292 55 19 samt
501 1291 40 20 och
556 1291 138 26 synnerligen
709 1290 78 21 beröra
795 1290 36 21 de-

92 1326 198 27 taljbestämningar
307 1326 6 19 i
328 1324 52 21 våra
395 1325 100 26 gällande
510 1325 253 26 folkskoleförfattningar
777 1326 56 19 samt

92 1359 66 21 delvis
181 1365 41 20 ega
243 1358 101 21 inbördes
367 1359 140 26 gemenskap.
539 1358 107 21 Utskottet
668 1359 39 19 har
721 1357 29 28 på
764 1357 67 21 sådan

92 1393 70 28 grund
184 1393 69 20 funnit
274 1393 96 26 riktigast
392 1398 51 14 vara
459 1394 29 19 att
502 1393 7 19 i
524 1393 28 20 ett
567 1392 157 27 sammanhang
739 1393 94 26 upptaga

93 1428 49 21 dem
165 1427 41 21 alla
228 1427 29 21 till
276 1427 143 28 granskning;
437 1427 40 21 och
491 1426 34 21 får
539 1427 100 21 utskottet
655 1427 51 20 först
720 1427 65 20 uttala
801 1426 31 21 sin

92 1462 54 28 åsigt
165 1463 50 20 med
230 1462 117 27 anledning
361 1462 24 21 af
396 1462 56 21 Herr
467 1457 70 26 Öllers
552 1461 80 28 förslag
647 1468 34 14 om
697 1461 134 21 folkskolelä-

160 1502 99 18 Allmänna
271 1501 174 19 Besvärsutskottets
457 1501 111 19 betänkande
581 1501 35 18 N:o
629 1499 31 20 16.
