1045 1711
247 163 12 17 2
426 162 239 19 Petitionsbetänkande
677 162 38 19 N:o
727 162 34 19 40.

225 219 21 18 de
260 220 51 17 flesta
326 220 19 17 af
359 220 84 18 nationen
458 221 57 18 tänka
530 220 32 18 och
577 220 47 23 vilja,
637 220 34 18 blir
684 220 52 18 äfven
747 220 29 17 till
789 219 28 18 sin
828 219 45 18 form
885 225 21 12 en
918 219 49 18 frukt

224 248 19 18 af
253 249 73 23 mångas
339 249 108 18 samverkan.

291 277 9 18 I
312 277 33 19 den
356 278 84 18 moderna
452 279 59 17 staten
522 278 107 18 tillkommer
641 278 30 18 det
689 277 75 19 sålunda
778 277 144 20 statsmakterna,
937 277 33 17 Re-

223 306 62 24 gering
302 307 34 17 och
352 306 192 24 Folkrepresentation,
562 307 39 18 med
617 307 48 17 olika
682 306 80 18 fördelad
777 306 103 23 kompetens
895 306 75 18 emellan

223 335 39 18 dem
277 336 28 17 att
320 335 50 19 såväl
384 336 60 18 uttala
458 337 33 17 och
505 336 71 18 besluta
587 342 28 12 om
629 336 84 18 behofvet
728 336 19 17 af
761 335 209 24 lagstiftningsåtgärder

223 370 37 12 som
272 365 33 17 ock
317 365 28 17 att
356 364 7 18 i
376 364 44 18 sista
431 365 49 18 hand
492 365 62 23 afgöra
565 366 45 17 huru
623 365 50 18 detta
684 365 56 18 behof
750 364 47 18 skall
809 365 60 23 fyllas,
878 364 47 18 hvad
933 370 37 12 som

223 394 46 17 skall
283 399 42 12 vara
340 394 35 23 lag,
399 394 41 18 Men
454 394 28 18 för
497 394 84 23 lagarnas
595 394 100 18 beredande
711 394 33 18 och
759 393 118 19 utarbetande
896 394 33 17 har
947 393 23 23 på

222 422 49 18 olika
285 423 37 17 sätt
336 422 62 18 blifvit
411 422 56 23 sörjdt
478 423 7 17 i
497 423 58 18 skilda
567 423 62 18 stater.
653 422 90 24 Antingen
755 423 33 17 har
801 422 50 18 detta
863 422 107 23 maktpålig-

221 451 58 22 gande
290 451 40 18 värf
340 451 124 18 öfverlemnats
476 451 20 18 åt
507 452 63 17 enkom
582 451 27 18 för
621 451 50 18 detta
684 451 83 18 ändamål
778 451 93 18 inrättade
883 451 87 18 statskor-

221 479 102 23 porationer
338 480 43 18 eller
395 481 53 22 utgör
463 481 31 17 det
508 480 61 18 tillika
583 480 39 18 med
638 480 129 23 befogenheten
781 481 28 17 att
820 481 101 17 framställa
933 481 37 22 lag-

221 508 72 23 förslag,
305 508 31 18 det
347 514 14 13 s.
372 508 18 19 k.
402 509 227 23 lagstiftningsinitiativet,
641 513 22 14 en
679 507 56 20 bland
747 509 114 24 regeringens
869 509 101 18 funktioner

221 537 44 18 eller
282 537 108 18 tillkommer
407 537 87 18 hvardera
512 538 49 18 säväl
579 538 81 23 regering
677 543 38 12 som
733 538 178 23 folkrepresentation
931 537 39 18 med

222 565 29 18 det
269 566 90 22 egentliga
375 566 107 23 berednings
500 567 69 17 arbetet
583 567 37 17 dels
635 567 80 22 förlagdt
729 567 49 17 inom
794 567 176 17 statsministerierna

221 594 37 18 dels
271 593 99 19 anförtrodt
382 594 20 18 ät
413 595 87 18 särskilde
511 595 27 18 för
549 595 82 18 tillfället
644 596 129 17 sammansatta
785 595 91 18 komitöer.

289 629 35 18 Väl
341 629 68 18 bekant
427 630 20 17 är
461 630 89 21 hurusom,
567 630 44 18 efter
627 630 30 18 det
672 630 196 23 lagstiftningsmakten
880 630 7 18 i
900 630 70 23 Sverige

222 656 130 25 Ofverflyttades
367 658 39 18 från
418 658 101 24 folktingen
530 658 30 18 till
572 664 22 13 en
605 658 180 24 riksrepresentation
798 659 33 18 och
843 659 57 23 enligt
912 659 21 18 de
945 659 25 18 äl-

221 687 31 18 dre
267 687 144 22 konstitutioner,
428 688 64 18 hvaraf
503 688 40 18 värt
554 688 125 18 fädernesland
691 688 47 18 varit
746 688 93 23 delaktigt,
849 688 48 18 olika
905 688 65 23 grund-

221 717 56 17 satser
295 716 111 18 beträffande
424 717 110 23 rättigheten
549 718 28 17 att
593 717 48 18 inom
655 717 30 18 det
703 717 77 23 omräde,
796 717 31 18 der
842 717 96 18 stiftandet
952 718 20 17 af

220 745 31 23 lag
261 744 106 19 tillkommit
378 745 69 23 Regent
459 746 33 18 och
504 746 74 23 riksdag
589 747 114 22 gemensamt,
716 746 100 18 framställa
829 746 103 23 lagförslag,
940 752 30 12 va-

220 773 25 19 rit
259 774 79 18 rädande
354 774 64 18 liksom
434 774 32 18 ock
482 775 28 17 att
522 775 57 18 denna
591 775 49 18 makt
652 781 73 12 numera
737 775 113 18 uteslutande
862 776 108 18 tillkommer

221 802 101 22 Monarken,
332 803 100 18 Ständerna
442 804 64 17 endast
514 804 88 23 rättighet
610 804 111 18 förbehällen
734 805 28 17 att
773 810 63 17 genom
848 804 122 23 underdäniga

219 832 97 22 petitioner
327 832 59 18 uttala
398 832 27 24 sig
437 838 28 12 om
473 832 55 18 behof
535 833 19 17 af
561 833 208 23 lagstiftningsätgärder
778 833 50 18 såväl
837 834 49 17 inom
893 834 76 18 nämnde

220 860 60 23 gebiet
295 866 37 13 som
344 861 32 18 ock
388 861 27 18 uti
428 863 68 20 ämnen,
509 861 51 18 hvari
572 861 85 24 Kejsaren
669 862 33 17 och
715 861 110 19 Storfursten
838 868 60 12 ensam
909 863 61 17 stiftar

219 890 36 23 lag.
277 890 33 18 Ett
317 890 39 18 icke
364 890 68 18 mindre
440 890 56 19 kändt
504 890 112 19 förhållande
625 892 20 17 är
654 892 35 20 att,
694 891 55 23 jemte
758 891 31 18 det
797 891 106 18 Monarkens
910 893 59 22 egent-

219 918 38 23 liga
271 919 33 18 och
315 919 99 18 förnämsta
432 925 55 17 organ
504 919 27 18 för
546 919 110 19 beredandet
668 920 19 17 af
697 920 208 23 lagstiftningsätgärder
917 922 53 21 utgör

219 947 99 24 Kejserliga
334 948 77 18 Senaten
425 948 28 18 för
467 949 84 23 Finland,
566 949 50 18 Hans
631 949 90 22 Majestät,
737 949 78 23 följande
831 955 22 12 en
865 949 36 21 sed,
913 955 38 12 som
963 950 6 17 i

219 977 32 18 vär
262 977 107 23 laghistoria
380 977 66 18 fäknar
456 978 61 23 gamla
528 978 33 18 och
573 978 74 23 lysande
659 983 47 16 anor,
714 979 67 22 plägat,
791 978 30 18 der
829 979 31 17 det
867 979 47 22 gällt
922 984 48 13 mera

219 1005 110 19 omfattande
343 1005 65 24 frågor,
424 1006 27 18 för
463 1007 31 17 det
504 1007 57 18 första
573 1007 177 22 beredningsarbetet
766 1007 57 18 anlita
835 1007 85 18 särskildt
932 1008 38 17 till-

219 1035 47 18 satte
281 1035 33 18 och
328 1035 28 18 för
371 1035 102 18 ändamålet
487 1035 129 24 bemyndigade
632 1036 85 18 komiteer
733 1036 19 18 af
763 1036 112 23 sakkunnige
886 1042 83 17 personer

219 1067 21 14 tr
252 1063 49 18 olika
313 1063 160 19 samhällsklasser.

289 1098 33 18 Att
337 1098 57 18 denna
409 1098 181 23 beredningsmethod
601 1099 41 18 haft
654 1099 39 18 sina
704 1099 79 18 fördelar
799 1100 31 17 och
847 1101 28 16 att
886 1100 34 17 den
931 1100 37 18 till-

219 1126 36 18 fört
270 1127 70 17 arbetet
353 1127 7 17 i
375 1127 51 23 fräga
440 1127 19 17 sä
475 1127 47 23 goda
533 1128 68 18 krafter
613 1133 37 12 som
663 1128 115 18 öfverhufvud
791 1129 6 16 i
809 1129 63 17 landet
883 1129 46 17 stätt
941 1130 27 16 att

219 1156 53 20 finna,
287 1156 47 18 lärer
345 1156 39 18 icke
395 1156 60 22 nägon
466 1156 44 23 vilja
522 1156 85 23 bestrida,
619 1162 40 12 men
671 1162 22 12 en
706 1157 101 23 olägenhet,
819 1162 37 13 som
869 1157 15 23 ej
897 1157 27 18 fär
936 1163 32 12 un-

219 1184 106 23 derskattas,
337 1190 51 18 synes
400 1184 45 18 dock
457 1190 44 13 vara
513 1185 71 18 dermed
595 1185 79 18 förenad.
693 1185 28 18 Dä
732 1185 28 18 för
771 1185 68 18 sädana
847 1186 19 17 af
874 1186 48 18 olika
930 1192 38 17 per-

219 1218 52 14 soner
284 1213 96 19 bestående
394 1213 86 19 komiteer
495 1214 41 18 med
550 1214 81 23 uppdrag
646 1214 27 18 för
690 1214 57 18 skilde
762 1214 50 18 delar
824 1214 19 18 af
854 1215 114 23 lagsystemet

219 1242 56 23 nägot
289 1242 87 18 samband
390 1243 42 17 eller
447 1248 21 12 en
484 1248 101 17 gemensam
599 1242 73 23 ledning
688 1243 39 17 icke
742 1243 74 21 funnits,
833 1243 20 18 sä
867 1244 56 17 mäste
938 1244 30 17 det

218 1270 36 18 lätt
265 1270 59 18 hända
337 1270 49 18 såväl
399 1271 27 17 att
438 1276 21 12 en
471 1270 45 18 hvar
528 1270 19 18 af
558 1270 43 21 dem,
615 1270 40 18 med
668 1270 26 18 sin
707 1270 85 23 partiella
804 1272 72 22 uppgift
888 1272 26 17 för
927 1273 41 21 ögo-

218 1304 39 16 nen,
275 1299 75 17 förlorar
368 1298 56 18 andra
440 1299 50 17 delar
502 1299 33 17 och
547 1298 31 18 det
589 1299 41 17 hela
641 1304 21 12 ur
675 1299 46 23 sigte
734 1305 37 11 som
784 1299 51 18 äfven
847 1301 28 16 att
886 1300 7 17 i
902 1300 66 18 afseen-

219 1327 21 18 de
253 1327 10 18 &
277 1327 130 23 uppställning,
422 1327 96 23 affattning
532 1328 33 17 och
580 1328 119 22 uttryckssätt
715 1328 53 22 högst
787 1328 48 18 olika
853 1328 115 23 grundsatser

218 1356 58 24 följas.
300 1356 74 18 Oafsedt
389 1356 34 18 den
439 1356 73 22 olikhet,
526 1362 37 12 som
577 1356 52 18 beror
644 1356 24 24 pä
680 1362 21 12 en
714 1358 56 17 större
782 1357 44 18 eller
838 1358 68 18 mindre
918 1358 50 18 makt

219 1385 48 19 öfver
283 1386 59 18 ämnet
354 1385 43 19 eller
410 1385 47 19 öfver
470 1386 73 23 språket
554 1385 57 19 måste
623 1385 59 21 alltså,
694 1386 101 18 föreställer
805 1386 32 24 jag
849 1386 42 24 mig,
904 1387 21 18 de
937 1387 30 18 ko-

218 1415 116 23 miteförslag,
346 1420 38 13 som
395 1415 30 18 till
437 1415 99 23 Kejserliga
549 1415 76 18 Senaten
638 1415 95 20 inkomma,
741 1415 56 18 förete
805 1421 22 12 en
835 1416 64 23 brokig
906 1416 61 23 mäng-

218 1444 38 19 fald
267 1444 8 17 i
287 1444 33 18 allt
332 1449 38 13 som
382 1444 64 18 hänför
457 1444 29 23 sig
498 1444 30 18 till
536 1444 72 18 formen.
623 1444 34 18 Att
665 1444 63 23 dylika
737 1444 108 23 ojemnheter
853 1445 43 18 eller
904 1445 63 18 oform-

219 1473 77 23 ligheter
309 1473 123 23 väsendtligen
451 1472 89 25 afhjelpas
557 1473 30 18 vid
605 1473 99 23 förslagens
723 1473 143 24 öfverarbetning
877 1475 48 17 inom
937 1475 30 17 Se-

285 1512 123 25 Lagutskottets
420 1515 103 18 betänkande
534 1514 34 19 N:o
580 1515 28 18 17.
