1061 1706
221 154 12 20 2
362 152 308 30 Petitionsbetänkande
683 154 46 18 N:o
742 154 44 18 96.

192 221 57 27 gång
265 220 107 28 behöfliga
387 221 91 27 utbyten
494 222 24 21 af
531 221 85 28 äsigter
631 222 39 21 och
684 222 117 26 meningar,
819 222 26 20 de
860 222 91 26 respek-

194 256 44 20 tiva
262 255 94 21 Ständen
380 256 96 26 emellan,
496 256 7 20 i
518 256 42 26 hög
575 256 54 27 grad
644 256 128 25 försvärats;
789 256 39 21 och
843 256 28 21 dä
887 256 62 21 Stän-

194 290 67 21 derna
283 296 95 20 numera,
402 290 68 26 enligt
495 290 79 27 nådiga
600 290 235 27 landtdagsordningen
859 291 41 21 den
920 292 29 26 3;

194 324 62 27 April
274 325 53 20 1869
345 324 60 21 skola
421 324 181 22 sammankomma
617 324 130 22 ätminstone
766 324 64 22 hvart
844 324 65 22 femte
925 325 25 21 är

194 359 33 21 till
243 358 104 27 landtdag
362 358 40 21 och
414 358 80 26 jemväl
510 359 72 21 kunna
596 359 33 21 till
640 360 79 20 urtima
729 359 104 26 landtdag
843 354 106 26 samman-

194 393 76 26 kallas,
294 393 28 21 dä
344 392 60 22 Hans
427 392 103 28 Majestät
544 393 106 27 Kejsaren
666 394 24 20 sä
704 393 76 26 nödigt
798 393 73 27 finner,
888 394 62 20 torde

196 428 36 21 det
247 427 40 21 här
303 426 63 22 ofvan
382 427 113 22 anmärkta
510 427 203 27 missförhällandet,
729 440 27 4 —
774 427 24 22 sä
812 428 51 26 föga
881 427 69 22 öfver-

196 461 173 22 ensstämmande
390 461 50 22 med
462 461 132 22 Ständernas
616 462 120 27 värdighet,
760 474 27 3 —
809 462 47 21 icke
878 462 74 21 kunna

194 496 109 29 framgent
317 495 98 27 fortfara,
431 497 53 20 utan
500 502 62 21 synes
577 496 77 27 frägan
670 502 34 16 om
722 496 145 27 uppförandet
882 495 23 23 af
919 498 32 19 ett

195 531 132 26 gemensamt
347 530 135 27 ständerhus,
502 530 86 22 hvilken
603 530 37 21 vid
657 528 53 24 1872
734 531 36 21 &rs
792 530 104 27 landtdag
917 537 33 15 se-

195 566 50 20 nast
259 564 95 26 väcktes,
369 570 49 15 men
434 564 28 21 dä
477 565 19 27 ej
512 571 56 15 vann
587 565 33 21 sin
639 565 91 26 lösning,
746 565 53 21 böra
815 565 35 21 vid
865 565 86 22 inneva-

195 599 67 22 rande
277 599 104 26 landtdag
396 599 55 27 änyo
466 599 34 21 till
515 599 131 27 behandling
660 601 114 25 upptagas.

267 633 75 22 Under
356 633 109 27 intrycket
482 633 24 22 af
524 634 69 21 denna
607 633 144 28 uppfattning,
768 640 46 15 som
830 634 122 27 säkerligen

197 669 58 20 delas
279 668 23 21 af
322 668 91 26 mängen
436 668 66 21 bland
527 669 202 26 representanterne
751 668 36 21 vid
810 668 142 27 landtdagen,

196 703 81 21 tilläter
298 703 37 26 jag
357 702 45 27 mig
423 703 40 20 hos
487 702 114 28 Vällofliga
622 703 185 26 Borgareständet
824 703 81 21 föreslä
920 705 33 19 att

197 737 92 21 Ständet
311 737 50 20 ville
384 736 75 22 förena
482 737 33 27 sig
537 743 34 15 om
595 737 40 21 och
649 737 89 26 inbjuda
754 737 123 27 respektiva
895 737 59 22 med-

197 771 92 22 ständen
304 772 33 20 att
353 771 87 26 deltaga
454 771 8 20 i
477 777 26 15 en
518 771 134 26 underdänig
671 771 92 26 petition
776 771 80 27 derom,
873 774 33 19 att
922 773 32 20 ett

198 805 129 22 ständerhus
349 805 49 21 med
421 805 183 27 ändamälsenliga
625 805 84 21 lokaler
727 805 34 22 för
781 806 27 21 de
824 807 33 20 tre
873 805 80 22 ofrälse

199 839 96 22 Ständen
317 839 68 22 mätte
407 839 47 22 före
473 839 193 22 nästinstundande
682 840 103 27 landtdag
800 839 39 22 här
854 841 7 20 i
877 841 78 21 staden

197 875 50 20 med
263 874 107 21 alimänna
385 874 71 21 medel
470 874 111 27 uppföras,
590 874 110 21 äfvensom
716 875 33 21 att
764 876 32 19 ett
807 875 103 21 särskildt
920 876 35 20 ut-

199 909 60 21 skott
275 908 120 22 emellertid
411 909 67 21 mätte
494 909 109 26 tillsättas,
620 908 34 21 för
668 909 33 21 att
712 908 101 28 utförligt
823 909 81 27 förslag
915 909 40 22 och

199 943 136 22 betänkande
351 943 7 21 i
374 943 70 21 denna
462 943 156 27 angelägenhet
637 943 86 27 afgifva.
753 943 144 27 Helsingfors,
914 944 41 21 den

199 979 12 20 9
228 978 104 21 Februari
350 979 62 20 1877.

719 1023 30 22 H.
764 1023 117 22 Höckert.'

273 1114 217 27 Landtdagsmannen
506 1114 67 21 Ketos
589 1114 81 27 förslag
686 1115 69 26 lyder:

380 1205 4 10 »
387 1189 48 26 Till
450 1189 141 21 Hedervärda
604 1189 171 22 Bondeständet!

272 1245 130 21 Erfarenhet
422 1245 49 20 frän
494 1245 26 20 de
542 1246 129 25 föregäende
691 1246 39 21 och
746 1246 63 21 äfven
823 1247 48 20 frän
887 1247 70 21 denna

201 1279 103 27 landtdag
319 1279 39 21 har
373 1279 59 26 gjort
446 1278 101 21 behofvet
562 1279 23 20 af
598 1281 32 19 ett
652 1279 135 26 ständerhus,
804 1280 39 21 der
853 1280 103 21 Finlands

202 1313 101 28 samtliga
318 1312 92 22 Ständer
426 1312 71 22 kunde
513 1313 84 26 samlas,
614 1313 39 22 allt
668 1319 45 16 mer
728 1313 40 22 och
782 1320 47 15 mer
841 1314 114 23 kännbart.

202 1349 43 20 Det
267 1347 62 22 torde
351 1347 57 22 inom
424 1347 43 22 alla
482 1347 63 22 ständ
560 1353 52 16 vara
630 1348 77 21 endast
723 1355 26 14 en
764 1350 48 20 röst
827 1349 79 28 derom,
923 1351 33 20 att

203 1384 36 21 det
254 1385 23 19 är
293 1382 118 27 olämpligt,
425 1382 29 27 ja,
464 1388 34 15 om
512 1382 37 28 jag
565 1382 24 22 sä
603 1383 67 27 vägar
685 1383 100 28 uttrycka
800 1384 49 27 mig,
864 1384 92 22 Finland

204 1417 104 27 ovärdigt,
325 1418 33 20 att
374 1417 48 20 dess
439 1416 231 29 Ständerförsamlings
685 1418 108 21 särskilda
809 1419 63 21 ständ
888 1419 66 27 skola,

203 1453 73 26 hvarje
299 1452 56 27 gång
376 1451 62 22 Hans
457 1451 122 28 Kejserliga
593 1451 103 28 Majestät
711 1453 168 22 sammankallar
894 1454 62 22 Stän-

273 1491 195 18 Ständerhusutskottets
481 1491 110 18 betänkande.
