1045 1709
263 138 272 23 Petitionsbetänkande
550 140 45 22 N:o
609 141 38 21 22.
766 140 24 20 11

82 208 48 14 mar
144 202 63 21 blifva
221 201 90 29 skadlig.
342 202 31 22 På
387 209 83 15 samma
484 202 57 28 gång
556 204 35 20 det
605 202 83 22 således
703 204 115 26 erkännes,

83 237 30 20 att
127 236 103 22 reformer
244 236 30 21 till
289 237 105 27 qvinnans
408 236 82 22 förmån
506 240 59 18 ännu
579 236 78 22 återstå
672 239 30 19 att
716 241 59 24 göra,
793 237 28 28 på

83 276 83 15 samma
187 269 58 28 gång
266 269 68 23 måste
357 270 35 21 det
407 272 62 20 äfven
485 265 125 34 medgifvas,
628 273 29 19 att
671 272 107 26 yrkandet
793 271 28 28 på

83 311 27 14 en
131 304 84 21 radikal
236 305 125 27 förändring
382 306 24 20 af
422 306 123 27 grunderna
560 307 32 20 för
606 305 46 21 vårt
667 307 99 26 politiska
780 307 41 20 och

83 339 78 20 sociala
175 338 25 21 lif
212 339 48 21 icke
275 341 24 19 är
313 338 98 22 hållbart.

149 378 106 22 Utskottet
276 379 40 20 har
334 380 18 26 ej
369 381 35 25 egt
419 381 29 20 att
463 379 50 28 ingå
527 381 7 20 i
548 380 99 27 pröfning
663 381 22 20 af
699 381 42 20 den
758 379 64 21 svåra

82 413 41 20 och
140 413 132 21 omfattande
286 412 158 28 principfrågan
459 421 35 14 om
508 414 83 21 könens
605 415 79 20 sociala
699 415 39 20 och
753 414 67 27 politi-

82 447 39 21 ska
136 447 109 28 ställning;
262 447 155 22 ofvanstående
432 451 24 18 är
471 449 84 21 anfördt
569 449 75 20 endast
659 450 32 20 för
706 450 29 19 att
750 449 72 20 erinra

82 487 36 15 om
136 483 128 26 ursprunget
279 482 29 20 till
323 481 42 21 den
380 483 117 26 ojemnhet,
514 483 63 20 hvars
592 483 133 20 afskaffande
740 489 30 14 nu
785 483 36 20 be-

82 517 70 25 gäres.
182 515 35 21 Då
231 523 51 14 man
298 517 53 20 efter
366 517 57 20 hand
438 517 89 27 började
542 516 22 21 åt
579 517 92 26 qvinnan
688 517 93 21 anförtro
790 515 32 22 så-

83 549 57 21 dana
162 550 112 27 uppgifter,
296 550 72 21 hvilka
384 551 89 26 tidigare
488 550 129 22 förbehållits
632 557 94 14 mannen
743 551 77 25 allena,

81 583 40 21 har
144 585 107 26 nämligen
271 585 36 20 det
320 584 98 27 billigare
432 585 50 26 pris,
499 585 89 21 hvarför
603 585 40 21 hon
659 585 90 20 befanns
764 584 59 27 villig

82 619 29 20 att
126 616 63 29 åtaga
203 619 32 26 sig
251 618 117 21 olikartade
383 619 148 26 befattningar,
549 619 52 20 varit
611 620 32 19 en
655 618 165 27 omständighet,

81 652 89 21 hvarvid
184 651 57 22 både
256 653 102 20 statsmän
374 653 39 20 och
429 653 96 20 enskilde
539 653 61 20 fästat
615 653 83 26 ganska
713 654 42 19 stor
766 652 54 27 vigt;

82 685 76 22 sådant
179 687 84 20 bevisas
285 686 67 21 redan
370 687 24 20 af
407 687 35 20 det
457 686 164 27 genomgående
636 685 140 27 förhållande,
794 687 30 20 att

83 721 105 27 qvinnans
209 721 74 21 arbete
304 721 31 21 uti
357 721 28 21 de
404 722 55 20 mest
473 721 118 20 olikartade
605 721 69 26 yrken
691 721 132 26 uppskattats

81 755 61 27 lägre
164 757 27 18 än
214 761 112 15 mannens.
364 755 48 21 Den
435 755 108 20 allmänna
565 755 204 27 rättsgrundsatsen,
794 756 29 19 att

81 789 150 28 godtgörelsen
246 789 33 21 för
293 791 29 19 ett
336 789 74 21 arbete
424 789 40 21 bör
477 790 55 19 rätta
546 790 33 26 sig
594 789 53 21 efter
661 789 76 20 värdet
751 789 23 20 af
787 789 37 20 det

81 823 92 27 utförda,
190 823 72 21 denna
276 823 113 27 grundsats
404 823 42 21 fick
461 822 83 22 således
559 823 50 20 vika
623 823 32 21 för
670 823 42 20 den
729 823 94 21 bekanta

83 858 140 22 ekonomiska
241 858 43 27 lag,
301 860 31 19 att
345 859 65 26 priset
424 859 65 20 rättar
504 859 32 26 sig
551 859 52 20 efter
618 858 73 21 anbud
705 858 40 21 och
760 858 62 21 efter-

81 892 75 28 frågan
171 904 28 3 —
214 899 27 14 en
256 893 42 27 lag,
315 893 86 20 hvilken
418 893 19 26 ej
455 892 74 21 endast
545 892 36 21 vid
592 892 86 26 handel,
688 891 133 22 utan
747 887 15 37 i
773 891 48 22 mån-

81 933 28 21 ga
131 927 68 21 andra
219 927 23 20 af
253 927 68 21 lifvets
336 926 149 22 förhållanden
501 933 51 20 eger
566 927 102 26 giltighet.
700 926 36 21 Att
751 926 73 21 denna

81 961 36 27 lag
138 961 8 20 i
168 961 97 20 enskilda
279 961 37 20 fall
330 961 43 20 kan
388 967 53 14 vara
456 961 87 26 mycket
558 959 53 22 hård
627 961 40 20 och
682 960 72 27 obillig
768 960 55 20 lider

81 995 54 21 intet
153 994 77 27 tvifvel,
247 1001 50 15 men
312 995 44 20 lika
370 995 72 20 säkert
457 997 30 25 är,
504 996 29 19 att
548 995 127 20 densamma
690 995 18 26 ej
725 995 43 20 kan
784 994 36 20 till-

81 1030 115 26 intetgöras
215 1029 52 22 eller
282 1030 118 26 upphäfvas
414 1030 51 20 med
480 1031 29 19 ett
523 1027 131 29 maktspråk.
685 1029 50 20 Helt
750 1029 72 20 natur-

81 1064 37 26 ligt
140 1064 128 21 framställer
289 1064 33 27 sig
344 1063 28 21 då
393 1064 75 20 härvid
490 1063 42 22 den
554 1062 60 28 fråga
634 1063 29 20 till
678 1062 141 27 besvarande,

79 1097 141 22 hvilkendera
241 1099 24 20 af
285 1097 63 22 dessa
370 1098 106 27 principer
499 1099 67 20 staten
588 1097 39 22 bör
642 1097 57 28 följa,
717 1097 53 21 eller
785 1103 36 15 om

81 1132 103 27 möjligen
199 1139 28 14 en
242 1132 128 27 förmedling
385 1132 49 21 dem
451 1132 92 21 emellan
558 1134 25 18 är
597 1133 28 19 att
640 1132 93 21 förorda.

150 1172 57 21 Sedd
229 1172 44 21 helt
295 1172 94 21 abstrakt
411 1172 40 21 och
471 1173 51 20 utan
537 1171 101 22 afseende
653 1171 28 28 på
697 1172 67 26 öfriga
780 1172 40 20 för-

82 1205 115 22 hållanden
219 1213 65 19 synes
298 1205 76 28 frågan
389 1206 37 21 lätt
441 1206 90 27 afgjord.
562 1205 41 22 Om
619 1205 59 22 såväl
693 1204 128 29 tjensteålig-

81 1240 87 27 ganden
191 1246 46 15 som
258 1240 198 27 arbetsskicklighet
477 1240 108 21 erkännas
599 1240 32 21 för
647 1240 130 21 folkskolans
792 1239 29 20 lä-

80 1281 51 14 rare
145 1275 40 21 och
199 1274 119 21 lärarinnor
333 1281 51 14 vara
399 1275 91 27 ungefär
505 1274 120 26 enahanda,
644 1281 49 13 men
702 1273 120 22 emellertid

81 1309 42 20 den
143 1308 103 27 tillfälliga
261 1308 184 28 omständigheten
461 1309 23 20 af
496 1309 42 20 den
553 1308 128 21 arbetandes
697 1308 42 21 kön
755 1307 67 21 vållar

81 1342 85 21 skilnad
187 1343 7 18 i
209 1342 213 26 aflöningsbeloppet,
439 1341 24 20 så
478 1344 25 17 är
517 1342 36 19 det
567 1342 126 25 uppenbart,
710 1343 29 18 att
754 1343 69 18 staten

82 1377 69 19 mäter
173 1381 82 15 samma
277 1375 75 21 arbete
367 1375 49 20 med
433 1376 78 19 tvenne
525 1375 56 20 olika
595 1374 60 21 mått.
686 1375 42 20 Det
743 1375 43 19 kan
802 1379 19 26 ej

81 1409 111 27 bestridas,
209 1410 29 20 att
256 1409 58 21 detta
328 1409 91 21 innebär
434 1407 65 29 något
513 1409 32 21 för
559 1408 142 22 rättskänslan
716 1408 105 27 stötande,

81 1444 99 23 hvarföre
195 1443 66 23 också
275 1450 27 15 en
318 1445 78 20 reform
412 1444 23 21 af
446 1444 127 21 hithörande
583 1444 160 26 bestämningar
750 1443 74 21 kunde

149 1483 98 18 Allmänna
260 1483 172 18 Besvärsutskottets
444 1483 111 17 betänkande
568 1483 35 17 N:o
616 1481 31 19 16.
