1042 1700
226 174 11 19 2
345 176 321 22 Petitionsbetänkande
681 176 50 20 N:o
749 176 42 22 15.

196 239 36 23 vid
248 239 317 26 folkskollärareseminarierna,
585 240 110 19 enahanda
711 240 99 20 afseende
826 241 37 19 bör
878 240 64 19 fästas

198 273 33 20 vid
256 272 148 27 tjensteäldern
428 273 38 20 hos
482 274 100 25 sökande,
601 273 72 20 hvilka
695 274 56 19 förut
773 275 119 25 tjenstejort
907 273 35 20 vid

197 307 247 24 elementarläroverken,
459 314 43 13 som,
518 307 66 26 enligt
599 307 40 20 den
656 307 23 19 af
691 308 138 25 petitionären
841 307 100 26 äberopa-

198 341 25 19 de
239 343 9 22 $
264 341 6 19 i
286 341 79 26 nådiga
382 341 148 26 förordningen
555 341 108 26 angående
686 341 141 25 organisation
851 341 24 20 af
888 341 53 19 folk-

196 375 168 24 skoleväsendet,
381 375 36 19 bör
432 375 73 19 hafvas
521 375 12 19 &
548 375 185 19 seminariilärares
751 375 106 26 tjensteär,
873 375 27 19 dä
915 375 26 19 de

196 409 80 20 ansöka
291 409 64 26 tjenst
365 409 34 19 vid
411 409 64 25 nägot
485 409 219 20 elementarläroverk.
730 408 30 20 Af
773 409 168 26 lagstiftningens

195 443 89 19 berörda
300 442 84 26 tystnad
400 442 38 20 har
456 443 139 25 petitionären
619 443 68 25 dragit
702 443 40 20 den
762 443 91 25 slutsats,
869 445 31 17 att
915 449 25 13 en

196 476 58 25 dylik
277 476 96 26 reciprok
395 477 99 25 rättighet
517 479 23 17 är
560 476 67 20 lärare
643 477 32 19 vid
700 477 239 20 elementarläroverken

195 510 118 26 förvägrad.

263 544 32 19 En
310 544 129 26 granskning
463 544 23 19 af
504 544 233 26 skolförfattningarnas
756 545 130 26 stadganden
905 551 33 13 om

194 578 119 26 grunderna
323 578 31 20 för
368 578 166 26 läraretjensters
548 578 123 20 besättande
684 578 67 26 gifver
767 579 54 20 dock
837 579 35 19 vid
888 580 50 19 han-

196 612 39 19 den
252 613 38 23 att,
306 618 32 13 om
360 618 24 13 en
400 612 122 26 fullständig
537 612 134 25 reciprocitet
686 613 29 19 uti
730 619 27 13 nu
781 613 160 25 ifrågavarande

194 645 98 19 afseende
303 645 6 18 i
320 644 75 26 sjelfva
410 645 73 19 verket
499 646 17 25 ej
534 648 23 17 är
570 645 141 26 uttryckligen
727 646 105 19 statuerad
849 646 32 19 för
897 646 40 19 ele-

193 679 216 19 mentarläroverkens
424 679 67 19 lärare
508 679 12 19 &
535 685 40 14 ena
590 681 53 17 samt
659 679 94 20 lärarene
764 679 33 20 vid
814 679 123 20 folkskollä-

192 713 196 19 rareseminarierna
404 713 12 18 å
431 713 65 19 andra
511 713 67 24 sidan,
593 713 65 25 nägot
676 713 46 20 stöd
738 713 47 20 icke
803 713 66 20 heller
885 713 52 20 före-

192 747 66 19 finnes
273 746 31 19 för
320 746 40 20 den
376 746 96 26 tolkning
487 746 23 19 af
522 747 67 26 sagda
603 746 154 27 författningar,
772 749 31 18 att
815 747 123 20 elementar-

191 781 78 18 lärares
285 780 99 25 tjensteär
406 780 67 19 skulle
489 781 34 19 vid
540 781 117 25 ansökning
672 781 23 19 af
708 781 132 26 läraretjenst
856 781 34 19 vid
907 787 30 14 se-

192 814 124 19 minarierna
333 814 50 19 böra
398 814 51 19 eller
464 814 71 20 kunna
546 814 79 20 lemnas
636 816 49 17 utan
697 815 40 19 allt
747 814 105 20 afseende.
875 815 63 19 Emot

192 854 24 13 en
239 847 65 20 sädan
327 847 97 26 tolkning
446 847 43 20 tala
511 848 63 19 bland
595 850 64 17 annat
673 848 145 26 stadgandena
833 849 6 18 i
855 849 24 19 31
897 849 40 19 och

191 881 25 19 33
228 883 21 22 $$
260 881 23 19 af
296 881 149 19 meranämnda
460 881 77 26 nädiga
551 881 128 26 förordning.
702 881 9 20 I
727 882 40 19 den
779 882 55 19 förra
845 882 23 19 af
877 883 60 18 dessa

190 917 22 21 SS
228 918 85 16 nämnes
329 914 63 20 bland
408 914 145 26 fordringarna
568 914 31 19 för
621 915 122 25 kompetens
762 915 30 19 till
814 915 121 26 läraretjen-

190 950 41 17 ster
253 948 34 19 vid
310 948 139 22 seminarium,
466 950 30 17 att
516 948 107 19 sökanden
645 948 37 19 bör
698 955 40 19 ega
753 949 40 19 den
817 949 118 20 erfarenhet

190 981 39 20 och
240 981 127 26 skicklighet
377 983 53 18 samt
442 988 53 13 vana
512 981 33 20 vid
562 981 155 26 undervisning,
729 989 43 12 som
789 983 31 19 för
835 983 101 25 tjenstens

189 1015 101 26 behöriga
312 1015 161 20 handhafvande
496 1015 111 26 erfordras,
623 1015 40 19 och
677 1015 7 19 i
700 1015 40 20 den
756 1023 73 13 senare
845 1017 89 19 bestäm-

189 1056 49 18 mes,
254 1051 31 17 att
300 1049 93 19 sökande
409 1049 31 19 till
456 1049 64 19 sädan
544 1049 63 26 tjenst
623 1049 36 19 bör
675 1049 30 19 till
721 1050 31 19 sin
771 1051 118 25 ansökning
904 1050 29 20 fo-

188 1089 33 19 ga,
237 1085 57 17 utom
310 1084 70 23 annat,
396 1082 122 20 verificerad
529 1083 199 26 meritförteckning,
740 1084 59 25 intyg
810 1084 58 20 öfver
884 1084 49 20 äda-

188 1116 86 26 galagdt
292 1116 131 20 förhållande
438 1116 6 19 i
460 1116 56 20 förut
535 1116 98 20 innehafd
656 1118 61 25 tjenst
736 1117 39 20 och
791 1116 69 21 ”hvad
874 1124 59 14 mera

186 1151 69 19 säsom
273 1149 185 28 befordringsskäl
473 1150 104 27 äberopas
592 1150 63 20 kan.”
678 1151 37 19 Att
731 1151 60 20 dessa
807 1151 125 20 bestämnin-

186 1191 38 19 gar
238 1191 40 19 ega
289 1184 147 26 tillämplighet
451 1184 26 25 pä
493 1185 137 19 förevarande
645 1185 60 26 fräga
720 1187 23 17 är
758 1185 123 26 uppenbart,
893 1186 38 19 och

186 1218 27 20 dä
228 1218 69 19 härtill
313 1218 93 19 kommer
422 1220 30 17 att
474 1219 122 25 upprättadt
617 1218 78 26 förslag
714 1219 38 19 och
769 1219 66 19 skedd
852 1221 79 18 utnäm-

186 1253 49 24 ning
251 1252 40 19 kan
314 1257 75 20 genom
413 1251 73 20 besvär
510 1252 137 19 underkastas
665 1252 98 25 pröfning
779 1253 24 18 af
814 1253 119 26 Kejserliga

185 1285 101 19 Senatens
300 1285 117 19 Ekonomie
432 1284 156 25 Departement,
606 1291 62 19 synes
686 1285 114 26 anledning
815 1286 48 19 icke
877 1286 53 20 före-

185 1319 67 19 finnas
268 1319 30 19 till
315 1319 40 20 den
372 1318 138 27 uppfattning,
527 1320 30 18 att
575 1318 194 21 elementarlärares
785 1327 74 19 genom
878 1320 54 21 före-

184 1353 81 26 gående
281 1353 137 26 tjenstgöring
429 1352 132 27 ädagalagda
571 1353 97 26 förtjenst
683 1353 67 21 skulle
761 1354 35 20 vid
813 1355 117 26 ansökning

184 1387 22 20 af
219 1388 131 26 läraretjenst
366 1387 34 20 vid
416 1387 132 20 seminarium
572 1387 51 20 böra
639 1387 96 21 tillvinna
753 1389 32 26 sig
803 1389 80 20 mindre
898 1389 29 20 af-

183 1422 77 20 seende
276 1425 25 16 än
318 1422 65 26 öfrige
401 1422 101 28 sökandes
518 1422 111 19 enahanda
645 1423 89 19 meriter.

250 1456 32 19 En
299 1463 68 13 annan
383 1457 36 19 sak
431 1459 23 17 är
465 1457 93 20 deremot
574 1459 30 17 att
619 1457 32 20 för
667 1457 156 20 bestämmande
839 1458 24 19 af
875 1458 53 20 före-

183 1491 68 19 trädet
266 1490 88 20 emellan
370 1490 49 20 flere
435 1490 94 20 sökande
548 1491 31 19 till
598 1491 132 26 läraretjenst
746 1491 33 19 vid
796 1492 131 18 seminarium

248 1529 102 18 Allmänna
362 1529 185 19 Besvärs-utskottets
559 1530 111 18 betänkande
682 1530 36 18 N:o
732 1531 25 17 12.
