<?xml version="1.0" encoding="UTF-8"?>
<alto xmlns="http://www.loc.gov/standards/alto/ns-v3#" xmlns:xlink="http://www.w3.org/1999/xlink" xmlns:xsi="http://www.w3.org/2001/XMLSchema-instance" xsi:schemaLocation="http://www.loc.gov/standards/alto/ns-v3# http://www.loc.gov/alto/v3/alto-3-0.xsd">
	<Description>
		<MeasurementUnit>pixel</MeasurementUnit>
		<sourceImageInformation>
			<fileName>/tmp/tess_q6ypzamx_input.PNG</fileName>
		</sourceImageInformation>
		<OCRProcessing ID="OCR_0">
			<ocrProcessingStep>
				<processingSoftware>
					<softwareName>tesseract 5.3.4</softwareName>
				</processingSoftware>
			</ocrProcessingStep>
		</OCRProcessing>
	</Description>
	<Layout>
		<Page WIDTH="1039" HEIGHT="1714" PHYSICAL_IMG_NR="0" ID="page_0">
			<PrintSpace HPOS="0" VPOS="0" WIDTH="1039" HEIGHT="1714">
				<ComposedBlock ID="cblock_0" HPOS="282" VPOS="144" WIDTH="521" HEIGHT="23">
					<TextBlock ID="block_0" HPOS="282" VPOS="144" WIDTH="521" HEIGHT="23">
						<TextLine ID="line_0" HPOS="282" VPOS="144" WIDTH="521" HEIGHT="23">
							<String ID="string_0" HPOS="282" VPOS="144" WIDTH="241" HEIGHT="21" WC="0.92" CONTENT="Petitionsbetänkande"/><SP WIDTH="10" VPOS="144" HPOS="523"/>
							<String ID="string_1" HPOS="533" VPOS="146" WIDTH="39" HEIGHT="19" WC="0.96" CONTENT="N:o"/><SP WIDTH="11" VPOS="146" HPOS="572"/>
							<String ID="string_2" HPOS="583" VPOS="146" WIDTH="34" HEIGHT="19" WC="0.96" CONTENT="20."/><SP WIDTH="164" VPOS="146" HPOS="617"/>
							<String ID="string_3" HPOS="781" VPOS="149" WIDTH="22" HEIGHT="18" WC="0.96" CONTENT="67"/>
						</TextLine>
					</TextBlock>
				</ComposedBlock>
				<ComposedBlock ID="cblock_1" HPOS="68" VPOS="209" WIDTH="757" HEIGHT="478">
					<TextBlock ID="block_1" HPOS="68" VPOS="209" WIDTH="757" HEIGHT="478">
						<TextLine ID="line_1" HPOS="73" VPOS="209" WIDTH="751" HEIGHT="30">
							<String ID="string_4" HPOS="73" VPOS="214" WIDTH="52" HEIGHT="16" WC="0.92" CONTENT="nare"/><SP WIDTH="17" VPOS="214" HPOS="125"/>
							<String ID="string_5" HPOS="142" VPOS="214" WIDTH="52" HEIGHT="16" WC="0.93" CONTENT="vara"/><SP WIDTH="18" VPOS="214" HPOS="194"/>
							<String ID="string_6" HPOS="212" VPOS="209" WIDTH="136" HEIGHT="28" WC="0.93" CONTENT="lämpligaste"/><SP WIDTH="16" VPOS="209" HPOS="348"/>
							<String ID="string_7" HPOS="364" VPOS="212" WIDTH="60" HEIGHT="20" WC="0.92" CONTENT="orten"/><SP WIDTH="15" VPOS="212" HPOS="424"/>
							<String ID="string_8" HPOS="439" VPOS="210" WIDTH="33" HEIGHT="22" WC="0.96" CONTENT="för"/><SP WIDTH="15" VPOS="210" HPOS="472"/>
							<String ID="string_9" HPOS="487" VPOS="212" WIDTH="31" HEIGHT="21" WC="0.93" CONTENT="ett"/><SP WIDTH="14" VPOS="212" HPOS="518"/>
							<String ID="string_10" HPOS="532" VPOS="211" WIDTH="100" HEIGHT="22" WC="0.92" CONTENT="läroverk"/><SP WIDTH="15" VPOS="211" HPOS="632"/>
							<String ID="string_11" HPOS="647" VPOS="212" WIDTH="40" HEIGHT="21" WC="0.96" CONTENT="och"/><SP WIDTH="13" VPOS="212" HPOS="687"/>
							<String ID="string_12" HPOS="700" VPOS="212" WIDTH="40" HEIGHT="21" WC="0.93" CONTENT="har"/><SP WIDTH="15" VPOS="212" HPOS="740"/>
							<String ID="string_13" HPOS="755" VPOS="212" WIDTH="69" HEIGHT="27" WC="0.92" CONTENT="äfven,"/>
						</TextLine>
						<TextLine ID="line_2" HPOS="74" VPOS="242" WIDTH="751" HEIGHT="31">
							<String ID="string_14" HPOS="74" VPOS="248" WIDTH="45" HEIGHT="15" WC="0.93" CONTENT="som"/><SP WIDTH="14" VPOS="248" HPOS="119"/>
							<String ID="string_15" HPOS="133" VPOS="242" WIDTH="86" HEIGHT="28" WC="0.96" CONTENT="bekant,"/><SP WIDTH="15" VPOS="242" HPOS="219"/>
							<String ID="string_16" HPOS="234" VPOS="243" WIDTH="42" HEIGHT="22" WC="0.96" CONTENT="den"/><SP WIDTH="15" VPOS="243" HPOS="276"/>
							<String ID="string_17" HPOS="291" VPOS="244" WIDTH="108" HEIGHT="22" WC="0.93" CONTENT="allmänna"/><SP WIDTH="13" VPOS="244" HPOS="399"/>
							<String ID="string_18" HPOS="412" VPOS="245" WIDTH="163" HEIGHT="28" WC="0.96" CONTENT="uppfattningen"/><SP WIDTH="14" VPOS="245" HPOS="575"/>
							<String ID="string_19" HPOS="589" VPOS="246" WIDTH="8" HEIGHT="21" WC="0.93" CONTENT="i"/><SP WIDTH="14" VPOS="246" HPOS="597"/>
							<String ID="string_20" HPOS="611" VPOS="246" WIDTH="59" HEIGHT="21" WC="0.96" CONTENT="länet"/><SP WIDTH="14" VPOS="246" HPOS="670"/>
							<String ID="string_21" HPOS="684" VPOS="247" WIDTH="76" HEIGHT="20" WC="0.93" CONTENT="nästan"/><SP WIDTH="15" VPOS="247" HPOS="760"/>
							<String ID="string_22" HPOS="775" VPOS="247" WIDTH="50" HEIGHT="21" WC="0.92" CONTENT="full-"/>
						</TextLine>
						<TextLine ID="line_3" HPOS="71" VPOS="276" WIDTH="753" HEIGHT="31">
							<String ID="string_23" HPOS="71" VPOS="276" WIDTH="91" HEIGHT="28" WC="0.92" CONTENT="komligt"/><SP WIDTH="14" VPOS="276" HPOS="162"/>
							<String ID="string_24" HPOS="176" VPOS="278" WIDTH="137" HEIGHT="27" WC="0.91" CONTENT="enstämmigt"/><SP WIDTH="14" VPOS="278" HPOS="313"/>
							<String ID="string_25" HPOS="327" VPOS="279" WIDTH="78" HEIGHT="21" WC="0.93" CONTENT="uttalat"/><SP WIDTH="15" VPOS="279" HPOS="405"/>
							<String ID="string_26" HPOS="420" VPOS="279" WIDTH="33" HEIGHT="27" WC="0.96" CONTENT="sig"/><SP WIDTH="14" VPOS="279" HPOS="453"/>
							<String ID="string_27" HPOS="467" VPOS="279" WIDTH="8" HEIGHT="22" WC="0.93" CONTENT="i"/><SP WIDTH="15" VPOS="279" HPOS="475"/>
							<String ID="string_28" HPOS="490" VPOS="279" WIDTH="66" HEIGHT="22" WC="0.92" CONTENT="sädan"/><SP WIDTH="15" VPOS="279" HPOS="556"/>
							<String ID="string_29" HPOS="571" VPOS="280" WIDTH="100" HEIGHT="27" WC="0.92" CONTENT="rigtning."/><SP WIDTH="30" VPOS="280" HPOS="671"/>
							<String ID="string_30" HPOS="701" VPOS="280" WIDTH="84" HEIGHT="22" WC="0.91" CONTENT="Bekant"/><SP WIDTH="14" VPOS="280" HPOS="785"/>
							<String ID="string_31" HPOS="799" VPOS="283" WIDTH="25" HEIGHT="19" WC="0.96" CONTENT="är"/>
						</TextLine>
						<TextLine ID="line_4" HPOS="72" VPOS="311" WIDTH="751" HEIGHT="31">
							<String ID="string_32" HPOS="72" VPOS="311" WIDTH="46" HEIGHT="26" WC="0.90" CONTENT="ock,"/><SP WIDTH="19" VPOS="311" HPOS="118"/>
							<String ID="string_33" HPOS="137" VPOS="312" WIDTH="31" HEIGHT="20" WC="0.96" CONTENT="att"/><SP WIDTH="18" VPOS="312" HPOS="168"/>
							<String ID="string_34" HPOS="186" VPOS="317" WIDTH="26" HEIGHT="16" WC="0.93" CONTENT="en"/><SP WIDTH="19" VPOS="317" HPOS="212"/>
							<String ID="string_35" HPOS="231" VPOS="312" WIDTH="107" HEIGHT="27" WC="0.91" CONTENT="donation,"/><SP WIDTH="15" VPOS="312" HPOS="338"/>
							<String ID="string_36" HPOS="353" VPOS="313" WIDTH="126" HEIGHT="27" WC="0.92" CONTENT="uppgäende"/><SP WIDTH="14" VPOS="313" HPOS="479"/>
							<String ID="string_37" HPOS="493" VPOS="313" WIDTH="34" HEIGHT="22" WC="0.96" CONTENT="till"/><SP WIDTH="16" VPOS="313" HPOS="527"/>
							<String ID="string_38" HPOS="543" VPOS="315" WIDTH="59" HEIGHT="20" WC="0.96" CONTENT="snart"/><SP WIDTH="15" VPOS="315" HPOS="602"/>
							<String ID="string_39" HPOS="617" VPOS="320" WIDTH="26" HEIGHT="15" WC="0.96" CONTENT="en"/><SP WIDTH="15" VPOS="320" HPOS="643"/>
							<String ID="string_40" HPOS="658" VPOS="314" WIDTH="83" HEIGHT="21" WC="0.96" CONTENT="million"/><SP WIDTH="14" VPOS="314" HPOS="741"/>
							<String ID="string_41" HPOS="755" VPOS="315" WIDTH="68" HEIGHT="27" WC="0.96" CONTENT="mark,"/>
						</TextLine>
						<TextLine ID="line_5" HPOS="71" VPOS="345" WIDTH="753" HEIGHT="28">
							<String ID="string_42" HPOS="71" VPOS="347" WIDTH="24" HEIGHT="19" WC="0.95" CONTENT="är"/><SP WIDTH="15" VPOS="347" HPOS="95"/>
							<String ID="string_43" HPOS="110" VPOS="345" WIDTH="103" HEIGHT="28" WC="0.96" CONTENT="anslagen"/><SP WIDTH="14" VPOS="345" HPOS="213"/>
							<String ID="string_44" HPOS="227" VPOS="347" WIDTH="33" HEIGHT="21" WC="0.93" CONTENT="till"/><SP WIDTH="15" VPOS="347" HPOS="260"/>
							<String ID="string_45" HPOS="275" VPOS="347" WIDTH="84" HEIGHT="22" WC="0.92" CONTENT="förmon"/><SP WIDTH="14" VPOS="347" HPOS="359"/>
							<String ID="string_46" HPOS="373" VPOS="347" WIDTH="35" HEIGHT="22" WC="0.93" CONTENT="för"/><SP WIDTH="9" VPOS="347" HPOS="408"/>
							<String ID="string_47" HPOS="417" VPOS="348" WIDTH="130" HEIGHT="22" WC="0.92" CONTENT="inrättandet"/><SP WIDTH="10" VPOS="348" HPOS="547"/>
							<String ID="string_48" HPOS="557" VPOS="348" WIDTH="24" HEIGHT="22" WC="0.97" CONTENT="af"/><SP WIDTH="9" VPOS="348" HPOS="581"/>
							<String ID="string_49" HPOS="590" VPOS="350" WIDTH="31" HEIGHT="20" WC="0.93" CONTENT="ett"/><SP WIDTH="10" VPOS="350" HPOS="621"/>
							<String ID="string_50" HPOS="631" VPOS="349" WIDTH="175" HEIGHT="22" WC="0.93" CONTENT="handelsinstitut"/><SP WIDTH="10" VPOS="349" HPOS="806"/>
							<String ID="string_51" HPOS="816" VPOS="350" WIDTH="8" HEIGHT="21" WC="0.96" CONTENT="i"/>
						</TextLine>
						<TextLine ID="line_6" HPOS="70" VPOS="379" WIDTH="753" HEIGHT="32">
							<String ID="string_52" HPOS="70" VPOS="379" WIDTH="126" HEIGHT="29" WC="0.88" CONTENT="Brahestad,"/><SP WIDTH="16" VPOS="379" HPOS="196"/>
							<String ID="string_53" HPOS="212" VPOS="382" WIDTH="31" HEIGHT="21" WC="0.96" CONTENT="ett"/><SP WIDTH="15" VPOS="382" HPOS="243"/>
							<String ID="string_54" HPOS="258" VPOS="381" WIDTH="46" HEIGHT="22" WC="0.96" CONTENT="skäl"/><SP WIDTH="16" VPOS="381" HPOS="304"/>
							<String ID="string_55" HPOS="320" VPOS="388" WIDTH="45" HEIGHT="15" WC="0.93" CONTENT="som"/><SP WIDTH="15" VPOS="388" HPOS="365"/>
							<String ID="string_56" HPOS="380" VPOS="382" WIDTH="63" HEIGHT="22" WC="0.93" CONTENT="äfven"/><SP WIDTH="14" VPOS="382" HPOS="443"/>
							<String ID="string_57" HPOS="457" VPOS="383" WIDTH="72" HEIGHT="28" WC="0.93" CONTENT="tyckes"/><SP WIDTH="16" VPOS="383" HPOS="529"/>
							<String ID="string_58" HPOS="545" VPOS="383" WIDTH="45" HEIGHT="22" WC="0.93" CONTENT="tala"/><SP WIDTH="14" VPOS="383" HPOS="590"/>
							<String ID="string_59" HPOS="604" VPOS="385" WIDTH="45" HEIGHT="20" WC="0.93" CONTENT="mot"/><SP WIDTH="9" VPOS="385" HPOS="649"/>
							<String ID="string_60" HPOS="658" VPOS="383" WIDTH="165" HEIGHT="28" WC="0.93" CONTENT="ifrägavarande"/>
						</TextLine>
						<TextLine ID="line_7" HPOS="71" VPOS="415" WIDTH="752" HEIGHT="30">
							<String ID="string_61" HPOS="71" VPOS="415" WIDTH="227" HEIGHT="23" WC="0.93" CONTENT="elementarläroverks"/><SP WIDTH="19" VPOS="415" HPOS="298"/>
							<String ID="string_62" HPOS="317" VPOS="416" WIDTH="140" HEIGHT="29" WC="0.93" CONTENT="förläggande"/><SP WIDTH="18" VPOS="416" HPOS="457"/>
							<String ID="string_63" HPOS="475" VPOS="417" WIDTH="34" HEIGHT="22" WC="0.96" CONTENT="till"/><SP WIDTH="16" VPOS="417" HPOS="509"/>
							<String ID="string_64" HPOS="525" VPOS="424" WIDTH="81" HEIGHT="15" WC="0.96" CONTENT="samma"/><SP WIDTH="15" VPOS="424" HPOS="606"/>
							<String ID="string_65" HPOS="621" VPOS="418" WIDTH="55" HEIGHT="22" WC="0.93" CONTENT="stad."/><SP WIDTH="29" VPOS="418" HPOS="676"/>
							<String ID="string_66" HPOS="705" VPOS="418" WIDTH="32" HEIGHT="21" WC="0.92" CONTENT="Pä"/><SP WIDTH="17" VPOS="418" HPOS="737"/>
							<String ID="string_67" HPOS="754" VPOS="419" WIDTH="69" HEIGHT="26" WC="0.96" CONTENT="grund"/>
						</TextLine>
						<TextLine ID="line_8" HPOS="70" VPOS="450" WIDTH="754" HEIGHT="31">
							<String ID="string_68" HPOS="70" VPOS="450" WIDTH="23" HEIGHT="22" WC="0.96" CONTENT="af"/><SP WIDTH="17" VPOS="450" HPOS="93"/>
							<String ID="string_69" HPOS="110" VPOS="450" WIDTH="64" HEIGHT="23" WC="0.82" CONTENT="dessa"/><SP WIDTH="18" VPOS="450" HPOS="174"/>
							<String ID="string_70" HPOS="192" VPOS="451" WIDTH="39" HEIGHT="22" WC="0.95" CONTENT="och"/><SP WIDTH="19" VPOS="451" HPOS="231"/>
							<String ID="string_71" HPOS="250" VPOS="451" WIDTH="67" HEIGHT="22" WC="0.96" CONTENT="andra"/><SP WIDTH="19" VPOS="451" HPOS="317"/>
							<String ID="string_72" HPOS="336" VPOS="452" WIDTH="46" HEIGHT="21" WC="0.96" CONTENT="skäl"/><SP WIDTH="15" VPOS="452" HPOS="382"/>
							<String ID="string_73" HPOS="397" VPOS="452" WIDTH="43" HEIGHT="21" WC="0.93" CONTENT="kan"/><SP WIDTH="14" VPOS="452" HPOS="440"/>
							<String ID="string_74" HPOS="454" VPOS="452" WIDTH="105" HEIGHT="23" WC="0.96" CONTENT="utskottet"/><SP WIDTH="16" VPOS="452" HPOS="559"/>
							<String ID="string_75" HPOS="575" VPOS="453" WIDTH="19" HEIGHT="27" WC="0.96" CONTENT="ej"/><SP WIDTH="15" VPOS="453" HPOS="594"/>
							<String ID="string_76" HPOS="609" VPOS="453" WIDTH="115" HEIGHT="28" WC="0.96" CONTENT="tillstyrka,"/><SP WIDTH="16" VPOS="453" HPOS="724"/>
							<String ID="string_77" HPOS="740" VPOS="455" WIDTH="33" HEIGHT="20" WC="0.96" CONTENT="att"/><SP WIDTH="13" VPOS="455" HPOS="773"/>
							<String ID="string_78" HPOS="786" VPOS="453" WIDTH="38" HEIGHT="22" WC="0.96" CONTENT="vid"/>
						</TextLine>
						<TextLine ID="line_9" HPOS="70" VPOS="485" WIDTH="753" HEIGHT="30">
							<String ID="string_79" HPOS="70" VPOS="485" WIDTH="36" HEIGHT="22" WC="0.96" CONTENT="det"/><SP WIDTH="14" VPOS="485" HPOS="106"/>
							<String ID="string_80" HPOS="120" VPOS="485" WIDTH="24" HEIGHT="22" WC="0.93" CONTENT="af"/><SP WIDTH="12" VPOS="485" HPOS="144"/>
							<String ID="string_81" HPOS="156" VPOS="485" WIDTH="51" HEIGHT="23" WC="0.93" CONTENT="herr"/><SP WIDTH="14" VPOS="485" HPOS="207"/>
							<String ID="string_82" HPOS="221" VPOS="486" WIDTH="82" HEIGHT="28" WC="0.92" CONTENT="Nystén"/><SP WIDTH="14" VPOS="486" HPOS="303"/>
							<String ID="string_83" HPOS="317" VPOS="487" WIDTH="75" HEIGHT="27" WC="0.96" CONTENT="gjorda"/><SP WIDTH="10" VPOS="487" HPOS="392"/>
							<String ID="string_84" HPOS="402" VPOS="487" WIDTH="104" HEIGHT="28" WC="0.96" CONTENT="förslaget"/><SP WIDTH="9" VPOS="487" HPOS="506"/>
							<String ID="string_85" HPOS="515" VPOS="487" WIDTH="66" HEIGHT="28" WC="0.96" CONTENT="något"/><SP WIDTH="10" VPOS="487" HPOS="581"/>
							<String ID="string_86" HPOS="591" VPOS="487" WIDTH="102" HEIGHT="22" WC="0.96" CONTENT="afseende"/><SP WIDTH="9" VPOS="487" HPOS="693"/>
							<String ID="string_87" HPOS="702" VPOS="488" WIDTH="36" HEIGHT="21" WC="0.93" CONTENT="mä"/><SP WIDTH="10" VPOS="488" HPOS="738"/>
							<String ID="string_88" HPOS="748" VPOS="488" WIDTH="75" HEIGHT="22" WC="0.96" CONTENT="fästas."/>
						</TextLine>
						<TextLine ID="line_10" HPOS="70" VPOS="520" WIDTH="754" HEIGHT="25">
							<String ID="string_89" HPOS="70" VPOS="520" WIDTH="40" HEIGHT="22" WC="0.96" CONTENT="Om"/><SP WIDTH="19" VPOS="520" HPOS="110"/>
							<String ID="string_90" HPOS="129" VPOS="522" WIDTH="31" HEIGHT="20" WC="0.96" CONTENT="ett"/><SP WIDTH="17" VPOS="522" HPOS="160"/>
							<String ID="string_91" HPOS="177" VPOS="520" WIDTH="66" HEIGHT="23" WC="0.96" CONTENT="finskt"/><SP WIDTH="17" VPOS="520" HPOS="243"/>
							<String ID="string_92" HPOS="260" VPOS="521" WIDTH="100" HEIGHT="22" WC="0.93" CONTENT="läroverk"/><SP WIDTH="15" VPOS="521" HPOS="360"/>
							<String ID="string_93" HPOS="375" VPOS="521" WIDTH="104" HEIGHT="23" WC="0.92" CONTENT="erkännes"/><SP WIDTH="15" VPOS="521" HPOS="479"/>
							<String ID="string_94" HPOS="494" VPOS="522" WIDTH="34" HEIGHT="22" WC="0.96" CONTENT="för"/><SP WIDTH="14" VPOS="522" HPOS="528"/>
							<String ID="string_95" HPOS="542" VPOS="523" WIDTH="85" HEIGHT="21" WC="0.96" CONTENT="landets"/><SP WIDTH="14" VPOS="523" HPOS="627"/>
							<String ID="string_96" HPOS="641" VPOS="529" WIDTH="65" HEIGHT="15" WC="0.96" CONTENT="norra"/><SP WIDTH="15" VPOS="529" HPOS="706"/>
							<String ID="string_97" HPOS="721" VPOS="523" WIDTH="35" HEIGHT="21" WC="0.96" CONTENT="del"/><SP WIDTH="15" VPOS="523" HPOS="756"/>
							<String ID="string_98" HPOS="771" VPOS="529" WIDTH="53" HEIGHT="16" WC="0.96" CONTENT="vara"/>
						</TextLine>
						<TextLine ID="line_11" HPOS="69" VPOS="555" WIDTH="755" HEIGHT="30">
							<String ID="string_99" HPOS="69" VPOS="555" WIDTH="24" HEIGHT="22" WC="0.89" CONTENT="af"/><SP WIDTH="12" VPOS="555" HPOS="93"/>
							<String ID="string_100" HPOS="105" VPOS="555" WIDTH="101" HEIGHT="22" WC="0.89" CONTENT="behofvet"/><SP WIDTH="14" VPOS="555" HPOS="206"/>
							<String ID="string_101" HPOS="220" VPOS="556" WIDTH="117" HEIGHT="27" WC="0.92" CONTENT="påkalladt,"/><SP WIDTH="18" VPOS="556" HPOS="337"/>
							<String ID="string_102" HPOS="355" VPOS="557" WIDTH="62" HEIGHT="22" WC="0.93" CONTENT="torde"/><SP WIDTH="15" VPOS="557" HPOS="417"/>
							<String ID="string_103" HPOS="432" VPOS="557" WIDTH="158" HEIGHT="28" WC="0.90" CONTENT="otvifvelaktigt"/><SP WIDTH="17" VPOS="557" HPOS="590"/>
							<String ID="string_104" HPOS="607" VPOS="558" WIDTH="36" HEIGHT="21" WC="0.96" CONTENT="det"/><SP WIDTH="18" VPOS="558" HPOS="643"/>
							<String ID="string_105" HPOS="661" VPOS="557" WIDTH="38" HEIGHT="22" WC="0.96" CONTENT="der"/><SP WIDTH="14" VPOS="557" HPOS="699"/>
							<String ID="string_106" HPOS="713" VPOS="557" WIDTH="111" HEIGHT="28" WC="0.94" CONTENT="befintliga"/>
						</TextLine>
						<TextLine ID="line_12" HPOS="68" VPOS="587" WIDTH="756" HEIGHT="31">
							<String ID="string_107" HPOS="68" VPOS="590" WIDTH="100" HEIGHT="22" WC="0.96" CONTENT="läroverk"/><SP WIDTH="12" VPOS="590" HPOS="168"/>
							<String ID="string_108" HPOS="180" VPOS="591" WIDTH="8" HEIGHT="21" WC="0.96" CONTENT="i"/><SP WIDTH="11" VPOS="591" HPOS="188"/>
							<String ID="string_109" HPOS="199" VPOS="590" WIDTH="89" HEIGHT="22" WC="0.96" CONTENT="främsta"/><SP WIDTH="9" VPOS="590" HPOS="288"/>
							<String ID="string_110" HPOS="297" VPOS="592" WIDTH="92" HEIGHT="21" WC="0.96" CONTENT="rummet"/><SP WIDTH="10" VPOS="592" HPOS="389"/>
							<String ID="string_111" HPOS="399" VPOS="591" WIDTH="53" HEIGHT="22" WC="0.96" CONTENT="böra"/><SP WIDTH="10" VPOS="591" HPOS="452"/>
							<String ID="string_112" HPOS="462" VPOS="591" WIDTH="23" HEIGHT="22" WC="0.96" CONTENT="af"/><SP WIDTH="9" VPOS="591" HPOS="485"/>
							<String ID="string_113" HPOS="494" VPOS="593" WIDTH="70" HEIGHT="21" WC="0.93" CONTENT="staten"/><SP WIDTH="11" VPOS="593" HPOS="564"/>
							<String ID="string_114" HPOS="575" VPOS="592" WIDTH="184" HEIGHT="26" WC="0.92" CONTENT="omhändertagas,"/><SP WIDTH="10" VPOS="592" HPOS="759"/>
							<String ID="string_115" HPOS="769" VPOS="587" WIDTH="55" HEIGHT="26" WC="0.90" CONTENT="hvil-"/>
						</TextLine>
						<TextLine ID="line_13" HPOS="68" VPOS="624" WIDTH="756" HEIGHT="29">
							<String ID="string_116" HPOS="68" VPOS="624" WIDTH="38" HEIGHT="22" WC="0.96" CONTENT="ket"/><SP WIDTH="21" VPOS="624" HPOS="106"/>
							<String ID="string_117" HPOS="127" VPOS="625" WIDTH="67" HEIGHT="22" WC="0.96" CONTENT="redan"/><SP WIDTH="21" VPOS="625" HPOS="194"/>
							<String ID="string_118" HPOS="215" VPOS="626" WIDTH="28" HEIGHT="26" WC="0.96" CONTENT="på"/><SP WIDTH="22" VPOS="626" HPOS="243"/>
							<String ID="string_119" HPOS="265" VPOS="627" WIDTH="31" HEIGHT="20" WC="0.93" CONTENT="ett"/><SP WIDTH="21" VPOS="627" HPOS="296"/>
							<String ID="string_120" HPOS="317" VPOS="625" WIDTH="152" HEIGHT="28" WC="0.92" CONTENT="öfvertygande"/><SP WIDTH="22" VPOS="625" HPOS="469"/>
							<String ID="string_121" HPOS="491" VPOS="628" WIDTH="44" HEIGHT="20" WC="0.96" CONTENT="sätt"/><SP WIDTH="21" VPOS="628" HPOS="535"/>
							<String ID="string_122" HPOS="556" VPOS="626" WIDTH="56" HEIGHT="22" WC="0.96" CONTENT="visat"/><SP WIDTH="22" VPOS="626" HPOS="612"/>
							<String ID="string_123" HPOS="634" VPOS="626" WIDTH="32" HEIGHT="27" WC="0.96" CONTENT="sig"/><SP WIDTH="18" VPOS="626" HPOS="666"/>
							<String ID="string_124" HPOS="684" VPOS="626" WIDTH="8" HEIGHT="21" WC="0.96" CONTENT="i"/><SP WIDTH="22" VPOS="626" HPOS="692"/>
							<String ID="string_125" HPOS="714" VPOS="626" WIDTH="63" HEIGHT="22" WC="0.96" CONTENT="stånd"/><SP WIDTH="15" VPOS="626" HPOS="777"/>
							<String ID="string_126" HPOS="792" VPOS="627" WIDTH="32" HEIGHT="20" WC="0.97" CONTENT="att"/>
						</TextLine>
						<TextLine ID="line_14" HPOS="68" VPOS="659" WIDTH="264" HEIGHT="28">
							<String ID="string_127" HPOS="68" VPOS="659" WIDTH="78" HEIGHT="28" WC="0.92" CONTENT="främja"/><SP WIDTH="14" VPOS="659" HPOS="146"/>
							<String ID="string_128" HPOS="160" VPOS="660" WIDTH="112" HEIGHT="22" WC="0.91" CONTENT="vetandets"/><SP WIDTH="16" VPOS="660" HPOS="272"/>
							<String ID="string_129" HPOS="288" VPOS="660" WIDTH="44" HEIGHT="22" WC="0.96" CONTENT="sak."/>
						</TextLine>
					</TextBlock>
				</ComposedBlock>
				<ComposedBlock ID="cblock_2" HPOS="66" VPOS="711" WIDTH="757" HEIGHT="231">
					<TextBlock ID="block_2" HPOS="66" VPOS="711" WIDTH="757" HEIGHT="231">
						<TextLine ID="line_15" HPOS="136" VPOS="711" WIDTH="687" HEIGHT="29">
							<String ID="string_130" HPOS="136" VPOS="711" WIDTH="116" HEIGHT="28" WC="0.93" CONTENT="Angående"/><SP WIDTH="19" VPOS="711" HPOS="252"/>
							<String ID="string_131" HPOS="271" VPOS="711" WIDTH="141" HEIGHT="28" WC="0.91" CONTENT="förläggande"/><SP WIDTH="19" VPOS="711" HPOS="412"/>
							<String ID="string_132" HPOS="431" VPOS="712" WIDTH="23" HEIGHT="21" WC="0.96" CONTENT="af"/><SP WIDTH="17" VPOS="712" HPOS="454"/>
							<String ID="string_133" HPOS="471" VPOS="713" WIDTH="32" HEIGHT="21" WC="0.91" CONTENT="ett"/><SP WIDTH="20" VPOS="713" HPOS="503"/>
							<String ID="string_134" HPOS="523" VPOS="712" WIDTH="125" HEIGHT="28" WC="0.91" CONTENT="fyrklassigt"/><SP WIDTH="18" VPOS="712" HPOS="648"/>
							<String ID="string_135" HPOS="666" VPOS="712" WIDTH="83" HEIGHT="28" WC="0.96" CONTENT="lyceum"/><SP WIDTH="20" VPOS="712" HPOS="749"/>
							<String ID="string_136" HPOS="769" VPOS="712" WIDTH="54" HEIGHT="22" WC="0.95" CONTENT="eller"/>
						</TextLine>
						<TextLine ID="line_16" HPOS="68" VPOS="746" WIDTH="755" HEIGHT="28">
							<String ID="string_137" HPOS="68" VPOS="753" WIDTH="26" HEIGHT="15" WC="0.95" CONTENT="en"/><SP WIDTH="22" VPOS="753" HPOS="94"/>
							<String ID="string_138" HPOS="116" VPOS="746" WIDTH="108" HEIGHT="22" WC="0.95" CONTENT="realskola"/><SP WIDTH="20" VPOS="746" HPOS="224"/>
							<String ID="string_139" HPOS="244" VPOS="747" WIDTH="50" HEIGHT="21" WC="0.95" CONTENT="med"/><SP WIDTH="22" VPOS="747" HPOS="294"/>
							<String ID="string_140" HPOS="316" VPOS="746" WIDTH="65" HEIGHT="22" WC="0.93" CONTENT="finskt"/><SP WIDTH="21" VPOS="746" HPOS="381"/>
							<String ID="string_141" HPOS="402" VPOS="747" WIDTH="228" HEIGHT="27" WC="0.91" CONTENT="undervisningsspråk"/><SP WIDTH="18" VPOS="747" HPOS="630"/>
							<String ID="string_142" HPOS="648" VPOS="747" WIDTH="34" HEIGHT="21" WC="0.95" CONTENT="till"/><SP WIDTH="19" VPOS="747" HPOS="682"/>
							<String ID="string_143" HPOS="701" VPOS="747" WIDTH="63" HEIGHT="22" WC="0.96" CONTENT="Kemi"/><SP WIDTH="19" VPOS="747" HPOS="764"/>
							<String ID="string_144" HPOS="783" VPOS="747" WIDTH="40" HEIGHT="21" WC="0.96" CONTENT="har"/>
						</TextLine>
						<TextLine ID="line_17" HPOS="67" VPOS="781" WIDTH="755" HEIGHT="29">
							<String ID="string_145" HPOS="67" VPOS="782" WIDTH="90" HEIGHT="28" WC="0.96" CONTENT="petition"/><SP WIDTH="14" VPOS="782" HPOS="157"/>
							<String ID="string_146" HPOS="171" VPOS="782" WIDTH="8" HEIGHT="21" WC="0.93" CONTENT="i"/><SP WIDTH="15" VPOS="782" HPOS="179"/>
							<String ID="string_147" HPOS="194" VPOS="782" WIDTH="182" HEIGHT="27" WC="0.91" CONTENT="Borgareståndet"/><SP WIDTH="15" VPOS="782" HPOS="376"/>
							<String ID="string_148" HPOS="391" VPOS="782" WIDTH="71" HEIGHT="21" WC="0.96" CONTENT="blifvit"/><SP WIDTH="13" VPOS="782" HPOS="462"/>
							<String ID="string_149" HPOS="475" VPOS="782" WIDTH="63" HEIGHT="22" WC="0.96" CONTENT="väckt"/><SP WIDTH="15" VPOS="782" HPOS="538"/>
							<String ID="string_150" HPOS="553" VPOS="781" WIDTH="23" HEIGHT="23" WC="0.96" CONTENT="af"/><SP WIDTH="13" VPOS="781" HPOS="576"/>
							<String ID="string_151" HPOS="589" VPOS="782" WIDTH="51" HEIGHT="21" WC="0.92" CONTENT="herr"/><SP WIDTH="11" VPOS="782" HPOS="640"/>
							<String ID="string_152" HPOS="651" VPOS="781" WIDTH="110" HEIGHT="27" WC="0.91" CONTENT="Sanmark,"/><SP WIDTH="12" VPOS="781" HPOS="761"/>
							<String ID="string_153" HPOS="773" VPOS="788" WIDTH="49" HEIGHT="15" WC="0.96" CONTENT="men"/>
						</TextLine>
						<TextLine ID="line_18" HPOS="67" VPOS="816" WIDTH="755" HEIGHT="28">
							<String ID="string_154" HPOS="67" VPOS="817" WIDTH="68" HEIGHT="21" WC="0.95" CONTENT="måste"/><SP WIDTH="21" VPOS="817" HPOS="135"/>
							<String ID="string_155" HPOS="156" VPOS="816" WIDTH="106" HEIGHT="22" WC="0.95" CONTENT="utskottet"/><SP WIDTH="21" VPOS="816" HPOS="262"/>
							<String ID="string_156" HPOS="283" VPOS="816" WIDTH="59" HEIGHT="22" WC="0.96" CONTENT="hålla"/><SP WIDTH="21" VPOS="816" HPOS="342"/>
							<String ID="string_157" HPOS="363" VPOS="816" WIDTH="53" HEIGHT="27" WC="0.95" CONTENT="före,"/><SP WIDTH="19" VPOS="816" HPOS="416"/>
							<String ID="string_158" HPOS="435" VPOS="818" WIDTH="32" HEIGHT="20" WC="0.96" CONTENT="att"/><SP WIDTH="19" VPOS="818" HPOS="467"/>
							<String ID="string_159" HPOS="486" VPOS="816" WIDTH="59" HEIGHT="22" WC="0.96" CONTENT="detta"/><SP WIDTH="17" VPOS="816" HPOS="545"/>
							<String ID="string_160" HPOS="562" VPOS="816" WIDTH="82" HEIGHT="28" WC="0.96" CONTENT="förslag"/><SP WIDTH="18" VPOS="816" HPOS="644"/>
							<String ID="string_161" HPOS="662" VPOS="816" WIDTH="47" HEIGHT="22" WC="0.96" CONTENT="icke"/><SP WIDTH="15" VPOS="816" HPOS="709"/>
							<String ID="string_162" HPOS="724" VPOS="816" WIDTH="35" HEIGHT="22" WC="0.92" CONTENT="för"/><SP WIDTH="13" VPOS="816" HPOS="759"/>
							<String ID="string_163" HPOS="772" VPOS="818" WIDTH="50" HEIGHT="20" WC="0.91" CONTENT="när-"/>
						</TextLine>
						<TextLine ID="line_19" HPOS="67" VPOS="851" WIDTH="755" HEIGHT="27">
							<String ID="string_164" HPOS="67" VPOS="852" WIDTH="93" HEIGHT="21" WC="0.96" CONTENT="varande"/><SP WIDTH="14" VPOS="852" HPOS="160"/>
							<String ID="string_165" HPOS="174" VPOS="851" WIDTH="62" HEIGHT="22" WC="0.96" CONTENT="torde"/><SP WIDTH="15" VPOS="851" HPOS="236"/>
							<String ID="string_166" HPOS="251" VPOS="851" WIDTH="53" HEIGHT="22" WC="0.96" CONTENT="böra"/><SP WIDTH="15" VPOS="851" HPOS="304"/>
							<String ID="string_167" HPOS="319" VPOS="851" WIDTH="33" HEIGHT="21" WC="0.96" CONTENT="till"/><SP WIDTH="15" VPOS="851" HPOS="352"/>
							<String ID="string_168" HPOS="367" VPOS="851" WIDTH="70" HEIGHT="27" WC="0.96" CONTENT="någon"/><SP WIDTH="16" VPOS="851" HPOS="437"/>
							<String ID="string_169" HPOS="453" VPOS="852" WIDTH="75" HEIGHT="26" WC="0.95" CONTENT="åtgärd"/><SP WIDTH="15" VPOS="852" HPOS="528"/>
							<String ID="string_170" HPOS="543" VPOS="851" WIDTH="118" HEIGHT="26" WC="0.96" CONTENT="föranleda,"/><SP WIDTH="11" VPOS="851" HPOS="661"/>
							<String ID="string_171" HPOS="672" VPOS="851" WIDTH="27" HEIGHT="21" WC="0.96" CONTENT="då"/><SP WIDTH="11" VPOS="851" HPOS="699"/>
							<String ID="string_172" HPOS="710" VPOS="851" WIDTH="25" HEIGHT="21" WC="0.96" CONTENT="så"/><SP WIDTH="8" VPOS="851" HPOS="735"/>
							<String ID="string_173" HPOS="743" VPOS="851" WIDTH="79" HEIGHT="27" WC="0.96" CONTENT="många"/>
						</TextLine>
						<TextLine ID="line_20" HPOS="68" VPOS="886" WIDTH="754" HEIGHT="27">
							<String ID="string_174" HPOS="68" VPOS="886" WIDTH="67" HEIGHT="22" WC="0.95" CONTENT="andra"/><SP WIDTH="22" VPOS="886" HPOS="135"/>
							<String ID="string_175" HPOS="157" VPOS="892" WIDTH="60" HEIGHT="16" WC="0.95" CONTENT="mera"/><SP WIDTH="21" VPOS="892" HPOS="217"/>
							<String ID="string_176" HPOS="238" VPOS="886" WIDTH="119" HEIGHT="27" WC="0.90" CONTENT="trängande"/><SP WIDTH="22" VPOS="886" HPOS="357"/>
							<String ID="string_177" HPOS="379" VPOS="886" WIDTH="67" HEIGHT="21" WC="0.89" CONTENT="behof"/><SP WIDTH="20" VPOS="886" HPOS="446"/>
							<String ID="string_178" HPOS="466" VPOS="886" WIDTH="68" HEIGHT="22" WC="0.92" CONTENT="förete"/><SP WIDTH="20" VPOS="886" HPOS="534"/>
							<String ID="string_179" HPOS="554" VPOS="886" WIDTH="33" HEIGHT="27" WC="0.96" CONTENT="sig"/><SP WIDTH="14" VPOS="886" HPOS="587"/>
							<String ID="string_180" HPOS="601" VPOS="886" WIDTH="29" HEIGHT="27" WC="0.93" CONTENT="på"/><SP WIDTH="17" VPOS="886" HPOS="630"/>
							<String ID="string_181" HPOS="647" VPOS="886" WIDTH="175" HEIGHT="26" WC="0.91" CONTENT="undervisnings-"/>
						</TextLine>
						<TextLine ID="line_21" HPOS="66" VPOS="920" WIDTH="224" HEIGHT="22">
							<String ID="string_182" HPOS="66" VPOS="921" WIDTH="114" HEIGHT="21" WC="0.92" CONTENT="väsendets"/><SP WIDTH="16" VPOS="921" HPOS="180"/>
							<String ID="string_183" HPOS="196" VPOS="920" WIDTH="94" HEIGHT="22" WC="0.94" CONTENT="område."/>
						</TextLine>
					</TextBlock>
				</ComposedBlock>
				<ComposedBlock ID="cblock_3" HPOS="66" VPOS="972" WIDTH="757" HEIGHT="543">
					<TextBlock ID="block_3" HPOS="66" VPOS="972" WIDTH="757" HEIGHT="510">
						<TextLine ID="line_22" HPOS="135" VPOS="972" WIDTH="688" HEIGHT="27">
							<String ID="string_184" HPOS="135" VPOS="972" WIDTH="111" HEIGHT="22" WC="0.96" CONTENT="Utskottet"/><SP WIDTH="17" VPOS="972" HPOS="246"/>
							<String ID="string_185" HPOS="263" VPOS="972" WIDTH="41" HEIGHT="22" WC="0.93" CONTENT="har"/><SP WIDTH="17" VPOS="972" HPOS="304"/>
							<String ID="string_186" HPOS="321" VPOS="972" WIDTH="53" HEIGHT="22" WC="0.91" CONTENT="härå"/><SP WIDTH="20" VPOS="972" HPOS="374"/>
							<String ID="string_187" HPOS="394" VPOS="974" WIDTH="35" HEIGHT="25" WC="0.96" CONTENT="egt"/><SP WIDTH="20" VPOS="974" HPOS="429"/>
							<String ID="string_188" HPOS="449" VPOS="974" WIDTH="31" HEIGHT="19" WC="0.96" CONTENT="att"/><SP WIDTH="18" VPOS="974" HPOS="480"/>
							<String ID="string_189" HPOS="498" VPOS="974" WIDTH="51" HEIGHT="25" WC="0.96" CONTENT="taga"/><SP WIDTH="14" VPOS="974" HPOS="549"/>
							<String ID="string_190" HPOS="563" VPOS="972" WIDTH="8" HEIGHT="21" WC="0.96" CONTENT="i"/><SP WIDTH="16" VPOS="972" HPOS="571"/>
							<String ID="string_191" HPOS="587" VPOS="972" WIDTH="140" HEIGHT="22" WC="0.96" CONTENT="betraktande"/><SP WIDTH="16" VPOS="972" HPOS="727"/>
							<String ID="string_192" HPOS="743" VPOS="972" WIDTH="41" HEIGHT="21" WC="0.97" CONTENT="den"/><SP WIDTH="16" VPOS="972" HPOS="784"/>
							<String ID="string_193" HPOS="800" VPOS="972" WIDTH="23" HEIGHT="21" WC="0.96" CONTENT="af"/>
						</TextLine>
						<TextLine ID="line_23" HPOS="66" VPOS="1006" WIDTH="755" HEIGHT="28">
							<String ID="string_194" HPOS="66" VPOS="1006" WIDTH="52" HEIGHT="23" WC="0.92" CONTENT="flere"/><SP WIDTH="14" VPOS="1006" HPOS="118"/>
							<String ID="string_195" HPOS="132" VPOS="1006" WIDTH="140" HEIGHT="28" WC="0.91" CONTENT="petitionärer"/><SP WIDTH="18" VPOS="1006" HPOS="272"/>
							<String ID="string_196" HPOS="290" VPOS="1006" WIDTH="110" HEIGHT="28" WC="0.93" CONTENT="påpekade"/><SP WIDTH="19" VPOS="1006" HPOS="400"/>
							<String ID="string_197" HPOS="419" VPOS="1007" WIDTH="124" HEIGHT="27" WC="0.92" CONTENT="betänkliga"/><SP WIDTH="14" VPOS="1007" HPOS="543"/>
							<String ID="string_198" HPOS="557" VPOS="1006" WIDTH="55" HEIGHT="22" WC="0.96" CONTENT="brist"/><SP WIDTH="14" VPOS="1006" HPOS="612"/>
							<String ID="string_199" HPOS="626" VPOS="1006" WIDTH="7" HEIGHT="21" WC="0.96" CONTENT="i"/><SP WIDTH="15" VPOS="1006" HPOS="633"/>
							<String ID="string_200" HPOS="648" VPOS="1006" WIDTH="48" HEIGHT="22" WC="0.93" CONTENT="vårt"/><SP WIDTH="14" VPOS="1006" HPOS="696"/>
							<String ID="string_201" HPOS="710" VPOS="1006" WIDTH="111" HEIGHT="22" WC="0.92" CONTENT="undervis-"/>
						</TextLine>
						<TextLine ID="line_24" HPOS="67" VPOS="1041" WIDTH="753" HEIGHT="28">
							<String ID="string_202" HPOS="67" VPOS="1042" WIDTH="99" HEIGHT="27" WC="0.92" CONTENT="väsende,"/><SP WIDTH="20" VPOS="1042" HPOS="166"/>
							<String ID="string_203" HPOS="186" VPOS="1043" WIDTH="33" HEIGHT="21" WC="0.96" CONTENT="att"/><SP WIDTH="17" VPOS="1043" HPOS="219"/>
							<String ID="string_204" HPOS="236" VPOS="1041" WIDTH="34" HEIGHT="22" WC="0.96" CONTENT="för"/><SP WIDTH="15" VPOS="1041" HPOS="270"/>
							<String ID="string_205" HPOS="285" VPOS="1042" WIDTH="41" HEIGHT="22" WC="0.96" CONTENT="den"/><SP WIDTH="15" VPOS="1042" HPOS="326"/>
							<String ID="string_206" HPOS="341" VPOS="1042" WIDTH="25" HEIGHT="21" WC="0.96" CONTENT="så"/><SP WIDTH="14" VPOS="1042" HPOS="366"/>
							<String ID="string_207" HPOS="380" VPOS="1042" WIDTH="79" HEIGHT="22" WC="0.93" CONTENT="talrika"/><SP WIDTH="14" VPOS="1042" HPOS="459"/>
							<String ID="string_208" HPOS="473" VPOS="1041" WIDTH="157" HEIGHT="22" WC="0.92" CONTENT="finskatalande"/><SP WIDTH="15" VPOS="1041" HPOS="630"/>
							<String ID="string_209" HPOS="645" VPOS="1041" WIDTH="153" HEIGHT="27" WC="0.96" CONTENT="befolkningen"/><SP WIDTH="13" VPOS="1041" HPOS="798"/>
							<String ID="string_210" HPOS="811" VPOS="1041" WIDTH="9" HEIGHT="21" WC="0.96" CONTENT="i"/>
						</TextLine>
						<TextLine ID="line_25" HPOS="66" VPOS="1071" WIDTH="755" HEIGHT="33">
							<String ID="string_211" HPOS="66" VPOS="1071" WIDTH="47" HEIGHT="28" WC="0.95" CONTENT="Åbo"/><SP WIDTH="20" VPOS="1071" HPOS="113"/>
							<String ID="string_212" HPOS="133" VPOS="1076" WIDTH="39" HEIGHT="22" WC="0.96" CONTENT="och"/><SP WIDTH="18" VPOS="1076" HPOS="172"/>
							<String ID="string_213" HPOS="190" VPOS="1076" WIDTH="144" HEIGHT="28" WC="0.95" CONTENT="Björneborgs"/><SP WIDTH="20" VPOS="1076" HPOS="334"/>
							<String ID="string_214" HPOS="354" VPOS="1076" WIDTH="36" HEIGHT="21" WC="0.96" CONTENT="län"/><SP WIDTH="15" VPOS="1076" HPOS="390"/>
							<String ID="string_215" HPOS="405" VPOS="1076" WIDTH="19" HEIGHT="27" WC="0.97" CONTENT="ej"/><SP WIDTH="17" VPOS="1076" HPOS="424"/>
							<String ID="string_216" HPOS="441" VPOS="1078" WIDTH="30" HEIGHT="20" WC="0.96" CONTENT="ett"/><SP WIDTH="16" VPOS="1078" HPOS="471"/>
							<String ID="string_217" HPOS="487" VPOS="1076" WIDTH="54" HEIGHT="22" WC="0.96" CONTENT="enda"/><SP WIDTH="14" VPOS="1076" HPOS="541"/>
							<String ID="string_218" HPOS="555" VPOS="1076" WIDTH="67" HEIGHT="27" WC="0.96" CONTENT="högre"/><SP WIDTH="15" VPOS="1076" HPOS="622"/>
							<String ID="string_219" HPOS="637" VPOS="1075" WIDTH="100" HEIGHT="22" WC="0.96" CONTENT="läroverk"/><SP WIDTH="15" VPOS="1075" HPOS="737"/>
							<String ID="string_220" HPOS="752" VPOS="1074" WIDTH="69" HEIGHT="23" WC="0.95" CONTENT="finnes"/>
						</TextLine>
						<TextLine ID="line_26" HPOS="66" VPOS="1110" WIDTH="754" HEIGHT="27">
							<String ID="string_221" HPOS="66" VPOS="1111" WIDTH="110" HEIGHT="22" WC="0.89" CONTENT="inrättadt."/><SP WIDTH="29" VPOS="1111" HPOS="176"/>
							<String ID="string_222" HPOS="205" VPOS="1110" WIDTH="51" HEIGHT="23" WC="0.96" CONTENT="Med"/><SP WIDTH="14" VPOS="1110" HPOS="256"/>
							<String ID="string_223" HPOS="270" VPOS="1111" WIDTH="123" HEIGHT="21" WC="0.96" CONTENT="hänseende"/><SP WIDTH="15" VPOS="1111" HPOS="393"/>
							<String ID="string_224" HPOS="408" VPOS="1111" WIDTH="72" HEIGHT="21" WC="0.95" CONTENT="härtill"/><SP WIDTH="15" VPOS="1111" HPOS="480"/>
							<String ID="string_225" HPOS="495" VPOS="1110" WIDTH="65" HEIGHT="22" WC="0.96" CONTENT="hafva"/><SP WIDTH="14" VPOS="1110" HPOS="560"/>
							<String ID="string_226" HPOS="574" VPOS="1111" WIDTH="203" HEIGHT="26" WC="0.95" CONTENT="representanterna"/><SP WIDTH="9" VPOS="1111" HPOS="777"/>
							<String ID="string_227" HPOS="786" VPOS="1110" WIDTH="34" HEIGHT="21" WC="0.96" CONTENT="för"/>
						</TextLine>
						<TextLine ID="line_27" HPOS="66" VPOS="1144" WIDTH="754" HEIGHT="28">
							<String ID="string_228" HPOS="66" VPOS="1146" WIDTH="85" HEIGHT="22" WC="0.95" CONTENT="landets"/><SP WIDTH="18" VPOS="1146" HPOS="151"/>
							<String ID="string_229" HPOS="169" VPOS="1146" WIDTH="119" HEIGHT="21" WC="0.96" CONTENT="skollärare"/><SP WIDTH="18" VPOS="1146" HPOS="288"/>
							<String ID="string_230" HPOS="306" VPOS="1146" WIDTH="8" HEIGHT="21" WC="0.93" CONTENT="i"/><SP WIDTH="20" VPOS="1146" HPOS="314"/>
							<String ID="string_231" HPOS="334" VPOS="1145" WIDTH="90" HEIGHT="23" WC="0.92" CONTENT="samfäld"/><SP WIDTH="18" VPOS="1145" HPOS="424"/>
							<String ID="string_232" HPOS="442" VPOS="1145" WIDTH="89" HEIGHT="27" WC="0.93" CONTENT="petition"/><SP WIDTH="15" VPOS="1145" HPOS="531"/>
							<String ID="string_233" HPOS="546" VPOS="1144" WIDTH="97" HEIGHT="28" WC="0.92" CONTENT="päyrkat,"/><SP WIDTH="15" VPOS="1144" HPOS="643"/>
							<String ID="string_234" HPOS="658" VPOS="1146" WIDTH="33" HEIGHT="20" WC="0.96" CONTENT="att"/><SP WIDTH="14" VPOS="1146" HPOS="691"/>
							<String ID="string_235" HPOS="705" VPOS="1144" WIDTH="69" HEIGHT="22" WC="0.93" CONTENT="finska"/><SP WIDTH="14" VPOS="1144" HPOS="774"/>
							<String ID="string_236" HPOS="788" VPOS="1144" WIDTH="32" HEIGHT="27" WC="0.81" CONTENT="ly-"/>
						</TextLine>
						<TextLine ID="line_28" HPOS="67" VPOS="1179" WIDTH="752" HEIGHT="25">
							<String ID="string_237" HPOS="67" VPOS="1187" WIDTH="48" HEIGHT="17" WC="0.92" CONTENT="ceer"/><SP WIDTH="18" VPOS="1187" HPOS="115"/>
							<String ID="string_238" HPOS="133" VPOS="1181" WIDTH="8" HEIGHT="21" WC="0.96" CONTENT="i"/><SP WIDTH="18" VPOS="1181" HPOS="141"/>
							<String ID="string_239" HPOS="159" VPOS="1181" WIDTH="41" HEIGHT="21" WC="0.96" CONTENT="den"/><SP WIDTH="18" VPOS="1181" HPOS="200"/>
							<String ID="string_240" HPOS="218" VPOS="1182" WIDTH="108" HEIGHT="20" WC="0.96" CONTENT="närmaste"/><SP WIDTH="19" VPOS="1182" HPOS="326"/>
							<String ID="string_241" HPOS="345" VPOS="1180" WIDTH="115" HEIGHT="22" WC="0.96" CONTENT="framtiden"/><SP WIDTH="18" VPOS="1180" HPOS="460"/>
							<String ID="string_242" HPOS="478" VPOS="1180" WIDTH="35" HEIGHT="21" WC="0.96" CONTENT="mä"/><SP WIDTH="18" VPOS="1180" HPOS="513"/>
							<String ID="string_243" HPOS="531" VPOS="1180" WIDTH="90" HEIGHT="20" WC="0.96" CONTENT="inrättas"/><SP WIDTH="18" VPOS="1180" HPOS="621"/>
							<String ID="string_244" HPOS="639" VPOS="1179" WIDTH="8" HEIGHT="21" WC="0.96" CONTENT="i"/><SP WIDTH="18" VPOS="1179" HPOS="647"/>
							<String ID="string_245" HPOS="665" VPOS="1179" WIDTH="94" HEIGHT="21" WC="0.96" CONTENT="nämnda"/><SP WIDTH="14" VPOS="1179" HPOS="759"/>
							<String ID="string_246" HPOS="773" VPOS="1179" WIDTH="46" HEIGHT="25" WC="0.96" CONTENT="län;"/>
						</TextLine>
						<TextLine ID="line_29" HPOS="66" VPOS="1212" WIDTH="754" HEIGHT="28">
							<String ID="string_247" HPOS="66" VPOS="1216" WIDTH="76" HEIGHT="22" WC="0.96" CONTENT="herrar"/><SP WIDTH="17" VPOS="1216" HPOS="142"/>
							<String ID="string_248" HPOS="159" VPOS="1215" WIDTH="90" HEIGHT="22" WC="0.96" CONTENT="Avellan"/><SP WIDTH="18" VPOS="1215" HPOS="249"/>
							<String ID="string_249" HPOS="267" VPOS="1215" WIDTH="40" HEIGHT="21" WC="0.93" CONTENT="och"/><SP WIDTH="19" VPOS="1215" HPOS="307"/>
							<String ID="string_250" HPOS="326" VPOS="1214" WIDTH="107" HEIGHT="22" WC="0.92" CONTENT="Warelius"/><SP WIDTH="15" VPOS="1214" HPOS="433"/>
							<String ID="string_251" HPOS="448" VPOS="1214" WIDTH="64" HEIGHT="22" WC="0.96" CONTENT="hafva"/><SP WIDTH="14" VPOS="1214" HPOS="512"/>
							<String ID="string_252" HPOS="526" VPOS="1214" WIDTH="77" HEIGHT="26" WC="0.96" CONTENT="begärt"/><SP WIDTH="14" VPOS="1214" HPOS="603"/>
							<String ID="string_253" HPOS="617" VPOS="1212" WIDTH="68" HEIGHT="22" WC="0.93" CONTENT="finska"/><SP WIDTH="14" VPOS="1212" HPOS="685"/>
							<String ID="string_254" HPOS="699" VPOS="1213" WIDTH="72" HEIGHT="27" WC="0.92" CONTENT="lyceer"/><SP WIDTH="14" VPOS="1213" HPOS="771"/>
							<String ID="string_255" HPOS="785" VPOS="1212" WIDTH="35" HEIGHT="22" WC="0.95" CONTENT="till"/>
						</TextLine>
						<TextLine ID="line_30" HPOS="67" VPOS="1244" WIDTH="751" HEIGHT="32">
							<String ID="string_256" HPOS="67" VPOS="1250" WIDTH="100" HEIGHT="22" WC="0.96" CONTENT="städerna"/><SP WIDTH="21" VPOS="1250" HPOS="167"/>
							<String ID="string_257" HPOS="188" VPOS="1244" WIDTH="46" HEIGHT="28" WC="0.96" CONTENT="Åbo"/><SP WIDTH="24" VPOS="1244" HPOS="234"/>
							<String ID="string_258" HPOS="258" VPOS="1250" WIDTH="39" HEIGHT="22" WC="0.93" CONTENT="och"/><SP WIDTH="23" VPOS="1250" HPOS="297"/>
							<String ID="string_259" HPOS="320" VPOS="1249" WIDTH="142" HEIGHT="27" WC="0.93" CONTENT="Björneborg;"/><SP WIDTH="22" VPOS="1249" HPOS="462"/>
							<String ID="string_260" HPOS="484" VPOS="1248" WIDTH="206" HEIGHT="27" WC="0.92" CONTENT="landtdagsmännen"/><SP WIDTH="20" VPOS="1248" HPOS="690"/>
							<String ID="string_261" HPOS="710" VPOS="1247" WIDTH="108" HEIGHT="27" WC="0.96" CONTENT="Suutarla,"/>
						</TextLine>
						<TextLine ID="line_31" HPOS="66" VPOS="1282" WIDTH="753" HEIGHT="30">
							<String ID="string_262" HPOS="66" VPOS="1285" WIDTH="92" HEIGHT="27" WC="0.73" CONTENT="Brusila,"/><SP WIDTH="17" VPOS="1285" HPOS="158"/>
							<String ID="string_263" HPOS="175" VPOS="1284" WIDTH="91" HEIGHT="23" WC="0.92" CONTENT="Nohteri"/><SP WIDTH="19" VPOS="1284" HPOS="266"/>
							<String ID="string_264" HPOS="285" VPOS="1284" WIDTH="39" HEIGHT="22" WC="0.93" CONTENT="och"/><SP WIDTH="19" VPOS="1284" HPOS="324"/>
							<String ID="string_265" HPOS="343" VPOS="1284" WIDTH="71" HEIGHT="21" WC="0.92" CONTENT="Wärri"/><SP WIDTH="17" VPOS="1284" HPOS="414"/>
							<String ID="string_266" HPOS="431" VPOS="1283" WIDTH="64" HEIGHT="22" WC="0.96" CONTENT="hafva"/><SP WIDTH="15" VPOS="1283" HPOS="495"/>
							<String ID="string_267" HPOS="510" VPOS="1283" WIDTH="46" HEIGHT="21" WC="0.93" CONTENT="åter"/><SP WIDTH="14" VPOS="1283" HPOS="556"/>
							<String ID="string_268" HPOS="570" VPOS="1282" WIDTH="108" HEIGHT="22" WC="0.92" CONTENT="framstält"/><SP WIDTH="15" VPOS="1282" HPOS="678"/>
							<String ID="string_269" HPOS="693" VPOS="1282" WIDTH="126" HEIGHT="26" WC="0.53" CONTENT="önsknings-"/>
						</TextLine>
						<TextLine ID="line_32" HPOS="66" VPOS="1310" WIDTH="753" HEIGHT="36">
							<String ID="string_270" HPOS="66" VPOS="1320" WIDTH="44" HEIGHT="21" WC="0.87" CONTENT="mä]"/><SP WIDTH="23" VPOS="1320" HPOS="110"/>
							<String ID="string_271" HPOS="133" VPOS="1320" WIDTH="79" HEIGHT="26" WC="0.96" CONTENT="derom,"/><SP WIDTH="22" VPOS="1320" HPOS="212"/>
							<String ID="string_272" HPOS="234" VPOS="1320" WIDTH="33" HEIGHT="21" WC="0.96" CONTENT="att"/><SP WIDTH="22" VPOS="1320" HPOS="267"/>
							<String ID="string_273" HPOS="289" VPOS="1319" WIDTH="41" HEIGHT="22" WC="0.96" CONTENT="den"/><SP WIDTH="22" VPOS="1319" HPOS="330"/>
							<String ID="string_274" HPOS="352" VPOS="1319" WIDTH="67" HEIGHT="21" WC="0.93" CONTENT="andra"/><SP WIDTH="22" VPOS="1319" HPOS="419"/>
							<String ID="string_275" HPOS="441" VPOS="1318" WIDTH="136" HEIGHT="27" WC="0.96" CONTENT="afdelningen"/><SP WIDTH="22" VPOS="1318" HPOS="577"/>
							<String ID="string_276" HPOS="599" VPOS="1317" WIDTH="7" HEIGHT="21" WC="0.96" CONTENT="i"/><SP WIDTH="18" VPOS="1317" HPOS="606"/>
							<String ID="string_277" HPOS="624" VPOS="1310" WIDTH="47" HEIGHT="28" WC="0.93" CONTENT="Åbo"/><SP WIDTH="19" VPOS="1310" HPOS="671"/>
							<String ID="string_278" HPOS="690" VPOS="1316" WIDTH="129" HEIGHT="28" WC="0.91" CONTENT="sjuklassiga"/>
						</TextLine>
						<TextLine ID="line_33" HPOS="67" VPOS="1350" WIDTH="753" HEIGHT="30">
							<String ID="string_279" HPOS="67" VPOS="1354" WIDTH="82" HEIGHT="26" WC="0.91" CONTENT="lyceum"/><SP WIDTH="22" VPOS="1354" HPOS="149"/>
							<String ID="string_280" HPOS="171" VPOS="1353" WIDTH="67" HEIGHT="21" WC="0.92" CONTENT="mätte"/><SP WIDTH="21" VPOS="1353" HPOS="238"/>
							<String ID="string_281" HPOS="259" VPOS="1352" WIDTH="123" HEIGHT="26" WC="0.92" CONTENT="förfinskas;"/><SP WIDTH="24" VPOS="1352" HPOS="382"/>
							<String ID="string_282" HPOS="406" VPOS="1352" WIDTH="101" HEIGHT="26" WC="0.89" CONTENT="slutligen"/><SP WIDTH="21" VPOS="1352" HPOS="507"/>
							<String ID="string_283" HPOS="528" VPOS="1351" WIDTH="64" HEIGHT="21" WC="0.93" CONTENT="hafva"/><SP WIDTH="22" VPOS="1351" HPOS="592"/>
							<String ID="string_284" HPOS="614" VPOS="1350" WIDTH="206" HEIGHT="26" WC="0.90" CONTENT="landtdagsmännen"/>
						</TextLine>
						<TextLine ID="line_34" HPOS="67" VPOS="1383" WIDTH="753" HEIGHT="29">
							<String ID="string_285" HPOS="67" VPOS="1387" WIDTH="86" HEIGHT="22" WC="0.84" CONTENT="Brusila"/><SP WIDTH="17" VPOS="1387" HPOS="153"/>
							<String ID="string_286" HPOS="170" VPOS="1387" WIDTH="40" HEIGHT="22" WC="0.96" CONTENT="och"/><SP WIDTH="18" VPOS="1387" HPOS="210"/>
							<String ID="string_287" HPOS="228" VPOS="1386" WIDTH="110" HEIGHT="22" WC="0.93" CONTENT="Ahlström"/><SP WIDTH="15" VPOS="1386" HPOS="338"/>
							<String ID="string_288" HPOS="353" VPOS="1385" WIDTH="117" HEIGHT="27" WC="0.91" CONTENT="föreslagit,"/><SP WIDTH="15" VPOS="1385" HPOS="470"/>
							<String ID="string_289" HPOS="485" VPOS="1386" WIDTH="32" HEIGHT="21" WC="0.93" CONTENT="att"/><SP WIDTH="14" VPOS="1386" HPOS="517"/>
							<String ID="string_290" HPOS="531" VPOS="1384" WIDTH="144" HEIGHT="27" WC="0.92" CONTENT="Björneborgs"/><SP WIDTH="15" VPOS="1384" HPOS="675"/>
							<String ID="string_291" HPOS="690" VPOS="1383" WIDTH="130" HEIGHT="28" WC="0.93" CONTENT="fyrklassiga"/>
						</TextLine>
						<TextLine ID="line_35" HPOS="67" VPOS="1418" WIDTH="751" HEIGHT="32">
							<String ID="string_292" HPOS="67" VPOS="1423" WIDTH="83" HEIGHT="27" WC="0.88" CONTENT="lyceum"/><SP WIDTH="22" VPOS="1423" HPOS="150"/>
							<String ID="string_293" HPOS="172" VPOS="1421" WIDTH="70" HEIGHT="22" WC="0.93" CONTENT="skulle"/><SP WIDTH="21" VPOS="1421" HPOS="242"/>
							<String ID="string_294" HPOS="263" VPOS="1421" WIDTH="123" HEIGHT="22" WC="0.92" CONTENT="förvandlas"/><SP WIDTH="21" VPOS="1421" HPOS="386"/>
							<String ID="string_295" HPOS="407" VPOS="1421" WIDTH="34" HEIGHT="21" WC="0.94" CONTENT="till"/><SP WIDTH="19" VPOS="1421" HPOS="441"/>
							<String ID="string_296" HPOS="460" VPOS="1421" WIDTH="31" HEIGHT="21" WC="0.93" CONTENT="ett"/><SP WIDTH="18" VPOS="1421" HPOS="491"/>
							<String ID="string_297" HPOS="509" VPOS="1419" WIDTH="126" HEIGHT="28" WC="0.93" CONTENT="sjuklassigt"/><SP WIDTH="14" VPOS="1419" HPOS="635"/>
							<String ID="string_298" HPOS="649" VPOS="1418" WIDTH="66" HEIGHT="22" WC="0.92" CONTENT="finskt"/><SP WIDTH="13" VPOS="1418" HPOS="715"/>
							<String ID="string_299" HPOS="728" VPOS="1418" WIDTH="90" HEIGHT="28" WC="0.89" CONTENT="lyceum,"/>
						</TextLine>
						<TextLine ID="line_36" HPOS="67" VPOS="1452" WIDTH="752" HEIGHT="30">
							<String ID="string_300" HPOS="67" VPOS="1456" WIDTH="78" HEIGHT="23" WC="0.93" CONTENT="medan"/><SP WIDTH="17" VPOS="1456" HPOS="145"/>
							<String ID="string_301" HPOS="162" VPOS="1456" WIDTH="50" HEIGHT="22" WC="0.92" CONTENT="herr"/><SP WIDTH="19" VPOS="1456" HPOS="212"/>
							<String ID="string_302" HPOS="231" VPOS="1456" WIDTH="120" HEIGHT="26" WC="0.96" CONTENT="Molander,"/><SP WIDTH="18" VPOS="1456" HPOS="351"/>
							<String ID="string_303" HPOS="369" VPOS="1457" WIDTH="52" HEIGHT="20" WC="0.96" CONTENT="utan"/><SP WIDTH="19" VPOS="1457" HPOS="421"/>
							<String ID="string_304" HPOS="440" VPOS="1456" WIDTH="31" HEIGHT="21" WC="0.93" CONTENT="att"/><SP WIDTH="18" VPOS="1456" HPOS="471"/>
							<String ID="string_305" HPOS="489" VPOS="1455" WIDTH="77" HEIGHT="21" WC="0.91" CONTENT="beröra"/><SP WIDTH="19" VPOS="1455" HPOS="566"/>
							<String ID="string_306" HPOS="585" VPOS="1453" WIDTH="75" HEIGHT="28" WC="0.93" CONTENT="frägan"/><SP WIDTH="19" VPOS="1453" HPOS="660"/>
							<String ID="string_307" HPOS="679" VPOS="1459" WIDTH="34" HEIGHT="16" WC="0.96" CONTENT="om"/><SP WIDTH="20" VPOS="1459" HPOS="713"/>
							<String ID="string_308" HPOS="733" VPOS="1453" WIDTH="36" HEIGHT="22" WC="0.93" CONTENT="det"/><SP WIDTH="18" VPOS="1453" HPOS="769"/>
							<String ID="string_309" HPOS="787" VPOS="1452" WIDTH="32" HEIGHT="23" WC="0.91" CONTENT="af-"/>
						</TextLine>
					</TextBlock>
					<TextBlock ID="block_4" HPOS="136" VPOS="1493" WIDTH="466" HEIGHT="22">
						<TextLine ID="line_37" HPOS="136" VPOS="1493" WIDTH="466" HEIGHT="22">
							<String ID="string_310" HPOS="136" VPOS="1497" WIDTH="95" HEIGHT="18" WC="0.92" CONTENT="Allmänna"/><SP WIDTH="11" VPOS="1497" HPOS="231"/>
							<String ID="string_311" HPOS="242" VPOS="1497" WIDTH="159" HEIGHT="18" WC="0.80" CONTENT="Besvärsutskottets"/><SP WIDTH="11" VPOS="1497" HPOS="401"/>
							<String ID="string_312" HPOS="412" VPOS="1495" WIDTH="103" HEIGHT="18" WC="0.95" CONTENT="betänkande"/><SP WIDTH="12" VPOS="1495" HPOS="515"/>
							<String ID="string_313" HPOS="527" VPOS="1495" WIDTH="35" HEIGHT="17" WC="0.96" CONTENT="N:o"/><SP WIDTH="11" VPOS="1495" HPOS="562"/>
							<String ID="string_314" HPOS="573" VPOS="1493" WIDTH="29" HEIGHT="18" WC="0.95" CONTENT="17."/>
						</TextLine>
					</TextBlock>
				</ComposedBlock>
			</PrintSpace>
		</Page>
	</Layout>
</alto>
