<?xml version="1.0" encoding="UTF-8"?>
<alto xmlns="http://www.loc.gov/standards/alto/ns-v3#" xmlns:xlink="http://www.w3.org/1999/xlink" xmlns:xsi="http://www.w3.org/2001/XMLSchema-instance" xsi:schemaLocation="http://www.loc.gov/standards/alto/ns-v3# http://www.loc.gov/alto/v3/alto-3-0.xsd">
	<Description>
		<MeasurementUnit>pixel</MeasurementUnit>
		<sourceImageInformation>
			<fileName>/tmp/tess_3c3n8sxa_input.PNG</fileName>
		</sourceImageInformation>
		<OCRProcessing ID="OCR_0">
			<ocrProcessingStep>
				<processingSoftware>
					<softwareName>tesseract 5.3.4</softwareName>
				</processingSoftware>
			</ocrProcessingStep>
		</OCRProcessing>
	</Description>
	<Layout>
		<Page WIDTH="1045" HEIGHT="1706" PHYSICAL_IMG_NR="0" ID="page_0">
			<PrintSpace HPOS="0" VPOS="0" WIDTH="1045" HEIGHT="1706">
				<ComposedBlock ID="cblock_0" HPOS="254" VPOS="120" WIDTH="571" HEIGHT="23">
					<TextBlock ID="block_0" HPOS="254" VPOS="120" WIDTH="571" HEIGHT="23">
						<TextLine ID="line_0" HPOS="254" VPOS="120" WIDTH="571" HEIGHT="23">
							<String ID="string_0" HPOS="254" VPOS="120" WIDTH="319" HEIGHT="21" WC="0.88" CONTENT="Petittonsbetänkande"/><SP WIDTH="19" VPOS="120" HPOS="573"/>
							<String ID="string_1" HPOS="592" VPOS="125" WIDTH="42" HEIGHT="17" WC="0.96" CONTENT="N:o"/><SP WIDTH="15" VPOS="125" HPOS="634"/>
							<String ID="string_2" HPOS="649" VPOS="123" WIDTH="45" HEIGHT="19" WC="0.95" CONTENT="33."/><SP WIDTH="107" VPOS="123" HPOS="694"/>
							<String ID="string_3" HPOS="801" VPOS="125" WIDTH="24" HEIGHT="18" WC="0.96" CONTENT="17"/>
						</TextLine>
					</TextBlock>
				</ComposedBlock>
				<ComposedBlock ID="cblock_1" HPOS="105" VPOS="188" WIDTH="752" HEIGHT="946">
					<TextBlock ID="block_1" HPOS="194" VPOS="188" WIDTH="660" HEIGHT="62">
						<TextLine ID="line_1" HPOS="221" VPOS="188" WIDTH="633" HEIGHT="28">
							<String ID="string_4" HPOS="221" VPOS="189" WIDTH="31" HEIGHT="18" WC="0.95" CONTENT="att"/><SP WIDTH="16" VPOS="189" HPOS="252"/>
							<String ID="string_5" HPOS="268" VPOS="188" WIDTH="67" HEIGHT="20" WC="0.96" CONTENT="denna"/><SP WIDTH="17" VPOS="188" HPOS="335"/>
							<String ID="string_6" HPOS="352" VPOS="188" WIDTH="121" HEIGHT="28" WC="0.74" CONTENT="försäljning"/><SP WIDTH="15" VPOS="188" HPOS="473"/>
							<String ID="string_7" HPOS="488" VPOS="189" WIDTH="71" HEIGHT="25" WC="0.92" CONTENT="mätte,"/><SP WIDTH="16" VPOS="189" HPOS="559"/>
							<String ID="string_8" HPOS="575" VPOS="190" WIDTH="46" HEIGHT="19" WC="0.96" CONTENT="med"/><SP WIDTH="16" VPOS="190" HPOS="621"/>
							<String ID="string_9" HPOS="637" VPOS="190" WIDTH="42" HEIGHT="20" WC="0.93" CONTENT="alla"/><SP WIDTH="15" VPOS="190" HPOS="679"/>
							<String ID="string_10" HPOS="694" VPOS="190" WIDTH="106" HEIGHT="20" WC="0.92" CONTENT="enskildas"/><SP WIDTH="11" VPOS="190" HPOS="800"/>
							<String ID="string_11" HPOS="811" VPOS="192" WIDTH="43" HEIGHT="19" WC="0.93" CONTENT="ute-"/>
						</TextLine>
						<TextLine ID="line_2" HPOS="194" VPOS="222" WIDTH="543" HEIGHT="28">
							<String ID="string_12" HPOS="194" VPOS="222" WIDTH="103" HEIGHT="25" WC="0.87" CONTENT="slutande,"/><SP WIDTH="16" VPOS="222" HPOS="297"/>
							<String ID="string_13" HPOS="313" VPOS="222" WIDTH="119" HEIGHT="26" WC="0.59" CONTENT="öfvertagas"/><SP WIDTH="16" VPOS="222" HPOS="432"/>
							<String ID="string_14" HPOS="448" VPOS="222" WIDTH="23" HEIGHT="20" WC="0.93" CONTENT="af"/><SP WIDTH="12" VPOS="222" HPOS="471"/>
							<String ID="string_15" HPOS="483" VPOS="223" WIDTH="254" HEIGHT="27" WC="0.91" CONTENT="kommunalstyrelserna."/>
						</TextLine>
					</TextBlock>
					<TextBlock ID="block_2" HPOS="105" VPOS="255" WIDTH="752" HEIGHT="743">
						<TextLine ID="line_3" HPOS="175" VPOS="255" WIDTH="680" HEIGHT="28">
							<String ID="string_16" HPOS="175" VPOS="255" WIDTH="31" HEIGHT="20" WC="0.93" CONTENT="Pä"/><SP WIDTH="14" VPOS="255" HPOS="206"/>
							<String ID="string_17" HPOS="220" VPOS="258" WIDTH="42" HEIGHT="17" WC="0.93" CONTENT="sätt"/><SP WIDTH="16" VPOS="258" HPOS="262"/>
							<String ID="string_18" HPOS="278" VPOS="255" WIDTH="106" HEIGHT="21" WC="0.92" CONTENT="Utskottet"/><SP WIDTH="15" VPOS="255" HPOS="384"/>
							<String ID="string_19" HPOS="399" VPOS="256" WIDTH="62" HEIGHT="20" WC="0.92" CONTENT="ofvan"/><SP WIDTH="16" VPOS="256" HPOS="461"/>
							<String ID="string_20" HPOS="477" VPOS="256" WIDTH="113" HEIGHT="20" WC="0.92" CONTENT="framhällit"/><SP WIDTH="15" VPOS="256" HPOS="590"/>
							<String ID="string_21" HPOS="605" VPOS="264" WIDTH="39" HEIGHT="19" WC="0.92" CONTENT="ega"/><SP WIDTH="15" VPOS="264" HPOS="644"/>
							<String ID="string_22" HPOS="659" VPOS="258" WIDTH="150" HEIGHT="20" WC="0.96" CONTENT="kommunerna"/><SP WIDTH="15" VPOS="258" HPOS="809"/>
							<String ID="string_23" HPOS="824" VPOS="258" WIDTH="31" HEIGHT="20" WC="0.96" CONTENT="för"/>
						</TextLine>
						<TextLine ID="line_4" HPOS="110" VPOS="290" WIDTH="745" HEIGHT="28">
							<String ID="string_24" HPOS="110" VPOS="290" WIDTH="132" HEIGHT="20" WC="0.96" CONTENT="närvarande"/><SP WIDTH="15" VPOS="290" HPOS="242"/>
							<String ID="string_25" HPOS="257" VPOS="292" WIDTH="41" HEIGHT="18" WC="0.96" CONTENT="rätt"/><SP WIDTH="15" VPOS="292" HPOS="298"/>
							<String ID="string_26" HPOS="313" VPOS="292" WIDTH="31" HEIGHT="18" WC="0.93" CONTENT="att"/><SP WIDTH="15" VPOS="292" HPOS="344"/>
							<String ID="string_27" HPOS="359" VPOS="290" WIDTH="75" HEIGHT="20" WC="0.92" CONTENT="hindra"/><SP WIDTH="11" VPOS="290" HPOS="434"/>
							<String ID="string_28" HPOS="445" VPOS="290" WIDTH="222" HEIGHT="28" WC="0.91" CONTENT="bränvinsförsäljning"/><SP WIDTH="10" VPOS="290" HPOS="667"/>
							<String ID="string_29" HPOS="677" VPOS="292" WIDTH="55" HEIGHT="19" WC="0.96" CONTENT="inom"/><SP WIDTH="11" VPOS="292" HPOS="732"/>
							<String ID="string_30" HPOS="743" VPOS="292" WIDTH="59" HEIGHT="20" WC="0.93" CONTENT="deras"/><SP WIDTH="11" VPOS="292" HPOS="802"/>
							<String ID="string_31" HPOS="813" VPOS="298" WIDTH="42" HEIGHT="13" WC="0.93" CONTENT="om-"/>
						</TextLine>
						<TextLine ID="line_5" HPOS="108" VPOS="324" WIDTH="748" HEIGHT="30">
							<String ID="string_32" HPOS="108" VPOS="324" WIDTH="71" HEIGHT="21" WC="0.90" CONTENT="råden."/><SP WIDTH="31" VPOS="324" HPOS="179"/>
							<String ID="string_33" HPOS="210" VPOS="324" WIDTH="117" HEIGHT="30" WC="0.94" CONTENT="Utländska"/><SP WIDTH="15" VPOS="324" HPOS="327"/>
							<String ID="string_34" HPOS="342" VPOS="324" WIDTH="143" HEIGHT="26" WC="0.96" CONTENT="spritdrycker"/><SP WIDTH="15" VPOS="324" HPOS="485"/>
							<String ID="string_35" HPOS="500" VPOS="324" WIDTH="20" HEIGHT="20" WC="0.96" CONTENT="få"/><SP WIDTH="16" VPOS="324" HPOS="520"/>
							<String ID="string_36" HPOS="536" VPOS="325" WIDTH="44" HEIGHT="19" WC="0.96" CONTENT="åter"/><SP WIDTH="15" VPOS="325" HPOS="580"/>
							<String ID="string_37" HPOS="595" VPOS="325" WIDTH="88" HEIGHT="21" WC="0.93" CONTENT="alldeles"/><SP WIDTH="14" VPOS="325" HPOS="683"/>
							<String ID="string_38" HPOS="697" VPOS="325" WIDTH="48" HEIGHT="20" WC="0.96" CONTENT="icke"/><SP WIDTH="10" VPOS="325" HPOS="745"/>
							<String ID="string_39" HPOS="755" VPOS="326" WIDTH="62" HEIGHT="26" WC="0.96" CONTENT="säljas"/><SP WIDTH="12" VPOS="326" HPOS="817"/>
							<String ID="string_40" HPOS="829" VPOS="327" WIDTH="27" HEIGHT="25" WC="0.96" CONTENT="pä"/>
						</TextLine>
						<TextLine ID="line_6" HPOS="105" VPOS="358" WIDTH="750" HEIGHT="27">
							<String ID="string_41" HPOS="105" VPOS="358" WIDTH="167" HEIGHT="27" WC="0.91" CONTENT="landsbyggden,"/><SP WIDTH="16" VPOS="358" HPOS="272"/>
							<String ID="string_42" HPOS="288" VPOS="358" WIDTH="39" HEIGHT="20" WC="0.96" CONTENT="och"/><SP WIDTH="16" VPOS="358" HPOS="327"/>
							<String ID="string_43" HPOS="343" VPOS="358" WIDTH="44" HEIGHT="20" WC="0.93" CONTENT="ifall"/><SP WIDTH="16" VPOS="358" HPOS="387"/>
							<String ID="string_44" HPOS="403" VPOS="358" WIDTH="128" HEIGHT="20" WC="0.92" CONTENT="Ständernas"/><SP WIDTH="16" VPOS="358" HPOS="531"/>
							<String ID="string_45" HPOS="547" VPOS="358" WIDTH="155" HEIGHT="21" WC="0.91" CONTENT="ofvannämnda"/><SP WIDTH="15" VPOS="358" HPOS="702"/>
							<String ID="string_46" HPOS="717" VPOS="360" WIDTH="86" HEIGHT="25" WC="0.93" CONTENT="petition"/><SP WIDTH="12" VPOS="360" HPOS="803"/>
							<String ID="string_47" HPOS="815" VPOS="360" WIDTH="40" HEIGHT="20" WC="0.92" CONTENT="för-"/>
						</TextLine>
						<TextLine ID="line_7" HPOS="107" VPOS="392" WIDTH="747" HEIGHT="28">
							<String ID="string_48" HPOS="107" VPOS="393" WIDTH="87" HEIGHT="20" WC="0.91" CONTENT="anleder"/><SP WIDTH="10" VPOS="393" HPOS="194"/>
							<String ID="string_49" HPOS="204" VPOS="393" WIDTH="31" HEIGHT="19" WC="0.96" CONTENT="till"/><SP WIDTH="10" VPOS="393" HPOS="235"/>
							<String ID="string_50" HPOS="245" VPOS="392" WIDTH="182" HEIGHT="27" WC="0.96" CONTENT="lagbestämmelse"/><SP WIDTH="10" VPOS="392" HPOS="427"/>
							<String ID="string_51" HPOS="437" VPOS="393" WIDTH="6" HEIGHT="19" WC="0.96" CONTENT="i"/><SP WIDTH="11" VPOS="393" HPOS="443"/>
							<String ID="string_52" HPOS="454" VPOS="393" WIDTH="93" HEIGHT="26" WC="0.96" CONTENT="enlighet"/><SP WIDTH="10" VPOS="393" HPOS="547"/>
							<String ID="string_53" HPOS="557" VPOS="393" WIDTH="46" HEIGHT="19" WC="0.93" CONTENT="med"/><SP WIDTH="12" VPOS="393" HPOS="603"/>
							<String ID="string_54" HPOS="615" VPOS="393" WIDTH="127" HEIGHT="21" WC="0.91" CONTENT="Ständernas"/><SP WIDTH="8" VPOS="393" HPOS="742"/>
							<String ID="string_55" HPOS="750" VPOS="394" WIDTH="104" HEIGHT="26" WC="0.95" CONTENT="yttrande,"/>
						</TextLine>
						<TextLine ID="line_8" HPOS="106" VPOS="427" WIDTH="748" HEIGHT="27">
							<String ID="string_56" HPOS="106" VPOS="427" WIDTH="54" HEIGHT="26" WC="0.95" CONTENT="finge"/><SP WIDTH="24" VPOS="427" HPOS="160"/>
							<String ID="string_57" HPOS="184" VPOS="429" WIDTH="41" HEIGHT="18" WC="0.96" CONTENT="rätt"/><SP WIDTH="19" VPOS="429" HPOS="225"/>
							<String ID="string_58" HPOS="244" VPOS="427" WIDTH="31" HEIGHT="20" WC="0.95" CONTENT="till"/><SP WIDTH="23" VPOS="427" HPOS="275"/>
							<String ID="string_59" HPOS="298" VPOS="427" WIDTH="122" HEIGHT="27" WC="0.95" CONTENT="försäljning"/><SP WIDTH="25" VPOS="427" HPOS="420"/>
							<String ID="string_60" HPOS="445" VPOS="427" WIDTH="22" HEIGHT="19" WC="0.96" CONTENT="af"/><SP WIDTH="18" VPOS="427" HPOS="467"/>
							<String ID="string_61" HPOS="485" VPOS="427" WIDTH="79" HEIGHT="20" WC="0.96" CONTENT="sådana"/><SP WIDTH="22" VPOS="427" HPOS="564"/>
							<String ID="string_62" HPOS="586" VPOS="427" WIDTH="89" HEIGHT="26" WC="0.96" CONTENT="drycker"/><SP WIDTH="22" VPOS="427" HPOS="675"/>
							<String ID="string_63" HPOS="697" VPOS="427" WIDTH="47" HEIGHT="20" WC="0.96" CONTENT="icke"/><SP WIDTH="20" VPOS="427" HPOS="744"/>
							<String ID="string_64" HPOS="764" VPOS="428" WIDTH="65" HEIGHT="19" WC="0.95" CONTENT="heller"/><SP WIDTH="19" VPOS="428" HPOS="829"/>
							<String ID="string_65" HPOS="848" VPOS="429" WIDTH="6" HEIGHT="18" WC="0.96" CONTENT="i"/>
						</TextLine>
						<TextLine ID="line_9" HPOS="106" VPOS="459" WIDTH="748" HEIGHT="28">
							<String ID="string_66" HPOS="106" VPOS="462" WIDTH="46" HEIGHT="19" WC="0.96" CONTENT="stad"/><SP WIDTH="17" VPOS="462" HPOS="152"/>
							<String ID="string_67" HPOS="169" VPOS="461" WIDTH="67" HEIGHT="26" WC="0.86" CONTENT="någon"/><SP WIDTH="18" VPOS="461" HPOS="236"/>
							<String ID="string_68" HPOS="254" VPOS="459" WIDTH="87" HEIGHT="28" WC="0.96" CONTENT="beviljas"/><SP WIDTH="16" VPOS="459" HPOS="341"/>
							<String ID="string_69" HPOS="357" VPOS="463" WIDTH="56" HEIGHT="18" WC="0.96" CONTENT="emot"/><SP WIDTH="15" VPOS="463" HPOS="413"/>
							<String ID="string_70" HPOS="428" VPOS="461" WIDTH="135" HEIGHT="20" WC="0.96" CONTENT="kommunens"/><SP WIDTH="17" VPOS="461" HPOS="563"/>
							<String ID="string_71" HPOS="580" VPOS="461" WIDTH="38" HEIGHT="20" WC="0.93" CONTENT="och"/><SP WIDTH="16" VPOS="461" HPOS="618"/>
							<String ID="string_72" HPOS="634" VPOS="462" WIDTH="171" HEIGHT="25" WC="0.91" CONTENT="stadsstyrelsens"/><SP WIDTH="16" VPOS="462" HPOS="805"/>
							<String ID="string_73" HPOS="821" VPOS="462" WIDTH="33" HEIGHT="20" WC="0.92" CONTENT="be-"/>
						</TextLine>
						<TextLine ID="line_10" HPOS="106" VPOS="495" WIDTH="748" HEIGHT="27">
							<String ID="string_74" HPOS="106" VPOS="495" WIDTH="106" HEIGHT="27" WC="0.79" CONTENT="gifvande."/><SP WIDTH="32" VPOS="495" HPOS="212"/>
							<String ID="string_75" HPOS="244" VPOS="495" WIDTH="74" HEIGHT="20" WC="0.89" CONTENT="Sävidt"/><SP WIDTH="15" VPOS="495" HPOS="318"/>
							<String ID="string_76" HPOS="333" VPOS="495" WIDTH="149" HEIGHT="25" WC="0.92" CONTENT="petitionärens"/><SP WIDTH="15" VPOS="495" HPOS="482"/>
							<String ID="string_77" HPOS="497" VPOS="495" WIDTH="144" HEIGHT="20" WC="0.96" CONTENT="förstnämnda"/><SP WIDTH="15" VPOS="495" HPOS="641"/>
							<String ID="string_78" HPOS="656" VPOS="495" WIDTH="77" HEIGHT="26" WC="0.96" CONTENT="förslag"/><SP WIDTH="11" VPOS="495" HPOS="733"/>
							<String ID="string_79" HPOS="744" VPOS="495" WIDTH="65" HEIGHT="26" WC="0.93" CONTENT="angår"/><SP WIDTH="10" VPOS="495" HPOS="809"/>
							<String ID="string_80" HPOS="819" VPOS="502" WIDTH="35" HEIGHT="13" WC="0.92" CONTENT="an-"/>
						</TextLine>
						<TextLine ID="line_11" HPOS="107" VPOS="529" WIDTH="748" HEIGHT="26">
							<String ID="string_81" HPOS="107" VPOS="529" WIDTH="38" HEIGHT="21" WC="0.96" CONTENT="dra"/><SP WIDTH="22" VPOS="529" HPOS="145"/>
							<String ID="string_82" HPOS="167" VPOS="529" WIDTH="91" HEIGHT="26" WC="0.96" CONTENT="drycker"/><SP WIDTH="20" VPOS="529" HPOS="258"/>
							<String ID="string_83" HPOS="278" VPOS="532" WIDTH="25" HEIGHT="17" WC="0.96" CONTENT="än"/><SP WIDTH="21" VPOS="532" HPOS="303"/>
							<String ID="string_84" HPOS="324" VPOS="529" WIDTH="27" HEIGHT="25" WC="0.93" CONTENT="öl,"/><SP WIDTH="21" VPOS="529" HPOS="351"/>
							<String ID="string_85" HPOS="372" VPOS="529" WIDTH="85" HEIGHT="20" WC="0.90" CONTENT="hvarom"/><SP WIDTH="23" VPOS="529" HPOS="457"/>
							<String ID="string_86" HPOS="480" VPOS="529" WIDTH="107" HEIGHT="20" WC="0.93" CONTENT="Utskottet"/><SP WIDTH="20" VPOS="529" HPOS="587"/>
							<String ID="string_87" HPOS="607" VPOS="529" WIDTH="113" HEIGHT="21" WC="0.91" CONTENT="nedanföre"/><SP WIDTH="16" VPOS="529" HPOS="720"/>
							<String ID="string_88" HPOS="736" VPOS="531" WIDTH="65" HEIGHT="24" WC="0.96" CONTENT="yttrar"/><SP WIDTH="16" VPOS="531" HPOS="801"/>
							<String ID="string_89" HPOS="817" VPOS="530" WIDTH="38" HEIGHT="25" WC="0.96" CONTENT="sig,"/>
						</TextLine>
						<TextLine ID="line_12" HPOS="106" VPOS="563" WIDTH="749" HEIGHT="27">
							<String ID="string_90" HPOS="106" VPOS="563" WIDTH="105" HEIGHT="20" WC="0.96" CONTENT="erfordras"/><SP WIDTH="11" VPOS="563" HPOS="211"/>
							<String ID="string_91" HPOS="222" VPOS="563" WIDTH="81" HEIGHT="20" WC="0.96" CONTENT="således"/><SP WIDTH="11" VPOS="563" HPOS="303"/>
							<String ID="string_92" HPOS="314" VPOS="563" WIDTH="32" HEIGHT="20" WC="0.96" CONTENT="för"/><SP WIDTH="10" VPOS="563" HPOS="346"/>
							<String ID="string_93" HPOS="356" VPOS="563" WIDTH="130" HEIGHT="20" WC="0.96" CONTENT="närvarande"/><SP WIDTH="11" VPOS="563" HPOS="486"/>
							<String ID="string_94" HPOS="497" VPOS="564" WIDTH="52" HEIGHT="19" WC="0.96" CONTENT="intet"/><SP WIDTH="11" VPOS="564" HPOS="549"/>
							<String ID="string_95" HPOS="560" VPOS="563" WIDTH="71" HEIGHT="20" WC="0.93" CONTENT="vidare"/><SP WIDTH="10" VPOS="563" HPOS="631"/>
							<String ID="string_96" HPOS="641" VPOS="563" WIDTH="131" HEIGHT="27" WC="0.88" CONTENT="tillgörande."/><SP WIDTH="22" VPOS="563" HPOS="772"/>
							<String ID="string_97" HPOS="794" VPOS="563" WIDTH="61" HEIGHT="20" WC="0.96" CONTENT="Hvad"/>
						</TextLine>
						<TextLine ID="line_13" HPOS="107" VPOS="597" WIDTH="747" HEIGHT="27">
							<String ID="string_98" HPOS="107" VPOS="598" WIDTH="45" HEIGHT="20" WC="0.96" CONTENT="åter"/><SP WIDTH="16" VPOS="598" HPOS="152"/>
							<String ID="string_99" HPOS="168" VPOS="597" WIDTH="100" HEIGHT="26" WC="0.96" CONTENT="förslaget"/><SP WIDTH="16" VPOS="597" HPOS="268"/>
							<String ID="string_100" HPOS="284" VPOS="599" WIDTH="29" HEIGHT="18" WC="0.83" CONTENT="alt"/><SP WIDTH="16" VPOS="599" HPOS="313"/>
							<String ID="string_101" HPOS="329" VPOS="597" WIDTH="21" HEIGHT="19" WC="0.93" CONTENT="ät"/><SP WIDTH="15" VPOS="597" HPOS="350"/>
							<String ID="string_102" HPOS="365" VPOS="597" WIDTH="249" HEIGHT="26" WC="0.91" CONTENT="kommunalstyrelserna"/><SP WIDTH="15" VPOS="597" HPOS="614"/>
							<String ID="string_103" HPOS="629" VPOS="597" WIDTH="130" HEIGHT="21" WC="0.89" CONTENT="öfverlemna"/><SP WIDTH="15" VPOS="597" HPOS="759"/>
							<String ID="string_104" HPOS="774" VPOS="597" WIDTH="80" HEIGHT="27" WC="0.93" CONTENT="försälj-"/>
						</TextLine>
						<TextLine ID="line_14" HPOS="107" VPOS="631" WIDTH="747" HEIGHT="28">
							<String ID="string_105" HPOS="107" VPOS="633" WIDTH="77" HEIGHT="26" WC="0.96" CONTENT="ningen"/><SP WIDTH="16" VPOS="633" HPOS="184"/>
							<String ID="string_106" HPOS="200" VPOS="631" WIDTH="24" HEIGHT="20" WC="0.96" CONTENT="af"/><SP WIDTH="12" VPOS="631" HPOS="224"/>
							<String ID="string_107" HPOS="236" VPOS="632" WIDTH="70" HEIGHT="19" WC="0.96" CONTENT="starka"/><SP WIDTH="17" VPOS="632" HPOS="306"/>
							<String ID="string_108" HPOS="323" VPOS="631" WIDTH="90" HEIGHT="26" WC="0.93" CONTENT="drycker"/><SP WIDTH="17" VPOS="631" HPOS="413"/>
							<String ID="string_109" HPOS="430" VPOS="631" WIDTH="135" HEIGHT="26" WC="0.91" CONTENT="vidkommer,"/><SP WIDTH="16" VPOS="631" HPOS="565"/>
							<String ID="string_110" HPOS="581" VPOS="638" WIDTH="62" HEIGHT="20" WC="0.96" CONTENT="synes"/><SP WIDTH="11" VPOS="638" HPOS="643"/>
							<String ID="string_111" HPOS="654" VPOS="632" WIDTH="35" HEIGHT="19" WC="0.96" CONTENT="det"/><SP WIDTH="11" VPOS="632" HPOS="689"/>
							<String ID="string_112" HPOS="700" VPOS="631" WIDTH="100" HEIGHT="27" WC="0.95" CONTENT="uppdrag,"/><SP WIDTH="11" VPOS="631" HPOS="800"/>
							<String ID="string_113" HPOS="811" VPOS="638" WIDTH="43" HEIGHT="13" WC="0.96" CONTENT="som"/>
						</TextLine>
						<TextLine ID="line_15" HPOS="106" VPOS="665" WIDTH="749" HEIGHT="24">
							<String ID="string_114" HPOS="106" VPOS="667" WIDTH="89" HEIGHT="19" WC="0.95" CONTENT="sålunda"/><SP WIDTH="27" VPOS="667" HPOS="195"/>
							<String ID="string_115" HPOS="222" VPOS="666" WIDTH="83" HEIGHT="19" WC="0.95" CONTENT="komme"/><SP WIDTH="26" VPOS="666" HPOS="305"/>
							<String ID="string_116" HPOS="331" VPOS="667" WIDTH="30" HEIGHT="19" WC="0.92" CONTENT="att"/><SP WIDTH="27" VPOS="667" HPOS="361"/>
							<String ID="string_117" HPOS="388" VPOS="666" WIDTH="106" HEIGHT="19" WC="0.95" CONTENT="meddelas"/><SP WIDTH="26" VPOS="666" HPOS="494"/>
							<String ID="string_118" HPOS="520" VPOS="666" WIDTH="135" HEIGHT="19" WC="0.93" CONTENT="kommunens"/><SP WIDTH="24" VPOS="666" HPOS="655"/>
							<String ID="string_119" HPOS="679" VPOS="665" WIDTH="176" HEIGHT="24" WC="0.90" CONTENT="förtroendemän,"/>
						</TextLine>
						<TextLine ID="line_16" HPOS="107" VPOS="699" WIDTH="748" HEIGHT="26">
							<String ID="string_120" HPOS="107" VPOS="701" WIDTH="70" HEIGHT="20" WC="0.95" CONTENT="alltför"/><SP WIDTH="23" VPOS="701" HPOS="177"/>
							<String ID="string_121" HPOS="200" VPOS="700" WIDTH="130" HEIGHT="19" WC="0.95" CONTENT="främmande"/><SP WIDTH="20" VPOS="700" HPOS="330"/>
							<String ID="string_122" HPOS="350" VPOS="699" WIDTH="31" HEIGHT="20" WC="0.95" CONTENT="för"/><SP WIDTH="21" VPOS="699" HPOS="381"/>
							<String ID="string_123" HPOS="402" VPOS="700" WIDTH="60" HEIGHT="19" WC="0.95" CONTENT="deras"/><SP WIDTH="20" VPOS="700" HPOS="462"/>
							<String ID="string_124" HPOS="482" VPOS="700" WIDTH="112" HEIGHT="25" WC="0.96" CONTENT="egentliga,"/><SP WIDTH="16" VPOS="700" HPOS="594"/>
							<String ID="string_125" HPOS="610" VPOS="699" WIDTH="31" HEIGHT="20" WC="0.96" CONTENT="för"/><SP WIDTH="16" VPOS="699" HPOS="641"/>
							<String ID="string_126" HPOS="657" VPOS="702" WIDTH="30" HEIGHT="17" WC="0.96" CONTENT="att"/><SP WIDTH="14" VPOS="702" HPOS="687"/>
							<String ID="string_127" HPOS="701" VPOS="700" WIDTH="65" HEIGHT="25" WC="0.96" CONTENT="något"/><SP WIDTH="14" VPOS="700" HPOS="766"/>
							<String ID="string_128" HPOS="780" VPOS="699" WIDTH="75" HEIGHT="20" WC="0.96" CONTENT="sådant"/>
						</TextLine>
						<TextLine ID="line_17" HPOS="108" VPOS="733" WIDTH="746" HEIGHT="26">
							<String ID="string_129" HPOS="108" VPOS="735" WIDTH="68" HEIGHT="19" WC="0.96" CONTENT="skulle"/><SP WIDTH="19" VPOS="735" HPOS="176"/>
							<String ID="string_130" HPOS="195" VPOS="734" WIDTH="71" HEIGHT="19" WC="0.96" CONTENT="kunna"/><SP WIDTH="20" VPOS="734" HPOS="266"/>
							<String ID="string_131" HPOS="286" VPOS="740" WIDTH="60" HEIGHT="13" WC="0.96" CONTENT="anses"/><SP WIDTH="20" VPOS="740" HPOS="346"/>
							<String ID="string_132" HPOS="366" VPOS="733" WIDTH="102" HEIGHT="26" WC="0.96" CONTENT="lämpligt."/><SP WIDTH="37" VPOS="733" HPOS="468"/>
							<String ID="string_133" HPOS="505" VPOS="733" WIDTH="105" HEIGHT="20" WC="0.96" CONTENT="Måhända"/><SP WIDTH="20" VPOS="733" HPOS="610"/>
							<String ID="string_134" HPOS="630" VPOS="739" WIDTH="49" HEIGHT="13" WC="0.96" CONTENT="vore"/><SP WIDTH="16" VPOS="739" HPOS="679"/>
							<String ID="string_135" HPOS="695" VPOS="733" WIDTH="36" HEIGHT="20" WC="0.96" CONTENT="det"/><SP WIDTH="19" VPOS="733" HPOS="731"/>
							<String ID="string_136" HPOS="750" VPOS="733" WIDTH="104" HEIGHT="20" WC="0.96" CONTENT="dessutom"/>
						</TextLine>
						<TextLine ID="line_18" HPOS="107" VPOS="767" WIDTH="748" HEIGHT="26">
							<String ID="string_137" HPOS="107" VPOS="768" WIDTH="38" HEIGHT="20" WC="0.95" CONTENT="allt"/><SP WIDTH="15" VPOS="768" HPOS="145"/>
							<String ID="string_138" HPOS="160" VPOS="770" WIDTH="64" HEIGHT="18" WC="0.96" CONTENT="annat"/><SP WIDTH="15" VPOS="770" HPOS="224"/>
							<String ID="string_139" HPOS="239" VPOS="770" WIDTH="25" HEIGHT="17" WC="0.93" CONTENT="än"/><SP WIDTH="17" VPOS="770" HPOS="264"/>
							<String ID="string_140" HPOS="281" VPOS="767" WIDTH="83" HEIGHT="26" WC="0.92" CONTENT="rådligt,"/><SP WIDTH="16" VPOS="767" HPOS="364"/>
							<String ID="string_141" HPOS="380" VPOS="769" WIDTH="31" HEIGHT="17" WC="0.96" CONTENT="att"/><SP WIDTH="14" VPOS="769" HPOS="411"/>
							<String ID="string_142" HPOS="425" VPOS="773" WIDTH="75" HEIGHT="20" WC="0.96" CONTENT="genom"/><SP WIDTH="17" VPOS="773" HPOS="500"/>
							<String ID="string_143" HPOS="517" VPOS="767" WIDTH="40" HEIGHT="20" WC="0.93" CONTENT="den"/><SP WIDTH="17" VPOS="767" HPOS="557"/>
							<String ID="string_144" HPOS="574" VPOS="767" WIDTH="63" HEIGHT="26" WC="0.91" CONTENT="utsigt"/><SP WIDTH="16" VPOS="767" HPOS="637"/>
							<String ID="string_145" HPOS="653" VPOS="767" WIDTH="30" HEIGHT="19" WC="0.96" CONTENT="till"/><SP WIDTH="16" VPOS="767" HPOS="683"/>
							<String ID="string_146" HPOS="699" VPOS="767" WIDTH="114" HEIGHT="20" WC="0.95" CONTENT="inkomster"/><SP WIDTH="11" VPOS="767" HPOS="813"/>
							<String ID="string_147" HPOS="824" VPOS="767" WIDTH="31" HEIGHT="19" WC="0.95" CONTENT="för"/>
						</TextLine>
						<TextLine ID="line_19" HPOS="108" VPOS="800" WIDTH="747" HEIGHT="27">
							<String ID="string_148" HPOS="108" VPOS="801" WIDTH="205" HEIGHT="26" WC="0.91" CONTENT="kommunalkassan,"/><SP WIDTH="10" VPOS="801" HPOS="313"/>
							<String ID="string_149" HPOS="323" VPOS="807" WIDTH="44" HEIGHT="14" WC="0.92" CONTENT="som"/><SP WIDTH="9" VPOS="807" HPOS="367"/>
							<String ID="string_150" HPOS="376" VPOS="801" WIDTH="250" HEIGHT="26" WC="0.91" CONTENT="bränvinsförsäljningen"/><SP WIDTH="9" VPOS="801" HPOS="626"/>
							<String ID="string_151" HPOS="635" VPOS="801" WIDTH="67" HEIGHT="20" WC="0.96" CONTENT="skulle"/><SP WIDTH="9" VPOS="801" HPOS="702"/>
							<String ID="string_152" HPOS="711" VPOS="801" WIDTH="70" HEIGHT="19" WC="0.96" CONTENT="kunna"/><SP WIDTH="8" VPOS="801" HPOS="781"/>
							<String ID="string_153" HPOS="789" VPOS="800" WIDTH="66" HEIGHT="20" WC="0.96" CONTENT="skaffa"/>
						</TextLine>
						<TextLine ID="line_20" HPOS="106" VPOS="835" WIDTH="749" HEIGHT="28">
							<String ID="string_154" HPOS="106" VPOS="837" WIDTH="49" HEIGHT="25" WC="0.95" CONTENT="den,"/><SP WIDTH="16" VPOS="837" HPOS="155"/>
							<String ID="string_155" HPOS="171" VPOS="839" WIDTH="51" HEIGHT="24" WC="0.96" CONTENT="göra"/><SP WIDTH="15" VPOS="839" HPOS="222"/>
							<String ID="string_156" HPOS="237" VPOS="835" WIDTH="36" HEIGHT="20" WC="0.94" CONTENT="det"/><SP WIDTH="15" VPOS="835" HPOS="273"/>
							<String ID="string_157" HPOS="288" VPOS="836" WIDTH="81" HEIGHT="26" WC="0.95" CONTENT="möjligt"/><SP WIDTH="14" VPOS="836" HPOS="369"/>
							<String ID="string_158" HPOS="383" VPOS="835" WIDTH="32" HEIGHT="20" WC="0.95" CONTENT="för"/><SP WIDTH="21" VPOS="835" HPOS="415"/>
							<String ID="string_159" HPOS="436" VPOS="835" WIDTH="104" HEIGHT="26" WC="0.95" CONTENT="tillfälliga"/><SP WIDTH="12" VPOS="835" HPOS="540"/>
							<String ID="string_160" HPOS="552" VPOS="835" WIDTH="127" HEIGHT="26" WC="0.96" CONTENT="majoriteter"/><SP WIDTH="9" VPOS="835" HPOS="679"/>
							<String ID="string_161" HPOS="688" VPOS="835" WIDTH="28" HEIGHT="26" WC="0.93" CONTENT="på"/><SP WIDTH="10" VPOS="835" HPOS="716"/>
							<String ID="string_162" HPOS="726" VPOS="835" WIDTH="129" HEIGHT="19" WC="0.90" CONTENT="kommunal-"/>
						</TextLine>
						<TextLine ID="line_21" HPOS="106" VPOS="869" WIDTH="749" HEIGHT="27">
							<String ID="string_163" HPOS="106" VPOS="873" WIDTH="100" HEIGHT="18" WC="0.96" CONTENT="stämmor"/><SP WIDTH="23" VPOS="873" HPOS="206"/>
							<String ID="string_164" HPOS="229" VPOS="872" WIDTH="30" HEIGHT="18" WC="0.92" CONTENT="att"/><SP WIDTH="19" VPOS="872" HPOS="259"/>
							<String ID="string_165" HPOS="278" VPOS="869" WIDTH="145" HEIGHT="27" WC="0.91" CONTENT="genomdrifva"/><SP WIDTH="20" VPOS="869" HPOS="423"/>
							<String ID="string_166" HPOS="443" VPOS="870" WIDTH="67" HEIGHT="19" WC="0.95" CONTENT="beslut"/><SP WIDTH="20" VPOS="870" HPOS="510"/>
							<String ID="string_167" HPOS="530" VPOS="876" WIDTH="34" HEIGHT="13" WC="0.87" CONTENT="om"/><SP WIDTH="20" VPOS="876" HPOS="564"/>
							<String ID="string_168" HPOS="584" VPOS="869" WIDTH="135" HEIGHT="20" WC="0.87" CONTENT="etablerande"/><SP WIDTH="21" VPOS="869" HPOS="719"/>
							<String ID="string_169" HPOS="740" VPOS="869" WIDTH="22" HEIGHT="20" WC="0.93" CONTENT="af"/><SP WIDTH="13" VPOS="869" HPOS="762"/>
							<String ID="string_170" HPOS="775" VPOS="869" WIDTH="80" HEIGHT="26" WC="0.91" CONTENT="försälj-"/>
						</TextLine>
						<TextLine ID="line_22" HPOS="107" VPOS="903" WIDTH="750" HEIGHT="28">
							<String ID="string_171" HPOS="107" VPOS="905" WIDTH="145" HEIGHT="26" WC="0.93" CONTENT="ningsställen,"/><SP WIDTH="16" VPOS="905" HPOS="252"/>
							<String ID="string_172" HPOS="268" VPOS="904" WIDTH="36" HEIGHT="20" WC="0.96" CONTENT="der"/><SP WIDTH="15" VPOS="904" HPOS="304"/>
							<String ID="string_173" HPOS="319" VPOS="904" WIDTH="80" HEIGHT="20" WC="0.96" CONTENT="sådana"/><SP WIDTH="15" VPOS="904" HPOS="399"/>
							<String ID="string_174" HPOS="414" VPOS="904" WIDTH="60" HEIGHT="26" WC="0.96" CONTENT="eljest"/><SP WIDTH="16" VPOS="904" HPOS="474"/>
							<String ID="string_175" HPOS="490" VPOS="905" WIDTH="18" HEIGHT="26" WC="0.96" CONTENT="ej"/><SP WIDTH="16" VPOS="905" HPOS="508"/>
							<String ID="string_176" HPOS="524" VPOS="904" WIDTH="69" HEIGHT="20" WC="0.96" CONTENT="skulle"/><SP WIDTH="15" VPOS="904" HPOS="593"/>
							<String ID="string_177" HPOS="608" VPOS="903" WIDTH="87" HEIGHT="20" WC="0.96" CONTENT="kommit"/><SP WIDTH="15" VPOS="903" HPOS="695"/>
							<String ID="string_178" HPOS="710" VPOS="904" WIDTH="6" HEIGHT="19" WC="0.96" CONTENT="i"/><SP WIDTH="16" VPOS="904" HPOS="716"/>
							<String ID="string_179" HPOS="732" VPOS="903" WIDTH="64" HEIGHT="26" WC="0.93" CONTENT="fråga."/><SP WIDTH="24" VPOS="903" HPOS="796"/>
							<String ID="string_180" HPOS="820" VPOS="903" WIDTH="37" HEIGHT="20" WC="0.93" CONTENT="Pe-"/>
						</TextLine>
						<TextLine ID="line_23" HPOS="108" VPOS="937" WIDTH="747" HEIGHT="27">
							<String ID="string_181" HPOS="108" VPOS="939" WIDTH="122" HEIGHT="20" WC="0.92" CONTENT="titionärens"/><SP WIDTH="24" VPOS="939" HPOS="230"/>
							<String ID="string_182" HPOS="254" VPOS="938" WIDTH="78" HEIGHT="26" WC="0.96" CONTENT="förslag"/><SP WIDTH="15" VPOS="938" HPOS="332"/>
							<String ID="string_183" HPOS="347" VPOS="938" WIDTH="74" HEIGHT="25" WC="0.95" CONTENT="skulle,"/><SP WIDTH="21" VPOS="938" HPOS="421"/>
							<String ID="string_184" HPOS="442" VPOS="944" WIDTH="62" HEIGHT="20" WC="0.96" CONTENT="synes"/><SP WIDTH="16" VPOS="944" HPOS="504"/>
							<String ID="string_185" HPOS="520" VPOS="938" WIDTH="41" HEIGHT="25" WC="0.96" CONTENT="det,"/><SP WIDTH="16" VPOS="938" HPOS="561"/>
							<String ID="string_186" HPOS="577" VPOS="938" WIDTH="70" HEIGHT="19" WC="0.96" CONTENT="kunna"/><SP WIDTH="14" VPOS="938" HPOS="647"/>
							<String ID="string_187" HPOS="661" VPOS="938" WIDTH="49" HEIGHT="20" WC="0.96" CONTENT="leda"/><SP WIDTH="15" VPOS="938" HPOS="710"/>
							<String ID="string_188" HPOS="725" VPOS="937" WIDTH="32" HEIGHT="20" WC="0.93" CONTENT="till"/><SP WIDTH="15" VPOS="937" HPOS="757"/>
							<String ID="string_189" HPOS="772" VPOS="939" WIDTH="83" HEIGHT="18" WC="0.91" CONTENT="motsat-"/>
						</TextLine>
						<TextLine ID="line_24" HPOS="106" VPOS="971" WIDTH="668" HEIGHT="27">
							<String ID="string_190" HPOS="106" VPOS="980" WIDTH="38" HEIGHT="14" WC="0.96" CONTENT="sen"/><SP WIDTH="16" VPOS="980" HPOS="144"/>
							<String ID="string_191" HPOS="160" VPOS="973" WIDTH="23" HEIGHT="20" WC="0.95" CONTENT="af"/><SP WIDTH="13" VPOS="973" HPOS="183"/>
							<String ID="string_192" HPOS="196" VPOS="973" WIDTH="56" HEIGHT="19" WC="0.96" CONTENT="hvad"/><SP WIDTH="16" VPOS="973" HPOS="252"/>
							<String ID="string_193" HPOS="268" VPOS="972" WIDTH="40" HEIGHT="20" WC="0.93" CONTENT="han"/><SP WIDTH="17" VPOS="972" HPOS="308"/>
							<String ID="string_194" HPOS="325" VPOS="972" WIDTH="82" HEIGHT="26" WC="0.92" CONTENT="åsyftat."/><SP WIDTH="30" VPOS="972" HPOS="407"/>
							<String ID="string_195" HPOS="437" VPOS="972" WIDTH="107" HEIGHT="20" WC="0.96" CONTENT="Utskottet"/><SP WIDTH="14" VPOS="972" HPOS="544"/>
							<String ID="string_196" HPOS="558" VPOS="972" WIDTH="120" HEIGHT="20" WC="0.93" CONTENT="hemställer"/><SP WIDTH="15" VPOS="972" HPOS="678"/>
							<String ID="string_197" HPOS="693" VPOS="971" WIDTH="81" HEIGHT="20" WC="0.92" CONTENT="derföre"/>
						</TextLine>
					</TextBlock>
					<TextBlock ID="block_3" HPOS="191" VPOS="999" WIDTH="666" HEIGHT="135">
						<TextLine ID="line_25" HPOS="481" VPOS="999" WIDTH="70" HEIGHT="27">
							<String ID="string_198" HPOS="481" VPOS="1006" WIDTH="33" HEIGHT="20" WC="0.79" CONTENT="6:0"/><SP WIDTH="28" VPOS="1006" HPOS="514"/>
							<String ID="string_199" HPOS="542" VPOS="999" WIDTH="9" HEIGHT="8" WC="0.86" CONTENT="*"/>
						</TextLine>
						<TextLine ID="line_26" HPOS="220" VPOS="1038" WIDTH="635" HEIGHT="29">
							<String ID="string_200" HPOS="220" VPOS="1043" WIDTH="32" HEIGHT="19" WC="0.93" CONTENT="att"/><SP WIDTH="14" VPOS="1043" HPOS="252"/>
							<String ID="string_201" HPOS="266" VPOS="1039" WIDTH="222" HEIGHT="28" WC="0.91" CONTENT="Landtdagsmannen"/><SP WIDTH="17" VPOS="1039" HPOS="488"/>
							<String ID="string_202" HPOS="505" VPOS="1039" WIDTH="104" HEIGHT="21" WC="0.84" CONTENT="Sivenius&#39;"/><SP WIDTH="7" VPOS="1039" HPOS="609"/>
							<String ID="string_203" HPOS="616" VPOS="1039" WIDTH="197" HEIGHT="27" WC="0.75" CONTENT="petitionsförslag,"/><SP WIDTH="9" VPOS="1039" HPOS="813"/>
							<String ID="string_204" HPOS="822" VPOS="1038" WIDTH="33" HEIGHT="21" WC="0.92" CONTENT="sä-"/>
						</TextLine>
						<TextLine ID="line_27" HPOS="192" VPOS="1072" WIDTH="665" HEIGHT="29">
							<String ID="string_205" HPOS="192" VPOS="1074" WIDTH="45" HEIGHT="21" WC="0.90" CONTENT="vidt"/><SP WIDTH="21" VPOS="1074" HPOS="237"/>
							<String ID="string_206" HPOS="258" VPOS="1074" WIDTH="35" HEIGHT="20" WC="0.93" CONTENT="det"/><SP WIDTH="22" VPOS="1074" HPOS="293"/>
							<String ID="string_207" HPOS="315" VPOS="1074" WIDTH="70" HEIGHT="27" WC="0.92" CONTENT="angär"/><SP WIDTH="17" VPOS="1074" HPOS="385"/>
							<String ID="string_208" HPOS="402" VPOS="1073" WIDTH="138" HEIGHT="28" WC="0.88" CONTENT="försäljning"/><SP WIDTH="18" VPOS="1073" HPOS="540"/>
							<String ID="string_209" HPOS="558" VPOS="1072" WIDTH="30" HEIGHT="28" WC="0.93" CONTENT="af"/><SP WIDTH="15" VPOS="1072" HPOS="588"/>
							<String ID="string_210" HPOS="603" VPOS="1072" WIDTH="153" HEIGHT="29" WC="0.92" CONTENT="spritdrycker,"/><SP WIDTH="20" VPOS="1072" HPOS="756"/>
							<String ID="string_211" HPOS="776" VPOS="1073" WIDTH="81" HEIGHT="21" WC="0.92" CONTENT="lemnas"/>
						</TextLine>
						<TextLine ID="line_28" HPOS="191" VPOS="1107" WIDTH="176" HEIGHT="27">
							<String ID="string_212" HPOS="191" VPOS="1110" WIDTH="55" HEIGHT="19" WC="0.93" CONTENT="utan"/><SP WIDTH="14" VPOS="1110" HPOS="246"/>
							<String ID="string_213" HPOS="260" VPOS="1107" WIDTH="107" HEIGHT="27" WC="0.92" CONTENT="afseende."/>
						</TextLine>
					</TextBlock>
				</ComposedBlock>
				<ComposedBlock ID="cblock_2" HPOS="177" VPOS="1175" WIDTH="683" HEIGHT="330">
					<TextBlock ID="block_4" HPOS="177" VPOS="1175" WIDTH="683" HEIGHT="330">
						<TextLine ID="line_29" HPOS="177" VPOS="1175" WIDTH="585" HEIGHT="27">
							<String ID="string_214" HPOS="177" VPOS="1176" WIDTH="211" HEIGHT="26" WC="0.92" CONTENT="Landtdagsmännen"/><SP WIDTH="15" VPOS="1176" HPOS="388"/>
							<String ID="string_215" HPOS="403" VPOS="1175" WIDTH="41" HEIGHT="21" WC="0.64" CONTENT="770"/><SP WIDTH="15" VPOS="1175" HPOS="444"/>
							<String ID="string_216" HPOS="459" VPOS="1176" WIDTH="39" HEIGHT="20" WC="0.96" CONTENT="och"/><SP WIDTH="17" VPOS="1176" HPOS="498"/>
							<String ID="string_217" HPOS="515" VPOS="1175" WIDTH="92" HEIGHT="21" WC="0.93" CONTENT="Kuisma"/><SP WIDTH="16" VPOS="1175" HPOS="607"/>
							<String ID="string_218" HPOS="623" VPOS="1176" WIDTH="62" HEIGHT="19" WC="0.96" CONTENT="hafva"/><SP WIDTH="14" VPOS="1176" HPOS="685"/>
							<String ID="string_219" HPOS="699" VPOS="1176" WIDTH="63" HEIGHT="25" WC="0.95" CONTENT="yrkat"/>
						</TextLine>
						<TextLine ID="line_30" HPOS="223" VPOS="1208" WIDTH="637" HEIGHT="28">
							<String ID="string_220" HPOS="223" VPOS="1212" WIDTH="30" HEIGHT="18" WC="0.93" CONTENT="att"/><SP WIDTH="16" VPOS="1212" HPOS="253"/>
							<String ID="string_221" HPOS="269" VPOS="1211" WIDTH="165" HEIGHT="25" WC="0.92" CONTENT="tjenstemännen"/><SP WIDTH="16" VPOS="1211" HPOS="434"/>
							<String ID="string_222" HPOS="450" VPOS="1210" WIDTH="67" HEIGHT="20" WC="0.93" CONTENT="skulle"/><SP WIDTH="16" VPOS="1210" HPOS="517"/>
							<String ID="string_223" HPOS="533" VPOS="1210" WIDTH="85" HEIGHT="26" WC="0.92" CONTENT="äläggas"/><SP WIDTH="16" VPOS="1210" HPOS="618"/>
							<String ID="string_224" HPOS="634" VPOS="1211" WIDTH="29" HEIGHT="18" WC="0.93" CONTENT="att"/><SP WIDTH="15" VPOS="1211" HPOS="663"/>
							<String ID="string_225" HPOS="678" VPOS="1215" WIDTH="55" HEIGHT="21" WC="0.87" CONTENT="noga"/><SP WIDTH="10" VPOS="1215" HPOS="733"/>
							<String ID="string_226" HPOS="743" VPOS="1208" WIDTH="74" HEIGHT="21" WC="0.92" CONTENT="efterse"/><SP WIDTH="12" VPOS="1208" HPOS="817"/>
							<String ID="string_227" HPOS="829" VPOS="1211" WIDTH="31" HEIGHT="17" WC="0.95" CONTENT="att"/>
						</TextLine>
						<TextLine ID="line_31" HPOS="194" VPOS="1243" WIDTH="663" HEIGHT="28">
							<String ID="string_228" HPOS="194" VPOS="1244" WIDTH="47" HEIGHT="20" WC="0.93" CONTENT="med"/><SP WIDTH="16" VPOS="1244" HPOS="241"/>
							<String ID="string_229" HPOS="257" VPOS="1244" WIDTH="121" HEIGHT="27" WC="0.93" CONTENT="färgämnen"/><SP WIDTH="16" VPOS="1244" HPOS="378"/>
							<String ID="string_230" HPOS="394" VPOS="1244" WIDTH="102" HEIGHT="20" WC="0.92" CONTENT="blandadt"/><SP WIDTH="15" VPOS="1244" HPOS="496"/>
							<String ID="string_231" HPOS="511" VPOS="1244" WIDTH="86" HEIGHT="20" WC="0.95" CONTENT="bränvin"/><SP WIDTH="17" VPOS="1244" HPOS="597"/>
							<String ID="string_232" HPOS="614" VPOS="1244" WIDTH="18" HEIGHT="25" WC="0.95" CONTENT="ej"/><SP WIDTH="12" VPOS="1244" HPOS="632"/>
							<String ID="string_233" HPOS="644" VPOS="1243" WIDTH="55" HEIGHT="26" WC="0.96" CONTENT="finge"/><SP WIDTH="11" VPOS="1243" HPOS="699"/>
							<String ID="string_234" HPOS="710" VPOS="1244" WIDTH="6" HEIGHT="19" WC="0.96" CONTENT="i"/><SP WIDTH="11" VPOS="1244" HPOS="716"/>
							<String ID="string_235" HPOS="727" VPOS="1243" WIDTH="90" HEIGHT="20" WC="0.93" CONTENT="handeln"/><SP WIDTH="11" VPOS="1243" HPOS="817"/>
							<String ID="string_236" HPOS="828" VPOS="1243" WIDTH="29" HEIGHT="20" WC="0.93" CONTENT="fö-"/>
						</TextLine>
						<TextLine ID="line_32" HPOS="193" VPOS="1278" WIDTH="172" HEIGHT="26">
							<String ID="string_237" HPOS="193" VPOS="1278" WIDTH="117" HEIGHT="26" WC="0.92" CONTENT="rekomma;"/><SP WIDTH="16" VPOS="1278" HPOS="310"/>
							<String ID="string_238" HPOS="326" VPOS="1278" WIDTH="39" HEIGHT="19" WC="0.96" CONTENT="och"/>
						</TextLine>
						<TextLine ID="line_33" HPOS="222" VPOS="1310" WIDTH="636" HEIGHT="27">
							<String ID="string_239" HPOS="222" VPOS="1314" WIDTH="31" HEIGHT="17" WC="0.91" CONTENT="ait"/><SP WIDTH="20" VPOS="1314" HPOS="253"/>
							<String ID="string_240" HPOS="273" VPOS="1312" WIDTH="32" HEIGHT="20" WC="0.96" CONTENT="för"/><SP WIDTH="20" VPOS="1312" HPOS="305"/>
							<String ID="string_241" HPOS="325" VPOS="1311" WIDTH="54" HEIGHT="26" WC="0.96" CONTENT="dem,"/><SP WIDTH="22" VPOS="1311" HPOS="379"/>
							<String ID="string_242" HPOS="401" VPOS="1318" WIDTH="45" HEIGHT="14" WC="0.93" CONTENT="som"/><SP WIDTH="16" VPOS="1318" HPOS="446"/>
							<String ID="string_243" HPOS="462" VPOS="1312" WIDTH="84" HEIGHT="20" WC="0.91" CONTENT="dermed"/><SP WIDTH="18" VPOS="1312" HPOS="546"/>
							<String ID="string_244" HPOS="564" VPOS="1311" WIDTH="117" HEIGHT="25" WC="0.91" CONTENT="beträddes,"/><SP WIDTH="16" VPOS="1311" HPOS="681"/>
							<String ID="string_245" HPOS="697" VPOS="1310" WIDTH="111" HEIGHT="20" WC="0.93" CONTENT="enahanda"/><SP WIDTH="15" VPOS="1310" HPOS="808"/>
							<String ID="string_246" HPOS="823" VPOS="1318" WIDTH="35" HEIGHT="12" WC="0.92" CONTENT="an-"/>
						</TextLine>
						<TextLine ID="line_34" HPOS="196" VPOS="1344" WIDTH="662" HEIGHT="26">
							<String ID="string_247" HPOS="196" VPOS="1352" WIDTH="48" HEIGHT="14" WC="0.96" CONTENT="svar"/><SP WIDTH="16" VPOS="1352" HPOS="244"/>
							<String ID="string_248" HPOS="260" VPOS="1346" WIDTH="67" HEIGHT="20" WC="0.93" CONTENT="skulle"/><SP WIDTH="15" VPOS="1346" HPOS="327"/>
							<String ID="string_249" HPOS="342" VPOS="1347" WIDTH="90" HEIGHT="18" WC="0.92" CONTENT="utsättas"/><SP WIDTH="15" VPOS="1347" HPOS="432"/>
							<String ID="string_250" HPOS="447" VPOS="1351" WIDTH="44" HEIGHT="14" WC="0.96" CONTENT="som"/><SP WIDTH="16" VPOS="1351" HPOS="491"/>
							<String ID="string_251" HPOS="507" VPOS="1345" WIDTH="31" HEIGHT="19" WC="0.96" CONTENT="för"/><SP WIDTH="12" VPOS="1345" HPOS="538"/>
							<String ID="string_252" HPOS="550" VPOS="1345" WIDTH="53" HEIGHT="22" WC="0.93" CONTENT="dem,"/><SP WIDTH="11" VPOS="1345" HPOS="603"/>
							<String ID="string_253" HPOS="614" VPOS="1344" WIDTH="71" HEIGHT="20" WC="0.91" CONTENT="hvilka"/><SP WIDTH="10" VPOS="1344" HPOS="685"/>
							<String ID="string_254" HPOS="695" VPOS="1345" WIDTH="56" HEIGHT="25" WC="0.96" CONTENT="gjort"/><SP WIDTH="10" VPOS="1345" HPOS="751"/>
							<String ID="string_255" HPOS="761" VPOS="1344" WIDTH="31" HEIGHT="26" WC="0.93" CONTENT="sig"/><SP WIDTH="11" VPOS="1344" HPOS="792"/>
							<String ID="string_256" HPOS="803" VPOS="1344" WIDTH="55" HEIGHT="26" WC="0.93" CONTENT="skyl-"/>
						</TextLine>
						<TextLine ID="line_35" HPOS="199" VPOS="1378" WIDTH="503" HEIGHT="27">
							<String ID="string_257" HPOS="199" VPOS="1380" WIDTH="50" HEIGHT="25" WC="0.92" CONTENT="diga"/><SP WIDTH="16" VPOS="1380" HPOS="249"/>
							<String ID="string_258" HPOS="265" VPOS="1380" WIDTH="31" HEIGHT="18" WC="0.93" CONTENT="till"/><SP WIDTH="16" VPOS="1380" HPOS="296"/>
							<String ID="string_259" HPOS="312" VPOS="1379" WIDTH="71" HEIGHT="25" WC="0.91" CONTENT="oloflig"/><SP WIDTH="17" VPOS="1379" HPOS="383"/>
							<String ID="string_260" HPOS="400" VPOS="1378" WIDTH="234" HEIGHT="26" WC="0.90" CONTENT="bränvinsförsäljning;"/><SP WIDTH="15" VPOS="1378" HPOS="634"/>
							<String ID="string_261" HPOS="649" VPOS="1381" WIDTH="53" HEIGHT="16" WC="0.96" CONTENT="samt"/>
						</TextLine>
						<TextLine ID="line_36" HPOS="180" VPOS="1411" WIDTH="341" HEIGHT="28">
							<String ID="string_262" HPOS="180" VPOS="1412" WIDTH="211" HEIGHT="27" WC="0.91" CONTENT="Landtdagsmannen"/><SP WIDTH="15" VPOS="1412" HPOS="391"/>
							<String ID="string_263" HPOS="406" VPOS="1411" WIDTH="115" HEIGHT="22" WC="0.92" CONTENT="Karlstedt"/>
						</TextLine>
						<TextLine ID="line_37" HPOS="224" VPOS="1446" WIDTH="635" HEIGHT="27">
							<String ID="string_264" HPOS="224" VPOS="1449" WIDTH="30" HEIGHT="18" WC="0.95" CONTENT="att"/><SP WIDTH="23" VPOS="1449" HPOS="254"/>
							<String ID="string_265" HPOS="277" VPOS="1448" WIDTH="28" HEIGHT="19" WC="0.93" CONTENT="all"/><SP WIDTH="23" VPOS="1448" HPOS="305"/>
							<String ID="string_266" HPOS="328" VPOS="1447" WIDTH="134" HEIGHT="26" WC="0.94" CONTENT="tillverkning"/><SP WIDTH="22" VPOS="1447" HPOS="462"/>
							<String ID="string_267" HPOS="484" VPOS="1447" WIDTH="39" HEIGHT="20" WC="0.96" CONTENT="och"/><SP WIDTH="23" VPOS="1447" HPOS="523"/>
							<String ID="string_268" HPOS="546" VPOS="1446" WIDTH="126" HEIGHT="26" WC="0.91" CONTENT="försäljning"/><SP WIDTH="19" VPOS="1446" HPOS="672"/>
							<String ID="string_269" HPOS="691" VPOS="1446" WIDTH="23" HEIGHT="19" WC="0.93" CONTENT="af"/><SP WIDTH="18" VPOS="1446" HPOS="714"/>
							<String ID="string_270" HPOS="732" VPOS="1446" WIDTH="127" HEIGHT="20" WC="0.95" CONTENT="förfalskade"/>
						</TextLine>
						<TextLine ID="line_38" HPOS="178" VPOS="1486" WIDTH="399" HEIGHT="19">
							<String ID="string_271" HPOS="178" VPOS="1487" WIDTH="189" HEIGHT="18" WC="0.90" CONTENT="Ekonomiutskottets"/><SP WIDTH="12" VPOS="1487" HPOS="367"/>
							<String ID="string_272" HPOS="379" VPOS="1486" WIDTH="110" HEIGHT="18" WC="0.96" CONTENT="betänkande"/><SP WIDTH="12" VPOS="1486" HPOS="489"/>
							<String ID="string_273" HPOS="501" VPOS="1486" WIDTH="37" HEIGHT="18" WC="0.96" CONTENT="N:o"/><SP WIDTH="13" VPOS="1486" HPOS="538"/>
							<String ID="string_274" HPOS="551" VPOS="1486" WIDTH="26" HEIGHT="17" WC="0.96" CONTENT="15."/>
						</TextLine>
					</TextBlock>
				</ComposedBlock>
			</PrintSpace>
		</Page>
	</Layout>
</alto>
