1050 1717
331 166 78 24 Ständ.
425 167 102 25 Petition
543 168 38 23 N:o
596 169 38 23 29.
818 171 12 20 3

112 234 204 29 vinsförsäljningen
337 236 150 29 betydelselös,
510 238 91 21 likasom
623 239 41 21 ock
683 238 40 22 den
743 240 51 25 rätt,
813 246 45 14 som

112 268 156 28 författningen
283 270 73 28 tillagt
370 271 163 27 kommunerna,
548 273 25 20 så
587 272 52 28 godt
654 280 45 14 som
714 272 118 22 illusorisk.

180 303 32 22 På
232 304 36 22 det
286 307 33 19 att
338 305 83 22 således
439 306 124 22 ändamålet
577 307 48 21 med
640 314 30 14 nu
685 307 101 27 gällande
801 307 57 21 stad-

112 338 86 28 ganden
218 339 8 21 i
248 339 141 22 förevarande
411 340 101 22 afseende
533 340 46 22 icke
602 341 66 21 måtte
691 341 40 21 allt
753 342 107 26 framgent

113 379 52 15 vara
180 372 108 28 förfeladt,
304 374 76 27 skulle,
396 374 67 28 enligt
478 374 132 23 Ständernas
622 376 72 26 tanke,
705 376 154 28 förordningen

113 407 24 21 af
150 407 40 22 den
207 410 11 18 9
234 408 50 21 Juni
302 409 54 21 1873
371 409 71 21 tarfva
457 409 41 21 den
513 410 99 28 ändring,
628 413 32 18 att
674 410 124 22 handlande
812 411 47 21 icke

113 448 50 15 vore
186 442 121 28 berättigad
330 445 32 19 att
382 444 55 27 sälja
457 444 81 22 sådana
553 444 153 29 spritdrycker,
721 445 89 21 hvarom
825 446 34 20 sä-

114 483 36 20 ges
166 477 6 20 i
188 478 12 27 $
216 479 32 24 55,
265 478 34 21 till
315 478 82 22 mindre
413 478 78 28 belopp
507 480 27 20 än
551 479 40 21 fem
607 479 89 24 kannor,
713 481 57 19 samt
785 481 32 20 att
826 481 33 19 ut-

112 511 157 28 minuteringen
285 512 25 22 af
322 512 57 22 slika
393 513 91 27 drycker
499 514 70 21 skulle
584 514 120 28 underlyda
718 521 82 14 samma
813 521 46 20 reg-

113 546 38 26 ler,
167 553 46 15 som
229 547 181 28 utminuteringen
426 548 24 21 af
463 547 97 23 bränvin.
585 548 46 21 Och
642 548 27 21 då
680 548 122 22 Ständerna
811 548 48 22 med

114 581 116 27 anledning
252 582 24 20 af
294 582 40 20 den
354 582 32 21 uti
406 582 41 21 den
467 582 78 28 nådiga
567 583 162 28 propositionen
749 583 111 27 angående

113 616 127 27 förordning
260 623 34 14 om
314 616 132 28 näringarna
466 618 97 20 uttalade
581 618 57 27 äsigt
655 624 35 14 om
705 618 102 27 utvidgad
822 618 38 20 nä-

113 651 133 27 ringsfrihet,
268 654 72 19 ansett
359 651 36 22 det
413 651 118 22 önskvärdt
550 652 40 21 och
605 652 81 27 nödigt,
703 654 32 19 att
750 652 58 28 dylik
823 653 37 20 än-

114 685 62 27 dring
192 688 60 18 snart
267 685 84 22 komme
360 686 34 21 till
405 686 70 24 stånd,
487 688 55 19 samt
552 686 81 21 Eders
649 686 148 28 Kejserliga
812 686 48 21 Ma-

110 720 83 27 jestät
207 720 7 20 i
230 720 66 22 nåder
318 720 151 28 tillmötesgätt
491 720 132 22 Ständernas
643 720 145 28 underdånigt
804 722 64 23 utta-.

113 754 49 22 lade
178 755 82 21 önskan
276 762 34 14 om
326 755 143 27 landtdagens
486 755 141 21 fortsättande
638 755 68 21 under
717 754 144 22 instundande

114 790 55 26 höst,
185 789 65 22 hafva
266 790 121 21 Ständerna
397 792 54 19 trott
461 790 32 26 sig
503 790 54 22 böra
568 790 39 21 hos
618 790 79 21 Eders
713 790 148 28 Kejserliga

114 824 123 28 Majestät
251 824 7 20 i
274 824 172 28 underdänighet
461 824 94 27 anhälla,

284 877 35 21 det
335 877 79 21 täcktes
428 877 82 21 Eders
526 877 123 28 Majestät
659 876 119 29 förelägga
792 877 70 21 redan

217 912 69 20 denna
307 912 106 27 landtdag
434 912 67 28 nädig
517 912 136 27 proposition
670 912 8 20 i
693 910 63 30 syfte,
772 914 33 18 att
820 911 42 21 den

216 948 45 19 rätt
281 946 35 21 till
329 946 140 28 försäljning
489 946 28 28 af
533 946 153 28 spritdrycker,
706 953 44 14 som
766 946 8 20 i
789 946 73 28 grund

218 980 29 27 af
261 981 83 27 nädiga
359 980 164 28 förordningen
543 981 29 27 af
587 982 40 20 den
643 982 12 20 9
670 980 57 21 Juni
742 982 64 22 1873,
822 987 40 13 an-

216 1015 82 27 gäende
314 1015 139 28 tillverkning
468 1022 26 14 m.
511 1023 27 13 m.
553 1015 30 27 af
592 1015 96 25 bränvin,
700 1017 27 18 är
738 1014 125 22 handlande

218 1050 124 26 tillerkänd,
365 1049 68 27 blefve
453 1050 114 21 inskränkt
587 1049 90 25 derhän,
695 1052 33 18 att
744 1049 48 27 fem
810 1048 53 21 kan-

218 1091 40 14 nor
277 1091 48 14 vore
344 1084 35 21 det
394 1084 81 21 minsta
491 1084 79 28 belopp,
586 1090 45 15 som
643 1084 32 27 pä
691 1090 25 14 en
731 1084 59 27 gång
801 1082 63 28 finge

218 1119 102 29 afyttras,
336 1118 39 22 och
390 1121 33 19 att
434 1118 41 28 för
490 1118 130 29 rättigheten
636 1120 33 19 att
684 1118 35 21 till
734 1118 84 21 mindre
832 1118 32 20 be-

219 1154 49 27 lopp
280 1154 101 27 Jöryttra
396 1160 83 14 samma
495 1160 64 14 varor
574 1152 115 22 enahanda
703 1152 161 28 bestämningar

219 1187 65 28 Olefve
306 1188 111 28 gällande,
442 1194 43 14 som
506 1188 31 26 de,
558 1187 73 21 hvilka
649 1187 68 27 hafva
733 1186 102 28 afseende
850 1186 13 21 å

219 1222 129 28 rättigheten
365 1225 32 18 att
413 1222 132 21 utminutera
561 1221 97 21 bränvin.

184 1268 104 21 Finlands
304 1268 92 21 Ständer
412 1267 125 21 framhärda
553 1270 38 18 etc.

185 1307 143 28 Helsingfors,
344 1307 41 21 den
400 1308 27 20 31
443 1306 44 28 Maj
504 1307 61 21 1877.

296 1512 116 24 Helsingfors,
425 1513 18 17 J.
457 1512 66 20 Simelii
534 1512 93 22 arfvingar,
643 1512 48 18 1877.
