1045 1700
246 140 318 19 Petitionsbetänkande
580 140 45 18 N:o
645 140 56 20 11...
793 138 12 19 9

93 205 99 26 lägenhet
207 205 54 19 skall
276 206 27 25 på
318 207 30 17 ett
367 205 193 20 tillfredsställande
580 206 41 18 sätt
636 204 86 25 ordnas;
743 204 39 19 och
797 203 38 20 har

93 239 75 19 härvid
190 239 35 19 det
247 239 108 25 spörjsmäl
378 239 32 19 för
432 239 102 19 utskottet
555 238 103 20 framstält
678 238 38 25 sig,
732 237 103 19 huruvida

94 272 164 26 uppehällandet
273 273 23 19 af
308 279 26 13 en
349 273 23 19 sä
388 273 38 25 dyr
441 273 114 25 inrättning
570 279 44 13 som
625 278 25 14 en
661 278 64 19 opera
735 271 98 25 möjligen

93 306 83 20 komme
192 308 31 18 att
237 307 30 18 uti
283 313 25 13 en
324 306 92 20 tilltänkt
431 306 87 20 förenad
535 308 64 18 teater
609 306 6 19 i
627 306 38 19 allt
680 306 31 19 för
725 305 42 25 hög
782 305 52 25 grad

94 340 93 20 erfordra
209 340 119 25 kostnader,
345 340 33 20 till
394 340 127 20 dramatiska
544 340 144 26 afdelningens
706 339 89 26 förfäng.
825 339 9 19 I

93 374 75 26 sjelfva
183 374 73 20 verket
271 374 70 20 kunde
357 374 68 20 denna
440 374 87 26 farhåga
548 381 63 19 synas
626 374 124 26 berättigad,
766 374 27 19 då
809 373 26 20 de

93 409 99 19 förenade
208 408 67 20 finska
297 409 79 25 lyriska
396 409 40 19 och
452 409 128 19 dramatiska
595 414 100 13 scenerna
709 408 66 19 under
790 407 44 26 lop-

93 445 36 24 pet
143 443 24 19 af
179 443 40 19 fem
235 443 23 19 år
274 443 95 20 åsamkat
383 443 32 26 sig
426 449 24 14 en
462 443 61 20 skuld
535 443 23 19 af
565 442 100 21 nominelt
676 442 76 25 80,000
763 441 70 26 mark
822 437 14 36 ;

93 483 47 13 men
156 477 27 19 då
198 477 90 19 härifrån
306 477 96 26 afdrages
418 477 95 26 omkring
528 477 75 26 25,600
619 476 66 26 mark,
700 476 85 20 hvarför
800 476 35 20 det

93 511 66 26 enligt
173 511 135 25 specificerad
324 511 82 26 uppgift
421 511 65 20 finnes
502 511 97 20 säkerhet
614 511 6 19 i
637 511 138 25 obligationer
795 510 39 20 och

93 545 66 19 andra
174 545 127 26 hypoteker;
324 545 27 19 då
372 545 79 26 vidare,
467 545 65 26 enligt
551 545 101 19 utskottet
671 544 111 20 meddelad
798 551 36 12 un-

93 579 129 25 derrättelse,
239 580 61 18 minst
318 580 76 24 28,000
418 580 58 19 mark
499 580 65 19 under
579 579 60 19 dessa
655 579 22 20 år
692 578 99 20 utbetalts
814 578 23 20 af

93 613 68 20 finska
177 615 90 18 teaterns
283 614 68 19 medel
366 614 29 18 uti
411 614 120 25 reseanslag
546 613 32 20 för
592 615 31 17 tre
638 613 79 25 lyriska
733 613 39 19 och
788 612 46 26 fyra

93 648 129 19 dramatiska
237 648 82 19 artister
334 649 53 18 samt
408 648 30 18 till
458 648 129 20 bekostande
603 647 22 19 af
637 647 104 19 lektioner
756 653 18 13 o.
791 646 42 26 dyl.

93 683 53 17 samt
162 681 39 19 den
216 682 90 25 primära
322 682 161 25 uppsättningen
500 681 22 20 af
535 680 169 26 teatergarderob
720 688 26 12 m.
760 688 27 13 m.
803 687 30 13 er-

91 716 80 19 fordrat
182 722 25 12 en
218 715 62 27 utgift
295 715 22 20 af
330 715 53 19 allra
397 716 61 19 minst
475 716 74 24 10,000
560 714 65 24 mark,
636 714 41 20 kan
689 715 39 19 den
739 714 95 26 verkliga

93 749 56 25 brist,
161 756 43 12 som
215 750 66 19 under
291 750 61 19 dessa
364 750 21 18 är
401 749 31 19 för
447 750 25 19 de
487 750 36 18 tvä
537 749 68 19 finska
620 755 100 13 scenerna
735 749 99 25 uppstätt,

93 784 47 19 icke
151 783 106 20 betraktas
273 784 68 19 såsom
356 783 91 20 särdeles
464 783 126 26 betydande,
600 782 121 26 isynnerhet
737 789 32 13 om
786 789 47 13 man

93 818 61 19 äfven
171 819 58 24 tager
243 818 6 18 i
266 817 144 24 betraktande,
426 819 30 17 att
472 818 39 19 den
530 817 68 20 finska
613 818 80 18 teatern
708 816 32 20 för
755 823 79 13 samma

94 852 29 19 tid
135 852 84 25 ätnjutit
229 851 105 26 offentligt
349 851 113 19 understöd
478 852 32 18 till
525 851 79 19 mindre
620 851 82 25 belopp.
732 850 45 20 Den
793 850 39 20 hit-

92 886 42 18 tills
157 892 69 12 vunna
248 885 144 20 erfarenheten
416 885 83 20 daterar
517 886 31 25 sig
568 885 64 19 också
652 884 44 20 från
713 891 25 13 en
754 885 37 25 tid,
807 884 26 20 dä

92 920 107 25 samtidigt
214 921 76 18 tvenne
305 926 75 19 operor
395 920 99 19 existerat
509 920 6 18 i
530 919 136 26 Helsingfors,
681 918 97 20 hvarföre
794 918 39 20 den

92 953 67 20 finska
182 953 79 26 lyriska
283 960 76 13 scenen
374 954 7 18 i
396 960 26 13 en
438 953 82 19 framtid
544 953 119 26 antagligen
683 952 67 20 skulle
764 952 69 20 bättre

93 988 50 19 bära
158 988 26 19 de
199 988 78 25 nödiga
292 987 147 25 kostnaderna,
454 994 34 12 om
507 988 120 18 densamma
647 987 82 19 komme
744 987 6 19 i
766 987 67 25 ätnju-

93 1022 63 19 tande
179 1021 22 19 af
217 1021 147 26 förmänligare
386 1021 58 20 lokal
459 1023 53 17 samt
527 1021 29 19 uti
572 1021 31 25 sig
617 1020 71 20 kunde
703 1020 73 20 förena
791 1020 42 20 alla

93 1055 50 19 vära
159 1056 118 24 disponibla
292 1055 132 19 musikaliskt
440 1055 126 19 dramatiska
581 1061 96 13 resurser.

161 1090 30 18 Pä
205 1096 79 13 samma
299 1089 55 26 gäng
369 1089 101 20 utskottet
490 1090 18 24 ej
524 1088 68 20 funnit
606 1088 65 26 nägra
687 1088 146 20 allvarsamma

92 1123 70 20 inkast
184 1123 71 20 kunna
277 1123 115 26 uppställas
414 1124 43 19 mot
472 1123 40 20 den
534 1122 119 26 föreslagna
675 1122 121 26 föreningen
812 1121 23 20 af

92 1158 130 25 Helsingfors
233 1158 67 26 begge
314 1159 83 24 teatrar,
413 1157 40 19 kan
470 1157 101 20 utskottet
586 1157 17 25 ej
619 1156 110 20 underläta
745 1158 31 18 att
790 1159 41 16 sär-

93 1191 64 20 skildt
180 1191 111 20 framhälla
308 1191 26 20 de
350 1191 150 26 omisskänliga
520 1190 98 25 fördelar,
634 1197 25 13 en
675 1190 66 20 sädan
764 1189 68 20 fusion

92 1225 69 20 skulle
177 1225 99 20 medföra.
306 1225 72 20 Redan
392 1218 100 27 konstens
512 1225 87 19 intresse
614 1224 95 26 päkallar
724 1224 109 20 ovilkorli-

92 1266 47 19 gen,
155 1261 31 18 att
201 1259 35 19 det
259 1259 151 19 fosterländska
433 1259 73 19 härvid
524 1259 72 19 främst
611 1258 53 19 skall
680 1258 152 25 understödjas,

93 1295 31 17 att
146 1293 140 26 tillgångarna
301 1294 18 24 ej
336 1292 60 20 skola
418 1292 50 20 ödas
484 1292 47 20 bort
546 1292 28 20 uti
590 1298 25 14 en
629 1292 110 19 ruinerade
759 1292 71 25 täflan,

92 1327 108 19 äfvensom
215 1329 30 16 att
259 1327 46 18 värt
320 1326 59 19 lands
394 1326 116 25 inbyggare
525 1326 23 18 af
561 1326 57 19 olika
640 1326 107 24 tungomäl
769 1326 64 18 mätte

93 1360 22 19 sä
131 1360 44 19 vidt
196 1360 81 25 möjligt
292 1360 36 19 ske
346 1360 92 18 rättvisa.
469 1359 80 19 Genom
573 1360 89 18 teaterns
684 1358 147 26 sammanslag-

93 1394 50 25 ning
165 1393 68 20 skulle
255 1393 69 20 tillika
346 1392 105 26 ätskilliga
467 1399 27 13 nu
513 1392 113 20 bestäende
649 1392 137 26 anledningar
801 1391 32 20 till

93 1428 80 26 osämja
189 1427 109 27 aflägsnas,
314 1426 31 20 till
361 1426 87 20 fromma
463 1426 32 20 för
511 1427 39 19 den
566 1426 105 26 samdrägt
686 1426 40 20 och
741 1425 91 27 enighet,

93 1469 42 13 som
148 1464 60 24 utgör
219 1464 30 17 ett
259 1461 151 27 oundgängligt
420 1461 70 20 vilkor
501 1461 31 20 för
547 1461 47 19 värt
608 1460 54 20 folks
678 1461 96 26 välgäng.
800 1460 33 20 Dä

159 1500 102 19 Allmänna
272 1500 183 20 Besvärs-utskottets
467 1500 109 18 betänkande
588 1500 36 18 N:o
635 1500 16 19 9.
