1042 1709
264 153 313 19 Petitionsbetänkande
592 153 45 18 N:o
652 154 34 17 38.
798 153 13 19 3

166 218 29 18 Då
206 218 130 24 befolkningen
348 219 52 22 längs
412 219 44 17 hela
467 219 130 18 kuststräckan
610 218 40 18 från
663 218 92 19 Sastmola
770 219 68 19 socken

98 247 47 19 ända
162 247 29 18 till
216 247 63 23 Korpo
291 248 63 22 kapell
366 249 20 16 är
398 249 40 16 rent
450 248 53 22 finsk,
516 248 35 17 och
563 248 24 22 på
595 247 60 18 denna
667 247 117 19 kuststräcka
796 247 46 23 liflig

98 276 65 21 sjöfart
175 275 53 18 idkas
240 276 40 17 med
300 276 69 22 årligen
383 276 82 22 omkring
479 278 33 15 170
523 276 66 23 fartyg,
601 276 34 17 och
647 276 63 22 hvarje
722 276 21 17 år
755 276 83 23 omkring

97 305 23 17 20
136 309 36 18 nya
190 304 38 18 dels
246 305 66 22 köpas,
330 305 39 18 dels
385 305 75 22 byggas,
485 305 64 18 kräfva
566 305 77 18 rättvisa
661 305 34 17 och
710 304 89 23 billighet,
811 308 28 15 att

96 333 29 19 för
136 333 133 23 befrämjandet
282 333 19 18 af
311 333 41 18 vårt
363 333 52 19 lands
428 334 56 18 andra
496 334 140 22 hufvudnäring,
655 334 93 23 sjöfarten,
764 333 73 19 tillfälle

96 363 78 19 beredes
193 363 22 18 de
232 368 94 17 personer,
344 363 62 18 hvilka
418 363 58 18 önska
487 363 81 18 inhemta
581 363 21 18 de
615 363 28 18 för
656 363 103 23 navigation
771 363 67 23 nödiga

96 392 110 23 kunskaper,
220 393 27 18 att
260 392 41 18 häri
313 392 19 19 tå
345 392 140 23 undervisningi
498 398 21 12 en
532 392 173 23 navigationsskola,
718 392 81 18 inrättad
806 397 29 12 en-

95 421 33 23 ligt
136 421 104 23 Kejserliga
246 422 121 22 reglementet
373 423 28 16 tör
408 421 178 22 navigatiousskolor
596 421 20 18 af
621 421 16 18 d.
648 422 20 17 15
675 421 52 22 April
738 422 54 23 1874
789 417 9 32 ;
802 421 34 18 och

96 450 57 18 borde
172 455 22 13 en
215 450 57 19 sådan
284 450 54 19 skola
350 450 105 23 lämpligast
466 451 83 22 placeras
562 450 6 18 i
580 450 70 19 Raumo
663 450 46 23 stad,
722 455 39 14 som
774 451 21 17 är
807 449 29 19 be-

95 479 53 23 lägen
167 480 5 17 i
191 479 68 18 midten
277 479 20 18 af
307 479 140 24 ifrågavarande
462 480 117 18 kuststräcka
591 479 34 19 och
638 479 31 18 der
681 479 153 18 lifsförnödenhe-

94 510 30 16 ter
136 509 34 17 och
183 508 91 23 hushyror
286 511 32 16 äro
330 509 85 22 billigare
429 510 22 16 än
463 509 6 17 i
482 509 86 18 städerna
586 509 114 22 Björneborg
712 509 35 17 och
759 508 76 23 Nystad.

162 537 29 18 Då
203 537 111 19 inrättandet
326 537 20 19 af
356 543 22 13 en
391 537 50 24 dylik
454 538 54 18 skola
520 539 20 16 är
553 539 25 16 ett
597 537 138 23 önskningsmål
746 537 35 18 hos
794 537 41 18 hela

95 567 34 18 den
142 566 104 23 sjöfarande
258 566 131 23 befolkningen
401 567 6 17 i
419 566 138 23 ifrågavarande
570 566 90 19 landsdel,
673 566 82 18 anhåller
765 565 33 24 jag
804 565 30 18 öd-

94 596 87 23 mjukast,
194 597 26 16 att
239 596 31 17 det
281 595 114 18 hedervärda
407 595 136 18 Bondeståndet
555 595 34 18 hos
601 595 50 18 Hans
663 595 104 22 Kejserliga
779 595 56 22 Maje-

94 626 37 17 stät
149 624 42 19 ville
209 624 143 23 underdånigast
369 624 69 19 föreslå
455 626 26 16 att
494 630 22 12 en
528 624 125 23 finskspråkig
665 624 168 23 navigationsskola

94 653 57 18 måtte
163 654 77 18 inrättas
256 654 2 17 i
271 654 70 18 Raumo
354 653 46 19 stad.

162 694 115 23 Helsingfors
290 695 17 18 d.
320 695 10 17 5
342 695 54 18 Febr.
410 696 49 17 1877.

577 742 62 18 Karl
650 741 117 22 Langen”

162 803 154 28 (Öfversättning.)

251 848 59 18 «Till
322 848 145 18 Hedervärda
480 847 181 20 Bondeständet!

160 889 28 18 En
201 889 75 18 allmänt
289 889 69 18 erkänd
371 889 33 18 sak
417 891 25 21 är,
455 891 27 16 att
494 889 34 18 den
541 889 58 18 finska
612 888 73 19 talande
694 888 138 22 befolkningens

90 918 59 17 fördel
168 918 63 18 alltför
243 918 40 19 litet
295 918 60 18 blifvit
367 919 125 22 tillgodosedd
503 919 30 18 vid
547 918 111 18 inrättandet
671 917 20 18 af
701 917 64 18 skolor
776 917 7 17 i
795 916 36 19 lan-

92 947 36 21 det,
152 947 33 18 och
199 947 58 22 gäller
277 948 51 17 detta
347 947 6 18 i
366 948 98 22 synnerhet
476 953 29 12 om
518 947 182 23 navigationsskolor,
714 946 38 23 ithy
766 948 27 17 att
803 945 29 18 för

93 975 35 19 den
145 978 40 16 rent
200 976 60 19 finska
278 977 53 18 delen
349 976 19 19 af
384 976 130 23 befolkningen
531 977 54 22 ingen
598 975 47 19 enda
656 975 107 23 fullständig
776 975 56 18 sädan

93 1004 57 18 finnes
170 1007 26 16 att
214 1005 58 23 tillgå,
292 1005 64 19 medan
375 1006 15 22 ej
414 1005 70 18 mindre
502 1007 22 16 än
538 1007 10 16 3
560 1006 85 17 inrättats
658 1005 41 18 med
711 1004 75 19 svenskt
799 1009 30 13 un-

92 1033 176 24 dervisningsspräk.
293 1035 42 18 Med
348 1035 56 18 andra
418 1035 37 18 ord:
468 1035 28 18 för
508 1035 35 18 den
556 1035 78 18 svenska
646 1034 138 23 befolkningen,
793 1039 38 14 som

93 1062 71 23 uppgär
181 1063 28 18 till
222 1064 74 22 240,000
312 1069 93 17 personer,
426 1063 57 19 finnas
496 1065 10 16 3
523 1063 120 23 fullständiga
654 1063 178 22 navigationsskolor

92 1091 95 19 hvaremot
199 1092 19 18 ät
234 1092 72 19 landets
318 1092 28 18 till
360 1093 82 22 omkring
456 1093 91 22 1,600,000
559 1097 88 18 personer
654 1092 106 23 uppgående
772 1092 59 18 finska

91 1120 107 23 befolkning
221 1121 15 22 ej
256 1127 22 12 en
291 1121 47 18 enda
350 1121 57 18 sådan
420 1121 59 18 blifvit
491 1121 96 18 förunnad.
613 1121 38 18 Och
663 1121 55 18 likväl
731 1121 53 18 torde
797 1120 34 18 den

91 1149 59 18 finska
163 1149 73 18 talande
248 1150 130 23 befolkningen
391 1150 40 18 med
444 1150 41 18 skäl
497 1151 61 17 kunna
575 1151 45 22 göra
632 1149 79 23 anspråk
723 1149 24 23 på
759 1149 72 23 naviga-

90 1178 113 19 tionsskolor
222 1179 42 17 med
285 1179 42 18 dess
348 1181 41 20 eget
406 1180 95 21 tungomål
521 1179 60 19 såsom
597 1178 202 23 undervisningsspråk,
812 1181 19 20 ty

90 1207 84 18 verldens
192 1207 100 19 förnämste
313 1208 71 23 sjömän
402 1209 55 17 hafva
474 1209 67 17 erkänt
553 1207 35 19 den
600 1208 58 18 finske
671 1208 106 22 sjömannen
791 1212 39 13 som

90 1237 28 17 sin
132 1236 97 23 vederlike,
243 1237 34 18 och
290 1239 22 16 än
324 1237 7 18 i
343 1237 35 23 dag
391 1238 91 22 högaktas
494 1238 35 18 och
541 1237 86 19 värderas
641 1237 34 18 den
687 1237 58 18 finske
753 1237 77 22 sjöman-

90 1271 34 12 nen
143 1265 6 18 i
168 1265 98 19 utländska
283 1266 81 18 hamnar.
387 1267 9 17 I
408 1267 90 18 anseende
509 1267 30 18 till
557 1267 42 18 mod
619 1266 34 19 och
670 1266 109 23 uthållighet
797 1266 34 18 har

90 1295 36 18 han
145 1297 12 16 t
176 1301 16 12 o.
210 1301 22 12 m.
250 1295 59 18 blifvit
328 1295 19 18 af
364 1296 114 23 utländingar
490 1296 141 19 satt
539 1291 9 33 i
558 1296 73 19 främsta
643 1299 83 15 rummet.

157 1325 89 17 Hvarföre
258 1325 61 18 skulle
328 1325 16 18 vi
353 1325 40 18 icke
402 1325 78 22 säledes,
492 1326 24 18 dä
531 1325 96 19 detfinska
642 1326 112 18 folketinom
761 1325 27 24 sig
800 1325 30 19 be-

90 1353 54 17 sitter
156 1351 43 24 håg,
211 1353 83 22 förmåga
301 1353 34 18 och
341 1353 89 18 fallenhet
438 1353 28 18 för
478 1354 71 22 sjöfart,
556 1356 108 20 uppmuntra
675 1354 55 18 denna
739 1347 92 34 naturliga

90 1381 89 18 fallenhet
198 1386 66 17 genom
281 1381 103 18 inrättande
402 1381 20 18 af
437 1382 179 22 navigationsskolor
633 1382 42 17 med
686 1382 69 18 folkets
767 1384 63 21 tungo-

90 1409 37 18 mål
144 1415 39 13 som
196 1409 208 24 undervisningsspräk?
424 1410 135 18 Erfarenheten
573 1411 32 17 har
616 1411 77 22 bevisat,
705 1412 27 16 att
744 1411 85 22 östersjö-

91 1438 95 24 skeppare,
199 1438 62 20 hvilka
273 1439 105 23 genomgått
391 1439 34 19 den
443 1439 101 23 2-klassiga
550 1440 192 22 navigationsskolan
737 1434 9 32 i
750 1440 81 22 Wiborg,

90 1467 39 19 lika
148 1468 30 18 väl
198 1468 83 22 fullgjort
296 1468 28 18 sin
336 1468 46 23 pligt
394 1474 39 12 som
453 1468 27 23 de,
499 1468 63 18 hvilka
581 1468 106 23 genomgått
706 1469 56 23 något
773 1468 58 24 dylikt

90 1496 86 19 läroverk
188 1497 42 18 med
242 1497 75 19 svenskt
329 1496 200 24 undervisningsspråk.

160 1538 90 17 Allmänna
262 1538 163 18 Besvärsutskottets
438 1538 103 18 betänkande
554 1538 33 18 N:o
599 1539 29 17 22.
