1025 1706
243 159 23 17 62
425 156 239 20 Petitionsbetänkande
674 156 39 20 N:o
724 157 34 18 20.

221 222 43 26 liga
283 222 32 21 att
331 221 9 21 i
358 221 52 21 våra
430 220 100 22 läroverk
551 221 96 21 bestrida
667 220 186 28 undervisningen.
885 220 35 22 Dä
941 226 30 16 nu

220 256 36 21 vid
270 255 171 22 bestämmandet
455 255 24 21 af
492 254 111 22 skolornas
616 254 229 28 undervisningsspräk
855 254 58 22 olika
923 261 47 22 syn-

220 290 92 27 punkter
334 290 113 26 onekligen
465 289 53 22 böra
534 290 62 26 tagas
614 289 8 21 i
639 289 148 27 betraktande,
805 289 60 22 såväl
884 290 37 21 det
938 290 32 26 sig

219 324 98 28 yppande
335 324 214 27 bildningsbehofvet,
569 329 46 16 som
634 324 39 21 ock
691 330 27 15 en
736 325 52 26 gent
803 325 57 21 emot
874 324 27 22 de
915 324 56 22 båda

220 358 166 22 folkelementen
403 358 8 21 i
428 358 49 22 vårt
494 358 51 21 land
567 358 70 22 såvidt
658 358 84 27 möjligt
759 358 76 22 rättvis
850 358 121 27 fördelning

220 393 24 22 af
256 392 106 27 läroverk,
380 394 56 20 samt
454 398 50 16 man
521 392 70 22 tillika
609 392 40 22 bör
667 392 76 22 härvid
757 392 96 28 iakttaga
868 392 41 22 den
923 398 48 16 var-

221 427 88 26 samhet,
329 433 47 15 som
393 426 49 21 vårt
463 426 62 22 lands
543 427 82 26 ganska
642 426 134 27 begränsade
798 426 117 28 tillgångar
935 426 36 22 vid

220 461 153 28 upprättandet
387 460 23 22 af
422 467 43 21 nya
478 461 99 22 läroverk
591 461 68 22 måste
674 461 78 27 ålägga
766 461 205 26 administrationen,

219 496 40 21 har
281 496 37 21 det
335 495 70 28 tyckts
425 495 106 22 utskottet
551 502 52 15 vara
624 496 102 27 rigtigast
742 497 33 20 att
793 496 97 21 förkasta
912 495 59 22 såväl

219 530 144 28 petitionerna
381 536 34 15 om
434 529 109 23 läroverks
562 530 136 27 förvandling
717 530 55 21 efter
789 530 182 27 språkförhållan-

221 565 60 26 dena,
297 571 46 15 som
362 565 39 20 ock
419 565 37 20 det
469 565 102 26 yrkande,
587 566 32 19 att
633 564 254 27 undervisningsspråket
901 564 70 22 skulle

219 599 86 22 komma
324 599 32 21 att
373 598 130 22 bestämmas
522 600 84 20 ensämt
624 599 48 21 med
692 599 101 22 afseende
812 599 13 21 &
843 599 27 22 de
889 599 82 22 elevers

219 633 137 26 modersmål,
377 639 45 15 som
444 633 33 21 uti
495 633 26 21 de
539 633 212 22 förhandenvarande
774 633 127 22 läroverken
923 633 49 22 sökt

219 667 91 22 inträde.
340 667 99 21 Fastmer
453 667 68 22 måste
535 673 50 16 man
599 667 28 27 på
641 673 82 16 samma
737 667 57 27 gång
808 669 51 26 taga
868 667 8 22 i
885 667 86 22 betrak-

219 702 66 22 tande
299 701 69 28 begge
382 701 215 28 omständigheterna,
613 701 54 22 både
683 702 42 21 den
740 701 135 28 omgifvande
888 702 83 21 befolk-

219 737 90 26 ningens
327 736 109 27 tungomål
455 736 39 21 och
513 736 36 22 det
563 736 83 28 yppade
661 737 114 21 medvetna
788 736 183 27 bildningsbehof-

219 772 42 21 vet.
298 771 48 21 Den
367 770 63 21 bästa
451 770 128 27 förmedling
600 770 24 22 af
645 771 26 21 de
693 770 114 22 afvikande
829 771 142 27 principerna,

218 805 62 22 torde
300 805 84 22 således
402 811 52 15 vara
473 806 32 20 att
523 805 53 21 söka
593 805 76 27 deruti,
688 807 34 20 att
735 805 8 21 i
757 805 70 22 finska
841 805 130 22 landsändar

219 840 69 21 finska
303 839 39 22 och
357 840 9 21 i
380 839 91 22 svenska
485 840 130 21 landsändar
630 841 92 21 svenska
737 841 74 21 skolor
826 840 69 22 skulle
905 841 66 21 inrät-

219 875 40 26 tas,
275 880 49 15 men
339 875 33 20 att
384 873 33 21 uti
432 873 26 22 de
473 875 69 20 större
561 874 100 21 städerna
676 876 56 20 samt
747 875 68 21 andra
829 876 58 20 orter
901 875 8 21 i
924 875 48 22 vårt

219 909 57 26 land,
293 909 38 21 der
348 908 107 21 blandade
470 908 214 30 språkförhållanden
699 909 54 21 råda
768 909 40 22 och
822 911 78 20 tvenne
915 909 56 22 läro-

218 942 53 22 verk
285 942 53 22 bära
357 942 39 26 sig,
415 941 73 21 skolor
503 941 24 21 af
538 942 116 21 hvartdera
669 943 72 25 slaget
751 937 75 36 skulle
838 937 132 36 uppehällas.

287 975 171 27 Tillämpningen
473 975 24 21 af
509 975 70 22 denna
593 976 114 26 grundsats
722 976 72 21 kunde
808 976 35 21 väl
858 976 50 22 leda
923 977 47 21 der-

218 1010 40 27 till,
277 1011 32 21 att
326 1010 68 26 några
410 1009 117 22 bestående
545 1009 91 22 svenska
654 1010 99 21 läroverk
771 1016 30 15 nu
819 1010 67 22 redan
904 1010 67 22 borde

219 1044 116 22 suecessivt
356 1043 121 22 förfinskas.
509 1043 111 23 Utskottet
641 1044 40 22 har
703 1044 121 22 emellertid
845 1046 72 20 ansett
938 1046 33 27 sig

217 1079 48 22 icke
278 1079 55 21 böra
347 1078 85 27 föreslå,
448 1079 33 20 att
494 1078 65 27 något
574 1078 87 22 svenskt
674 1078 101 22 läroverk
790 1078 69 22 skulle
874 1079 97 27 upphöra

217 1114 8 20 i
233 1114 65 22 annat
305 1112 40 22 fall
352 1114 28 20 än
388 1119 34 15 om
428 1112 55 22 brist
489 1112 29 27 på
525 1112 72 22 elever
603 1118 73 22 yppas.
692 1112 164 28 Hufvudfrågan
863 1112 35 22 för
905 1115 65 26 ögon-

217 1148 80 21 blicket
317 1149 32 25 är,
372 1148 31 20 att
425 1147 26 21 de
473 1146 69 22 finska
555 1147 98 21 talandes
675 1147 25 21 så
716 1147 135 27 berättigade
865 1148 67 21 behof
949 1148 23 22 af

218 1182 73 22 skolor
308 1182 36 21 må
361 1181 136 27 tillgodoses;
517 1182 68 21 denna
603 1181 61 27 fråga
682 1183 25 19 är
726 1182 113 26 onekligen
858 1188 27 15 en
903 1182 24 21 af
943 1183 27 21 de

217 1216 199 28 betydelsefullaste
431 1221 46 16 som
493 1215 55 22 1877
564 1216 35 21 års
607 1216 87 22 ständer
703 1216 87 21 komma
799 1218 32 20 att
841 1216 127 28 handlägga,

218 1250 40 21 och
273 1250 36 20 det
323 1250 40 20 har
377 1249 73 21 derför
465 1251 59 25 synts
538 1250 105 20 utskottet
650 1250 114 26 högeligen
774 1250 195 27 maktpåliggande,

218 1284 31 20 att
266 1283 33 21 uti
317 1283 69 21 denna
403 1282 68 27 punkt
489 1284 31 20 ett
542 1283 156 27 samstämmigt
716 1283 73 21 beslut
806 1284 67 21 måtte
886 1284 82 22 vinnas.

217 1317 11 22 I
241 1316 124 29 jemförelse
379 1316 90 22 härmed
483 1318 25 20 är
523 1317 36 22 det
574 1324 26 15 en
615 1318 82 22 mindre
712 1318 121 28 betydande
849 1318 118 28 olägenhet,

219 1358 34 16 om
267 1352 49 22 vårt
330 1352 141 22 skolväsende
483 1358 76 21 genom
573 1352 157 28 uppehållande
745 1352 25 22 af
782 1353 102 28 möjligen
899 1353 69 22 öfver-

218 1387 79 28 flödiga
311 1387 99 22 läroverk
424 1386 34 23 för
472 1387 70 28 någon
556 1387 32 22 tid
603 1387 77 23 framåt
702 1388 97 22 kommer
813 1390 32 20 att
859 1388 62 22 kosta
931 1388 37 22 nå-

217 1424 38 26 got
272 1429 66 15 mera.
371 1422 31 22 På
420 1422 70 27 grund
509 1422 23 22 af
548 1423 66 22 redan
632 1423 58 22 inom
712 1424 105 22 utskottet
838 1424 71 27 yppad
923 1430 44 16 me-

217 1457 217 28 ningsskiljaktighet,
450 1463 62 22 synes
527 1457 97 28 grundad
639 1458 114 27 anledning
768 1465 53 16 vara
835 1458 34 23 för
883 1458 84 22 handen

285 1497 95 18 Allmänna
392 1497 159 19 Besvärsutskottets
561 1498 104 18 betänkande
676 1498 36 18 N:o
724 1498 29 18 17.
