1045 1706
324 141 78 23 Ständ.
419 140 101 24 Petition
536 141 38 22 N:o
589 142 20 22 5.
803 141 12 20 3

99 209 62 21 desse
179 209 138 27 tjenstemän;
338 209 39 21 och
396 208 63 22 äfven
477 209 48 21 med
544 209 100 21 afseende
659 209 13 21 å
687 208 36 22 det
738 210 60 20 stora
812 208 32 21 in-

100 242 93 28 flytande
209 250 25 14 en
250 243 98 22 länsman
366 243 43 20 kan
423 243 74 21 utöfva
511 244 29 26 på
554 244 38 20 sitt
607 243 97 21 distrikts
712 242 133 27 befolkning,

100 283 62 21 synes
183 284 25 14 en
229 276 171 28 löneförhöjning
420 277 34 21 för
474 277 70 21 denna
562 277 216 27 tjenstemannaklass
794 283 51 15 vara

101 312 30 19 ett
145 310 92 27 verkligt
252 310 69 22 behof.
352 311 38 20 Att
405 311 121 27 anspråken
540 312 29 26 på
584 311 153 21 länsmännens
751 310 94 21 kunska-

100 352 39 19 per
154 345 40 21 och
209 344 127 28 skicklighet
350 344 72 22 tillika
436 345 68 27 höjas,
519 352 51 14 anse
586 344 121 22 Ständerna
723 346 23 20 så
761 344 84 28 mycket

102 385 58 15 mera
179 379 124 23 önskvärdt,
318 386 46 14 som
379 379 34 21 till
428 380 62 20 deras
505 380 208 27 tjensteäligganden
729 379 62 21 äfven
806 379 40 21 hör

99 412 84 28 pligten
201 414 32 20 att
247 420 52 14 vara
314 413 80 21 allmän
410 414 108 27 åklagare,
534 422 26 13 en
575 413 92 28 uppgift,
682 421 46 14 som
743 413 102 21 förutsät-

101 449 34 19 ter
147 447 108 28 juridiska
270 448 95 27 insigter.

171 482 127 27 Ständerna,
313 482 73 22 hvilka
401 484 70 20 ansett
486 482 32 28 sig
533 483 46 21 icke
594 482 53 22 böra
661 484 99 20 närmare
776 482 70 21 uttala

102 517 33 26 sig
150 517 110 27 angäende
280 517 76 21 vidden
374 518 40 20 och
430 517 108 27 omfänget
553 517 24 21 af
591 517 25 21 de
631 516 127 28 ifrägasatta
774 517 71 27 ätgär-

103 550 72 25 derna,
195 550 23 21 fä
237 551 133 21 fördenskull
390 552 39 20 hos
444 552 81 21 Eders
540 551 147 27 Kejserliga
702 551 122 27 Majestät
838 550 7 20 i

102 584 171 27 underdänighet
288 585 87 21 anhälla

273 644 31 14 om
324 644 25 14 en
368 638 82 26 reform
469 638 31 26 af
515 645 29 13 nu
562 637 104 28 gällande
685 637 162 27 bestämningar

205 672 94 20 rörande
314 672 210 20 kronolänsmännen
541 672 7 20 i
562 672 79 20 sädant
657 671 62 27 syfte,
733 673 32 19 att
776 671 71 21 desses

205 707 102 26 rättsliga
322 706 37 20 och
374 706 135 21 ekonomiska
524 706 107 27 ställning
645 705 65 27 blefve
722 705 123 27 betryggad,

205 743 56 17 samt
277 742 31 18 att
320 746 104 21 personer
440 741 46 20 med
502 740 99 27 bildning
617 740 37 20 och
669 739 134 27 tillräckliga
813 739 34 19 in-

204 775 67 27 sigter
286 774 70 21 kunde
366 774 41 27 för
423 774 228 28 länsmanstjensterna
667 773 101 21 erhällas.

171 820 103 21 Finlands
290 820 91 21 Ständer
396 820 124 21 framhärda
537 823 38 17 etc.

171 860 143 28 Helsingfors,
330 861 40 20 den
386 861 26 19 28
428 860 61 26 April
508 860 58 21 1877.

281 1479 115 24 Helsingfors,
410 1479 17 18 J.
442 1479 65 18 Simelii
518 1479 93 23 arfvingar,
626 1479 50 18 1877.
