1042 1703
268 143 240 21 Petitionsbetänkande
519 146 44 19 N:o
568 146 35 20 20.
766 147 23 18 27

130 201 57 18 Dessa
197 201 51 18 fakta
259 201 51 18 torde
322 201 93 24 tillfyllest
426 202 44 21 visa,
482 203 45 19 huru
539 204 52 23 djupt
605 205 34 18 och
650 204 53 23 lifligt
714 204 57 18 kändt
783 204 29 19 be-

61 229 62 18 hofvet
137 230 20 17 af
170 230 27 17 ett
209 229 121 19 säheskaffadt
342 231 82 18 läroverk
439 232 25 20 är,
479 232 15 23 ej
507 232 48 18 blott
565 233 7 18 i
584 233 99 22 Uleåborgs
698 233 41 18 stad
750 233 45 18 utan
806 233 7 18 i

61 258 42 17 hela
115 258 54 17 länet.
193 257 36 18 För
243 258 37 17 min
292 263 44 18 egen
348 259 28 18 del
388 259 36 18 kan
434 259 32 23 jag
477 260 39 18 icke
527 261 48 18 finna
587 261 32 18 det
631 261 55 18 annat
697 262 24 17 än
732 261 78 21 rättvist,

63 286 29 17 att
103 286 35 17 den
150 286 58 17 finska
218 286 73 18 talande
303 286 127 24 befolkningen
442 287 7 18 i
460 288 77 18 nämnda
548 289 37 21 län,
597 289 73 18 hvilken
681 290 53 21 utgör
745 289 68 18 inemot

62 315 74 19 180,000
153 319 87 18 personer,
257 315 77 18 erhäller
348 315 74 18 tillfälle
436 316 29 18 att
478 316 85 19 förskaffa
578 317 19 18 &t
611 317 40 18 sina
661 317 46 18 barn
719 317 35 18 den
765 318 48 17 skol-

62 342 87 24 bildning,
164 348 37 12 som
215 342 102 19 förbereder
330 343 31 18 till
375 343 133 22 Universitetet,
523 346 44 17 utan
583 345 31 19 det
628 345 52 18 svära
694 345 69 21 hinder,
775 351 38 13 som

63 372 25 18 ett
99 371 72 23 ombyte
183 372 19 18 af
212 371 54 23 spräk
278 372 54 18 alltid
343 373 57 22 utgör,
413 373 44 18 eller
469 374 44 17 utan
524 374 29 18 att
564 374 67 23 nödgas
644 374 57 18 sända
708 373 67 19 barnen
783 374 30 18 till

63 400 21 18 de
96 400 52 23 långt
164 400 81 24 aflägsna
260 400 58 18 finska
331 401 104 18 läroverken
449 402 8 17 i
470 402 89 23 sydligare
575 402 49 24 delar
639 402 20 19 af
673 402 66 21 landet,
751 402 62 18 hvilka

62 429 82 18 läroverk
155 429 29 17 för
195 428 55 24 öfrigt
260 429 61 21 redan,
334 429 56 19 delvis
403 430 107 18 åtminstone
522 432 31 16 äro
565 431 111 23 öfverfyllda.
693 431 36 18 Det
739 430 74 24 möjliga

63 457 65 21 inkast,
144 458 29 17 att
187 457 137 23 ifrågavarande
340 457 110 25 befolkning,
465 458 21 18 sä
500 458 53 19 framt
568 459 34 18 den
617 459 65 18 önskar
697 459 65 18 bereda
773 460 41 17 sina

63 486 45 18 bam
120 491 22 13 en
152 486 56 22 högre
220 486 88 23 bildning,
321 486 36 18 kan
369 487 57 17 anlita
437 487 39 18 tvä-
490 487 43 18 eller
543 487 109 24 fyrklassiga
663 488 103 20 realskolor,
775 488 39 18 der-

63 514 47 19 ifrån
122 514 22 18 de
155 514 61 18 kunna
228 514 72 25 öfvergä
311 515 30 17 till
352 515 94 23 praktiska
457 516 60 23 yrken,
529 521 52 18 synes
592 516 39 18 icke
638 516 176 24 tillfyllestgörande.

65 542 27 25 Ty
103 544 49 17 utom
164 544 28 17 att
204 543 122 19 erfarenheten
338 544 60 23 tyckes
410 544 44 22 visa,
463 544 31 18 det
501 545 58 18 finska
566 545 123 18 realskolorna
696 545 40 18 icke
743 545 71 23 lyckats

66 572 53 19 vinna
131 572 55 23 nägot
200 573 99 23 synnerligt
313 572 101 18 förtroende
425 573 33 18 hos
470 573 126 20 allmänheten,
608 574 43 17 enär
663 573 21 18 de
696 574 47 17 varit
752 573 63 23 jemfö-

66 601 73 18 relsevis
150 601 42 22 föga
203 601 81 21 besökta,
299 601 52 18 torde
363 601 30 18 det
404 607 43 12 vara
458 602 27 17 ett
496 602 27 18 för
535 601 52 23 längt
595 601 66 24 gänget
669 601 145 24 förmynderskap

67 631 28 17 att
108 629 106 18 föreskrifva
228 635 21 12 en
263 629 105 23 befolkning
382 629 20 18 af
414 631 44 16 nära
473 631 74 20 180,000
561 635 88 18 personer,
665 631 28 17 att
707 630 59 19 derest
780 630 34 19 den

65 658 33 19 vill
114 657 85 19 förskaffa
216 657 40 19 sina
272 658 45 18 barn
334 657 74 19 tillfälle
422 658 30 18 till
466 659 55 22 högre
536 658 87 23 bildning,
638 658 33 19 den
687 664 40 17 eger
741 660 29 17 att
787 659 28 18 för

66 687 39 18 dem
116 686 49 23 välja
180 686 34 18 den
229 686 55 21 reala,
295 692 41 12 men
347 686 39 18 icke
398 686 34 18 den
444 686 50 18 lärda
506 686 153 23 bildningslinien.
683 687 36 17 Till
731 688 84 22 kyrkans,

64 715 30 18 till
106 715 77 20 skolans,
195 714 31 18 till
238 715 68 17 statens
318 715 55 23 tjenst
384 714 54 18 hafva
449 714 55 18 redan
512 715 71 21 hittills,
593 714 75 18 oaktadt
676 715 21 18 de
705 715 64 19 hinder
777 721 38 13 som

64 743 112 21 förefunnits,
188 748 22 12 ur
221 743 34 18 den
266 742 120 20 finsktalande
398 743 98 23 allmogens
508 743 48 19 leder
567 743 62 23 utgätt
640 745 46 19 män,
697 744 63 18 hvilka
767 744 50 24 gjort

65 772 40 19 vårt
116 772 43 18 land
171 777 48 18 gagn
231 772 33 18 och
276 772 59 18 heder.
358 772 98 22 Borttagas
467 772 80 21 hindren,
561 772 20 18 sä
592 773 78 17 kommer
682 772 44 18 efter
739 773 25 17 all
775 778 42 12 san-

64 801 83 19 nolikhet
162 800 97 18 detsamma
274 802 28 17 att
316 800 94 18 framdeles
424 800 57 18 blifva
493 800 98 19 händelsen
602 801 7 17 i
620 800 130 23 mängdubbelt
761 802 56 22 högre

65 830 50 23 grad.
139 830 43 18 Man
197 829 34 18 har
241 829 28 19 för
282 829 54 23 öfrigt
348 830 53 22 ingen
414 829 97 23 anledning
523 830 72 22 antaga,
607 830 28 18 att
647 829 6 18 i
665 830 27 17 ett
703 830 55 18 finskt
769 829 48 19 läro-

66 859 42 18 verk
120 859 7 18 i
138 858 92 25 Uleåborg
241 858 63 18 endast
315 858 46 18 barn
373 858 19 18 af
402 857 34 19 den
448 858 91 23 egentliga
551 858 88 23 allmogen
651 858 70 18 komma
733 859 28 17 att
772 859 45 18 söka

65 888 76 18 inträde.
169 887 63 18 Redan
246 886 34 19 den
295 892 25 12 nu
333 886 97 19 bestående
447 886 58 18 finska
521 886 132 24 privatskolans
668 886 57 18 elever
742 888 73 22 utgöras

64 916 32 19 till
109 916 39 18 icke
163 916 52 23 ringa
230 916 29 18 del
274 916 20 17 af
308 915 155 23 ståndspersoners
478 915 50 18 barn.
554 915 59 18 Bland
627 915 153 19 undertecknarne
798 916 19 18 af

66 946 34 18 den
112 945 59 21 skrift,
182 945 32 23 jag
226 950 41 17 nyss
278 944 48 18 hade
340 940 44 32 äran
396 940 97 32 omnämna,
505 944 108 18 förekomma
624 946 23 17 33
655 945 73 22 prester,
737 944 30 18 vid
775 950 41 18 pass

68 975 23 18 60
102 974 83 23 köpmän,
198 974 27 17 ett
237 973 50 18 antal
299 973 53 18 civila
363 973 112 23 tjenstemän,
487 972 106 19 hvaribland
605 972 86 19 serskildt
702 974 65 17 nästan
779 974 38 18 alla

67 1002 138 20 kronolänsmän
219 1002 48 18 inom
282 1007 46 18 resp.
342 1001 161 21 landskommuner,
517 1002 61 18 vidare
589 1002 126 20 landtmätare,
726 1002 91 22 forsttjen-

66 1032 75 19 stemän,
155 1031 11 18 5
181 1031 67 19 läkare,
263 1031 50 17 utom
328 1029 90 24 sågegare,
433 1028 178 20 fabriksidkare
575 1024 44 33 etc.
634 1030 56 18 Detta
701 1029 76 21 bevisar,
789 1030 28 18 att

67 1060 52 19 äfven
136 1059 49 18 inom
203 1058 216 23 ståndspersonsklassens
434 1058 49 19 leder
498 1063 21 13 en
534 1059 47 17 finsk
595 1059 52 18 skola
658 1059 7 17 i
677 1058 89 23 Uleåborg
781 1058 35 19 kan

67 1089 80 23 påräkna
164 1093 61 13 varma
242 1087 102 24 sympatier,
362 1087 33 18 och
412 1087 58 23 gifver
488 1087 95 23 anledning
600 1088 35 20 tro,
654 1085 28 20 att
699 1087 51 18 äfven
769 1087 47 19 inom

66 1117 58 18 denna
138 1117 50 18 klass
203 1116 76 24 mången
293 1115 95 19 framdeles
402 1116 65 18 liksom
481 1115 72 23 hittills,
568 1116 47 19 skall
627 1116 44 19 söka
682 1116 27 18 för
721 1116 39 18 sina
771 1116 46 18 barn

67 1145 81 20 tillträde
159 1145 31 18 till
202 1145 56 23 sagda
268 1145 58 18 skola.

136 1174 41 18 Med
193 1173 82 19 afseende
290 1173 11 19 å
314 1173 48 19 hvad
374 1173 32 24 jag
420 1179 25 13 nu
456 1173 40 19 haft
512 1174 43 18 äran
567 1173 67 21 anföra,
646 1173 28 19 får
683 1174 33 23 jag
726 1173 92 19 vördsamt

68 1203 71 21 föreslå,
155 1204 28 17 att
194 1202 98 24 böglofliga
303 1202 131 23 Ridderskapet
449 1203 33 17 och
493 1202 58 19 Adeln
563 1202 42 18 ville
616 1202 30 18 till
658 1202 49 18 Hans
719 1202 100 23 Kejserliga

69 1232 85 23 Majestät
166 1231 43 24 ingå
220 1231 40 19 med
272 1236 22 13 en
305 1231 111 23 underdänig
430 1231 76 23 petition
521 1230 65 21 derom,
598 1232 29 16 att
638 1232 27 17 ett
677 1230 105 24 sjuklassigt
793 1230 26 24 ly-

70 1266 49 14 ceum
133 1260 40 19 med
188 1260 55 18 finskt
257 1259 190 24 undervisningsspråk
462 1259 57 19 blefve
534 1259 23 24 på
573 1260 67 18 allmän
650 1260 101 18 bekostnad
763 1259 56 18 inrät-

69 1290 41 18 tadt
121 1290 7 18 i
140 1289 99 23 Uleåborgs
254 1289 46 21 stad,
316 1288 46 19 samt
378 1289 27 17 att
420 1288 50 18 detta
484 1288 124 24 petitionsmål
619 1288 63 21 blefve,
695 1288 6 18 i
714 1287 82 19 afseende
808 1287 11 19 &

70 1318 128 19 förberedande
212 1318 115 22 behandling,
342 1317 105 23 hänskjutet
460 1318 30 17 till
505 1316 120 23 vederbörligt
637 1317 75 20 utskott,
735 1316 84 24 Helsing-

70 1348 36 17 fors
119 1347 34 17 den
164 1348 12 17 6
187 1346 86 18 Februari
285 1347 50 18 1877.

615 1383 30 17 Th.
657 1383 60 21 Rein.

141 1449 95 20 Allmänna
248 1449 159 18 Besvärsutskottets
418 1449 103 17 betänkande
532 1449 35 17 N:o
579 1447 30 21 17.
