1048 1703
273 112 287 27 Petitionsbetänkande
575 111 45 24 N:o
635 111 35 23 48.
802 113 12 20 3

95 179 142 22 formationen
253 179 57 28 gjort
325 179 34 27 sig
372 179 98 27 gällande
485 179 53 22 först
554 179 7 21 i
572 179 26 21 de
609 179 169 27 protestantiska
788 179 56 20 samt

96 215 67 22 sedan
178 215 65 21 också
259 214 131 27 småningom
408 215 7 21 i
431 215 26 21 de
472 214 115 22 katholska
601 214 103 22 länderna
719 214 40 22 och
773 213 71 22 föran-

96 249 46 22 ledt
157 249 32 21 till
212 255 25 16 en
257 249 76 26 början
347 249 172 21 bestämmandet
534 248 22 22 af
570 249 32 21 ett
615 249 55 21 visst
683 249 114 21 maximum
812 247 33 22 för

96 285 82 24 räntan,
195 289 48 15 men
259 283 100 26 slutligen
374 283 67 22 under
457 283 36 20 det
504 284 86 20 senaste
603 283 145 21 århundradet
757 285 88 19 räntans

96 317 126 27 frigifvande
236 317 7 21 i
259 317 26 20 de
301 317 62 21 flesta
379 317 127 26 europeiska
520 317 80 21 länder.
622 317 11 21 I
648 317 86 28 Sverige
747 317 40 21 och
796 317 49 21 Fin-

96 352 51 22 land
169 351 56 21 bade
246 350 41 23 den
306 351 105 21 allmänna
428 350 120 22 räntefoten
565 357 76 21 genom
656 351 90 27 stadgan
762 350 41 23 den
818 352 26 20 25

96 386 104 22 Februari
217 387 54 19 1598
285 385 70 22 blifvit
369 385 98 22 bestämd
483 385 33 21 till
531 392 37 14 sex
582 387 95 26 procent,
693 386 24 21 är
733 387 54 20 1666
803 385 43 22 för-

96 421 58 27 höjts
170 420 34 22 till
220 420 45 21 åtta
279 421 99 27 procent,
395 426 49 16 men
459 420 24 22 är
499 422 54 19 1688
569 420 47 22 åter
630 420 69 22 blifvit
713 420 87 22 nedsatt
814 420 33 21 till

97 462 38 16 sex.
149 457 90 26 procent
254 454 72 23 säsom
342 455 41 21 den
397 455 78 27 högsta
489 456 68 25 ränta,
572 455 86 22 hvilken
672 455 92 27 lagligen
774 455 72 22 kunde

97 490 136 27 förskrifvas;
255 490 38 22 och
315 490 110 21 enahanda
444 489 110 23 föreskrift
569 490 122 22 äterfunnes
706 490 7 21 i
729 492 12 19 9
756 490 91 27 kapitlet

93 526 27 22 af
138 525 176 22 Handelsbalken
333 525 32 21 uti
385 526 54 21 1734
459 526 34 20 års
512 525 36 27 lag
567 526 71 21 såsom
656 528 56 18 ännu
727 526 98 26 gällande
841 525 7 21 i

97 560 98 27 Finland,
211 560 112 22 hvaremot
337 566 49 15 man
401 560 8 21 i
424 559 93 27 Sverige,
533 560 7 20 i
554 560 52 28 följd
621 559 23 22 af
656 560 73 22 beslut
743 560 35 22 vid
792 560 55 21 riks-

100 595 68 27 dagen
184 595 50 21 ären
251 596 53 20 1862
321 594 40 22 och
377 596 60 25 1863,
454 594 55 22 hade
525 594 106 28 öfvergätt
646 595 31 21 till
691 594 26 22 fri
727 596 62 20 ränta
798 594 50 23 med

92 630 117 27 undantag
223 629 33 22 för
271 629 157 27 försträckning
443 630 50 21 med
507 629 101 22 säkerhet
623 628 22 22 af
656 629 123 28 inteckning
788 630 7 20 i
805 629 44 22 fast

98 665 113 27 egendom.

168 695 66 26 Äfven
254 699 7 22 i
280 699 96 27 Finland,
392 699 111 22 anmärkte
518 699 112 22 Utskottet
644 699 79 26 vidare,
738 699 56 22 hade
808 699 40 22 lik-

100 734 35 22 väl
158 735 74 26 lagens
254 733 134 23 föreskrifter
407 739 34 16 om
460 735 62 20 ränta
539 735 80 27 begynt
635 735 81 20 kännas
732 734 117 28 tryckande

101 769 40 22 och
165 769 97 27 skadliga
284 769 8 21 i
314 775 80 15 samma
411 769 56 26 mån,
488 775 46 16 som
548 769 84 22 landets
648 769 145 22 affärsrörelse
809 769 40 22 och

100 803 221 23 handelsförbindelse
342 804 49 21 med
413 804 66 21 andra
493 804 75 21 länder
582 803 56 23 hade
653 803 94 28 tilltagit.
778 803 72 22 Också

98 839 147 28 penningarne
259 845 51 16 vore
327 839 106 28 nemligen
449 845 26 16 en
489 845 57 21 vara,
562 839 63 22 hvars
640 839 51 28 pris,
707 845 46 16 som
767 839 82 28 utgjor-

101 875 39 22 des
157 873 22 22 af
197 876 87 19 räntans
307 874 88 26 storlek,
415 874 127 27 betingades
558 873 22 22 af
593 875 90 26 tillgång
698 874 40 22 och
754 873 95 23 efterfrå-

98 915 57 21 gan;
179 908 40 22 och
241 908 101 22 försöken
365 910 32 19 att
419 915 74 21 genom
513 908 79 27 lagbud
614 909 75 22 hindra
705 909 60 22 detta
778 908 72 22 kunde

100 944 96 22 hvarken
210 943 81 28 lyckas,
307 943 89 22 emedan
410 944 145 27 procenteriet
570 943 56 22 ändå
639 943 64 22 funne
718 945 91 24 utvägar
818 944 31 20 att

100 978 92 27 kringgå
206 978 70 27 lagen,
293 978 52 22 eller
360 983 37 17 ens
413 977 191 22 öfverensstämma
618 978 50 22 med
676 979 45 20 rätt
731 977 41 22 och
781 977 69 27 billig-

100 1014 46 25 het,
163 1012 28 22 då
206 1013 111 21 enahanda
331 1013 178 26 inskränkningar
523 1013 29 27 på
566 1013 67 21 andra
647 1013 80 27 kapital
741 1024 28 3 —
780 1013 71 21 såsom

102 1046 135 23 beträffande
253 1046 86 22 vinsten
351 1046 40 22 och
405 1048 77 20 räntan
498 1048 13 20 å
526 1054 26 14 en
566 1046 76 27 fabrik,
659 1047 13 21 å
685 1048 33 20 ett
732 1047 118 27 varulager,

98 1082 18 22 å
128 1082 88 27 jordens
232 1081 128 27 afkastning,
377 1082 13 20 &
404 1082 63 26 hyror
481 1081 34 22 för
528 1081 127 27 fastigheter
670 1088 19 15 o.
705 1088 16 15 s.
737 1088 19 15 v.
767 1093 28 3 —
804 1082 48 20 icke

102 1122 51 16 vore
168 1116 7 21 i
185 1116 35 26 lag
230 1115 115 28 påbjudna.
362 1116 33 21 En
406 1115 89 28 lifligare
505 1116 129 22 förbindelse
644 1116 49 22 med
703 1116 148 27 grannländer,

99 1151 11 21 i
125 1150 72 22 hvilka
211 1152 77 20 räntan
303 1156 51 16 vore
369 1150 32 26 fri,
416 1150 70 22 måste
501 1150 41 22 ock
556 1150 96 22 medföra
666 1151 40 21 den
721 1150 87 28 påföljd,
820 1152 33 20 att

104 1186 26 20 de
140 1184 113 22 inliemska
267 1184 134 28 kapitalerna
417 1185 131 21 strömmade
563 1185 61 21 uttill
633 1185 37 21 det
677 1184 54 22 eller
739 1185 26 21 de
772 1185 80 26 länder,

101 1220 9 21 i
126 1219 72 21 hvilka
212 1219 32 21 för
259 1219 60 21 tiden
334 1218 41 22 den
393 1218 79 28 högsta
486 1220 63 20 ränta
564 1218 104 28 erbjödes,
684 1219 81 22 hvilket
779 1220 74 21 natur-

102 1253 74 28 ligtvis
192 1260 51 15 vore
258 1254 127 21 hämmande
396 1253 33 22 för
437 1253 28 22 all
473 1253 200 23 affärsverksamhet
680 1254 7 21 i
695 1254 38 21 det
743 1260 54 20 egna
807 1253 46 21 lan-

103 1289 45 21 det.
171 1288 43 22 Det
227 1288 56 22 håde
299 1288 40 22 ock
353 1288 56 21 visat
424 1288 38 27 sig,
479 1290 32 19 att
525 1294 49 16 man
589 1288 7 21 i
611 1287 89 22 Finland
713 1288 72 22 kunde
797 1290 57 19 emot

103 1323 47 27 fyra
167 1325 90 24 procent
271 1322 112 26 uppsamla
398 1323 60 20 stora
473 1328 100 20 summor,
588 1322 73 22 hvilka
675 1328 77 20 genom
762 1322 93 21 banker-

103 1362 40 15 nas
166 1356 135 27 operationer
323 1361 43 20 nog
387 1355 84 21 komme
494 1357 32 19 att
547 1354 82 22 utföras
645 1355 32 20 till
693 1355 66 21 andra
773 1355 80 26 länder,

104 1390 129 28 exempelvis
249 1389 113 29 Ryssland,
378 1390 37 21 der
429 1389 185 28 utlåningsräntan
631 1389 29 22 då
672 1389 34 22 för
720 1389 59 22 tiden
794 1395 37 16 var
842 1390 12 20 7

104 1425 34 22 till
155 1427 27 20 10
203 1426 96 26 procent.
330 1424 83 23 Jemväl
431 1424 92 22 handeln
542 1423 50 23 med
610 1425 144 26 statspapper,
770 1423 85 22 hvilkas

173 1469 136 23 Lagutskottets
324 1468 113 18 betänkande
452 1467 37 18 N:o
503 1466 34 20 26.
