1034 1703
284 145 255 25 Petitionsbetänkande
556 147 39 22 N:o
610 147 26 24 5.
796 147 12 21 3

149 209 43 17 Som
209 214 42 13 man
269 210 72 18 känner
357 210 34 18 och
408 213 36 20 vet,
461 211 56 18 beror
532 211 130 19 länsmännens
673 211 116 19 tillsättande
803 212 35 18 och

80 236 106 19 afsättande
198 238 40 18 helt
251 239 35 17 och:
297 238 60 19 hållet
369 238 20 19 af
400 241 125 20 guvernörens
538 240 35 17 och
584 240 8 17 i
603 240 48 18 hans
659 240 92 22 frånvaro,
761 240 20 18 af
787 240 51 18 läne-

80 266 101 22 styrelsens
194 266 99 23 godtycke.
323 267 58 18 Detta
393 269 22 15 är
427 270 28 15 ett
465 267 105 23 beklagligt
582 267 123 23 förhållande,
717 273 39 13 som
767 268 25 23 pä
804 268 35 18 allt

80 295 37 17 sätt
128 294 91 22 förtjenar
231 296 84 17 rättelse.

147 328 120 24 Förbättring
279 329 35 18 och
327 329 79 23 ändring
417 335 45 12 vore
475 330 57 18 också
543 330 6 17 i
562 330 52 18 detta
626 330 89 18 afseende
726 330 36 19 lätt
775 330 61 19 ästad-

78 357 90 18 kommen.
197 357 39 18 Det
247 358 34 18 har
293 357 93 24 nämligen
398 358 56 23 länge
466 358 49 19 varit
526 359 27 18 tal
566 364 29 12 om
607 359 230 22 kronofogdetjensternas

78 385 111 24 indragning
205 387 35 17 och
253 393 29 12 om
295 392 23 13 en
331 387 168 23 sammanslagning
511 387 21 18 af
542 387 54 19 deras
609 387 111 23 äligganden
732 388 42 17 med
786 388 49 18 läns-

78 420 90 13 mannens
186 415 143 24 tjenstepligter.
358 415 62 19 'Häraf
433 416 60 18 skulle
509 416 47 18 först
568 417 36 17 och
615 416 66 18 främst
692 415 47 24 följa
751 416 36 18 den
799 417 36 18 för-

79 443 55 18 delen
146 444 35 17 och
194 444 32 18 det
238 450 54 17 gagn,
305 446 28 17 att
344 449 43 13 man
400 444 104 23 dymedelst
516 445 61 17 skulle
589 445 64 18 kunna
664 445 45 22 höja
720 445 78 18 lönerna
807 445 30 18 för

78 474 126 21 länsmännen,
222 473 121 23 hvarigenom
361 473 55 18 deras
433 473 121 19 ekonomiska
571 473 43 24 läge
632 473 62 18 blefve
712 473 122 24 förbättradt;

78 502 35 17 och
124 501 29 18 för
167 501 31 18 det
210 501 59 18 andra
281 501 60 18 skulle
353 507 42 13 man
408 501 24 18 dä
441 502 69 22 jemväl
522 502 64 18 kunna
598 502 36 18 öka
646 502 130 19 länsmännens
785 502 50 23 skyl-

79 530 91 23 digheter,
183 530 51 19 säväl
247 531 6 17 i
265 531 126 22 lärdomsprof
403 536 38 13 som
453 531 27 18 uti
493 531 59 18 andra
564 531 107 18 afseenden.

146 559 37 23 Jag
200 559 85 18 anhäller
301 561 28 16 att
344 559 19 18 fä
379 559 94 19 innesluta
485 560 61 18 denna
557 560 70 23 vigtiga
639 559 54 24 fräga
705 559 6 18 i
724 559 31 19 det
768 559 68 19 aktade

78 587 151 20 Bondeständets
241 589 74 22 åtanke,
329 588 20 19 sä
361 591 28 16 att
401 589 74 18 ståndet
487 590 88 22 antingen
587 591 71 17 ensamt
669 589 30 18 för
711 589 30 23 sig
753 589 46 18 eller
807 588 28 20 till

79 622 93 13 sammans
187 617 42 18 med
246 617 23 18 de
282 617 59 24 öfriga
354 618 78 18 ständen
443 618 58 19 mätte
513 618 66 19 nalkas
592 618 32 19 vär
636 618 102 19 Storfurste
750 618 42 18 med
804 623 32 13 un-

78 646 90 23 derdänig
180 647 87 22 petition:

126 675 17 23 1)
155 675 34 17 Ait
200 675 222 23 kronofogdetjensterna
435 675 60 18 skulle
508 675 90 24 upphöra,
611 675 34 18 och
658 675 55 18 deras
725 675 111 23 äligganden

156 705 46 16 samt
214 703 137 19 löneförmäner
363 703 102 18 öfverföras
476 704 25 22 pä
513 704 129 22 länsmännen;
656 706 48 16 samt

124 732 18 22 2)
154 732 33 18 Att
199 732 130 18 länsmännens
342 732 89 22 ställning
443 732 60 18 skulle
515 734 57 21 göras
579 732 62 18 bättre
650 732 35 18 och
693 732 86 23 säkrare;
788 733 47 22 tjen-

155 763 41 15 sten
208 763 28 15 att
249 761 79 17 ansökas
340 761 35 18 hos
387 763 84 15 senaten.

135 792 2 2 *
146 789 125 23 Helsingfors,
284 789 36 18 den
332 790 10 17 6
354 789 92 19 Februari
459 790 49 18 1877.

631 820 23 17 A.
665 818 101 20 Jaatinen."

130 869 132 23 yVördsamt
273 869 115 19 memorial
399 870 38 18 till
449 870 148 18 Hedervärda
608 869 175 19 Bondeständet.

146 904 76 19 Enhvar
235 904 20 19 af
265 905 52 18 detta
328 905 117 18 hedervärda
457 904 63 20 ständs
533 905 103 18 ledamöter
644 905 71 17 känner
724 906 35 17 och
768 905 66 18 erkän-

78 938 33 14 ner
124 933 35 18 den
171 933 70 23 vigtiga
252 934 50 23 plats
314 934 122 18 länsmännen
445 934 61 18 säsom
513 934 37 18 den
559 933 95 23 offentliga
662 934 85 18 maktens
756 939 79 17 organer

78 962 63 24 intaga
156 963 49 18 inom
220 963 44 18 vära
279 962 169 19 landskommuner.
477 962 28 19 Pä
520 968 24 12 en
555 963 49 23 gäng
617 962 35 18 den
664 962 94 19 allmänna
770 963 63 18 säker-

77 992 68 18 hetens
156 992 84 22 väktare,
252 992 69 18 allmän
333 992 88 22 äklagare
434 992 34 18 och
477 992 95 21 exekutor,
581 991 38 19 stär
626 991 122 18 länsmannen
756 992 7 17 i
771 991 64 23 daglig

78 1020 88 23 beröring
177 1020 42 18 med
232 1020 99 23 allmogen,
345 1020 56 18 hvars
413 1022 38 15 rätt
459 1021 35 17 och
503 1020 55 18 bästa
565 1021 6 16 i
579 1020 68 22 mänga
654 1020 34 17 fall
696 1020 37 17 blir
740 1020 95 18 beroende

79 1049 20 18 af
109 1049 46 17 hans
168 1049 143 18 rättskaffenhet
324 1049 34 17 och
371 1048 102 23 duglighet.
493 1048 39 18 Och
544 1049 66 18 liksom
620 1053 22 13 en
652 1051 139 20 samvetsgrann
800 1048 35 18 och

79 1077 85 18 verksam
176 1077 86 18 länsman
274 1077 6 18 i
293 1078 38 21 hög
339 1077 46 22 grad
395 1077 38 18 kan
441 1077 87 18 befordra
537 1077 84 22 ordning,
632 1076 101 23 laglydnad
742 1077 35 18 och
785 1076 50 24 goda

80 1106 54 18 seder
146 1106 6 17 i
164 1111 23 12 en
200 1105 147 22 landskommun,
360 1105 20 18 sä
392 1105 49 19 skall
454 1105 86 18 omvändt
552 1111 24 12 en
584 1105 115 23 egennyttig,
707 1105 73 23 oredlig
789 1105 46 18 eller

78 1134 76 23 oduglig
169 1135 85 17 länsman
269 1135 42 17 med
327 1134 26 18 all
369 1134 70 18 visshet
451 1134 63 23 sprida
525 1134 55 23 kring
593 1133 28 23 sig
632 1133 76 22 förderf,
721 1133 66 19 elände
800 1134 35 17 och

78 1163 62 23 dåliga
158 1163 60 18 seder.
247 1163 39 18 Det
301 1165 22 16 är
341 1162 73 18 derföre
433 1162 29 18 för
478 1162 187 19 landskommunerna
681 1167 24 13 en
723 1162 110 23 maktpälig-

78 1191 60 23 gande
152 1192 39 22 sak,
207 1193 27 17 att
246 1191 29 18 till
287 1192 84 17 länsmän
387 1190 98 19 förordnas
501 1190 97 23 skicklige,
610 1190 75 23 duglige
698 1190 35 19 och
745 1193 88 15 samvets-

78 1224 70 19 granne
160 1221 48 17 män.

146 1248 44 18 Men
204 1249 47 17 huru
263 1248 50 18 skall
324 1253 43 13 man
379 1252 33 14 ens
424 1248 64 18 kunna
499 1250 61 19 vänta,
573 1249 28 17 att
612 1247 92 23 skickliga
716 1247 34 18 och
759 1247 76 24 dugliga

77 1280 47 21 män
132 1277 54 19 skola
199 1276 69 20 sträfva
279 1277 30 17 till
320 1276 174 23 länsmansplatsen,
507 1276 24 19 då
543 1276 36 18 den
590 1276 32 18 lön
634 1275 42 18 dem
688 1276 87 23 erbjudes
784 1278 21 16 är
813 1276 22 18 sä

78 1306 58 23 ringa,
153 1308 27 16 att
196 1306 37 18 den
249 1306 118 22 understiger
383 1305 49 18 hvad
447 1310 22 12 en
482 1305 38 23 god
531 1304 160 23 kroppsarbetare
702 1305 7 17 i
720 1304 45 19 vära
777 1304 58 23 dagar

78 1334 95 23 förtjenar,
192 1334 35 18 och
245 1334 22 16 de
287 1334 80 22 sportlar
385 1334 34 16 och
437 1333 133 23 biförtjenster,
590 1338 39 12 som
643 1332 50 18 förut
708 1332 61 23 åtföljt
783 1333 50 17 läns-

78 1363 161 22 manstjensterne,
256 1362 64 17 dertill
339 1365 66 19 genom
422 1366 57 17 nyare
496 1361 132 22 författningar
644 1360 30 18 till
692 1362 69 16 största
779 1360 55 18 delen

78 1390 56 19 hafva
146 1391 96 22 upphört?
265 1389 30 18 En
306 1390 89 21 länsman,
409 1395 39 12 som
461 1389 16 23 ej
489 1394 67 18 genom
566 1388 92 23 jordbruk
670 1388 46 18 eller
728 1393 62 14 annan
801 1390 32 16 nä-

78 1419 41 24 ring
130 1420 38 17 kan
181 1419 50 23 sörja
242 1419 29 18 för
283 1419 28 18 sin
323 1419 87 21 utkomst,
422 1417 71 24 nödgas
506 1417 74 20 derföre
592 1417 39 18 lida
638 1417 98 23 fattigdom
745 1417 35 18 och
788 1417 47 18 brist

79 1448 46 19 eller
142 1453 66 19 genom
225 1448 86 19 otillåtna
327 1447 35 19 och
377 1446 112 23 förkastliga
504 1446 61 19 medel
581 1445 90 20 förskaffa
686 1446 29 23 sig
726 1445 107 20 inkomster.

147 1487 102 18 Allmänna
262 1487 182 18 Besvärs-utskottets
459 1485 113 19 betänkande
587 1484 36 19 N:o
638 1483 20 21 5.
