1045 1706
318 93 77 23 Ständ.
412 93 102 23 Petition
529 93 39 24 N:o
583 94 36 22 19.

235 395 138 25 Finlands
395 395 137 25 Ständers
553 394 196 33 underdåniga
767 396 70 31 peti-

297 435 69 32 tion,
393 442 33 18 om
453 435 126 25 inrättande
608 435 26 24 af
658 443 26 17 en
703 435 81 25 anstalt
802 435 36 24 för

295 475 160 31 undervisning
473 476 7 23 i
498 475 101 25 bildande
617 475 66 25 konst
701 475 39 25 och
757 475 80 24 musik.

156 542 215 29 Stormäktigste,
389 543 200 28 Allernådigste
604 543 112 28 Kejsare
731 543 42 21 och

389 576 159 23 Storfurstel

159 640 63 21 Inom
247 639 156 29 Ridderskapet
425 639 39 21 och
486 639 72 21 Adeln
580 639 38 22 har
639 639 36 22 vid
697 639 141 22 innevarande

91 674 103 29 landtdag
216 673 114 22 framstälts
352 676 31 19 ett
404 673 177 29 petitionsförslag
595 681 33 14 om
643 673 119 22 inrättande
777 673 24 22 af
813 681 26 14 en

92 708 49 21 med
155 710 79 20 statens
249 707 69 22 medel
333 707 138 22 underhållen
487 708 38 21 och
539 708 67 21 under
621 707 46 22 dess
677 707 99 22 inseende
786 708 54 22 stäld

93 743 64 28 högre
171 742 146 26 konstanstalt,
333 742 128 22 omfattande
476 742 46 21 icke
538 743 88 21 allenast
640 741 91 27 målare-,
746 741 94 30 bildhug-

93 785 57 21 gare-
165 777 39 22 och
221 777 203 28 byggnadskonsten,
440 778 52 20 utan
507 777 62 22 också
584 777 40 21 den
638 776 138 22 musikaliska
791 777 49 21 kon-

93 814 52 20 sten.
176 811 35 22 En
234 811 64 22 sådan
313 811 77 22 anstalt
404 819 55 18 vore,
476 811 65 29 enligt
555 811 196 28 förslagsställarens
766 811 71 26 tanke,

93 846 93 28 behöflig
200 845 33 22 för
247 847 31 20 att
293 845 80 29 skydda
388 845 40 22 den
443 845 141 29 uppspirande
598 845 68 22 finska
679 845 90 22 konsten
785 847 55 20 emot

94 880 143 29 hvarjehanda
258 879 158 29 tillfälligheter,
438 879 33 22 för
493 882 30 20 att
544 880 76 21 bereda
642 879 25 22 de
682 879 75 29 många
771 880 69 21 konst-

94 915 137 28 närsanlagen
253 914 83 22 tillfälle
358 915 31 20 att
410 913 57 22 inom
489 914 71 22 landet
575 913 78 23 erhålla
667 921 27 14 en
708 914 133 29 grundligare

94 949 41 21 och
157 956 59 14 mera
239 947 117 29 mångsidig
370 948 164 29 underbyggnad
548 948 65 21 innan
628 947 25 22 de
667 948 84 29 begifva
764 948 32 28 sig
810 950 31 19 ut-

94 983 95 22 omlands
213 981 32 23 för
267 982 33 22 sin
315 982 71 22 vidare
401 982 119 28 utbildning
534 983 54 20 samt
602 981 33 22 för
649 983 31 20 att
695 986 68 25 öppna
777 982 22 22 åt
813 982 28 22 åt-

95 1017 105 22 minstone
224 1017 64 28 några
312 1016 24 22 af
353 1016 81 22 landets
448 1018 55 20 mest
516 1015 140 23 framstående
670 1016 84 22 artister
768 1017 74 28 stadig-

98 1051 93 22 varande
205 1051 84 28 platser,
305 1051 37 20 der
356 1051 26 20 de
397 1050 8 21 i
420 1050 32 21 sin
467 1049 134 23 mannaäldert
613 1049 77 27 kunde,
702 1050 39 21 fria
751 1050 47 21 från
807 1055 35 17 nä-

98 1085 183 28 ringsbekymmer
295 1085 65 21 verka
364 1079 13 38 i
392 1084 36 22 sitt
438 1085 53 21 fack.
521 1083 135 23 Beträffande
665 1085 114 21 anstaltens
789 1092 52 14 sam-

96 1119 144 28 mansättning
255 1123 22 17 är
292 1119 7 21 i
314 1118 230 29 petitionsmemorialet
554 1118 115 28 föreslaget,
681 1120 31 20 att
721 1119 121 21 densamma

97 1153 69 22 skulle
188 1153 59 22 bestå
268 1152 23 22 af
310 1153 36 22 två
369 1153 149 22 kombinerade
533 1152 96 23 läroverk
643 1155 54 19 samt
711 1154 32 21 att
756 1152 37 23 vid
807 1153 35 22 det

96 1195 39 13 ena
150 1187 23 21 af
192 1188 59 21 dessa
265 1187 63 21 borde
343 1188 98 21 anställas
455 1187 127 22 åtminstone
597 1186 42 21 fem
654 1187 66 20 lärare
735 1187 48 20 med
797 1187 45 20 skä-

94 1221 30 28 lig
146 1221 102 30 aflöning,
266 1221 106 28 nemligen
395 1229 27 14 en
436 1221 8 21 i
457 1220 148 29 figurmålning
619 1221 39 21 och
673 1220 105 29 teckning,
794 1229 26 13 en
835 1221 8 21 i

97 1255 209 29 landskapsmålning
329 1255 39 21 och
389 1255 105 28 teckning,
518 1263 26 13 en
559 1255 8 20 i
581 1255 97 28 skulptur
692 1255 39 20 och
745 1254 98 22 modelle-

95 1289 52 29 ring,
171 1297 27 14 en
222 1289 8 21 i
249 1289 64 28 högre
329 1289 51 22 eller
394 1289 144 22 monumental
552 1288 169 29 byggnadskonst
735 1288 39 21 och
789 1295 26 14 en
834 1288 8 21 i

98 1323 41 22 den
161 1323 99 22 bildande
281 1323 100 22 konstens
402 1323 87 22 historia
511 1323 38 21 och
570 1321 186 26 konsttheorierna,
772 1321 69 22 äfven-

97 1365 44 14 som
156 1359 31 19 ett
201 1365 39 20 par
254 1356 122 22 biträdande
391 1357 66 21 lärare
473 1356 8 21 i
495 1363 58 14 mera
567 1355 90 29 speciela
670 1355 33 21 för
717 1355 41 21 den
773 1355 69 22 konst-

95 1390 84 29 närliga
201 1389 146 29 utbildningen
369 1390 133 29 nödvändiga
516 1389 168 28 kunskapsarter.
714 1389 13 20 I
741 1396 101 14 samman-

94 1425 57 29 hang
177 1424 85 23 dermed
283 1424 68 23 skulle
375 1426 30 21 ett
427 1423 134 24 musikaliskt
583 1423 96 23 läroverk
693 1423 86 22 inrättas
794 1423 48 23 med
