1034 1706
248 147 26 32 60
435 151 239 19 Petitionsbetänkande
684 151 38 19 N:o
734 151 33 19 20.

224 215 58 27 nirg,
305 215 46 21 icke
366 215 69 21 heller
453 215 61 21 torde
532 215 73 26 hvarje
624 217 60 19 ämne
702 215 8 21 i
726 216 77 20 sådant
821 215 100 21 afseende
937 215 36 21 vid

226 250 41 21 den
286 249 111 27 praktiska
413 249 163 27 tillämpningen
594 248 23 22 af
630 249 36 21 det
681 249 66 22 andra
761 248 111 23 inhemska
887 248 86 28 språket

226 290 54 21 egna
299 284 33 26 sig
350 284 33 21 till
401 283 131 27 öfningsfält.
561 283 111 22 Utskottet
688 283 40 22 har
745 284 56 22 varit
819 290 50 15 ense
885 290 40 20 om,
942 285 31 20 att

225 318 152 27 förändringen
395 318 19 26 ej
434 324 65 20 gerna
517 318 42 21 kan
576 318 92 26 tidigare
686 318 84 22 komma
785 318 8 22 i
807 318 66 27 fråga
883 320 27 19 än
925 318 48 21 från

226 353 39 22 och
272 353 49 21 med
329 352 64 22 femte
401 352 92 22 klassen.
508 347 62 26 Ännu
581 352 67 21 måste
656 352 108 27 tilläggas,
776 354 33 20 att
816 352 69 22 denna
893 352 80 27 obliga-

224 387 83 22 toriska
320 386 152 28 undervisning
486 387 28 27 på
529 388 31 20 ett
574 386 34 22 för
618 386 99 22 eleverna
726 387 67 27 något
802 387 83 21 mindre
895 386 79 22 bekant

223 422 111 27 tungomål
362 421 47 21 icke
437 422 67 21 borde
534 427 40 21 ega
602 427 47 15 rum
680 423 65 20 annat
771 423 28 19 än
824 421 31 21 uti
881 427 28 16 en
938 421 34 21 del

224 459 83 24 ämnen,
331 457 54 20 samt
408 457 32 20 att
462 455 101 22 särskildt
584 455 179 28 undervisningen
785 455 7 22 i
809 455 107 22 klassiska
933 455 40 22 och

224 491 102 21 moderna
348 489 64 28 språk
433 490 107 27 knappast
553 490 42 21 kan
612 490 50 21 med
680 490 82 21 förmån
781 490 109 21 meddelas
909 491 64 20 annat

224 527 27 19 än
269 525 28 27 på
316 524 157 22 modersmålet.
506 524 51 21 Med
576 524 69 21 denna
662 524 143 27 begränsning
823 524 24 22 af
863 524 110 21 undervis-

223 560 78 26 ningen
319 559 28 26 på
367 559 36 21 det
418 559 67 21 andra
499 558 111 22 inhemska
624 559 87 26 språket
725 559 62 21 torde
803 559 54 21 dock
871 559 19 27 ej
905 558 68 27 några

224 593 112 27 allvarliga
351 593 137 27 olägenheter
501 599 52 16 vara
568 594 32 21 att
614 592 23 22 af
650 592 104 28 förslaget
763 592 81 23 befara.
866 593 107 22 Särskildt

223 628 36 22 må
273 627 102 27 slutligen
389 627 131 27 framhållas,
535 628 32 21 att
585 628 41 21 den
640 627 122 28 föreslagna
776 627 113 27 reformen,
905 627 68 22 sådan

223 663 142 27 petitionären
381 662 40 22 och
435 662 105 21 utskottet
554 662 60 21 tänkt
629 662 33 27 sig
677 663 128 26 densamma,
820 663 35 21 väl
865 662 7 21 i
883 662 89 21 allmän-

223 697 37 21 het
278 696 55 22 skall
352 696 64 21 lända
434 696 34 21 till
488 696 109 27 spridning
612 696 39 22 och
665 696 110 22 förkofran
790 697 23 21 af
825 697 124 26 kunskapen
964 696 8 21 i

222 731 85 21 landets
321 730 69 27 begge
405 730 70 27 språk,
491 737 49 14 men
554 733 32 19 att
600 731 36 21 det
650 731 8 20 i
672 731 89 21 främsta
775 733 92 19 rummet
882 733 24 19 är
920 731 51 20 kän-

223 765 105 22 nedomen
347 765 23 21 af
387 765 70 21 finska
475 765 92 26 språket,
590 771 45 16 som
655 765 122 22 densamma
791 765 84 22 komme
890 766 32 20 att
935 765 36 21 be-

222 799 83 27 främja,
321 799 28 22 då
362 799 24 27 ju
401 799 34 21 för
452 800 132 21 närvarande
602 801 69 20 större
690 799 61 22 delen
771 799 24 22 af
807 800 52 21 våra
872 799 99 22 läroverk

221 833 40 22 har
276 833 105 22 svenskan
396 833 34 21 till
445 833 234 27 undervisningsspråk.

290 868 34 21 Då
345 867 105 22 utskottet
467 867 73 22 vidare
560 869 36 26 egt
614 869 31 20 att
660 867 120 28 öfverväga,
803 869 66 26 enligt
883 868 87 22 hvilken

221 903 69 26 grund
307 902 84 21 landets
410 902 215 21 elementarläroverk
643 902 49 21 med
710 901 121 23 hänseende
845 903 34 21 till
893 903 78 20 under-

220 936 183 28 visningsspräket
420 936 67 21 borde
505 942 52 15 vara
574 931 134 37 anordnade,
718 931 253 37 har-främst-i-betrak-

222 971 65 22 tande
305 970 89 22 kommit
412 970 26 21 de
457 970 23 21 af
496 970 205 26 landtdagsmännen
718 970 153 27 Karvosenoja,
889 970 82 23 Hanni-

221 1005 84 26 kainen,
322 1004 101 22 Suutarla
438 1004 39 22 och
491 1004 89 22 Avellan
595 1004 131 27 framstälda,
742 1005 8 21 i
764 1004 121 22 hufvudsak
901 1006 69 22 öfver-

221 1039 170 22 ensstämmande
406 1038 115 27 förslagen,
536 1038 72 22 hvilka
623 1038 75 28 äsyfta,
712 1040 33 20 att
758 1038 71 22 finska
843 1039 53 21 eller
909 1046 62 16 sven-

220 1074 40 21 ska
274 1072 215 27 undervisningsverk
503 1072 66 22 mätte
583 1072 124 27 uppehällas
722 1073 7 21 i
743 1074 125 26 proportion
883 1074 34 21 till
931 1080 38 15 nu-

219 1109 100 19 merären
337 1106 23 22 af
377 1106 85 22 landets
480 1107 69 26 begge
564 1106 168 28 folkelementer,
748 1108 24 20 sä
787 1109 32 19 att
833 1107 73 23 skolor
919 1109 50 21 med

220 1140 87 22 svenskt
326 1140 228 27 undervisningsspräk
572 1140 69 22 skulle
659 1141 67 22 finnas
742 1142 76 20 endast
831 1141 8 21 i
855 1142 26 22 de
897 1142 71 22 lands-

219 1176 64 25 orter,
300 1175 39 21 der
352 1174 93 22 flertalet
460 1174 23 22 af
496 1174 152 28 befolkningen
657 1176 56 21 talar
724 1176 59 21 detta
792 1176 116 27 tungomä],
919 1183 49 15 men

219 1211 31 20 att
265 1209 243 27 undervisningsverken
526 1209 34 21 för
579 1208 65 28 öfrigt
659 1210 69 21 skulle
744 1210 122 22 förvandlas
881 1211 34 21 till
929 1211 39 21 fin-

219 1244 39 20 ska
273 1243 105 27 läroverk,
394 1244 24 20 sä
433 1244 39 20 ock
486 1244 158 26 Karvosenojas
658 1244 88 27 förslag,
762 1246 32 20 att
808 1251 81 15 samma
899 1246 69 26 grund

218 1277 67 21 mätte
302 1277 108 27 iakttagas
428 1277 36 21 vid
483 1277 99 27 gifvande
600 1278 24 20 af
639 1278 117 21 understöd
774 1278 23 21 ät
814 1280 84 26 privata
912 1280 56 21 läro-

218 1310 111 22 anstalter.
347 1310 74 22 Under
437 1310 148 22 diskussionen
599 1312 91 21 rörande
705 1312 163 27 ifrägavarande
882 1314 85 26 petitio-

217 1352 39 15 ner
271 1345 39 22 och
324 1345 8 21 i
347 1346 89 21 motsats
454 1345 33 21 till
505 1346 93 22 nämnda
614 1346 110 28 yrkanden
742 1346 39 22 har
800 1348 95 22 deremot
909 1348 57 21 inom

216 1380 106 22 utskottet
340 1380 129 27 föreslagits,
488 1381 32 20 att
537 1380 54 22 intet
604 1387 29 15 nu
647 1381 115 22 bestäende
782 1382 99 22 läroverk
900 1382 66 22 borde

217 1415 50 21 med
280 1414 121 22 hänseende
420 1414 33 22 till
471 1415 252 28 undervisningsspräket
737 1416 119 28 förändras,
871 1423 49 15 men
935 1419 31 20 att

218 1449 97 22 deremot
330 1450 31 21 ett
374 1449 127 27 tillräckligt
519 1450 58 21 antal
593 1450 68 22 finska
676 1450 72 22 skolor
763 1451 70 22 skulle
847 1453 118 26 upprättas,

289 1489 96 18 Allmänna
396 1489 158 18 Besvärsutskottets
564 1490 102 18 betänkande
678 1489 34 19 N:o
724 1490 28 18 17.
