<?xml version="1.0" encoding="UTF-8"?>
<alto xmlns="http://www.loc.gov/standards/alto/ns-v3#" xmlns:xlink="http://www.w3.org/1999/xlink" xmlns:xsi="http://www.w3.org/2001/XMLSchema-instance" xsi:schemaLocation="http://www.loc.gov/standards/alto/ns-v3# http://www.loc.gov/alto/v3/alto-3-0.xsd">
	<Description>
		<MeasurementUnit>pixel</MeasurementUnit>
		<sourceImageInformation>
			<fileName>/tmp/tess_j2txhh37_input.PNG</fileName>
		</sourceImageInformation>
		<OCRProcessing ID="OCR_0">
			<ocrProcessingStep>
				<processingSoftware>
					<softwareName>tesseract 5.3.4</softwareName>
				</processingSoftware>
			</ocrProcessingStep>
		</OCRProcessing>
	</Description>
	<Layout>
		<Page WIDTH="1045" HEIGHT="1709" PHYSICAL_IMG_NR="0" ID="page_0">
			<PrintSpace HPOS="0" VPOS="0" WIDTH="1045" HEIGHT="1709">
				<ComposedBlock ID="cblock_0" HPOS="238" VPOS="123" WIDTH="564" HEIGHT="22">
					<TextBlock ID="block_0" HPOS="238" VPOS="123" WIDTH="564" HEIGHT="22">
						<TextLine ID="line_0" HPOS="238" VPOS="123" WIDTH="564" HEIGHT="22">
							<String ID="string_0" HPOS="238" VPOS="123" WIDTH="321" HEIGHT="21" WC="0.86" CONTENT="Petittonsbetänkande"/><SP WIDTH="16" VPOS="123" HPOS="559"/>
							<String ID="string_1" HPOS="575" VPOS="124" WIDTH="49" HEIGHT="20" WC="0.96" CONTENT="N:o"/><SP WIDTH="14" VPOS="124" HPOS="624"/>
							<String ID="string_2" HPOS="638" VPOS="124" WIDTH="44" HEIGHT="21" WC="0.95" CONTENT="37."/><SP WIDTH="109" VPOS="124" HPOS="682"/>
							<String ID="string_3" HPOS="791" VPOS="124" WIDTH="11" HEIGHT="19" WC="0.96" CONTENT="5"/>
						</TextLine>
					</TextBlock>
				</ComposedBlock>
				<ComposedBlock ID="cblock_1" HPOS="85" VPOS="189" WIDTH="749" HEIGHT="512">
					<TextBlock ID="block_1" HPOS="85" VPOS="189" WIDTH="748" HEIGHT="163">
						<TextLine ID="line_1" HPOS="88" VPOS="189" WIDTH="745" HEIGHT="23">
							<String ID="string_4" HPOS="88" VPOS="190" WIDTH="92" HEIGHT="22" WC="0.91" CONTENT="nämligast"/><SP WIDTH="16" VPOS="190" HPOS="180"/>
							<String ID="string_5" HPOS="196" VPOS="190" WIDTH="117" HEIGHT="22" WC="0.91" CONTENT="fregventeras"/><SP WIDTH="18" VPOS="190" HPOS="313"/>
							<String ID="string_6" HPOS="331" VPOS="189" WIDTH="20" HEIGHT="17" WC="0.96" CONTENT="af"/><SP WIDTH="16" VPOS="189" HPOS="351"/>
							<String ID="string_7" HPOS="367" VPOS="190" WIDTH="43" HEIGHT="16" WC="0.93" CONTENT="barn"/><SP WIDTH="16" VPOS="190" HPOS="410"/>
							<String ID="string_8" HPOS="426" VPOS="189" WIDTH="38" HEIGHT="18" WC="0.96" CONTENT="från"/><SP WIDTH="13" VPOS="189" HPOS="464"/>
							<String ID="string_9" HPOS="477" VPOS="190" WIDTH="20" HEIGHT="16" WC="0.93" CONTENT="de"/><SP WIDTH="13" VPOS="190" HPOS="497"/>
							<String ID="string_10" HPOS="510" VPOS="189" WIDTH="151" HEIGHT="23" WC="0.61" CONTENT="samhällsklasser,"/><SP WIDTH="14" VPOS="189" HPOS="661"/>
							<String ID="string_11" HPOS="675" VPOS="189" WIDTH="28" HEIGHT="18" WC="0.92" CONTENT="för"/><SP WIDTH="11" VPOS="189" HPOS="703"/>
							<String ID="string_12" HPOS="714" VPOS="190" WIDTH="60" HEIGHT="17" WC="0.93" CONTENT="hvilka"/><SP WIDTH="11" VPOS="190" HPOS="774"/>
							<String ID="string_13" HPOS="785" VPOS="189" WIDTH="48" HEIGHT="17" WC="0.93" CONTENT="kost-"/>
						</TextLine>
						<TextLine ID="line_2" HPOS="87" VPOS="217" WIDTH="746" HEIGHT="23">
							<String ID="string_14" HPOS="87" VPOS="218" WIDTH="57" HEIGHT="17" WC="0.94" CONTENT="naden"/><SP WIDTH="12" VPOS="218" HPOS="144"/>
							<String ID="string_15" HPOS="156" VPOS="218" WIDTH="28" HEIGHT="18" WC="0.93" CONTENT="för"/><SP WIDTH="11" VPOS="218" HPOS="184"/>
							<String ID="string_16" HPOS="195" VPOS="219" WIDTH="75" HEIGHT="16" WC="0.96" CONTENT="barnens"/><SP WIDTH="12" VPOS="219" HPOS="270"/>
							<String ID="string_17" HPOS="282" VPOS="218" WIDTH="91" HEIGHT="17" WC="0.93" CONTENT="underhåll"/><SP WIDTH="12" VPOS="218" HPOS="373"/>
							<String ID="string_18" HPOS="385" VPOS="217" WIDTH="70" HEIGHT="22" WC="0.87" CONTENT="aflägset"/><SP WIDTH="13" VPOS="217" HPOS="455"/>
							<String ID="string_19" HPOS="468" VPOS="218" WIDTH="39" HEIGHT="17" WC="0.96" CONTENT="från"/><SP WIDTH="11" VPOS="218" HPOS="507"/>
							<String ID="string_20" HPOS="518" VPOS="218" WIDTH="80" HEIGHT="22" WC="0.96" CONTENT="hemmet,"/><SP WIDTH="11" VPOS="218" HPOS="598"/>
							<String ID="string_21" HPOS="609" VPOS="218" WIDTH="50" HEIGHT="17" WC="0.95" CONTENT="faller"/><SP WIDTH="11" VPOS="218" HPOS="659"/>
							<String ID="string_22" HPOS="670" VPOS="218" WIDTH="26" HEIGHT="22" WC="0.93" CONTENT="sig"/><SP WIDTH="7" VPOS="218" HPOS="696"/>
							<String ID="string_23" HPOS="703" VPOS="220" WIDTH="61" HEIGHT="20" WC="0.92" CONTENT="ytterst"/><SP WIDTH="8" VPOS="220" HPOS="764"/>
							<String ID="string_24" HPOS="772" VPOS="218" WIDTH="61" HEIGHT="17" WC="0.92" CONTENT="betun-"/>
						</TextLine>
						<TextLine ID="line_3" HPOS="85" VPOS="246" WIDTH="747" HEIGHT="22">
							<String ID="string_25" HPOS="85" VPOS="246" WIDTH="63" HEIGHT="22" WC="0.94" CONTENT="gande,"/><SP WIDTH="22" VPOS="246" HPOS="148"/>
							<String ID="string_26" HPOS="170" VPOS="248" WIDTH="18" HEIGHT="15" WC="0.95" CONTENT="är"/><SP WIDTH="19" VPOS="248" HPOS="188"/>
							<String ID="string_27" HPOS="207" VPOS="246" WIDTH="30" HEIGHT="17" WC="0.96" CONTENT="det"/><SP WIDTH="18" VPOS="246" HPOS="237"/>
							<String ID="string_28" HPOS="255" VPOS="246" WIDTH="51" HEIGHT="22" WC="0.96" CONTENT="klart,"/><SP WIDTH="19" VPOS="246" HPOS="306"/>
							<String ID="string_29" HPOS="325" VPOS="248" WIDTH="25" HEIGHT="14" WC="0.96" CONTENT="att"/><SP WIDTH="16" VPOS="248" HPOS="350"/>
							<String ID="string_30" HPOS="366" VPOS="246" WIDTH="33" HEIGHT="16" WC="0.97" CONTENT="den"/><SP WIDTH="15" VPOS="246" HPOS="399"/>
							<String ID="string_31" HPOS="414" VPOS="246" WIDTH="23" HEIGHT="21" WC="0.96" CONTENT="på"/><SP WIDTH="16" VPOS="246" HPOS="437"/>
							<String ID="string_32" HPOS="453" VPOS="246" WIDTH="24" HEIGHT="17" WC="0.96" CONTENT="tio"/><SP WIDTH="12" VPOS="246" HPOS="477"/>
							<String ID="string_33" HPOS="489" VPOS="246" WIDTH="39" HEIGHT="17" WC="0.93" CONTENT="mils"/><SP WIDTH="11" VPOS="246" HPOS="528"/>
							<String ID="string_34" HPOS="539" VPOS="246" WIDTH="68" HEIGHT="17" WC="0.91" CONTENT="afstånd"/><SP WIDTH="12" VPOS="246" HPOS="607"/>
							<String ID="string_35" HPOS="619" VPOS="247" WIDTH="6" HEIGHT="16" WC="0.96" CONTENT="i"/><SP WIDTH="12" VPOS="247" HPOS="625"/>
							<String ID="string_36" HPOS="637" VPOS="246" WIDTH="52" HEIGHT="17" WC="0.96" CONTENT="Wasa"/><SP WIDTH="11" VPOS="246" HPOS="689"/>
							<String ID="string_37" HPOS="700" VPOS="246" WIDTH="86" HEIGHT="17" WC="0.93" CONTENT="inrättade"/><SP WIDTH="12" VPOS="246" HPOS="786"/>
							<String ID="string_38" HPOS="798" VPOS="246" WIDTH="34" HEIGHT="21" WC="0.89" CONTENT="fyr-"/>
						</TextLine>
						<TextLine ID="line_4" HPOS="86" VPOS="274" WIDTH="746" HEIGHT="21">
							<String ID="string_39" HPOS="86" VPOS="274" WIDTH="74" HEIGHT="21" WC="0.92" CONTENT="klassiga"/><SP WIDTH="18" VPOS="274" HPOS="160"/>
							<String ID="string_40" HPOS="178" VPOS="274" WIDTH="99" HEIGHT="17" WC="0.95" CONTENT="realskolan"/><SP WIDTH="20" VPOS="274" HPOS="277"/>
							<String ID="string_41" HPOS="297" VPOS="274" WIDTH="53" HEIGHT="17" WC="0.95" CONTENT="måste"/><SP WIDTH="12" VPOS="274" HPOS="350"/>
							<String ID="string_42" HPOS="362" VPOS="274" WIDTH="28" HEIGHT="16" WC="0.96" CONTENT="för"/><SP WIDTH="12" VPOS="274" HPOS="390"/>
							<String ID="string_43" HPOS="402" VPOS="274" WIDTH="22" HEIGHT="17" WC="0.96" CONTENT="de"/><SP WIDTH="12" VPOS="274" HPOS="424"/>
							<String ID="string_44" HPOS="436" VPOS="274" WIDTH="47" HEIGHT="17" WC="0.96" CONTENT="fleste"/><SP WIDTH="13" VPOS="274" HPOS="483"/>
							<String ID="string_45" HPOS="496" VPOS="274" WIDTH="64" HEIGHT="17" WC="0.96" CONTENT="elevers"/><SP WIDTH="12" VPOS="274" HPOS="560"/>
							<String ID="string_46" HPOS="572" VPOS="274" WIDTH="113" HEIGHT="21" WC="0.96" CONTENT="fortbildning"/><SP WIDTH="12" VPOS="274" HPOS="685"/>
							<String ID="string_47" HPOS="697" VPOS="274" WIDTH="54" HEIGHT="17" WC="0.92" CONTENT="blifva"/><SP WIDTH="11" VPOS="274" HPOS="751"/>
							<String ID="string_48" HPOS="762" VPOS="276" WIDTH="70" HEIGHT="14" WC="0.92" CONTENT="tämme-"/>
						</TextLine>
						<TextLine ID="line_5" HPOS="85" VPOS="302" WIDTH="748" HEIGHT="22">
							<String ID="string_49" HPOS="85" VPOS="303" WIDTH="51" HEIGHT="21" WC="0.96" CONTENT="ligen"/><SP WIDTH="18" VPOS="303" HPOS="136"/>
							<String ID="string_50" HPOS="154" VPOS="303" WIDTH="83" HEIGHT="16" WC="0.94" CONTENT="värdelös."/><SP WIDTH="32" VPOS="303" HPOS="237"/>
							<String ID="string_51" HPOS="269" VPOS="302" WIDTH="39" HEIGHT="17" WC="0.96" CONTENT="Den"/><SP WIDTH="17" VPOS="302" HPOS="308"/>
							<String ID="string_52" HPOS="325" VPOS="302" WIDTH="81" HEIGHT="17" WC="0.96" CONTENT="tekniska"/><SP WIDTH="15" VPOS="302" HPOS="406"/>
							<String ID="string_53" HPOS="421" VPOS="303" WIDTH="98" HEIGHT="16" WC="0.93" CONTENT="realskolan"/><SP WIDTH="12" VPOS="303" HPOS="519"/>
							<String ID="string_54" HPOS="531" VPOS="302" WIDTH="88" HEIGHT="17" WC="0.91" CONTENT="derstädes"/><SP WIDTH="12" VPOS="302" HPOS="619"/>
							<String ID="string_55" HPOS="631" VPOS="303" WIDTH="31" HEIGHT="16" WC="0.96" CONTENT="har"/><SP WIDTH="11" VPOS="303" HPOS="662"/>
							<String ID="string_56" HPOS="673" VPOS="302" WIDTH="46" HEIGHT="17" WC="0.96" CONTENT="dock"/><SP WIDTH="12" VPOS="302" HPOS="719"/>
							<String ID="string_57" HPOS="731" VPOS="302" WIDTH="53" HEIGHT="17" WC="0.96" CONTENT="bland"/><SP WIDTH="12" VPOS="302" HPOS="784"/>
							<String ID="string_58" HPOS="796" VPOS="302" WIDTH="37" HEIGHT="17" WC="0.96" CONTENT="sina"/>
						</TextLine>
						<TextLine ID="line_6" HPOS="87" VPOS="327" WIDTH="587" HEIGHT="25">
							<String ID="string_59" HPOS="87" VPOS="331" WIDTH="81" HEIGHT="21" WC="0.96" CONTENT="flitigaste"/><SP WIDTH="13" VPOS="331" HPOS="168"/>
							<String ID="string_60" HPOS="181" VPOS="331" WIDTH="77" HEIGHT="16" WC="0.96" CONTENT="alumner"/><SP WIDTH="12" VPOS="331" HPOS="258"/>
							<String ID="string_61" HPOS="270" VPOS="331" WIDTH="62" HEIGHT="16" WC="0.96" CONTENT="räknat"/><SP WIDTH="11" VPOS="331" HPOS="332"/>
							<String ID="string_62" HPOS="343" VPOS="330" WIDTH="75" HEIGHT="21" WC="0.96" CONTENT="mången"/><SP WIDTH="12" VPOS="330" HPOS="418"/>
							<String ID="string_63" HPOS="430" VPOS="330" WIDTH="39" HEIGHT="17" WC="0.96" CONTENT="från"/><SP WIDTH="12" VPOS="330" HPOS="469"/>
							<String ID="string_64" HPOS="481" VPOS="330" WIDTH="65" HEIGHT="22" WC="0.96" CONTENT="sydliga"/><SP WIDTH="12" VPOS="330" HPOS="546"/>
							<String ID="string_65" HPOS="558" VPOS="327" WIDTH="116" HEIGHT="21" WC="0.96" CONTENT="Österbotten."/>
						</TextLine>
					</TextBlock>
					<TextBlock ID="block_2" HPOS="85" VPOS="358" WIDTH="749" HEIGHT="137">
						<TextLine ID="line_7" HPOS="155" VPOS="358" WIDTH="678" HEIGHT="23">
							<String ID="string_66" HPOS="155" VPOS="359" WIDTH="26" HEIGHT="16" WC="0.96" CONTENT="På"/><SP WIDTH="18" VPOS="359" HPOS="181"/>
							<String ID="string_67" HPOS="199" VPOS="359" WIDTH="55" HEIGHT="21" WC="0.95" CONTENT="grund"/><SP WIDTH="18" VPOS="359" HPOS="254"/>
							<String ID="string_68" HPOS="272" VPOS="358" WIDTH="55" HEIGHT="22" WC="0.91" CONTENT="häraf,"/><SP WIDTH="20" VPOS="358" HPOS="327"/>
							<String ID="string_69" HPOS="347" VPOS="358" WIDTH="33" HEIGHT="17" WC="0.97" CONTENT="och"/><SP WIDTH="16" VPOS="358" HPOS="380"/>
							<String ID="string_70" HPOS="396" VPOS="358" WIDTH="22" HEIGHT="17" WC="0.96" CONTENT="då"/><SP WIDTH="12" VPOS="358" HPOS="418"/>
							<String ID="string_71" HPOS="430" VPOS="359" WIDTH="60" HEIGHT="16" WC="0.96" CONTENT="staden"/><SP WIDTH="11" VPOS="359" HPOS="490"/>
							<String ID="string_72" HPOS="501" VPOS="358" WIDTH="54" HEIGHT="18" WC="0.96" CONTENT="redan"/><SP WIDTH="11" VPOS="358" HPOS="555"/>
							<String ID="string_73" HPOS="566" VPOS="359" WIDTH="28" HEIGHT="17" WC="0.96" CONTENT="vid"/><SP WIDTH="12" VPOS="359" HPOS="594"/>
							<String ID="string_74" HPOS="606" VPOS="365" WIDTH="23" HEIGHT="10" WC="0.96" CONTENT="en"/><SP WIDTH="10" VPOS="365" HPOS="629"/>
							<String ID="string_75" HPOS="639" VPOS="358" WIDTH="105" HEIGHT="23" WC="0.96" CONTENT="föregående"/><SP WIDTH="12" VPOS="358" HPOS="744"/>
							<String ID="string_76" HPOS="756" VPOS="358" WIDTH="77" HEIGHT="17" WC="0.96" CONTENT="ansökan"/>
						</TextLine>
						<TextLine ID="line_8" HPOS="85" VPOS="386" WIDTH="749" HEIGHT="23">
							<String ID="string_77" HPOS="85" VPOS="393" WIDTH="29" HEIGHT="11" WC="0.96" CONTENT="om"/><SP WIDTH="18" VPOS="393" HPOS="114"/>
							<String ID="string_78" HPOS="132" VPOS="387" WIDTH="70" HEIGHT="17" WC="0.91" CONTENT="skolans"/><SP WIDTH="13" VPOS="387" HPOS="202"/>
							<String ID="string_79" HPOS="215" VPOS="387" WIDTH="102" HEIGHT="22" WC="0.96" CONTENT="utvidgning"/><SP WIDTH="11" VPOS="387" HPOS="317"/>
							<String ID="string_80" HPOS="328" VPOS="386" WIDTH="90" HEIGHT="17" WC="0.96" CONTENT="förbundit"/><SP WIDTH="12" VPOS="386" HPOS="418"/>
							<String ID="string_81" HPOS="430" VPOS="387" WIDTH="26" HEIGHT="22" WC="0.96" CONTENT="sig"/><SP WIDTH="11" VPOS="387" HPOS="456"/>
							<String ID="string_82" HPOS="467" VPOS="387" WIDTH="26" HEIGHT="16" WC="0.96" CONTENT="till"/><SP WIDTH="12" VPOS="387" HPOS="493"/>
							<String ID="string_83" HPOS="505" VPOS="387" WIDTH="21" HEIGHT="16" WC="0.96" CONTENT="de"/><SP WIDTH="12" VPOS="387" HPOS="526"/>
							<String ID="string_84" HPOS="538" VPOS="387" WIDTH="76" HEIGHT="22" WC="0.96" CONTENT="utgifter,"/><SP WIDTH="14" VPOS="387" HPOS="614"/>
							<String ID="string_85" HPOS="628" VPOS="393" WIDTH="22" HEIGHT="10" WC="0.96" CONTENT="en"/><SP WIDTH="12" VPOS="393" HPOS="650"/>
							<String ID="string_86" HPOS="662" VPOS="387" WIDTH="53" HEIGHT="16" WC="0.96" CONTENT="sådan"/><SP WIDTH="12" VPOS="387" HPOS="715"/>
							<String ID="string_87" HPOS="727" VPOS="386" WIDTH="70" HEIGHT="17" WC="0.95" CONTENT="komme"/><SP WIDTH="11" VPOS="386" HPOS="797"/>
							<String ID="string_88" HPOS="808" VPOS="388" WIDTH="26" HEIGHT="15" WC="0.96" CONTENT="att"/>
						</TextLine>
						<TextLine ID="line_9" HPOS="85" VPOS="414" WIDTH="747" HEIGHT="23">
							<String ID="string_89" HPOS="85" VPOS="415" WIDTH="26" HEIGHT="18" WC="0.96" CONTENT="för"/><SP WIDTH="21" VPOS="415" HPOS="111"/>
							<String ID="string_90" HPOS="132" VPOS="416" WIDTH="34" HEIGHT="17" WC="0.96" CONTENT="den"/><SP WIDTH="16" VPOS="416" HPOS="166"/>
							<String ID="string_91" HPOS="182" VPOS="421" WIDTH="65" HEIGHT="12" WC="0.96" CONTENT="samma"/><SP WIDTH="11" VPOS="421" HPOS="247"/>
							<String ID="string_92" HPOS="258" VPOS="415" WIDTH="84" HEIGHT="21" WC="0.96" CONTENT="medföra,"/><SP WIDTH="14" VPOS="415" HPOS="342"/>
							<String ID="string_93" HPOS="356" VPOS="415" WIDTH="53" HEIGHT="22" WC="0.96" CONTENT="vågar"/><SP WIDTH="9" VPOS="415" HPOS="409"/>
							<String ID="string_94" HPOS="418" VPOS="415" WIDTH="32" HEIGHT="22" WC="0.96" CONTENT="jag"/><SP WIDTH="12" VPOS="415" HPOS="450"/>
							<String ID="string_95" HPOS="462" VPOS="415" WIDTH="32" HEIGHT="18" WC="0.93" CONTENT="hos"/><SP WIDTH="12" VPOS="415" HPOS="494"/>
							<String ID="string_96" HPOS="506" VPOS="415" WIDTH="90" HEIGHT="22" WC="0.91" CONTENT="Välloflige"/><SP WIDTH="11" VPOS="415" HPOS="596"/>
							<String ID="string_97" HPOS="607" VPOS="415" WIDTH="147" HEIGHT="22" WC="0.91" CONTENT="Borgareståndet"/><SP WIDTH="12" VPOS="415" HPOS="754"/>
							<String ID="string_98" HPOS="766" VPOS="414" WIDTH="66" HEIGHT="22" WC="0.90" CONTENT="ödmju-"/>
						</TextLine>
						<TextLine ID="line_10" HPOS="85" VPOS="443" WIDTH="747" HEIGHT="23">
							<String ID="string_99" HPOS="85" VPOS="445" WIDTH="39" HEIGHT="17" WC="0.94" CONTENT="kast"/><SP WIDTH="20" VPOS="445" HPOS="124"/>
							<String ID="string_100" HPOS="144" VPOS="445" WIDTH="69" HEIGHT="21" WC="0.94" CONTENT="föreslå,"/><SP WIDTH="21" VPOS="445" HPOS="213"/>
							<String ID="string_101" HPOS="234" VPOS="446" WIDTH="25" HEIGHT="15" WC="0.93" CONTENT="att"/><SP WIDTH="12" VPOS="446" HPOS="259"/>
							<String ID="string_102" HPOS="271" VPOS="443" WIDTH="72" HEIGHT="18" WC="0.92" CONTENT="Ståndet"/><SP WIDTH="11" VPOS="443" HPOS="343"/>
							<String ID="string_103" HPOS="354" VPOS="449" WIDTH="63" HEIGHT="16" WC="0.93" CONTENT="genom"/><SP WIDTH="13" VPOS="449" HPOS="417"/>
							<String ID="string_104" HPOS="430" VPOS="443" WIDTH="107" HEIGHT="23" WC="0.92" CONTENT="underdånig"/><SP WIDTH="11" VPOS="443" HPOS="537"/>
							<String ID="string_105" HPOS="548" VPOS="444" WIDTH="74" HEIGHT="22" WC="0.96" CONTENT="petition"/><SP WIDTH="12" VPOS="444" HPOS="622"/>
							<String ID="string_106" HPOS="634" VPOS="443" WIDTH="39" HEIGHT="18" WC="0.96" CONTENT="ville"/><SP WIDTH="12" VPOS="443" HPOS="673"/>
							<String ID="string_107" HPOS="685" VPOS="443" WIDTH="32" HEIGHT="18" WC="0.96" CONTENT="hos"/><SP WIDTH="13" VPOS="443" HPOS="717"/>
							<String ID="string_108" HPOS="730" VPOS="443" WIDTH="49" HEIGHT="17" WC="0.93" CONTENT="Hans"/><SP WIDTH="12" VPOS="443" HPOS="779"/>
							<String ID="string_109" HPOS="791" VPOS="443" WIDTH="41" HEIGHT="22" WC="0.92" CONTENT="Kej-"/>
						</TextLine>
						<TextLine ID="line_11" HPOS="89" VPOS="473" WIDTH="238" HEIGHT="22">
							<String ID="string_110" HPOS="89" VPOS="473" WIDTH="63" HEIGHT="22" WC="0.90" CONTENT="serliga"/><SP WIDTH="12" VPOS="473" HPOS="152"/>
							<String ID="string_111" HPOS="164" VPOS="473" WIDTH="81" HEIGHT="22" WC="0.96" CONTENT="Majestät"/><SP WIDTH="12" VPOS="473" HPOS="245"/>
							<String ID="string_112" HPOS="257" VPOS="473" WIDTH="70" HEIGHT="17" WC="0.95" CONTENT="anhålla"/>
						</TextLine>
					</TextBlock>
					<TextBlock ID="block_3" HPOS="190" VPOS="505" WIDTH="643" HEIGHT="53">
						<TextLine ID="line_12" HPOS="224" VPOS="505" WIDTH="609" HEIGHT="24">
							<String ID="string_113" HPOS="224" VPOS="513" WIDTH="29" HEIGHT="12" WC="0.96" CONTENT="om"/><SP WIDTH="12" VPOS="513" HPOS="253"/>
							<String ID="string_114" HPOS="265" VPOS="507" WIDTH="33" HEIGHT="17" WC="0.93" CONTENT="den"/><SP WIDTH="12" VPOS="507" HPOS="298"/>
							<String ID="string_115" HPOS="310" VPOS="506" WIDTH="105" HEIGHT="23" WC="0.91" CONTENT="tvåklassiga"/><SP WIDTH="11" VPOS="506" HPOS="415"/>
							<String ID="string_116" HPOS="426" VPOS="507" WIDTH="107" HEIGHT="18" WC="0.90" CONTENT="realskolans"/><SP WIDTH="12" VPOS="507" HPOS="533"/>
							<String ID="string_117" HPOS="545" VPOS="507" WIDTH="5" HEIGHT="17" WC="0.96" CONTENT="i"/><SP WIDTH="13" VPOS="507" HPOS="550"/>
							<String ID="string_118" HPOS="563" VPOS="506" WIDTH="115" HEIGHT="18" WC="0.93" CONTENT="Kristinestad"/><SP WIDTH="13" VPOS="506" HPOS="678"/>
							<String ID="string_119" HPOS="691" VPOS="505" WIDTH="104" HEIGHT="23" WC="0.91" CONTENT="utvidgande"/><SP WIDTH="11" VPOS="505" HPOS="795"/>
							<String ID="string_120" HPOS="806" VPOS="506" WIDTH="27" HEIGHT="17" WC="0.96" CONTENT="till"/>
						</TextLine>
						<TextLine ID="line_13" HPOS="190" VPOS="535" WIDTH="129" HEIGHT="23">
							<String ID="string_121" HPOS="190" VPOS="542" WIDTH="21" HEIGHT="11" WC="0.93" CONTENT="en"/><SP WIDTH="12" VPOS="542" HPOS="211"/>
							<String ID="string_122" HPOS="223" VPOS="535" WIDTH="96" HEIGHT="23" WC="0.91" CONTENT="fyrklassig."/>
						</TextLine>
					</TextBlock>
					<TextBlock ID="block_4" HPOS="86" VPOS="563" WIDTH="748" HEIGHT="81">
						<TextLine ID="line_14" HPOS="156" VPOS="563" WIDTH="676" HEIGHT="24">
							<String ID="string_123" HPOS="156" VPOS="565" WIDTH="10" HEIGHT="16" WC="0.95" CONTENT="I"/><SP WIDTH="18" VPOS="565" HPOS="166"/>
							<String ID="string_124" HPOS="184" VPOS="564" WIDTH="76" HEIGHT="23" WC="0.95" CONTENT="enlighet"/><SP WIDTH="19" VPOS="564" HPOS="260"/>
							<String ID="string_125" HPOS="279" VPOS="564" WIDTH="39" HEIGHT="17" WC="0.96" CONTENT="med"/><SP WIDTH="17" VPOS="564" HPOS="318"/>
							<String ID="string_126" HPOS="335" VPOS="565" WIDTH="59" HEIGHT="21" WC="0.96" CONTENT="praxis"/><SP WIDTH="12" VPOS="565" HPOS="394"/>
							<String ID="string_127" HPOS="406" VPOS="565" WIDTH="28" HEIGHT="16" WC="0.96" CONTENT="vid"/><SP WIDTH="12" VPOS="565" HPOS="434"/>
							<String ID="string_128" HPOS="446" VPOS="564" WIDTH="106" HEIGHT="22" WC="0.93" CONTENT="föregående"/><SP WIDTH="11" VPOS="564" HPOS="552"/>
							<String ID="string_129" HPOS="563" VPOS="563" WIDTH="82" HEIGHT="23" WC="0.91" CONTENT="landtdag"/><SP WIDTH="11" VPOS="563" HPOS="645"/>
							<String ID="string_130" HPOS="656" VPOS="565" WIDTH="49" HEIGHT="20" WC="0.96" CONTENT="tager"/><SP WIDTH="10" VPOS="565" HPOS="705"/>
							<String ID="string_131" HPOS="715" VPOS="563" WIDTH="30" HEIGHT="22" WC="0.96" CONTENT="jag"/><SP WIDTH="12" VPOS="563" HPOS="745"/>
							<String ID="string_132" HPOS="757" VPOS="563" WIDTH="36" HEIGHT="22" WC="0.93" CONTENT="mig"/><SP WIDTH="11" VPOS="563" HPOS="793"/>
							<String ID="string_133" HPOS="804" VPOS="563" WIDTH="28" HEIGHT="17" WC="0.92" CONTENT="fri-"/>
						</TextLine>
						<TextLine ID="line_15" HPOS="87" VPOS="591" WIDTH="747" HEIGHT="24">
							<String ID="string_134" HPOS="87" VPOS="595" WIDTH="52" HEIGHT="16" WC="0.92" CONTENT="heten"/><SP WIDTH="17" VPOS="595" HPOS="139"/>
							<String ID="string_135" HPOS="156" VPOS="594" WIDTH="97" HEIGHT="21" WC="0.92" CONTENT="hemställa,"/><SP WIDTH="20" VPOS="594" HPOS="253"/>
							<String ID="string_136" HPOS="273" VPOS="599" WIDTH="28" HEIGHT="12" WC="0.96" CONTENT="om"/><SP WIDTH="12" VPOS="599" HPOS="301"/>
							<String ID="string_137" HPOS="313" VPOS="593" WIDTH="39" HEIGHT="17" WC="0.96" CONTENT="icke"/><SP WIDTH="12" VPOS="593" HPOS="352"/>
							<String ID="string_138" HPOS="364" VPOS="593" WIDTH="108" HEIGHT="18" WC="0.93" CONTENT="förestående"/><SP WIDTH="12" VPOS="593" HPOS="472"/>
							<String ID="string_139" HPOS="484" VPOS="593" WIDTH="149" HEIGHT="22" WC="0.92" CONTENT="petitionsförslag"/><SP WIDTH="12" VPOS="593" HPOS="633"/>
							<String ID="string_140" HPOS="645" VPOS="592" WIDTH="54" HEIGHT="17" WC="0.96" CONTENT="borde"/><SP WIDTH="12" VPOS="592" HPOS="699"/>
							<String ID="string_141" HPOS="711" VPOS="591" WIDTH="26" HEIGHT="17" WC="0.96" CONTENT="till"/><SP WIDTH="12" VPOS="591" HPOS="737"/>
							<String ID="string_142" HPOS="749" VPOS="591" WIDTH="85" HEIGHT="18" WC="0.96" CONTENT="Enskilda"/>
						</TextLine>
						<TextLine ID="line_16" HPOS="86" VPOS="621" WIDTH="407" HEIGHT="23">
							<String ID="string_143" HPOS="86" VPOS="622" WIDTH="167" HEIGHT="18" WC="0.90" CONTENT="besvärsutskottets"/><SP WIDTH="13" VPOS="622" HPOS="253"/>
							<String ID="string_144" HPOS="266" VPOS="621" WIDTH="96" HEIGHT="23" WC="0.92" CONTENT="beredning"/><SP WIDTH="12" VPOS="621" HPOS="362"/>
							<String ID="string_145" HPOS="374" VPOS="621" WIDTH="119" HEIGHT="18" WC="0.85" CONTENT="öfverlemnas."/>
						</TextLine>
					</TextBlock>
					<TextBlock ID="block_5" HPOS="155" VPOS="656" WIDTH="338" HEIGHT="23">
						<TextLine ID="line_17" HPOS="155" VPOS="656" WIDTH="338" HEIGHT="23">
							<String ID="string_146" HPOS="155" VPOS="656" WIDTH="110" HEIGHT="23" WC="0.96" CONTENT="Helsingfors"/><SP WIDTH="13" VPOS="656" HPOS="265"/>
							<String ID="string_147" HPOS="278" VPOS="656" WIDTH="34" HEIGHT="17" WC="0.96" CONTENT="den"/><SP WIDTH="12" VPOS="656" HPOS="312"/>
							<String ID="string_148" HPOS="324" VPOS="656" WIDTH="9" HEIGHT="17" WC="0.96" CONTENT="7"/><SP WIDTH="13" VPOS="656" HPOS="333"/>
							<String ID="string_149" HPOS="346" VPOS="656" WIDTH="86" HEIGHT="18" WC="0.96" CONTENT="Februari"/><SP WIDTH="12" VPOS="656" HPOS="432"/>
							<String ID="string_150" HPOS="444" VPOS="656" WIDTH="49" HEIGHT="18" WC="0.96" CONTENT="1877."/>
						</TextLine>
					</TextBlock>
					<TextBlock ID="block_6" HPOS="598" VPOS="681" WIDTH="168" HEIGHT="20">
						<TextLine ID="line_18" HPOS="598" VPOS="681" WIDTH="168" HEIGHT="20">
							<String ID="string_151" HPOS="598" VPOS="683" WIDTH="41" HEIGHT="18" WC="0.95" CONTENT="Otto"/><SP WIDTH="16" VPOS="683" HPOS="639"/>
							<String ID="string_152" HPOS="655" VPOS="681" WIDTH="111" HEIGHT="20" WC="0.96" CONTENT="Wendelin.”"/>
						</TextLine>
					</TextBlock>
				</ComposedBlock>
				<ComposedBlock ID="cblock_2" HPOS="112" VPOS="739" WIDTH="663" HEIGHT="60">
					<TextBlock ID="block_7" HPOS="112" VPOS="739" WIDTH="663" HEIGHT="60">
						<TextLine ID="line_19" HPOS="112" VPOS="739" WIDTH="150" HEIGHT="26">
							<String ID="string_153" HPOS="112" VPOS="739" WIDTH="150" HEIGHT="26" WC="0.88" CONTENT="(Öfversättning)."/>
						</TextLine>
						<TextLine ID="line_20" HPOS="141" VPOS="773" WIDTH="634" HEIGHT="26">
							<String ID="string_154" HPOS="141" VPOS="773" WIDTH="86" HEIGHT="20" WC="0.92" CONTENT="”Ärade"/><SP WIDTH="17" VPOS="773" HPOS="227"/>
							<String ID="string_155" HPOS="244" VPOS="777" WIDTH="98" HEIGHT="22" WC="0.96" CONTENT="talman,"/><SP WIDTH="16" VPOS="777" HPOS="342"/>
							<String ID="string_156" HPOS="358" VPOS="775" WIDTH="149" HEIGHT="18" WC="0.96" CONTENT="hedervärda"/><SP WIDTH="15" VPOS="775" HPOS="507"/>
							<String ID="string_157" HPOS="522" VPOS="774" WIDTH="78" HEIGHT="18" WC="0.93" CONTENT="finska"/><SP WIDTH="16" VPOS="774" HPOS="600"/>
							<String ID="string_158" HPOS="616" VPOS="773" WIDTH="159" HEIGHT="18" WC="0.92" CONTENT="Bondestånd!"/>
						</TextLine>
					</TextBlock>
				</ComposedBlock>
				<ComposedBlock ID="cblock_3" HPOS="83" VPOS="812" WIDTH="751" HEIGHT="307">
					<TextBlock ID="block_8" HPOS="83" VPOS="812" WIDTH="751" HEIGHT="251">
						<TextLine ID="line_21" HPOS="150" VPOS="812" WIDTH="684" HEIGHT="27">
							<String ID="string_159" HPOS="150" VPOS="813" WIDTH="104" HEIGHT="26" WC="0.95" CONTENT="Ödmjukast"/><SP WIDTH="11" VPOS="813" HPOS="254"/>
							<String ID="string_160" HPOS="265" VPOS="817" WIDTH="77" HEIGHT="18" WC="0.91" CONTENT="anhåller"/><SP WIDTH="10" VPOS="817" HPOS="342"/>
							<String ID="string_161" HPOS="352" VPOS="817" WIDTH="36" HEIGHT="22" WC="0.96" CONTENT="jag,"/><SP WIDTH="14" VPOS="817" HPOS="388"/>
							<String ID="string_162" HPOS="402" VPOS="818" WIDTH="26" HEIGHT="15" WC="0.96" CONTENT="att"/><SP WIDTH="14" VPOS="818" HPOS="428"/>
							<String ID="string_163" HPOS="442" VPOS="816" WIDTH="21" HEIGHT="17" WC="0.96" CONTENT="då"/><SP WIDTH="12" VPOS="816" HPOS="463"/>
							<String ID="string_164" HPOS="475" VPOS="816" WIDTH="6" HEIGHT="17" WC="0.93" CONTENT="i"/><SP WIDTH="9" VPOS="816" HPOS="481"/>
							<String ID="string_165" HPOS="490" VPOS="815" WIDTH="95" HEIGHT="18" WC="0.92" CONTENT="Sordavala"/><SP WIDTH="8" VPOS="815" HPOS="585"/>
							<String ID="string_166" HPOS="593" VPOS="814" WIDTH="38" HEIGHT="18" WC="0.96" CONTENT="stad"/><SP WIDTH="8" VPOS="814" HPOS="631"/>
							<String ID="string_167" HPOS="639" VPOS="814" WIDTH="61" HEIGHT="17" WC="0.96" CONTENT="endast"/><SP WIDTH="8" VPOS="814" HPOS="700"/>
							<String ID="string_168" HPOS="708" VPOS="819" WIDTH="22" HEIGHT="12" WC="0.93" CONTENT="en"/><SP WIDTH="8" VPOS="819" HPOS="730"/>
							<String ID="string_169" HPOS="738" VPOS="812" WIDTH="96" HEIGHT="23" WC="0.92" CONTENT="tvåklassig"/>
						</TextLine>
						<TextLine ID="line_22" HPOS="87" VPOS="841" WIDTH="747" HEIGHT="26">
							<String ID="string_170" HPOS="87" VPOS="847" WIDTH="86" HEIGHT="17" WC="0.93" CONTENT="realskola"/><SP WIDTH="12" VPOS="847" HPOS="173"/>
							<String ID="string_171" HPOS="185" VPOS="846" WIDTH="99" HEIGHT="21" WC="0.91" CONTENT="förefinnes,"/><SP WIDTH="13" VPOS="846" HPOS="284"/>
							<String ID="string_172" HPOS="297" VPOS="845" WIDTH="57" HEIGHT="18" WC="0.96" CONTENT="denna"/><SP WIDTH="12" VPOS="845" HPOS="354"/>
							<String ID="string_173" HPOS="366" VPOS="845" WIDTH="53" HEIGHT="17" WC="0.96" CONTENT="måtte"/><SP WIDTH="12" VPOS="845" HPOS="419"/>
							<String ID="string_174" HPOS="431" VPOS="845" WIDTH="80" HEIGHT="22" WC="0.96" CONTENT="utvidgas"/><SP WIDTH="11" VPOS="845" HPOS="511"/>
							<String ID="string_175" HPOS="522" VPOS="844" WIDTH="26" HEIGHT="17" WC="0.96" CONTENT="till"/><SP WIDTH="13" VPOS="844" HPOS="548"/>
							<String ID="string_176" HPOS="561" VPOS="849" WIDTH="21" HEIGHT="12" WC="0.93" CONTENT="en"/><SP WIDTH="11" VPOS="849" HPOS="582"/>
							<String ID="string_177" HPOS="593" VPOS="843" WIDTH="99" HEIGHT="22" WC="0.92" CONTENT="fyrklassig;"/><SP WIDTH="15" VPOS="843" HPOS="692"/>
							<String ID="string_178" HPOS="707" VPOS="843" WIDTH="33" HEIGHT="17" WC="0.96" CONTENT="och"/><SP WIDTH="8" VPOS="843" HPOS="740"/>
							<String ID="string_179" HPOS="748" VPOS="841" WIDTH="55" HEIGHT="18" WC="0.96" CONTENT="skulle"/><SP WIDTH="9" VPOS="841" HPOS="803"/>
							<String ID="string_180" HPOS="812" VPOS="847" WIDTH="22" HEIGHT="11" WC="0.96" CONTENT="en"/>
						</TextLine>
						<TextLine ID="line_23" HPOS="91" VPOS="870" WIDTH="742" HEIGHT="27">
							<String ID="string_181" HPOS="91" VPOS="875" WIDTH="54" HEIGHT="18" WC="0.91" CONTENT="sådan"/><SP WIDTH="11" VPOS="875" HPOS="145"/>
							<String ID="string_182" HPOS="156" VPOS="875" WIDTH="133" HEIGHT="22" WC="0.91" CONTENT="läroinrättning"/><SP WIDTH="14" VPOS="875" HPOS="289"/>
							<String ID="string_183" HPOS="303" VPOS="877" WIDTH="42" HEIGHT="15" WC="0.93" CONTENT="utan"/><SP WIDTH="11" VPOS="877" HPOS="345"/>
							<String ID="string_184" HPOS="356" VPOS="874" WIDTH="60" HEIGHT="17" WC="0.91" CONTENT="tvifvel"/><SP WIDTH="10" VPOS="874" HPOS="416"/>
							<String ID="string_185" HPOS="426" VPOS="873" WIDTH="71" HEIGHT="18" WC="0.96" CONTENT="komma"/><SP WIDTH="12" VPOS="873" HPOS="497"/>
							<String ID="string_186" HPOS="509" VPOS="875" WIDTH="25" HEIGHT="15" WC="0.96" CONTENT="att"/><SP WIDTH="12" VPOS="875" HPOS="534"/>
							<String ID="string_187" HPOS="546" VPOS="873" WIDTH="64" HEIGHT="17" WC="0.96" CONTENT="erhålla"/><SP WIDTH="11" VPOS="873" HPOS="610"/>
							<String ID="string_188" HPOS="621" VPOS="874" WIDTH="25" HEIGHT="15" WC="0.96" CONTENT="ett"/><SP WIDTH="11" VPOS="874" HPOS="646"/>
							<String ID="string_189" HPOS="657" VPOS="873" WIDTH="44" HEIGHT="16" WC="0.96" CONTENT="stort"/><SP WIDTH="12" VPOS="873" HPOS="701"/>
							<String ID="string_190" HPOS="713" VPOS="871" WIDTH="49" HEIGHT="25" WC="0.96" CONTENT="antal"/><SP WIDTH="9" VPOS="871" HPOS="762"/>
							<String ID="string_191" HPOS="771" VPOS="870" WIDTH="62" HEIGHT="21" WC="0.96" CONTENT="elever,"/>
						</TextLine>
						<TextLine ID="line_24" HPOS="85" VPOS="899" WIDTH="749" HEIGHT="26">
							<String ID="string_192" HPOS="85" VPOS="904" WIDTH="18" HEIGHT="17" WC="0.96" CONTENT="så"/><SP WIDTH="12" VPOS="904" HPOS="103"/>
							<String ID="string_193" HPOS="115" VPOS="903" WIDTH="71" HEIGHT="22" WC="0.96" CONTENT="mycket"/><SP WIDTH="11" VPOS="903" HPOS="186"/>
							<String ID="string_194" HPOS="197" VPOS="909" WIDTH="43" HEIGHT="16" WC="0.96" CONTENT="mer,"/><SP WIDTH="16" VPOS="909" HPOS="240"/>
							<String ID="string_195" HPOS="256" VPOS="909" WIDTH="38" HEIGHT="11" WC="0.96" CONTENT="som"/><SP WIDTH="12" VPOS="909" HPOS="294"/>
							<String ID="string_196" HPOS="306" VPOS="903" WIDTH="34" HEIGHT="17" WC="0.96" CONTENT="den"/><SP WIDTH="11" VPOS="903" HPOS="340"/>
							<String ID="string_197" HPOS="351" VPOS="909" WIDTH="24" HEIGHT="11" WC="0.96" CONTENT="nu"/><SP WIDTH="12" VPOS="909" HPOS="375"/>
							<String ID="string_198" HPOS="387" VPOS="903" WIDTH="99" HEIGHT="21" WC="0.95" CONTENT="bestående,"/><SP WIDTH="15" VPOS="903" HPOS="486"/>
							<String ID="string_199" HPOS="501" VPOS="902" WIDTH="54" HEIGHT="17" WC="0.96" CONTENT="ehuru"/><SP WIDTH="11" VPOS="902" HPOS="555"/>
							<String ID="string_200" HPOS="566" VPOS="901" WIDTH="69" HEIGHT="22" WC="0.96" CONTENT="nyligen"/><SP WIDTH="8" VPOS="901" HPOS="635"/>
							<String ID="string_201" HPOS="643" VPOS="900" WIDTH="81" HEIGHT="21" WC="0.95" CONTENT="inrättad,"/><SP WIDTH="10" VPOS="900" HPOS="724"/>
							<String ID="string_202" HPOS="734" VPOS="899" WIDTH="53" HEIGHT="18" WC="0.93" CONTENT="redan"/><SP WIDTH="8" VPOS="899" HPOS="787"/>
							<String ID="string_203" HPOS="795" VPOS="899" WIDTH="39" HEIGHT="17" WC="0.90" CONTENT="räk-"/>
						</TextLine>
						<TextLine ID="line_25" HPOS="83" VPOS="927" WIDTH="745" HEIGHT="26">
							<String ID="string_204" HPOS="83" VPOS="938" WIDTH="32" HEIGHT="11" WC="0.92" CONTENT="nar"/><SP WIDTH="18" VPOS="938" HPOS="115"/>
							<String ID="string_205" HPOS="133" VPOS="932" WIDTH="62" HEIGHT="21" WC="0.91" CONTENT="fyratio"/><SP WIDTH="12" VPOS="932" HPOS="195"/>
							<String ID="string_206" HPOS="207" VPOS="932" WIDTH="62" HEIGHT="17" WC="0.94" CONTENT="elever."/><SP WIDTH="32" VPOS="932" HPOS="269"/>
							<String ID="string_207" HPOS="301" VPOS="931" WIDTH="53" HEIGHT="18" WC="0.93" CONTENT="Detta"/><SP WIDTH="12" VPOS="931" HPOS="354"/>
							<String ID="string_208" HPOS="366" VPOS="931" WIDTH="130" HEIGHT="22" WC="0.90" CONTENT="önskningsmål"/><SP WIDTH="12" VPOS="931" HPOS="496"/>
							<String ID="string_209" HPOS="508" VPOS="929" WIDTH="49" HEIGHT="18" WC="0.96" CONTENT="torde"/><SP WIDTH="13" VPOS="929" HPOS="557"/>
							<String ID="string_210" HPOS="570" VPOS="930" WIDTH="15" HEIGHT="21" WC="0.96" CONTENT="ej"/><SP WIDTH="13" VPOS="930" HPOS="585"/>
							<String ID="string_211" HPOS="598" VPOS="929" WIDTH="60" HEIGHT="17" WC="0.96" CONTENT="kunna"/><SP WIDTH="12" VPOS="929" HPOS="658"/>
							<String ID="string_212" HPOS="670" VPOS="933" WIDTH="30" HEIGHT="13" WC="0.96" CONTENT="ens"/><SP WIDTH="11" VPOS="933" HPOS="700"/>
							<String ID="string_213" HPOS="711" VPOS="928" WIDTH="28" HEIGHT="17" WC="0.96" CONTENT="för"/><SP WIDTH="12" VPOS="928" HPOS="739"/>
							<String ID="string_214" HPOS="751" VPOS="934" WIDTH="22" HEIGHT="11" WC="0.96" CONTENT="en"/><SP WIDTH="11" VPOS="934" HPOS="773"/>
							<String ID="string_215" HPOS="784" VPOS="927" WIDTH="44" HEIGHT="17" WC="0.96" CONTENT="liten"/>
						</TextLine>
						<TextLine ID="line_26" HPOS="84" VPOS="957" WIDTH="749" HEIGHT="25">
							<String ID="string_216" HPOS="84" VPOS="961" WIDTH="37" HEIGHT="17" WC="0.96" CONTENT="stad"/><SP WIDTH="22" VPOS="961" HPOS="121"/>
							<String ID="string_217" HPOS="143" VPOS="966" WIDTH="51" HEIGHT="11" WC="0.92" CONTENT="anses"/><SP WIDTH="17" VPOS="966" HPOS="194"/>
							<String ID="string_218" HPOS="211" VPOS="959" WIDTH="117" HEIGHT="23" WC="0.92" CONTENT="öfverdrifvet,"/><SP WIDTH="19" VPOS="959" HPOS="328"/>
							<String ID="string_219" HPOS="347" VPOS="959" WIDTH="22" HEIGHT="17" WC="0.96" CONTENT="då"/><SP WIDTH="18" VPOS="959" HPOS="369"/>
							<String ID="string_220" HPOS="387" VPOS="959" WIDTH="30" HEIGHT="17" WC="0.96" CONTENT="det"/><SP WIDTH="15" VPOS="959" HPOS="417"/>
							<String ID="string_221" HPOS="432" VPOS="961" WIDTH="19" HEIGHT="15" WC="0.96" CONTENT="är"/><SP WIDTH="14" VPOS="961" HPOS="451"/>
							<String ID="string_222" HPOS="465" VPOS="959" WIDTH="59" HEIGHT="21" WC="0.96" CONTENT="kändt,"/><SP WIDTH="19" VPOS="959" HPOS="524"/>
							<String ID="string_223" HPOS="543" VPOS="960" WIDTH="26" HEIGHT="15" WC="0.93" CONTENT="att"/><SP WIDTH="11" VPOS="960" HPOS="569"/>
							<String ID="string_224" HPOS="580" VPOS="957" WIDTH="93" HEIGHT="18" WC="0.91" CONTENT="Sordavala"/><SP WIDTH="12" VPOS="957" HPOS="673"/>
							<String ID="string_225" HPOS="685" VPOS="957" WIDTH="38" HEIGHT="17" WC="0.96" CONTENT="stad"/><SP WIDTH="11" VPOS="957" HPOS="723"/>
							<String ID="string_226" HPOS="734" VPOS="957" WIDTH="28" HEIGHT="17" WC="0.93" CONTENT="för"/><SP WIDTH="11" VPOS="957" HPOS="762"/>
							<String ID="string_227" HPOS="773" VPOS="958" WIDTH="60" HEIGHT="15" WC="0.90" CONTENT="närva-"/>
						</TextLine>
						<TextLine ID="line_27" HPOS="84" VPOS="985" WIDTH="750" HEIGHT="26">
							<String ID="string_228" HPOS="84" VPOS="989" WIDTH="54" HEIGHT="16" WC="0.92" CONTENT="rande"/><SP WIDTH="13" VPOS="989" HPOS="138"/>
							<String ID="string_229" HPOS="151" VPOS="989" WIDTH="15" HEIGHT="22" WC="0.96" CONTENT="ej"/><SP WIDTH="15" VPOS="989" HPOS="166"/>
							<String ID="string_230" HPOS="181" VPOS="991" WIDTH="42" HEIGHT="20" WC="0.96" CONTENT="äger"/><SP WIDTH="14" VPOS="991" HPOS="223"/>
							<String ID="string_231" HPOS="237" VPOS="988" WIDTH="54" HEIGHT="17" WC="0.96" CONTENT="andra"/><SP WIDTH="11" VPOS="988" HPOS="291"/>
							<String ID="string_232" HPOS="302" VPOS="988" WIDTH="60" HEIGHT="17" WC="0.96" CONTENT="skolor"/><SP WIDTH="12" VPOS="988" HPOS="362"/>
							<String ID="string_233" HPOS="374" VPOS="990" WIDTH="22" HEIGHT="15" WC="0.96" CONTENT="än"/><SP WIDTH="12" VPOS="990" HPOS="396"/>
							<String ID="string_234" HPOS="408" VPOS="988" WIDTH="75" HEIGHT="17" WC="0.93" CONTENT="nämnda"/><SP WIDTH="11" VPOS="988" HPOS="483"/>
							<String ID="string_235" HPOS="494" VPOS="987" WIDTH="105" HEIGHT="22" WC="0.91" CONTENT="tvåklassiga"/><SP WIDTH="12" VPOS="987" HPOS="599"/>
							<String ID="string_236" HPOS="611" VPOS="985" WIDTH="91" HEIGHT="22" WC="0.96" CONTENT="realskola,"/><SP WIDTH="14" VPOS="985" HPOS="702"/>
							<String ID="string_237" HPOS="716" VPOS="991" WIDTH="29" HEIGHT="12" WC="0.96" CONTENT="om"/><SP WIDTH="11" VPOS="991" HPOS="745"/>
							<String ID="string_238" HPOS="756" VPOS="990" WIDTH="41" HEIGHT="12" WC="0.93" CONTENT="man"/><SP WIDTH="11" VPOS="990" HPOS="797"/>
							<String ID="string_239" HPOS="808" VPOS="985" WIDTH="26" HEIGHT="16" WC="0.89" CONTENT="at-"/>
						</TextLine>
						<TextLine ID="line_28" HPOS="87" VPOS="1013" WIDTH="746" HEIGHT="26">
							<String ID="string_240" HPOS="87" VPOS="1023" WIDTH="26" HEIGHT="11" WC="0.95" CONTENT="ser"/><SP WIDTH="19" VPOS="1023" HPOS="113"/>
							<String ID="string_241" HPOS="132" VPOS="1017" WIDTH="39" HEIGHT="17" WC="0.95" CONTENT="från"/><SP WIDTH="15" VPOS="1017" HPOS="171"/>
							<String ID="string_242" HPOS="186" VPOS="1023" WIDTH="21" HEIGHT="11" WC="0.96" CONTENT="en"/><SP WIDTH="16" VPOS="1023" HPOS="207"/>
							<String ID="string_243" HPOS="223" VPOS="1017" WIDTH="40" HEIGHT="22" WC="0.96" CONTENT="rysk"/><SP WIDTH="18" VPOS="1017" HPOS="263"/>
							<String ID="string_244" HPOS="281" VPOS="1017" WIDTH="55" HEIGHT="22" WC="0.93" CONTENT="skola,"/><SP WIDTH="18" VPOS="1017" HPOS="336"/>
							<String ID="string_245" HPOS="354" VPOS="1022" WIDTH="38" HEIGHT="12" WC="0.96" CONTENT="som"/><SP WIDTH="12" VPOS="1022" HPOS="392"/>
							<String ID="string_246" HPOS="404" VPOS="1017" WIDTH="53" HEIGHT="17" WC="0.95" CONTENT="sedan"/><SP WIDTH="11" VPOS="1017" HPOS="457"/>
							<String ID="string_247" HPOS="468" VPOS="1017" WIDTH="57" HEIGHT="21" WC="0.96" CONTENT="några"/><SP WIDTH="12" VPOS="1017" HPOS="525"/>
							<String ID="string_248" HPOS="537" VPOS="1015" WIDTH="20" HEIGHT="18" WC="0.96" CONTENT="år"/><SP WIDTH="12" VPOS="1015" HPOS="557"/>
							<String ID="string_249" HPOS="569" VPOS="1015" WIDTH="22" HEIGHT="23" WC="0.96" CONTENT="på"/><SP WIDTH="12" VPOS="1015" HPOS="591"/>
							<String ID="string_250" HPOS="603" VPOS="1015" WIDTH="56" HEIGHT="17" WC="0.96" CONTENT="denna"/><SP WIDTH="12" VPOS="1015" HPOS="659"/>
							<String ID="string_251" HPOS="671" VPOS="1016" WIDTH="29" HEIGHT="15" WC="0.96" CONTENT="ort"/><SP WIDTH="11" VPOS="1016" HPOS="700"/>
							<String ID="string_252" HPOS="711" VPOS="1013" WIDTH="45" HEIGHT="18" WC="0.95" CONTENT="varit"/><SP WIDTH="10" VPOS="1013" HPOS="756"/>
							<String ID="string_253" HPOS="766" VPOS="1013" WIDTH="6" HEIGHT="17" WC="0.93" CONTENT="i"/><SP WIDTH="12" VPOS="1013" HPOS="772"/>
							<String ID="string_254" HPOS="784" VPOS="1013" WIDTH="49" HEIGHT="18" WC="0.91" CONTENT="verk-"/>
						</TextLine>
						<TextLine ID="line_29" HPOS="89" VPOS="1046" WIDTH="73" HEIGHT="17">
							<String ID="string_255" HPOS="89" VPOS="1046" WIDTH="73" HEIGHT="17" WC="0.96" CONTENT="samhet."/>
						</TextLine>
					</TextBlock>
					<TextBlock ID="block_9" HPOS="151" VPOS="1073" WIDTH="340" HEIGHT="23">
						<TextLine ID="line_30" HPOS="151" VPOS="1073" WIDTH="340" HEIGHT="23">
							<String ID="string_256" HPOS="151" VPOS="1074" WIDTH="110" HEIGHT="22" WC="0.95" CONTENT="Helsingfors"/><SP WIDTH="12" VPOS="1074" HPOS="261"/>
							<String ID="string_257" HPOS="273" VPOS="1074" WIDTH="33" HEIGHT="17" WC="0.96" CONTENT="den"/><SP WIDTH="14" VPOS="1074" HPOS="306"/>
							<String ID="string_258" HPOS="320" VPOS="1074" WIDTH="8" HEIGHT="17" WC="0.96" CONTENT="7"/><SP WIDTH="13" VPOS="1074" HPOS="328"/>
							<String ID="string_259" HPOS="341" VPOS="1073" WIDTH="85" HEIGHT="18" WC="0.96" CONTENT="Februari"/><SP WIDTH="16" VPOS="1073" HPOS="426"/>
							<String ID="string_260" HPOS="442" VPOS="1073" WIDTH="49" HEIGHT="18" WC="0.96" CONTENT="1877."/>
						</TextLine>
					</TextBlock>
					<TextBlock ID="block_10" HPOS="571" VPOS="1098" WIDTH="195" HEIGHT="21">
						<TextLine ID="line_31" HPOS="571" VPOS="1098" WIDTH="195" HEIGHT="21">
							<String ID="string_261" HPOS="571" VPOS="1100" WIDTH="68" HEIGHT="19" WC="0.96" CONTENT="Robert"/><SP WIDTH="11" VPOS="1100" HPOS="639"/>
							<String ID="string_262" HPOS="650" VPOS="1098" WIDTH="116" HEIGHT="20" WC="0.81" CONTENT="Lukander.”"/>
						</TextLine>
					</TextBlock>
				</ComposedBlock>
				<ComposedBlock ID="cblock_4" HPOS="84" VPOS="1164" WIDTH="752" HEIGHT="319">
					<TextBlock ID="block_11" HPOS="108" VPOS="1164" WIDTH="566" HEIGHT="49">
						<TextLine ID="line_32" HPOS="108" VPOS="1164" WIDTH="151" HEIGHT="24">
							<String ID="string_263" HPOS="108" VPOS="1164" WIDTH="151" HEIGHT="24" WC="0.56" CONTENT="(Ofversiättning)."/>
						</TextLine>
						<TextLine ID="line_33" HPOS="253" VPOS="1190" WIDTH="421" HEIGHT="23">
							<String ID="string_264" HPOS="253" VPOS="1193" WIDTH="57" HEIGHT="18" WC="0.91" CONTENT="”Till"/><SP WIDTH="17" VPOS="1193" HPOS="310"/>
							<String ID="string_265" HPOS="327" VPOS="1192" WIDTH="153" HEIGHT="21" WC="0.92" CONTENT="hedervärda"/><SP WIDTH="12" VPOS="1192" HPOS="480"/>
							<String ID="string_266" HPOS="492" VPOS="1190" WIDTH="182" HEIGHT="20" WC="0.92" CONTENT="Bondeständet."/>
						</TextLine>
					</TextBlock>
					<TextBlock ID="block_12" HPOS="84" VPOS="1227" WIDTH="752" HEIGHT="195">
						<TextLine ID="line_34" HPOS="153" VPOS="1227" WIDTH="679" HEIGHT="28">
							<String ID="string_267" HPOS="153" VPOS="1234" WIDTH="47" HEIGHT="17" WC="0.86" CONTENT="Enär"/><SP WIDTH="17" VPOS="1234" HPOS="200"/>
							<String ID="string_268" HPOS="217" VPOS="1233" WIDTH="97" HEIGHT="18" WC="0.88" CONTENT="Kexholms"/><SP WIDTH="15" VPOS="1233" HPOS="314"/>
							<String ID="string_269" HPOS="329" VPOS="1233" WIDTH="43" HEIGHT="22" WC="0.96" CONTENT="stad,"/><SP WIDTH="14" VPOS="1233" HPOS="372"/>
							<String ID="string_270" HPOS="386" VPOS="1233" WIDTH="26" HEIGHT="16" WC="0.96" CONTENT="till"/><SP WIDTH="13" VPOS="1233" HPOS="412"/>
							<String ID="string_271" HPOS="425" VPOS="1232" WIDTH="43" HEIGHT="22" WC="0.92" CONTENT="följd"/><SP WIDTH="12" VPOS="1232" HPOS="468"/>
							<String ID="string_272" HPOS="480" VPOS="1231" WIDTH="20" HEIGHT="18" WC="0.96" CONTENT="af"/><SP WIDTH="9" VPOS="1231" HPOS="500"/>
							<String ID="string_273" HPOS="509" VPOS="1234" WIDTH="26" HEIGHT="15" WC="0.92" CONTENT="att"/><SP WIDTH="11" VPOS="1234" HPOS="535"/>
							<String ID="string_274" HPOS="546" VPOS="1231" WIDTH="34" HEIGHT="17" WC="0.93" CONTENT="den"/><SP WIDTH="11" VPOS="1231" HPOS="580"/>
							<String ID="string_275" HPOS="591" VPOS="1229" WIDTH="88" HEIGHT="18" WC="0.80" CONTENT="derstädes"/><SP WIDTH="12" VPOS="1229" HPOS="679"/>
							<String ID="string_276" HPOS="691" VPOS="1229" WIDTH="60" HEIGHT="17" WC="0.96" CONTENT="hittills"/><SP WIDTH="11" VPOS="1229" HPOS="751"/>
							<String ID="string_277" HPOS="762" VPOS="1228" WIDTH="6" HEIGHT="17" WC="0.93" CONTENT="i"/><SP WIDTH="12" VPOS="1228" HPOS="768"/>
							<String ID="string_278" HPOS="780" VPOS="1227" WIDTH="52" HEIGHT="18" WC="0.93" CONTENT="verk-"/>
						</TextLine>
						<TextLine ID="line_35" HPOS="84" VPOS="1257" WIDTH="745" HEIGHT="27">
							<String ID="string_279" HPOS="84" VPOS="1263" WIDTH="68" HEIGHT="17" WC="0.96" CONTENT="samhet"/><SP WIDTH="11" VPOS="1263" HPOS="152"/>
							<String ID="string_280" HPOS="163" VPOS="1262" WIDTH="75" HEIGHT="17" WC="0.96" CONTENT="varande"/><SP WIDTH="11" VPOS="1262" HPOS="238"/>
							<String ID="string_281" HPOS="249" VPOS="1263" WIDTH="48" HEIGHT="21" WC="0.93" CONTENT="lägre"/><SP WIDTH="12" VPOS="1263" HPOS="297"/>
							<String ID="string_282" HPOS="309" VPOS="1261" WIDTH="156" HEIGHT="18" WC="0.96" CONTENT="elementarskolan"/><SP WIDTH="8" VPOS="1261" HPOS="465"/>
							<String ID="string_283" HPOS="473" VPOS="1261" WIDTH="80" HEIGHT="17" WC="0.96" CONTENT="kommer"/><SP WIDTH="8" VPOS="1261" HPOS="553"/>
							<String ID="string_284" HPOS="561" VPOS="1261" WIDTH="25" HEIGHT="16" WC="0.93" CONTENT="att"/><SP WIDTH="8" VPOS="1261" HPOS="586"/>
							<String ID="string_285" HPOS="594" VPOS="1258" WIDTH="86" HEIGHT="22" WC="0.92" CONTENT="indragas,"/><SP WIDTH="12" VPOS="1258" HPOS="680"/>
							<String ID="string_286" HPOS="692" VPOS="1257" WIDTH="33" HEIGHT="18" WC="0.83" CONTENT="blir"/><SP WIDTH="8" VPOS="1257" HPOS="725"/>
							<String ID="string_287" HPOS="733" VPOS="1257" WIDTH="6" HEIGHT="17" WC="0.83" CONTENT="i"/><SP WIDTH="9" VPOS="1257" HPOS="739"/>
							<String ID="string_288" HPOS="748" VPOS="1257" WIDTH="81" HEIGHT="17" WC="0.38" CONTENT="fullkom-"/>
						</TextLine>
						<TextLine ID="line_36" HPOS="84" VPOS="1285" WIDTH="752" HEIGHT="28">
							<String ID="string_289" HPOS="84" VPOS="1292" WIDTH="24" HEIGHT="21" WC="0.93" CONTENT="lig"/><SP WIDTH="12" VPOS="1292" HPOS="108"/>
							<String ID="string_290" HPOS="120" VPOS="1291" WIDTH="84" HEIGHT="17" WC="0.91" CONTENT="afsaknad"/><SP WIDTH="11" VPOS="1291" HPOS="204"/>
							<String ID="string_291" HPOS="215" VPOS="1291" WIDTH="20" HEIGHT="16" WC="0.93" CONTENT="af"/><SP WIDTH="10" VPOS="1291" HPOS="235"/>
							<String ID="string_292" HPOS="245" VPOS="1291" WIDTH="65" HEIGHT="21" WC="0.96" CONTENT="skolor,"/><SP WIDTH="16" VPOS="1291" HPOS="310"/>
							<String ID="string_293" HPOS="326" VPOS="1288" WIDTH="29" HEIGHT="19" WC="0.94" CONTENT="om"/><SP WIDTH="13" VPOS="1288" HPOS="355"/>
							<String ID="string_294" HPOS="368" VPOS="1296" WIDTH="40" HEIGHT="11" WC="0.93" CONTENT="man"/><SP WIDTH="14" VPOS="1296" HPOS="408"/>
							<String ID="string_295" HPOS="422" VPOS="1289" WIDTH="107" HEIGHT="22" WC="0.92" CONTENT="undantager"/><SP WIDTH="13" VPOS="1289" HPOS="529"/>
							<String ID="string_296" HPOS="542" VPOS="1287" WIDTH="105" HEIGHT="22" WC="0.96" CONTENT="folkskolan,"/><SP WIDTH="11" VPOS="1287" HPOS="647"/>
							<String ID="string_297" HPOS="658" VPOS="1292" WIDTH="21" HEIGHT="11" WC="0.96" CONTENT="en"/><SP WIDTH="8" VPOS="1292" HPOS="679"/>
							<String ID="string_298" HPOS="687" VPOS="1285" WIDTH="101" HEIGHT="22" WC="0.91" CONTENT="inrättning,"/><SP WIDTH="10" VPOS="1285" HPOS="788"/>
							<String ID="string_299" HPOS="798" VPOS="1291" WIDTH="38" HEIGHT="11" WC="0.96" CONTENT="som"/>
						</TextLine>
						<TextLine ID="line_37" HPOS="85" VPOS="1313" WIDTH="751" HEIGHT="27">
							<String ID="string_300" HPOS="85" VPOS="1322" WIDTH="46" HEIGHT="15" WC="0.87" CONTENT="snart"/><SP WIDTH="18" VPOS="1322" HPOS="131"/>
							<String ID="string_301" HPOS="149" VPOS="1319" WIDTH="54" HEIGHT="17" WC="0.96" CONTENT="finnes"/><SP WIDTH="12" VPOS="1319" HPOS="203"/>
							<String ID="string_302" HPOS="215" VPOS="1319" WIDTH="6" HEIGHT="17" WC="0.93" CONTENT="i"/><SP WIDTH="12" VPOS="1319" HPOS="221"/>
							<String ID="string_303" HPOS="233" VPOS="1319" WIDTH="59" HEIGHT="21" WC="0.96" CONTENT="hvarje"/><SP WIDTH="17" VPOS="1319" HPOS="292"/>
							<String ID="string_304" HPOS="309" VPOS="1318" WIDTH="90" HEIGHT="21" WC="0.93" CONTENT="kommun,"/><SP WIDTH="14" VPOS="1318" HPOS="399"/>
							<String ID="string_305" HPOS="413" VPOS="1327" WIDTH="21" HEIGHT="2" WC="0.93" CONTENT="—"/><SP WIDTH="12" VPOS="1327" HPOS="434"/>
							<String ID="string_306" HPOS="446" VPOS="1317" WIDTH="51" HEIGHT="18" WC="0.96" CONTENT="torde"/><SP WIDTH="11" VPOS="1317" HPOS="497"/>
							<String ID="string_307" HPOS="508" VPOS="1317" WIDTH="38" HEIGHT="17" WC="0.93" CONTENT="skäl"/><SP WIDTH="12" VPOS="1317" HPOS="546"/>
							<String ID="string_308" HPOS="558" VPOS="1315" WIDTH="93" HEIGHT="18" WC="0.89" CONTENT="förefinnas"/><SP WIDTH="11" VPOS="1315" HPOS="651"/>
							<String ID="string_309" HPOS="662" VPOS="1314" WIDTH="27" HEIGHT="17" WC="0.92" CONTENT="till"/><SP WIDTH="12" VPOS="1314" HPOS="689"/>
							<String ID="string_310" HPOS="701" VPOS="1313" WIDTH="97" HEIGHT="18" WC="0.96" CONTENT="inrättande"/><SP WIDTH="19" VPOS="1313" HPOS="798"/>
							<String ID="string_311" HPOS="817" VPOS="1313" WIDTH="19" HEIGHT="17" WC="0.95" CONTENT="af"/>
						</TextLine>
						<TextLine ID="line_38" HPOS="85" VPOS="1341" WIDTH="745" HEIGHT="28">
							<String ID="string_312" HPOS="85" VPOS="1354" WIDTH="22" HEIGHT="11" WC="0.91" CONTENT="en"/><SP WIDTH="18" VPOS="1354" HPOS="107"/>
							<String ID="string_313" HPOS="125" VPOS="1347" WIDTH="91" HEIGHT="22" WC="0.91" CONTENT="fyrklassig"/><SP WIDTH="16" VPOS="1347" HPOS="216"/>
							<String ID="string_314" HPOS="232" VPOS="1347" WIDTH="86" HEIGHT="17" WC="0.91" CONTENT="realskola"/><SP WIDTH="14" VPOS="1347" HPOS="318"/>
							<String ID="string_315" HPOS="332" VPOS="1346" WIDTH="4" HEIGHT="15" WC="0.93" CONTENT="i"/><SP WIDTH="12" VPOS="1346" HPOS="336"/>
							<String ID="string_316" HPOS="348" VPOS="1346" WIDTH="57" HEIGHT="17" WC="0.93" CONTENT="stället"/><SP WIDTH="15" VPOS="1346" HPOS="405"/>
							<String ID="string_317" HPOS="420" VPOS="1345" WIDTH="27" HEIGHT="17" WC="0.89" CONTENT="för"/><SP WIDTH="13" VPOS="1345" HPOS="447"/>
							<String ID="string_318" HPOS="460" VPOS="1345" WIDTH="75" HEIGHT="17" WC="0.96" CONTENT="nämnda"/><SP WIDTH="11" VPOS="1345" HPOS="535"/>
							<String ID="string_319" HPOS="546" VPOS="1345" WIDTH="47" HEIGHT="20" WC="0.90" CONTENT="lägre"/><SP WIDTH="12" VPOS="1345" HPOS="593"/>
							<String ID="string_320" HPOS="605" VPOS="1341" WIDTH="150" HEIGHT="19" WC="0.89" CONTENT="elementarskola."/><SP WIDTH="25" VPOS="1341" HPOS="755"/>
							<String ID="string_321" HPOS="780" VPOS="1341" WIDTH="50" HEIGHT="16" WC="0.89" CONTENT="Inne-"/>
						</TextLine>
						<TextLine ID="line_39" HPOS="85" VPOS="1369" WIDTH="749" HEIGHT="26">
							<String ID="string_322" HPOS="85" VPOS="1377" WIDTH="75" HEIGHT="16" WC="0.88" CONTENT="vänarne"/><SP WIDTH="12" VPOS="1377" HPOS="160"/>
							<String ID="string_323" HPOS="172" VPOS="1375" WIDTH="6" HEIGHT="16" WC="0.93" CONTENT="i"/><SP WIDTH="11" VPOS="1375" HPOS="178"/>
							<String ID="string_324" HPOS="189" VPOS="1374" WIDTH="96" HEIGHT="18" WC="0.96" CONTENT="Kexholms"/><SP WIDTH="17" VPOS="1374" HPOS="285"/>
							<String ID="string_325" HPOS="302" VPOS="1374" WIDTH="37" HEIGHT="17" WC="0.96" CONTENT="stad"/><SP WIDTH="13" VPOS="1374" HPOS="339"/>
							<String ID="string_326" HPOS="352" VPOS="1374" WIDTH="32" HEIGHT="17" WC="0.96" CONTENT="och"/><SP WIDTH="12" VPOS="1374" HPOS="384"/>
							<String ID="string_327" HPOS="396" VPOS="1373" WIDTH="40" HEIGHT="17" WC="0.93" CONTENT="dess"/><SP WIDTH="11" VPOS="1373" HPOS="436"/>
							<String ID="string_328" HPOS="447" VPOS="1373" WIDTH="90" HEIGHT="22" WC="0.90" CONTENT="omnejder"/><SP WIDTH="13" VPOS="1373" HPOS="537"/>
							<String ID="string_329" HPOS="550" VPOS="1371" WIDTH="73" HEIGHT="18" WC="0.84" CONTENT="ästunda"/><SP WIDTH="11" VPOS="1371" HPOS="623"/>
							<String ID="string_330" HPOS="634" VPOS="1370" WIDTH="53" HEIGHT="21" WC="0.96" CONTENT="detta,"/><SP WIDTH="14" VPOS="1370" HPOS="687"/>
							<String ID="string_331" HPOS="701" VPOS="1369" WIDTH="33" HEIGHT="17" WC="0.93" CONTENT="och"/><SP WIDTH="13" VPOS="1369" HPOS="734"/>
							<String ID="string_332" HPOS="747" VPOS="1374" WIDTH="47" HEIGHT="16" WC="0.96" CONTENT="anse,"/><SP WIDTH="14" VPOS="1374" HPOS="794"/>
							<String ID="string_333" HPOS="808" VPOS="1370" WIDTH="26" HEIGHT="15" WC="0.96" CONTENT="att"/>
						</TextLine>
						<TextLine ID="line_40" HPOS="89" VPOS="1401" WIDTH="402" HEIGHT="21">
							<String ID="string_334" HPOS="89" VPOS="1405" WIDTH="21" HEIGHT="17" WC="0.94" CONTENT="de"/><SP WIDTH="15" VPOS="1405" HPOS="110"/>
							<String ID="string_335" HPOS="125" VPOS="1405" WIDTH="6" HEIGHT="16" WC="0.94" CONTENT="i"/><SP WIDTH="12" VPOS="1405" HPOS="131"/>
							<String ID="string_336" HPOS="143" VPOS="1406" WIDTH="52" HEIGHT="15" WC="0.96" CONTENT="annat"/><SP WIDTH="12" VPOS="1406" HPOS="195"/>
							<String ID="string_337" HPOS="207" VPOS="1404" WIDTH="29" HEIGHT="17" WC="0.93" CONTENT="fall"/><SP WIDTH="12" VPOS="1404" HPOS="236"/>
							<String ID="string_338" HPOS="248" VPOS="1404" WIDTH="70" HEIGHT="17" WC="0.95" CONTENT="komme"/><SP WIDTH="12" VPOS="1404" HPOS="318"/>
							<String ID="string_339" HPOS="330" VPOS="1405" WIDTH="25" HEIGHT="15" WC="0.93" CONTENT="att"/><SP WIDTH="11" VPOS="1405" HPOS="355"/>
							<String ID="string_340" HPOS="366" VPOS="1402" WIDTH="35" HEIGHT="18" WC="0.93" CONTENT="lida"/><SP WIDTH="12" VPOS="1402" HPOS="401"/>
							<String ID="string_341" HPOS="413" VPOS="1401" WIDTH="78" HEIGHT="18" WC="0.88" CONTENT="oförrätt."/>
						</TextLine>
					</TextBlock>
					<TextBlock ID="block_13" HPOS="87" VPOS="1425" WIDTH="749" HEIGHT="58">
						<TextLine ID="line_41" HPOS="154" VPOS="1425" WIDTH="682" HEIGHT="30">
							<String ID="string_342" HPOS="154" VPOS="1433" WIDTH="34" HEIGHT="22" WC="0.93" CONTENT="Jag"/><SP WIDTH="6" VPOS="1433" HPOS="188"/>
							<String ID="string_343" HPOS="194" VPOS="1432" WIDTH="77" HEIGHT="18" WC="0.96" CONTENT="anhåller"/><SP WIDTH="7" VPOS="1432" HPOS="271"/>
							<String ID="string_344" HPOS="278" VPOS="1431" WIDTH="99" HEIGHT="23" WC="0.95" CONTENT="ödmjukast"/><SP WIDTH="6" VPOS="1431" HPOS="377"/>
							<String ID="string_345" HPOS="383" VPOS="1433" WIDTH="25" HEIGHT="15" WC="0.96" CONTENT="att"/><SP WIDTH="6" VPOS="1433" HPOS="408"/>
							<String ID="string_346" HPOS="414" VPOS="1431" WIDTH="30" HEIGHT="17" WC="0.93" CONTENT="det"/><SP WIDTH="6" VPOS="1431" HPOS="444"/>
							<String ID="string_347" HPOS="450" VPOS="1429" WIDTH="107" HEIGHT="19" WC="0.96" CONTENT="hedervärda"/><SP WIDTH="5" VPOS="1429" HPOS="557"/>
							<String ID="string_348" HPOS="562" VPOS="1426" WIDTH="129" HEIGHT="20" WC="0.87" CONTENT="Bondeständet"/><SP WIDTH="6" VPOS="1426" HPOS="691"/>
							<String ID="string_349" HPOS="697" VPOS="1425" WIDTH="31" HEIGHT="18" WC="0.93" CONTENT="vill"/><SP WIDTH="5" VPOS="1425" HPOS="728"/>
							<String ID="string_350" HPOS="733" VPOS="1427" WIDTH="41" HEIGHT="21" WC="0.96" CONTENT="taga"/><SP WIDTH="5" VPOS="1427" HPOS="774"/>
							<String ID="string_351" HPOS="779" VPOS="1425" WIDTH="57" HEIGHT="17" WC="0.96" CONTENT="denna"/>
						</TextLine>
						<TextLine ID="line_42" HPOS="87" VPOS="1453" WIDTH="749" HEIGHT="30">
							<String ID="string_352" HPOS="87" VPOS="1463" WIDTH="36" HEIGHT="18" WC="0.96" CONTENT="min"/><SP WIDTH="18" VPOS="1463" HPOS="123"/>
							<String ID="string_353" HPOS="141" VPOS="1463" WIDTH="78" HEIGHT="17" WC="0.96" CONTENT="ansökan"/><SP WIDTH="18" VPOS="1463" HPOS="219"/>
							<String ID="string_354" HPOS="237" VPOS="1467" WIDTH="29" HEIGHT="12" WC="0.96" CONTENT="om"/><SP WIDTH="18" VPOS="1467" HPOS="266"/>
							<String ID="string_355" HPOS="284" VPOS="1467" WIDTH="21" HEIGHT="11" WC="0.93" CONTENT="en"/><SP WIDTH="15" VPOS="1467" HPOS="305"/>
							<String ID="string_356" HPOS="320" VPOS="1460" WIDTH="92" HEIGHT="23" WC="0.91" CONTENT="fyrklassig"/><SP WIDTH="15" VPOS="1460" HPOS="412"/>
							<String ID="string_357" HPOS="427" VPOS="1459" WIDTH="96" HEIGHT="18" WC="0.92" CONTENT="realskolas"/><SP WIDTH="17" VPOS="1459" HPOS="523"/>
							<String ID="string_358" HPOS="540" VPOS="1456" WIDTH="97" HEIGHT="19" WC="0.90" CONTENT="inrättande"/><SP WIDTH="16" VPOS="1456" HPOS="637"/>
							<String ID="string_359" HPOS="653" VPOS="1456" WIDTH="6" HEIGHT="16" WC="0.96" CONTENT="i"/><SP WIDTH="12" VPOS="1456" HPOS="659"/>
							<String ID="string_360" HPOS="671" VPOS="1454" WIDTH="97" HEIGHT="18" WC="0.91" CONTENT="Kexholms"/><SP WIDTH="12" VPOS="1454" HPOS="768"/>
							<String ID="string_361" HPOS="780" VPOS="1453" WIDTH="38" HEIGHT="19" WC="0.96" CONTENT="stad"/><SP WIDTH="12" VPOS="1453" HPOS="818"/>
							<String ID="string_362" HPOS="830" VPOS="1453" WIDTH="6" HEIGHT="17" WC="0.96" CONTENT="i"/>
						</TextLine>
					</TextBlock>
				</ComposedBlock>
				<ComposedBlock ID="cblock_5" HPOS="159" VPOS="1490" WIDTH="508" HEIGHT="24">
					<TextBlock ID="block_14" HPOS="159" VPOS="1490" WIDTH="508" HEIGHT="24">
						<TextLine ID="line_43" HPOS="159" VPOS="1490" WIDTH="508" HEIGHT="24">
							<String ID="string_363" HPOS="159" VPOS="1496" WIDTH="100" HEIGHT="18" WC="0.93" CONTENT="Allmänna"/><SP WIDTH="12" VPOS="1496" HPOS="259"/>
							<String ID="string_364" HPOS="271" VPOS="1494" WIDTH="184" HEIGHT="19" WC="0.87" CONTENT="Besvärs-utskottets"/><SP WIDTH="14" VPOS="1494" HPOS="455"/>
							<String ID="string_365" HPOS="469" VPOS="1491" WIDTH="110" HEIGHT="21" WC="0.92" CONTENT="betänkande"/><SP WIDTH="12" VPOS="1491" HPOS="579"/>
							<String ID="string_366" HPOS="591" VPOS="1491" WIDTH="36" HEIGHT="19" WC="0.96" CONTENT="N:o"/><SP WIDTH="12" VPOS="1491" HPOS="627"/>
							<String ID="string_367" HPOS="639" VPOS="1490" WIDTH="28" HEIGHT="19" WC="0.95" CONTENT="21."/>
						</TextLine>
					</TextBlock>
				</ComposedBlock>
			</PrintSpace>
		</Page>
	</Layout>
</alto>
