1053 1709
787 139 11 21 7

83 204 75 20 uttalat
177 202 39 22 Oss
239 202 26 28 på
287 204 40 20 sätt
345 202 45 22 Vår
413 201 140 29 underdåniga
575 200 109 23 skrifvelse
698 201 7 21 i
721 203 70 19 ämnet
805 200 23 22 af

82 236 41 22 den
138 236 23 22 31
180 236 110 21 nästvikne
306 235 42 29 Maj
364 240 93 17 närmare
473 236 84 21 utvisar.

422 298 13 26 g
451 298 32 21 20.

151 338 46 22 Hos
216 338 61 22 Hans
295 336 118 30 Kejserliga
432 337 97 29 Majestät
551 337 62 22 hafve
629 338 29 22 Vi
672 337 8 21 i
694 337 130 28 underdänig

81 372 111 22 skrifvelse
213 372 24 22 af
255 372 41 22 den
317 373 27 21 31
365 372 100 22 sistvikne
484 372 43 28 Maj
547 372 18 29 ej
585 372 81 22 mindre
680 372 103 22 framstält
798 372 25 21 de

82 408 52 24 skäl,
150 414 44 14 som
208 406 115 22 förorsakat
337 409 31 19 att
382 406 29 23 Vi
426 406 17 29 ej
459 407 82 21 kunnat
550 409 75 26 antaga
634 406 60 22 Hans
704 405 119 29 Kejserliga

82 441 108 29 Majestäts
204 441 34 21 till
253 440 39 23 Oss
307 440 76 22 aflätna
401 440 74 29 nädiga
489 441 132 29 proposition,
638 440 105 28 angäende
758 440 66 21 förän-

83 476 62 21 drade
163 475 91 29 grunder
273 475 31 21 för
319 476 307 28 räntepersedleomsättningen
641 474 7 22 i
662 474 76 26 landet,
755 478 26 18 än
797 473 27 22 äf-

84 518 40 13 ven
139 509 93 26 anhällit,
247 509 35 21 det
300 509 80 21 täcktes
395 509 60 21 Hans
469 509 120 29 Kejserliga
603 508 97 28 Majestät
714 508 41 22 låta
772 510 53 19 utar-

83 545 48 21 beta
145 544 38 20 och
198 544 240 21 nästsammanträdande
452 544 98 28 landtdag
565 544 104 27 förelägga
684 546 29 18 ett
723 543 47 21 hela
781 543 43 20 lan-

84 578 34 22 det
141 577 126 22 omfattande
289 577 76 27 förslag
386 578 32 21 till
440 578 102 21 ordinarie
556 581 84 18 räntans
655 578 38 20 och
708 576 95 28 samtliga
817 576 7 21 i

83 612 94 29 spanmäl
192 612 105 22 bestämda
310 612 135 28 jordskatters
465 612 131 28 förvandling
610 612 32 22 till
657 612 41 20 fixa
713 611 111 29 penninge-

83 647 85 29 belopp;
187 646 88 22 hvarhos
291 646 36 26 Vi,
342 646 33 21 för
393 646 39 22 den
447 646 98 22 händelse
560 649 31 19 att
605 646 73 22 sådant
692 646 45 21 icke
752 645 71 21 kunde

83 682 8 21 i
105 681 65 22 nåder
186 680 81 22 bifallas
283 680 50 22 eller
355 680 45 22 skäl
414 680 68 22 dertill
497 688 74 14 annars
586 680 134 25 förekomme,
737 679 87 22 anhållit

83 720 30 18 att
128 716 70 29 prisen
213 715 12 22 &
239 715 94 28 samtlige
347 715 9 21 i
371 715 24 21 de
410 714 43 22 före
468 715 23 21 år
507 716 54 21 1840
576 715 94 29 gällande
681 714 144 22 undervisnin-

83 758 63 21 garna
168 750 101 28 ingående
291 749 104 29 persedlar
417 749 64 22 måtte
496 750 7 20 i
519 750 24 21 de
562 749 64 29 årliga
640 749 185 28 markegängssätt-

83 786 101 28 ningarna
199 787 106 26 upptagas.

422 847 13 26 8
451 847 32 21 21.

151 887 60 22 Efter
227 887 70 21 derom
311 886 24 22 af
346 886 61 22 Hans
421 886 119 29 Kejserliga
550 886 98 28 Majestät
656 886 33 22 till
700 886 40 22 Oss
750 887 75 21 afläten

83 922 63 28 nådig
160 922 126 28 proposition
301 921 62 22 hafve
378 921 29 22 Vi
422 921 40 22 den
477 922 27 21 24
519 921 94 22 sistlidne
629 921 97 26 Oktober,
738 920 7 22 i
760 921 65 22 öfver-

84 956 155 23 ensstämmelse
254 956 48 21 med
317 956 26 20 71
355 957 13 25 &
379 955 7 21 i
396 955 235 29 Landtdagsordningen
642 956 22 21 af
672 956 40 21 den
724 956 27 22 15
761 956 63 28 April

86 992 60 22 1869,
162 990 32 22 för
208 990 45 22 Vår
269 990 32 22 del
320 990 91 26 beslutit,
427 994 30 18 att
473 992 25 20 12
514 992 13 25 8
541 991 8 21 i
564 998 78 14 samma
656 991 101 28 grundlag
772 991 53 21 skall

85 1026 78 22 erhälla
177 1025 90 28 följande
283 1024 122 22 förändrade
420 1025 89 28 lydelse:

155 1069 7 10 >
166 1058 174 30 Borgareständet
355 1061 81 26 utgöres
449 1059 23 21 af
484 1059 131 29 fullmäktige
626 1060 31 21 för
666 1060 81 22 landets
757 1060 68 22 städer

85 1095 97 22 sålunda
176 1088 10 39 :
199 1096 29 19 att
243 1093 32 21 för
289 1092 72 29 hvarje
376 1094 45 21 stad
431 1093 64 28 väljes
504 1102 26 13 en
540 1094 164 29 landtdagsman,
715 1102 48 14 men
774 1103 50 20 upp-

83 1129 37 29 gär
135 1128 147 28 folkmängden
297 1127 53 22 efter
367 1128 178 28 mantalslängden
560 1128 32 22 till
607 1131 98 19 sextusen
719 1137 104 21 personer,

85 1163 65 29 väljas
164 1162 36 22 två
214 1162 38 22 och
272 1162 124 25 derutöfver,
413 1170 25 13 en
453 1162 32 21 för
499 1162 72 28 hvarje
585 1162 48 22 fullt
648 1163 28 21 tal
691 1163 23 21 af
726 1166 99 19 sextusen

84 1204 108 22 personer;
217 1196 51 21 dock
290 1195 35 22 mä
335 1196 52 21 stad
405 1196 48 21 med
467 1196 80 22 mindre
563 1201 26 17 än
605 1199 81 19 ettusen
700 1197 125 21 femhundra

84 1231 100 22 invänare
200 1230 98 28 antingen
320 1230 32 21 för
367 1230 31 28 sig
413 1230 58 22 ställa
485 1230 88 22 särskild
587 1230 119 30 fullmäktig
721 1232 50 20 eller
786 1232 39 21 ock

84 1266 72 22 förena
171 1265 31 28 sig
217 1272 33 14 om
265 1272 118 20 gemensam
398 1264 157 29 landtdagsman
569 1265 48 21 med
632 1273 68 14 annan
710 1266 51 25 stad,
774 1266 52 22 hvil-

83 1302 50 24 ken,
148 1299 65 29 enligt
230 1298 56 22 hvad
303 1298 38 22 här
355 1303 23 17 är
392 1299 63 29 sagdt,
471 1299 43 22 kan
528 1299 32 22 till
575 1299 125 29 landtdagen
714 1300 64 22 sända
793 1308 33 14 en-

86 1335 45 20 dast
146 1341 26 13 en
187 1333 118 27 deputerad.

152 1366 135 27 Berättigade
302 1368 31 19 att
346 1366 8 20 i
369 1366 55 21 valet
439 1366 80 28 deltaga
533 1370 35 17 äro
583 1367 136 21 medlemmar
733 1367 22 21 af
763 1368 64 21 stads-

85 1401 108 24 kommun,
208 1399 73 22 hvilka
297 1403 34 17 äro
345 1399 8 21 i
368 1400 72 21 staden
455 1400 134 22 skattskrifne
605 1401 38 21 och
653 1400 65 29 enligt
728 1401 98 22 nästföre-

86 1435 79 29 gäende
184 1434 105 22 allmänna
302 1433 97 29 taxering
418 1434 93 29 skyldige
526 1437 31 19 att
571 1434 56 22 skatt
640 1435 33 21 till
688 1434 137 24 kommunens

84 1476 156 22 gemensamma
255 1467 64 23 behof
333 1468 87 29 erlägga.
