1045 1714
236 153 309 21 Petitionshetänkande
558 156 46 18 N:o
617 157 40 17 46.

268 454 173 27 Lagutskottets
456 455 144 23 betänkande
616 456 39 22 N:o
671 457 26 21 25
712 457 8 21 i
730 458 76 21 anled-

213 488 56 27 ning
285 488 25 22 af
323 489 35 21 ett
372 490 64 21 inom
450 490 176 22 Presteständet
641 492 67 20 väekt
718 490 90 28 förslag

213 522 38 22 till
268 523 144 28 underdänig
427 525 98 27 petition
541 530 38 16 om
589 531 29 16 en
630 525 100 22 revision
744 526 27 21 af
780 526 28 21 de

212 557 67 23 civila
294 558 197 28 sabbatslagarne.

140 619 137 29 Högvördiga
292 621 161 21 Presteständet
467 621 38 22 har
514 622 88 21 medelst
612 622 197 28 protokollsutdrag

84 653 33 21 till
132 653 150 28 Lagutskottet
297 655 6 21 i
319 655 99 22 afseende
434 656 12 21 å
461 656 116 29 beredning
592 657 139 22 öfverlemnat
746 659 30 20 ett
786 659 23 20 sä

83 687 101 28 lydande:

139 723 224 22 "Petitionsmemorial
384 725 109 27 angående
514 725 91 22 revision
628 725 23 21 af
673 726 50 21 våra
746 726 63 21 civila

84 757 155 28 sabbatslagar.

221 821 50 18 Till
283 821 168 22 Högvördiga
465 822 214 18 Presteståndet.

130 856 28 17 Då
174 856 32 23 jag
224 856 74 18 härmed
312 856 44 23 tagit
369 857 36 22 mig
418 856 79 18 friheten
511 859 26 14 att
549 856 96 18 framhålla
658 857 87 18 behofvet
758 857 20 17 af
789 862 22 13 en

86 885 79 18 revision
178 885 19 18 af
207 886 36 17 våra
263 887 47 16 ännu
323 885 85 22 gällande
422 885 129 22 sabbatslagar,
565 885 31 18 har
603 885 30 23 jag
643 886 91 21 förutsatt,
744 888 26 15 att
780 886 32 17 vår

87 914 102 23 borgerliga
201 914 118 23 lagstiftning,
333 919 37 13 som
385 916 48 15 ännu
447 914 48 17 ledes
509 914 20 17 af
539 914 84 22 kristliga
638 914 97 23 principer,
749 914 63 18 fortfa-

86 943 57 18 rande
156 943 47 18 skall
217 949 42 12 anse
273 943 47 18 vissa
333 943 125 22 sabbatslagar
471 942 129 23 oundvikligen
612 943 115 23 nödvändiga
737 943 29 17 för
773 943 39 18 vårt

86 971 48 19 land.
158 972 25 23 Ty
197 978 27 12 om
237 972 35 18 ock
285 972 56 23 några
354 972 78 18 enskilta
445 972 52 17 äfven
511 972 32 17 hos
556 977 29 12 oss
599 971 42 23 vilja
649 972 77 17 hänföra
735 971 37 18 alla
782 972 30 23 dy-

87 1001 38 18 lika
137 1001 128 23 förordningar
277 1001 28 18 till
319 1001 21 17 de
353 1001 117 22 antiqverade
483 1001 78 23 stadgar,
575 1006 37 12 som
625 1001 28 17 för
669 1000 85 18 nutidens
768 1006 46 16 upp-

87 1030 49 22 lysta
156 1030 38 17 folk
208 1030 40 17 icke
261 1036 33 16 ega
307 1030 59 22 någon
379 1030 97 22 betydelse,
489 1030 21 17 så
521 1030 34 17 har
567 1030 46 17 dock
626 1029 59 18 finska
697 1029 57 18 folket
767 1030 5 16 i
785 1030 28 17 sin

87 1058 63 18 helhet
169 1060 48 16 ännu
235 1058 71 18 härtills
320 1058 47 18 visat
379 1058 27 22 sig
419 1058 44 22 vilja
475 1058 66 17 räknas
555 1058 53 17 bland
621 1058 22 16 de
656 1058 43 21 folk,
713 1063 37 12 som
763 1058 49 17 hålla

91 1087 131 17 sabbatsbudet
240 1088 28 17 för
287 1089 25 16 ett
329 1087 57 22 heligt
403 1087 35 17 och
449 1086 101 23 gudomligt
563 1087 41 20 bud,
617 1086 34 18 och
664 1092 53 12 anser
730 1086 30 18 det
774 1092 38 12 som

88 1118 27 16 ett
137 1116 91 22 oafvisligt
241 1116 46 21 kraf,
300 1117 26 16 att
339 1116 17 17 vi
368 1120 64 18 genom
445 1116 47 16 vissa
504 1115 165 22 lagbestämningar
681 1117 56 15 värna
749 1114 64 18 åtmin-

91 1146 52 16 stone
162 1144 34 18 den
215 1145 86 17 enskiltes
318 1146 42 19 rätt,
373 1144 23 22 på
410 1144 30 18 det
452 1149 21 12 en
486 1144 45 17 hvar
544 1144 29 17 må
585 1144 62 17 kunna
659 1144 45 22 följa
716 1146 97 15 samvetets

88 1176 39 15 röst
138 1175 26 15 att
176 1173 53 23 helga
242 1179 22 12 en
278 1173 20 17 af
309 1173 79 17 veckans
401 1172 56 23 dagar
469 1172 28 18 för
510 1172 169 18 tillfredsställande
692 1172 19 18 af
723 1172 39 18 sina
770 1172 43 18 and-

89 1202 37 22 liga
138 1201 59 17 behof.

136 1230 65 22 Vigten
220 1231 19 16 af
257 1230 97 18 sabbatens
373 1229 54 23 helgd
444 1230 33 16 har
488 1230 21 22 ju
521 1229 40 17 icke
573 1228 58 18 heller
643 1230 19 16 af
673 1229 43 17 våra
729 1229 84 22 gällande

89 1258 145 22 samfundslagar
251 1258 88 22 någonsin
358 1258 46 16 varit
422 1257 95 22 ifrågasatt.
549 1254 60 20 Äfven
621 1257 6 16 i
640 1257 172 23 böndagsplakaten,

89 1292 38 12 som
147 1287 19 17 af
180 1286 92 22 Styrelsen
286 1286 68 22 årligen
367 1285 87 21 utfärdas,
468 1286 57 16 blifva
537 1286 70 16 landets
620 1285 103 23 inbyggare,
737 1286 45 17 både
795 1286 20 17 af

89 1316 56 22 högre
158 1315 34 17 och
205 1315 50 22 lägre
268 1314 82 21 stånden,
364 1314 105 22 allvarligen
482 1313 83 18 erinrade
578 1315 26 16 att
612 1313 23 22 på
643 1314 115 21 böndagarna
767 1314 46 17 iakt-

91 1346 42 18 taga
146 1344 78 20 stillhet;
236 1342 71 17 hvilket
319 1343 33 15 bör
365 1342 56 16 hafva
428 1342 128 20 tlllämplighet
562 1341 68 21 jemväl
636 1342 24 20 på
666 1342 44 16 våra
719 1342 94 21 söndagar;

91 1373 20 20 ty
123 1373 37 15 rätt
172 1370 96 18 betraktad
281 1370 33 17 bör
324 1370 21 22 ju
358 1370 91 20 söndagen
462 1369 45 17 eller
519 1369 86 17 sabbaten
620 1373 43 13 vara
675 1374 22 12 en
710 1369 71 22 böndag
794 1370 19 17 så

92 1399 29 18 väl
135 1400 28 17 för
177 1399 34 17 den
225 1398 79 18 enskilta
316 1403 39 12 som
367 1397 28 18 för
407 1397 42 17 hela
461 1396 63 18 folket.
548 1396 59 18 Gerna
615 1396 29 17 må
654 1396 46 17 dock
708 1397 104 22 medgifvas,

92 1431 27 16 att
140 1434 41 12 man
200 1428 58 22 aldrig
277 1427 41 17 med
336 1426 56 22 några
410 1425 187 22 sabbatsstadganden
610 1424 47 19 skall
669 1425 63 18 kunna
744 1425 70 23 ingjuta

91 1457 123 23 gudsfruktan
228 1457 33 17 hos
274 1458 26 16 ett
312 1456 48 21 folk;
372 1455 34 18 och
416 1455 31 23 jag
461 1456 20 16 är
493 1454 70 18 derföre
577 1454 50 22 långt
638 1453 47 18 ifrån
693 1455 26 16 att
728 1454 44 22 vilja
778 1454 36 18 för-

91 1487 45 19 orda
153 1486 68 18 sådana
238 1484 156 24 tvångsåtgärder,
407 1483 86 19 hvarmed
510 1489 42 12 man
571 1483 31 17 vill
614 1485 44 20 göra
669 1483 141 24 kyrkobesöken

161 1527 138 23 Lagutskottets
311 1525 115 18 betänkande
438 1524 32 19 N:o
483 1525 27 17 25.
