1053 1703
233 154 28 20 20
377 153 275 23 Petitionsbetänkande
667 153 46 23 N:o
727 153 38 23 25.

204 218 82 21 fordras
308 218 33 20 för
363 216 113 22 befordran
499 217 30 20 till
544 216 114 28 juridiska,
675 216 112 21 kamerala
803 216 39 22 och
858 216 90 21 admini-

204 252 85 20 strativa
305 251 99 21 embeten
422 251 39 21 och
476 251 88 27 tjenster
578 251 7 20 i
599 250 99 28 Finland,
715 251 88 21 hvilken
817 251 131 27 författning,

204 286 49 22 med
277 285 152 27 upphäfvande
451 287 24 19 af
494 284 107 30 åtskilliga
615 287 95 19 moment
725 286 7 20 i
747 286 56 20 1865
818 284 34 22 års
867 285 81 22 förord-

205 321 59 27 ning,
287 320 81 21 befriar
389 320 56 25 dem,
470 326 46 15 som
539 320 34 21 vid
593 320 101 27 Senaten,
714 320 37 21 vid
765 320 60 21 Hans
839 320 111 27 Majestäts

206 355 69 20 kansli
296 355 33 20 för
350 353 92 22 Finland
465 355 55 20 samt
542 355 34 20 vid
599 354 352 27 generalguvernementskansliet

205 389 67 21 varda
288 389 104 26 anstälda,
408 388 46 21 från
471 389 149 27 skyldigheten
636 391 29 18 att
679 388 136 29 ådagalägga
826 388 125 22 kännedom

207 425 23 20 af
249 424 70 21 finska
337 422 93 28 språket,
447 424 40 20 och
501 425 118 24 yttermera
633 424 84 21 lemnar
733 423 36 21 det
783 423 8 21 i
805 423 146 22 vederböran-

207 459 38 20 des
267 459 40 20 fria
329 457 35 21 val
384 459 29 19 att
427 458 46 21 före
489 457 52 22 eller
556 459 54 20 efter
624 457 164 28 undergåendet
803 458 24 20 af
839 458 47 21 sina
898 458 53 26 juri-

207 493 60 20 diska
283 492 102 21 examina
400 492 85 27 aflägga
501 491 35 21 det
550 492 7 20 i
572 492 69 20 finska
656 491 87 28 språket
757 492 129 21 föreskrifna
897 492 54 21 kun-

207 527 154 27 skapsprofvet.
392 525 34 21 Då
444 526 69 20 härtill
529 526 105 26 kommer,
651 528 30 19 att
694 527 57 21 1865
766 525 35 22 års
816 527 136 27 förordnings

208 562 12 24 $
243 560 34 25 19,
301 560 88 21 hvilken
411 560 92 28 stadgar,
529 562 30 19 att
579 560 37 22 vid
638 560 135 22 besättandet
795 561 23 20 af
838 561 89 27 tjenster
945 561 8 20 i

207 595 118 21 allmänhet
348 594 67 26 ,,skall
438 594 101 21 afseende
554 595 65 21 fästas
634 594 14 21 &
663 595 27 21 de
705 595 108 21 sökandes
828 595 124 21 kännedom

208 630 24 20 af
251 630 70 20 finska
343 627 93 29 språket,
458 628 24 21 så
497 631 30 19 att
542 630 41 20 den
600 636 45 14 som
661 636 52 20 eger
727 630 69 21 bättre
811 628 97 29 förmåga
924 631 30 20 att

208 665 7 19 i
238 664 28 20 tal
289 663 39 21 och
344 663 61 20 skrift
419 663 100 27 begagna
534 664 68 27 sagda
617 662 65 28 språk
696 665 33 20 för
744 664 46 21 sine
805 664 149 21 medsökande

209 697 93 22 erhåller
319 698 114 26 företräde,
451 697 24 22 så
489 699 64 20 framt
567 699 150 27 förtjensterna
732 699 7 20 i
755 699 62 26 öfrigt
832 701 39 18 äro
886 698 66 26 lika",

208 732 117 27 veterligen
340 732 49 20 icke
403 732 75 20 vunnit
492 731 73 28 någon
581 733 96 26 praktisk
692 733 120 26 betydelse,
827 731 68 23 måste
903 739 50 14 man

210 767 103 26 erkänna,
339 767 30 19 att
390 766 36 21 det
447 768 86 19 senaste
555 766 106 22 årtiondet
677 767 120 28 ingalunda
811 767 6 20 i
833 767 42 21 den
891 767 61 27 grad,

210 808 45 15 som
271 801 74 27 nödigt
359 801 61 26 varit,
437 801 113 21 förmedlat
565 800 145 29 öfvergången
727 802 29 20 till
772 801 95 22 finskans
875 801 81 28 lagliga

209 835 137 28 likställighet
368 835 50 21 med
435 836 92 20 svenska
540 835 94 28 språket.
665 836 48 21 Den
728 836 36 21 vid
780 836 174 21 elementarläro-

210 871 80 21 verken
313 870 129 21 meddelade
462 870 181 28 undervisningen
664 871 7 20 i
686 871 69 21 finska
771 870 87 28 språket
872 870 85 22 lemnar

211 907 59 18 ännu
291 905 88 26 mycket
397 905 62 26 öfrigt
475 906 29 19 att
519 905 75 24 önska,
611 905 40 21 och
667 905 80 21 antalet
762 906 23 20 af
797 905 70 22 finska
882 905 75 27 lyceer

211 942 24 18 är
250 939 88 21 alldeles
354 939 145 27 otillräckligt;
516 939 35 20 vid
566 939 84 22 landets
665 939 130 22 Universitet
809 940 100 21 kommer
916 946 39 14 un-

211 974 152 27 dervisningen
385 973 7 21 i
413 974 88 27 ringare
522 975 54 26 grad
599 975 50 20 dem
671 974 30 21 till
720 974 64 28 godo,
801 974 73 21 hvilka
889 973 68 29 utgått

211 1007 46 21 från
280 1008 70 20 finska
369 1007 86 21 talande
470 1008 61 27 hem;
548 1007 47 22 från
609 1008 106 27 juridiska
729 1008 118 21 fakulteten
864 1008 92 21 utdimit-

211 1045 56 18 teras
282 1042 116 27 ynglingar
413 1044 49 19 utan
479 1043 29 20 att
523 1042 148 22 dessförinnan
686 1043 65 20 hafva
765 1042 66 27 aflagt
837 1042 120 27 kunskaps-

211 1077 50 26 prof
272 1077 7 20 i
294 1076 70 21 finska
380 1075 93 28 språket,
483 1077 43 20 —i
540 1076 53 28 följd
607 1077 77 20 hvaraf
697 1076 36 22 det
747 1075 71 28 någon
834 1075 58 29 gång
902 1077 54 20 kun-

212 1112 37 19 nat
266 1110 93 26 inträffa,
377 1111 29 20 att
420 1109 66 22 sådan
503 1117 77 19 person
597 1112 44 19 mot
654 1110 57 21 1865
726 1109 35 22 års
775 1110 136 27 förordnings
927 1112 30 19 ut-

212 1144 105 27 tryckliga
332 1145 107 20 föreskrift
454 1143 83 22 erhållit
552 1144 144 22 förordnande
712 1145 6 20 i
733 1145 56 20 finsk
804 1145 116 27 domsaga;
930 1155 28 4 —

211 1179 71 21 finska
304 1178 97 27 språkets
425 1179 143 21 användande
590 1179 35 21 vid
646 1179 180 28 rättsskipningen
842 1178 29 28 på
885 1179 75 21 landet

213 1213 40 21 har
275 1214 18 27 ej
317 1214 7 19 i
347 1213 74 21 afsedd
439 1213 54 27 grad
507 1213 67 21 blifvit
589 1221 26 14 en
631 1214 126 27 verklighet,
775 1214 40 21 och
831 1214 41 21 den
888 1214 70 21 finska

214 1248 86 19 talande
322 1248 153 26 befolkningen
498 1249 39 18 har
559 1249 36 19 vid
613 1247 207 21 rädstufvurätterna
835 1248 39 21 och
890 1249 68 19 öfver-

213 1281 146 21 domstolarne
381 1283 29 18 att
432 1282 79 25 kämpa
527 1282 49 20 med
592 1281 139 27 svärigheter,
749 1281 91 21 emedan
856 1284 103 19 närmare

212 1315 133 22 föreskrifter
360 1322 36 14 om
411 1316 68 21 finska
495 1315 159 28 expeditioners
668 1315 184 22 utbekommande
867 1316 90 26 saknas;

213 1351 35 19 vid
264 1351 67 20 öfver-
348 1351 39 20 och
403 1350 186 21 underdomstolar
603 1352 55 18 samt
670 1350 67 28 högre
751 1351 38 20 och
798 1350 60 27 lägre
867 1350 91 21 embets-

213 1385 54 21 verk
290 1385 100 21 anställas
413 1384 98 28 slutligen
534 1385 137 27 tjenstemän,
693 1384 44 21 dels
757 1386 50 19 utan
823 1386 29 20 att
868 1391 41 21 ega
925 1384 36 22 det

214 1419 52 22 mätt
289 1421 23 20 af
332 1420 106 27 kunskap,
460 1426 45 14 som
522 1420 53 21 efter
589 1419 56 21 1883
660 1421 24 19 är
699 1420 23 21 af
734 1419 72 22 nöden
821 1420 33 22 för
868 1421 30 20 ett
912 1420 47 20 full-

214 1456 93 26 ständigt
321 1455 40 20 och
378 1454 141 21 obehindradt
534 1454 138 27 tillämpande
688 1455 24 20 af
723 1454 69 21 finska
808 1454 98 27 språkets
921 1455 34 20 lik-

282 1505 101 18 Allmänna
395 1505 176 18 Besvärsutskottets
585 1505 112 18 betänkande
708 1505 36 18 N:o
758 1504 33 19 18.
