1014 1709
229 154 11 18 6
359 154 319 19 Petittonsbetänkande
693 152 50 21 N:o
758 152 28 20 4.

201 220 52 19 rium
269 220 61 20 häraf
343 220 69 20 skulle
427 227 39 19 ega
482 222 30 17 att
527 220 52 20 efter
594 219 97 26 pröfning
706 220 6 18 i
728 219 72 26 hvarje
816 218 37 20 fall
868 218 38 20 och
917 219 28 25 på

201 253 40 19 fem
265 254 23 18 år
303 254 76 20 föreslå
395 254 112 20 understöd
523 253 31 20 till
571 253 74 25 belopp
661 252 24 20 af
697 253 63 26 högst
774 252 41 21 600
831 252 57 20 rubel
905 252 39 20 och

201 288 47 19 med
268 290 42 17 rätt
328 289 30 19 att
372 288 96 26 förlänga
484 288 56 20 tiden
557 288 31 19 för
604 287 105 27 anslagets
725 287 128 26 åtnjutande.
883 286 60 20 Hvad

202 327 44 13 som
262 321 23 20 af
297 322 49 20 hela
366 322 95 26 anslaget
476 323 18 25 ej
512 321 68 21 skulle
600 322 95 20 effektivt
710 322 107 24 behöfvas,
833 321 64 20 borde
915 321 30 19 till

201 356 125 20 statsverket
346 356 78 26 återgå.
458 357 97 19 Komitén
575 356 128 20 motiverade
721 356 35 20 sitt
771 356 78 24 förslag
864 356 27 25 på
906 355 38 20 föl-

199 390 64 26 jande
279 392 40 17 sätt
335 390 28 20 uti
380 390 47 20 dess
444 391 39 19 den
502 392 24 18 14
541 390 59 26 April
618 390 51 20 1851
686 390 80 26 afgifna
782 389 139 21 betänkande:

269 424 82 20 ”Sedan
367 424 73 27 längre
455 426 30 19 tid
501 425 37 19 har
554 425 39 19 den
610 425 53 25 åsigt
677 425 55 26 gjort
747 424 32 26 sig
793 424 106 26 gällande,
915 425 30 17 att

202 458 278 27 adjunkts-befattningarna
500 460 18 25 ej
538 458 82 27 uppfylt
640 458 34 20 det
689 458 47 20 med
752 458 60 20 deras
827 457 118 20 inrättande

201 492 95 26 äsyftade
319 492 105 26 ändamäl,
444 492 80 21 hvilket
544 492 174 26 hufvudsakligen
735 493 52 19 varit
803 494 30 18 att
849 492 21 20 ät
885 492 57 26 afgä-

202 526 52 20 ende
273 526 127 26 professorer
415 526 58 20 bilda
488 527 104 25 skickliga
607 527 142 19 efterträdare.
779 526 10 20 1
804 526 105 26 egenskap
925 526 23 19 af

202 560 104 20 ordinarie
321 561 124 25 tjenstemän
461 560 63 20 hafva
540 561 139 26 adjunkterna
693 561 88 19 kommit
795 562 31 18 att
839 567 60 13 anses
911 563 34 16 nä-

203 596 45 18 stan
268 594 96 26 ostridigt
384 594 130 26 berättigade
530 596 30 18 till
576 595 218 25 professorsembeten,
810 594 81 20 hvilket
906 594 40 20 för-

201 628 99 20 hållande
323 628 94 20 uteslutit
436 628 29 20 all
485 627 63 22 täflan
568 629 23 20 af
603 636 66 19 yngre
685 629 206 25 vetenskapsidkare,
907 628 38 20 och

202 663 18 25 ej
236 662 66 20 sällan
322 662 37 20 hos
380 662 26 20 de
426 663 54 19 förre
496 662 97 20 förlamat
607 663 52 19 nitet
674 662 31 20 för
721 662 64 26 högre
800 662 146 26 vetenskaplig

203 696 95 26 bildning
317 698 53 18 samt
389 696 89 20 sålunda
493 697 6 19 i
514 696 75 26 sjelfva
607 697 72 19 verket
698 697 77 25 utgjort
790 698 30 18 ett
834 698 52 18 stort
901 697 44 19 hin-

203 730 36 20 der
255 730 31 20 för
301 730 153 20 universitetets
469 730 91 26 lyftning
576 730 31 20 till
623 731 46 19 dess
684 732 54 18 rätta
754 730 134 26 ståndpunkt.
904 731 41 19 Ko-

202 765 62 19 mitén
286 764 37 20 har
344 764 82 20 derföre
441 765 109 26 föreslagit
565 765 61 20 dessa
641 766 95 24 tjensters
751 765 132 25 indragning,
899 764 47 20 med

202 798 37 20 full
262 798 147 27 öfvertygelse,
432 800 30 18 att
486 799 38 19 den
544 799 62 19 friare
626 799 70 25 täflan,
712 805 45 13 som
773 799 120 25 derigenom
909 799 37 20 bör

202 833 80 26 uppstå,
303 833 54 19 skall
372 840 85 13 snarare
473 833 77 20 bereda
566 833 103 26 skickliga
685 836 74 16 ämnen
776 832 31 20 till
821 832 123 27 professors-

202 868 102 23 embeten,
327 870 53 17 samt
406 869 42 18 tror
468 868 32 26 sig
514 871 26 16 än
557 867 112 25 kraftigare
685 867 63 19 hafva
764 867 110 26 befrämjat
889 868 57 19 detta

201 901 95 26 syftemål
320 908 76 20 genom
418 902 39 19 den
480 904 71 24 utväg,
574 908 43 13 som
638 902 142 19 universitetet
795 901 67 27 enligt
878 904 9 22 $
903 902 41 20 264

202 936 67 19 skulle
284 942 40 20 ega
339 936 31 18 till
386 936 112 19 understöd
514 936 31 20 för
561 936 37 19 der
610 934 129 21 fortfarande
749 935 81 21 litterär
840 936 105 20 verksam-

202 970 35 19 het
256 970 21 20 åt
297 972 46 17 män
362 969 24 20 af
399 970 64 25 högre
480 969 160 26 vetenskapliga
661 969 124 26 förtjenster.
821 970 42 20 Det
881 970 65 26 enligt

202 1004 100 26 förslaget
316 1003 101 20 förökade
433 1003 79 19 antalet
527 1003 24 20 af
563 1003 211 26 professorsembeten
789 1005 65 19 sätter
865 1004 39 20 ock
915 1004 29 20 fa-

202 1038 118 20 kulteterna
337 1038 7 19 i
364 1037 83 20 tillfälle
470 1039 31 18 att
522 1044 75 19 genom
614 1037 25 19 de
654 1037 124 20 föreskrifna
800 1038 145 20 läroämnenas

202 1073 100 25 lämpliga
316 1072 119 26 fördelning
450 1072 62 25 tillse,
528 1073 30 18 att
573 1072 26 19 de
614 1071 42 20 alla
666 1072 65 19 varda
742 1072 131 26 föredragna,
884 1073 61 19 hvar-

202 1108 55 18 utom
273 1106 111 20 framdeles
399 1106 105 26 skickliga
518 1112 99 20 personer
632 1106 31 18 till
674 1106 161 26 föreläsningars
846 1106 99 20 hållande

203 1141 17 26 ej
237 1140 59 20 torde
311 1140 84 20 komma
410 1142 31 18 att
455 1140 83 25 saknas,
554 1140 98 26 antingen
669 1140 63 20 bland
747 1140 134 26 docenterne,
891 1141 7 19 i
909 1147 35 13 an-

201 1174 76 20 seende
292 1174 32 19 till
340 1174 35 19 det
390 1174 78 19 arvode
484 1174 25 20 de
525 1173 69 21 derför
609 1173 62 20 hafva
686 1175 31 19 att
731 1174 100 26 påräkna,
843 1174 51 20 eller
905 1175 39 19 ock

201 1208 64 20 bland
284 1208 26 19 de
330 1208 204 26 vetenskapsidkare,
555 1214 43 14 som
614 1214 49 20 nyss
678 1208 93 20 nämnda
785 1208 113 21 understöd
915 1209 29 19 åt-

201 1242 77 25 njuta.”

269 1271 63 23 Öfver
348 1274 34 20 det
398 1275 19 18 af
433 1274 92 19 komitén
541 1274 116 26 uppgjorda
667 1275 79 25 förslag
756 1275 32 19 till
799 1277 88 17 statuter
896 1276 48 19 hör-

201 1309 35 19 des
252 1308 117 20 sedermera
385 1308 153 20 universitetets
554 1308 153 26 konsistorium,
723 1314 44 14 som
783 1308 6 20 i
804 1315 48 13 svar
867 1309 23 19 af
903 1309 40 20 den

200 1344 11 19 7
228 1342 94 20 Oktober
346 1342 51 19 1851
418 1342 83 24 yttrade
517 1342 92 26 följande
625 1349 31 13 om
673 1342 174 26 adjunkturernas
863 1343 7 19 i
886 1344 59 26 fråga

200 1379 54 18 satta
268 1376 140 20 afskaffande:

267 1411 93 20 ”Främst
375 1410 139 20 förekommer
528 1410 82 26 härvid,
625 1413 30 17 att
670 1411 101 27 komitén,
782 1411 31 20 för
824 1414 31 18 att
865 1412 78 21 bereda

200 1448 63 24 utväg
279 1446 31 19 till
325 1445 119 19 inrättande
460 1444 22 20 af
495 1446 66 25 några
576 1452 43 19 nya
634 1445 145 26 professioner,
795 1446 106 26 föreslagit
911 1448 30 19 in-

201 1480 101 27 dragning
318 1479 24 20 af
354 1479 214 27 adjunktstjensterna
582 1479 35 20 vid
634 1480 149 20 universitetet.
812 1480 67 20 Dessa
890 1482 52 26 tjen-

265 1519 102 19 Allmänna
379 1518 184 20 Besvärs-utskottets
576 1519 111 19 betänkande
698 1519 37 19 N:o
746 1520 17 17 4.
