1031 1706
227 144 319 20 Petitionsbetänkande
560 144 51 20 N:o
626 146 28 18 4.
774 144 10 19 7

70 213 42 17 ster
127 210 63 20 hafva
206 210 117 21 emellertid
339 211 78 25 utgjort
431 218 26 13 en
473 211 120 26 plantskola
608 211 31 20 till
656 211 122 20 utbildande
794 211 23 20 af

69 244 199 26 professorsämnen,
288 244 84 20 hvilken
393 244 145 20 erfarenheten
558 244 54 20 visat
627 251 50 13 vara
692 246 24 18 så
730 244 85 27 mycket

70 284 57 13 mera
148 278 130 26 nödvändig,
300 284 44 14 som
367 278 35 19 det
421 278 57 19 inom
490 278 110 26 juridiska,
616 278 39 20 och
670 278 66 20 delvis
752 278 61 19 äfven

69 312 57 19 inom
142 312 26 18 de
183 311 67 26 öfriga
265 311 141 20 fakulteterna
421 318 49 13 vore
486 312 96 26 omöjligt
596 314 30 17 att
641 312 45 20 från
696 314 65 18 annat
770 312 44 19 håll

69 345 63 20 vinna
155 345 79 27 dylika,
257 345 33 20 för
309 345 35 20 det
363 346 75 26 högsta
460 346 136 20 lärarekallet
613 346 81 26 egnade
709 352 104 20 personer.

69 379 31 20 De
116 379 44 25 fall,
181 380 36 19 der
235 379 75 20 sådant
328 379 36 21 vid
380 386 24 13 en
421 379 52 21 eller
488 386 69 14 annan
573 380 85 20 lärostol
674 380 69 25 någon
759 380 55 26 gång

69 415 35 25 egt
119 420 51 19 rum,
186 414 66 20 måste
268 414 90 20 ofelbart
372 414 77 19 räknas
464 414 32 20 till
510 414 140 26 undantagen,
662 414 87 20 emedan
759 414 7 19 i
777 414 37 20 all-

71 448 85 20 mänhet
170 449 93 19 lärarens
280 448 116 26 befattning
412 448 34 20 vid
462 448 119 27 gymnasier
592 449 39 19 och
642 449 58 26 lägre
710 449 104 25 läroverk,

69 481 107 22 äfvensom
204 482 39 21 den
267 482 63 21 civila
355 483 183 25 tjenstemannens,
560 483 48 20 icke
630 483 80 19 lemnar
733 482 82 20 tillfälle

69 516 30 20 till
120 517 39 19 den
176 517 64 26 högre
256 516 161 27 vetenskapliga
435 517 124 26 utbildning,
575 517 85 19 hvilken
676 516 85 21 framför
776 517 38 20 allt

69 553 22 17 är
106 551 32 20 för
156 551 215 20 universitetsläraren
393 551 127 26 nödvändig,
557 551 76 19 Härtill
649 550 94 21 kommer
758 553 56 17 ännu

68 584 132 26 svårigheten
217 587 30 16 att
262 585 35 19 vid
313 583 125 27 professions
454 584 80 19 vakans
549 584 50 20 eller
615 584 114 26 professors
742 583 71 20 inträf-

68 618 64 20 fande
154 619 49 25 laga
222 617 70 21 förfall
312 617 71 21 kunna
402 618 21 19 få
438 618 100 26 lämpliga
553 625 99 19 personer
667 618 31 19 till
715 619 99 25 tjenstens

70 652 132 20 bestridande
222 652 23 20 så
265 651 160 27 ögonblickligt,
445 659 44 13 som
509 653 35 19 det
559 652 60 20 alltid
634 652 111 25 erfordras,
760 651 55 20 helst

70 686 39 20 den
125 686 24 19 af
162 686 92 19 komitén
270 685 74 20 härvid
360 685 96 27 åsyftade
472 688 69 25 utväg,
557 687 29 19 att
600 685 104 27 professor
719 686 7 19 i
740 686 73 20 närbe-

69 720 82 26 slägtad
159 715 10 36 .
174 720 114 26 vetenskap
312 719 67 21 skulle
401 720 83 26 anlitas,
506 720 67 20 sällan
595 720 59 20 torde
669 719 144 27 fullkomligen

69 754 48 20 leda
132 754 32 19 till
180 754 126 20 ändamålet.
334 753 10 20 I
360 753 44 20 alla
419 754 61 19 dessa
495 753 112 21 afseenden
622 753 38 20 har
675 753 92 20 komitén
783 754 29 19 fö-

69 788 126 20 reträdesvis
217 788 105 26 påräknat
342 787 100 21 docenter
457 788 39 19 och
510 788 124 25 licentiater,
650 788 32 20 för
697 787 73 20 hvilka
785 790 30 17 ett

69 822 73 27 anslag
164 822 24 19 af
207 824 90 18 tretusen
320 822 58 19 rubel
398 822 68 19 blifvit
484 823 7 18 i
506 824 68 18 staten
594 823 107 25 upptaget,
717 823 31 18 att
763 821 51 20 efter

69 857 55 19 vissa
139 856 91 26 grunder
245 856 91 19 tilldelas
352 855 72 26 dylika
440 855 182 26 vetenskapsmän,
636 858 38 17 när
690 855 25 20 de
726 856 18 25 ej
756 856 57 19 inne-

69 889 63 20 hafva
154 890 104 19 ordinarie
274 890 70 25 tjenst.
374 889 92 20 Berörda
481 889 74 26 anslag
569 891 23 17 är
608 889 54 20 dock
678 889 137 26 otillräckligt

69 923 31 20 för
115 926 31 17 att
160 924 35 19 vid
211 924 145 19 universitetet
370 923 55 20 fästa
440 921 101 28 behöfligt
556 923 57 19 antal
628 923 24 19 af
664 923 80 20 sådana
759 929 55 20 unga

69 960 55 21 män,
143 957 54 20 helst
218 957 66 25 dessa,
301 957 27 20 då
343 956 136 20 understödet
495 957 67 20 blefve
578 958 120 23 temporärt,
713 956 48 20 icke
776 956 37 19 all-

69 991 29 20 tid
114 991 70 20 kunde
200 991 64 26 derpå
280 991 70 26 bygga
365 997 26 13 en
406 991 62 19 säker
483 990 91 20 framtid.
604 990 110 20 Dessutom
729 993 36 17 äro
778 990 36 20 do-

69 1027 123 18 centurerna
215 1026 17 25 ej
258 1025 84 20 bundna
362 1025 34 20 vid
417 1025 55 20 vissa
489 1024 144 26 vetenskaper,
654 1024 83 20 hvadan
753 1023 61 21 alltså

69 1060 81 19 saknad
168 1060 23 19 af
208 1066 25 13 en
254 1059 76 20 docens
351 1066 49 13 vore
420 1059 73 26 möjlig
510 1059 64 26 just
571 1054 12 36 i
591 1059 35 19 det
642 1062 66 22 ämne,
724 1065 44 14 som
783 1058 31 21 för

71 1094 93 20 tillfället
186 1093 120 21 erfordrade
329 1099 25 14 en
371 1093 58 26 dylik
445 1093 74 26 lärare,
535 1093 39 20 och
589 1093 56 20 hvad
660 1093 44 20 åter
720 1093 93 20 licentia-

70 1131 30 17 ter
122 1129 72 25 angår,
212 1127 63 20 hafva
296 1128 61 19 dessa
372 1130 55 17 ännu
442 1127 47 20 icke
505 1133 73 20 genom
594 1126 100 21 särskildt
708 1127 106 25 specimen

70 1163 30 18 för
121 1161 122 20 akademisk
268 1161 130 26 läraretjenst
413 1161 6 19 i
435 1167 24 13 en
476 1161 78 26 speciel
570 1161 115 26 vetenskap
702 1160 112 26 ådagalagt

69 1196 29 19 sin
117 1195 123 26 behörighet
256 1198 30 17 att
302 1195 32 20 till
350 1195 74 20 sådant
440 1195 111 20 lärarekall
567 1195 116 19 förordnas.
707 1195 29 19 På
747 1195 65 26 grund

71 1229 60 20 häraf
148 1229 37 20 har
199 1229 148 20 konsistorium
362 1229 6 19 i
384 1229 166 26 underdånighet
566 1231 69 18 ansett
650 1228 165 27 adjunkturerna

71 1264 33 19 vid
121 1264 143 19 universitetet
284 1264 50 19 böra
354 1263 84 26 qvarstå
454 1263 38 20 och
508 1263 46 20 med
571 1263 107 19 bestämda
694 1263 118 19 läroämnen

70 1297 123 25 bibehållas,
209 1297 54 20 dock
279 1297 46 20 med
342 1297 39 20 den
397 1297 126 26 förändring,
539 1299 31 18 att
580 1297 60 19 dessa
652 1297 95 26 tjensters
756 1296 58 19 inne-

70 1333 85 18 hafvare
168 1332 79 25 jemväl
265 1332 68 18 blefve
348 1332 116 18 förbundne
480 1334 30 16 att
525 1331 122 24 offentligen
662 1331 96 19 föreläsa.
782 1330 31 24 Ty

70 1365 120 26 härigenom
206 1364 68 20 skulle
290 1365 27 24 på
332 1370 39 13 ena
386 1364 59 19 sidan
462 1364 39 19 den
517 1363 47 20 icke
580 1363 121 26 ogrundade
717 1363 95 20 anmärk-

72 1399 48 26 ning
142 1398 90 25 förfalla,
248 1400 31 18 att
294 1397 140 26 adjunkterna
448 1398 7 19 i
472 1397 50 20 brist
536 1397 24 20 af
573 1397 94 26 offentlig
683 1396 133 21 verksamhet

70 1433 18 27 ej
104 1433 139 26 tillräckligen
256 1433 80 20 utbilda
346 1433 38 26 sig,
395 1433 39 19 och
446 1433 27 25 på
483 1432 65 20 andra
558 1431 59 20 sidan
629 1432 39 19 den
680 1431 135 26 obestridliga

70 1467 66 21 fördel
158 1467 78 25 vinnas,
256 1469 30 18 att
304 1467 50 20 flere
373 1467 58 19 delar
446 1466 24 20 af
482 1466 166 25 vetenskaperna
663 1465 71 20 kunna
750 1465 65 20 under

136 1507 101 18 Allmänna
249 1506 185 19 Besvärs-utskottets
446 1505 110 18 betänkande
568 1504 36 19 N:o
616 1505 16 18 4.
