1034 1706
236 148 12 18 8
420 146 239 20 Petitionsbetänkande
671 145 37 19 N:o
720 145 33 19 36.

460 366 254 28 Reservationer.

281 453 64 21 Emot
364 453 113 21 Allmänna
494 453 91 22 Besvärs
604 452 119 22 Utskottets
738 451 135 23 förestående
887 452 74 21 betän-

213 487 70 22 kande
298 487 81 28 nödgas
392 488 38 28 jag
445 487 80 28 afgifva
539 487 94 28 följande
648 487 139 22 reservation:

281 522 42 21 Det
340 523 59 20 stora
416 522 99 22 behofvet
535 522 24 21 af
575 521 213 29 gvinnobildningens
806 521 92 28 höjande
917 520 44 22 står

213 558 59 20 utom
288 557 39 21 allt
341 556 77 22 tvifvel.
448 556 84 28 Mycket
547 555 92 23 återstår
653 556 8 21 i
676 556 59 22 detta
750 556 99 22 afseende
863 557 34 21 att
909 557 53 26 göra

213 590 8 21 i
236 589 47 23 vårt
298 590 57 22 land.

281 626 145 21 Petitionerna
444 625 45 23 tala
507 626 76 22 endast
601 632 35 16 om
654 626 99 22 behofvet
771 626 24 21 af
808 625 153 22 fruntimmers-

214 660 72 22 skolor
300 660 48 22 med
363 660 69 22 finska
447 660 32 22 till
493 660 234 28 undervisningsspråk,
742 667 49 15 men
805 660 62 22 äfven
877 660 34 21 för
921 660 40 21 den

214 694 162 23 svensktalande
394 695 161 28 befolkningens
573 695 66 22 behof
656 695 7 21 i
681 695 74 22 landet
772 696 25 20 är
811 695 7 21 i
833 695 60 22 detta
908 694 54 22 afse-

214 729 53 22 ende
282 728 60 30 långt
356 728 55 23 ifrån
427 730 34 21 väl
476 730 73 28 sörjdt.

281 764 41 27 Jag
338 764 39 21 hör
392 764 18 28 ej
430 764 32 21 till
478 764 54 26 dem,
556 771 44 15 som
625 771 75 21 genom
723 764 74 21 skolan
819 764 52 27 vilja
893 763 68 21 drifva

214 799 30 21 ett
265 798 52 21 visst
342 797 105 29 språkligt
472 799 163 27 parti-intresse.
669 798 73 28 Enligt
763 798 44 21 min
829 797 56 29 äsigt
908 797 53 22 böra

213 832 72 22 skolor
302 833 91 21 inrättas
411 834 40 20 och
466 832 159 29 upprätthållas
641 833 75 22 endast
739 833 34 21 för
794 834 33 20 att
848 832 113 28 tillgodose

213 866 107 28 bildnings
335 867 99 22 behofvet
448 868 7 20 i
470 868 79 21 landet.

280 901 44 21 Der
338 901 67 22 behof
418 902 24 21 af
455 909 25 14 en
496 902 61 22 skola
572 903 39 27 gör
626 902 31 28 sig
673 901 105 28 gällande,
795 901 38 22 der
848 901 54 22 skall
913 902 7 20 i
931 903 30 20 ett

213 936 129 22 civiliseradt
362 936 52 22 land
429 936 81 22 krafter
530 936 65 22 oftast
613 936 68 22 finnas
700 936 33 21 till
747 936 69 22 hands
834 936 34 21 för
886 938 32 20 att
932 935 29 29 på

213 971 70 27 privat
297 972 41 26 väg
352 972 103 26 uppsätta
474 972 40 21 och
532 978 26 15 en
576 971 31 21 tid
625 970 127 23 underhålla
774 971 130 26 densamma,
927 978 34 14 om

213 1013 49 14 man
280 1007 36 20 vet
334 1007 32 20 att
383 1006 170 22 statsunderstöd
571 1006 52 22 eller
641 1005 106 23 eventuelt
769 1006 86 22 skolans
870 1006 91 22 öfverta-

213 1040 69 28 gande
297 1040 25 21 af
334 1042 69 20 staten
422 1042 24 19 är
465 1042 31 20 att
511 1040 103 28 påräkna,
631 1040 24 21 så
669 1042 60 20 snart
743 1040 74 22 skolan
833 1040 82 21 bevisat
929 1040 32 28 sig

213 1075 33 21 för
261 1075 32 21 sin
308 1075 92 22 existens
422 1075 64 22 hafva
504 1076 48 21 stöd
566 1075 31 21 uti
613 1075 40 22 och
667 1075 110 28 uppbäras
793 1075 24 22 af
829 1076 30 21 ett
873 1075 87 21 förhan-

215 1109 135 22 denvarande
365 1109 176 28 bildningsbehof.

280 1144 42 21 Det
337 1145 25 20 är
380 1144 75 21 härvid
474 1144 54 21 dock
543 1146 32 20 att
589 1144 82 26 märka,
686 1145 33 20 att
733 1145 31 20 ett
779 1142 90 23 sålunda
883 1142 77 28 påräk-

214 1178 53 21 nadt
282 1177 74 28 anslag
374 1178 25 21 af
415 1179 108 21 allmänna
537 1178 69 22 medel
620 1177 68 23 måste
703 1185 52 15 vara
769 1177 106 23 beroende
889 1178 25 21 af
929 1179 32 20 att

213 1212 75 21 skolan
302 1213 112 26 uppsättes
434 1212 53 22 efter
505 1219 26 15 en
551 1212 98 29 godkänd
664 1212 58 28 plan,
737 1212 86 21 hvartill
835 1212 39 28 jag
888 1213 72 20 natur-

212 1246 71 27 ligtvis
298 1253 62 14 anser
374 1247 54 20 höra
442 1247 141 27 bibringande
597 1247 24 20 af
633 1245 98 29 förmåga
745 1248 32 19 att
791 1247 8 20 i
808 1247 31 20 tal
849 1246 41 21 och
900 1246 61 21 skrift

214 1280 97 21 använda
332 1280 83 21 landets
438 1280 56 22 båda
516 1280 71 28 språk,
609 1280 86 21 hvilken
715 1279 99 29 förmåga
832 1281 25 20 är
872 1280 33 21 för
920 1280 41 22 den

212 1313 87 23 bildade
320 1314 92 29 gvinnan
434 1315 90 22 likasom
546 1315 34 22 för
601 1322 91 15 mannen
711 1317 31 20 ett
761 1315 106 28 oafvisligt
889 1314 70 27 behof,

212 1351 56 20 samt
286 1351 32 20 att
337 1349 123 23 densamma
478 1350 133 22 fortfarande
629 1351 24 20 är
671 1350 145 22 underkastad
831 1350 92 22 kontroll
938 1350 25 22 af

214 1384 35 21 det
264 1385 107 21 allmänna
386 1384 58 23 öfver
462 1387 32 20 att
509 1385 75 22 skolan
600 1385 86 22 arbetar
701 1385 33 22 för
749 1385 48 22 dess
811 1392 68 15 sanna
894 1385 66 22 ända-

213 1417 52 24 mål:
281 1419 92 28 höjande
392 1419 23 22 af
432 1420 107 22 elevernas
558 1420 68 22 moral
645 1420 40 21 och
704 1420 120 28 intelligens
842 1420 39 22 och
897 1420 62 21 deras

213 1454 121 22 beredande
349 1453 32 23 till
396 1455 70 28 nyttig
480 1455 135 22 verksamhet
629 1455 7 21 i
651 1455 118 22 samhället.

281 1493 96 19 Allmänna
388 1495 159 18 Besvärsutskottets
558 1496 103 17 betänkande
673 1496 34 17 N:o
719 1497 30 16 20.
