1039 1703
226 162 32 17 102
418 158 239 20 Petitionsbetänkande
668 157 37 19 N:v
717 157 34 19 20.

272 224 32 21 På
322 223 69 27 grund
410 222 23 22 af
450 223 63 21 ofvan
531 221 126 22 utvecklade
676 221 47 21 skäl
738 220 39 22 och
792 221 27 21 då
833 220 123 22 Utskottets

204 258 80 26 förslag
299 257 88 22 innebär
402 257 94 27 begäran
511 262 34 16 om
561 262 26 15 en
597 255 179 27 genomgripande
787 254 169 28 reorganisation

204 292 24 21 af
244 292 85 21 landets
348 291 128 27 sjuklassiga
495 291 76 27 lyceer,
587 289 72 22 hvilka
673 290 25 20 så
712 289 86 27 nyligen
812 288 71 22 blifvit
897 294 59 16 reor-

204 326 132 27 ganiserade,
356 327 32 19 att
407 324 195 27 reorganisationen
621 324 80 26 knappt
715 323 76 21 hunnit
806 322 96 27 afslutas,
918 322 39 21 har

202 360 38 27 jag
255 359 46 22 icke
316 359 82 21 kunnat
412 359 74 21 förena
501 358 43 26 mig
563 364 35 15 om
613 357 124 22 detsamma.
767 357 42 27 Jag
823 357 67 27 vågar
904 356 52 21 fast-

204 400 46 15 mer
272 393 68 22 under
362 393 129 21 hänvisande
506 392 34 21 till
556 392 25 21 de
596 391 97 27 motiver,
709 391 38 28 jag
761 391 47 21 haft
825 392 53 20 äran
893 390 63 22 ofvan

204 427 127 27 framställa,
347 427 109 22 vördsamt
471 426 85 26 föreslå,

443 462 29 19 att
490 460 79 21 landets
587 459 112 28 höglofliga
717 459 92 22 Ständer
827 459 64 21 måtte
910 459 46 26 för-

374 495 60 21 kasta
458 494 110 22 Utskottets
585 493 86 28 förslag,
687 493 124 27 framstäldt
824 494 9 21 i
847 493 109 22 resolutio-

375 536 41 15 nen
431 529 17 22 b.

272 565 50 21 Men
341 564 61 22 äfven
420 564 37 27 jag
476 569 63 16 anser
557 563 46 22 icke
618 563 55 22 blott
688 564 31 21 att
735 569 26 16 en
776 564 68 20 större
859 562 97 28 förmåga

204 600 31 20 att
254 599 107 21 behandla
380 599 26 20 de
424 599 68 26 begge
511 597 111 22 inhemska
644 597 92 28 språken
755 599 24 20 är
797 597 34 22 för
849 597 37 22 det
904 603 52 22 upp-

203 633 95 22 växande
318 633 79 26 slägtet
416 633 22 20 af
455 633 76 26 nöden,
550 633 51 20 utan
620 632 39 21 ock
677 633 32 20 att
726 631 66 28 något
806 631 42 22 kan
863 631 40 22 och
917 631 39 22 bör

203 669 70 25 göras,
288 667 34 21 för
337 668 31 20 att
386 667 67 21 sådan
472 666 96 27 förmåga
583 666 55 21 skall
653 665 125 22 förvärfvas.
807 666 149 27 Framgången

203 701 23 22 af
244 702 43 20 alla
306 701 147 21 bemödanden
472 700 33 22 för
524 701 26 21 de
565 701 68 26 begge
649 700 103 27 språkens
767 700 110 21 inlärande
892 700 64 22 beror

204 736 54 21 dock
273 735 47 22 icke
336 735 24 21 af
371 734 149 28 befallningar,
537 736 51 20 utan
602 734 76 22 främst
693 734 39 22 och
747 734 88 22 framför
845 734 40 22 allt
896 734 61 22 deraf

204 771 32 20 att
250 776 49 15 man
315 770 111 26 erkänner,
442 770 23 21 af
478 769 79 27 hjertat
573 769 104 21 erkänner
691 769 69 27 bägge
772 768 102 28 språkens
884 769 71 21 berät-

203 804 86 28 tigande
312 804 40 22 och
373 804 44 26 vill,
440 804 110 26 verkligen
568 804 37 21 vill
625 804 46 20 lära
686 803 33 27 sig
734 804 55 26 dem,
804 803 38 21 vill
857 803 59 21 detta
932 803 24 22 så

203 839 132 26 allvarligen,
358 840 32 20 att
412 844 49 15 man
480 838 46 21 icke
545 838 50 27 skyr
614 838 63 21 möda
695 838 40 21 och
753 838 154 26 ansträngning
922 837 34 21 för

203 874 32 20 att
249 875 75 19 närma
338 872 32 27 sig
386 873 59 21 detta
459 872 49 21 mål.
539 872 106 22 Särskildt
663 874 38 19 äro
716 872 109 21 hemmens
839 871 115 28 inflytande

202 908 7 20 i
226 908 58 20 detta
303 906 100 22 afseende
418 906 24 21 af
454 907 51 26 vigt.
535 906 72 22 Råder
621 906 8 21 i
643 906 94 22 hemmet
751 912 27 16 en
793 906 56 21 anda
863 906 24 21 af
900 906 54 21 anti-

203 942 45 26 pati
267 943 57 19 emot
342 941 36 21 det
396 941 67 21 andra
478 940 110 22 inhemska
603 940 92 27 språket,
711 940 109 22 betraktas
837 940 117 22 detsamma

202 976 8 20 i
231 976 95 20 hemmet
347 975 71 21 såsom
440 981 26 15 en
489 976 81 26 onyttig
593 974 39 22 och
651 974 96 27 odräglig
765 974 74 26 börda,
859 974 25 22 så
898 974 56 22 skall

204 1010 58 21 detta
287 1009 174 21 betraktelsesätt
483 1008 88 22 infiuera
589 1009 28 26 på
635 1008 92 21 barnens
746 1008 51 27 vilja
817 1008 39 21 och
875 1008 31 21 flit
924 1010 32 19 att

203 1043 46 22 lära
271 1043 33 27 sig
323 1043 93 27 språket.
446 1042 89 22 Således
554 1043 67 21 måste
640 1043 75 21 främst
730 1043 119 26 uppryckas
864 1042 90 27 oviljans

203 1079 73 24 rötter,
296 1083 50 16 men
364 1077 73 22 derom
452 1077 42 21 kan
508 1077 95 21 hvarken
617 1077 138 26 petitioneras
771 1077 53 21 eller
839 1077 115 26 lagstiftas.

202 1112 42 26 Jag
259 1117 63 16 anser
337 1111 79 26 vidare,
432 1112 33 20 att
483 1111 76 21 skolan
573 1111 42 21 kan
630 1111 7 21 i
651 1111 106 27 väsentlig
772 1111 53 26 grad
839 1111 116 22 medverka

203 1146 78 25 dertill,
304 1147 33 19 att
354 1145 112 21 nationens
484 1145 51 27 vilja
553 1145 7 20 i
579 1144 100 22 afseende
697 1145 13 21 &
725 1145 26 21 de
766 1145 68 26 begge
850 1145 103 26 språkens

203 1179 111 21 inlärande
329 1179 113 27 uppfylles.
473 1179 80 21 Skolan
567 1179 42 20 kan
623 1179 47 21 icke
685 1179 47 21 lösa
747 1179 147 27 språkfrågan,
905 1185 49 15 men

202 1213 76 21 skolan
292 1213 42 21 kan
348 1212 115 22 förbereda
478 1213 49 21 dess
543 1212 90 27 lösning,
649 1212 39 22 och
703 1213 75 21 skolan
792 1212 37 22 vill
845 1214 52 25 göra
912 1212 42 22 det.

202 1247 49 21 Hon
270 1247 40 20 bör
327 1247 55 21 blott
400 1248 68 20 sättas
486 1247 8 20 i
512 1247 63 20 stånd
593 1248 31 19 att
642 1248 53 25 göra
713 1247 56 20 hvad
787 1246 42 21 hon
847 1247 50 25 kan,
917 1246 37 22 vill

203 1280 39 21 och
260 1280 40 21 bör
318 1282 58 25 göra.
406 1280 79 21 Härtill
503 1280 103 21 behöfvas
625 1280 46 21 icke
689 1280 67 27 några
774 1280 98 21 radikala
886 1280 68 22 refor-

204 1320 45 15 mer
265 1314 53 21 eller
333 1315 59 20 stora
407 1314 166 27 omstörtningar
588 1313 23 23 af
625 1314 36 21 det
676 1314 122 22 bestående.
823 1314 80 21 Härtill
918 1314 36 21 be-

202 1348 74 22 höfves
296 1348 76 22 endast
390 1350 32 20 att
440 1348 22 22 åt
480 1349 26 22 de
520 1349 70 26 bägge
605 1348 110 22 inhemska
730 1348 92 27 språken
836 1348 72 21 anslås
924 1350 30 20 ett

203 1383 127 27 tillräckligt
352 1383 58 22 antal
432 1383 255 27 undervisningstimmar,
711 1383 24 21 så
756 1384 32 20 att
809 1383 76 21 skolan
907 1383 46 21 icke

202 1417 56 22 blott
279 1418 42 21 kan
343 1417 59 28 gifva
424 1424 26 15 en
472 1418 100 27 grundlig
595 1418 38 21 och
655 1418 64 21 säker
740 1418 104 21 teoretisk
862 1418 66 27 insigt
946 1418 8 21 i

202 1453 98 27 språken,
320 1454 51 20 utan
390 1453 40 21 ock
448 1453 39 21 har
500 1453 86 22 tillfälle
601 1453 20 26 ej
637 1453 81 22 mindre
733 1453 33 21 till
781 1453 72 22 kursiv
868 1453 86 27 läsning

270 1493 95 17 Allmänna
377 1493 160 18 Besvärsutskottets
549 1493 103 18 betänkande
664 1493 35 17 N:o
712 1493 28 17 17.
