1042 1700
215 148 12 18 4
344 145 320 22 Petitionsbetänkande
679 144 50 20 N:o
744 142 28 21 9.

188 214 49 20 böra
256 212 127 22 oförändrad
404 212 124 24 bibehällas,
544 211 68 20 skulle
625 211 86 25 jordens
727 216 61 20 egare
805 210 53 19 eller
873 210 58 18 inne-

187 247 85 20 hafvare
297 246 32 21 för
348 246 40 20 den
414 246 95 26 verkliga
529 245 74 21 förlust
624 244 52 20 eller
695 243 117 27 olägenhet,
832 249 43 14 som
891 242 41 20 han

188 282 120 25 derigenom
328 280 69 20 kunde
413 286 60 14 anses
493 280 49 24 lida,
558 278 81 21 erhälla
654 278 67 26 skälig
738 278 114 25 ersättning
867 276 66 26 enligt

187 315 68 20 beslut
274 315 23 19 af
311 314 101 20 Senatens
428 314 110 19 ekonomie
553 313 149 26 departement.
733 311 145 27 Lagutskottet
897 317 35 13 an-

188 348 82 20 märkte
293 348 78 26 härtill,
394 350 30 17 ait
443 348 40 19 den
503 347 106 21 blifvande
630 346 149 26 förordningen
795 345 65 20 borde
874 345 58 19 inne-

188 382 57 20 hålla
264 382 82 26 tydliga
366 382 40 20 och
425 381 136 26 fullständiga
576 380 155 26 bestämningar
746 380 109 25 angående
871 381 62 17 sättet

188 416 32 20 för
236 416 88 20 berörda
347 416 124 25 ersättnings
488 414 152 24 fastställande,
655 414 115 25 hvarjemte
786 414 101 19 utskottet
902 413 31 19 för

188 451 31 19 sin
241 450 34 21 del
296 451 18 25 ej
331 449 64 27 ansåg
411 450 69 25 någon
499 449 60 26 giltig
575 448 114 26 anledning
705 447 113 20 förefinnas
834 449 30 18 att
878 447 54 20 från-

188 484 70 20 känna
274 484 39 20 den
329 483 108 27 sakegare,
449 490 42 13 som
508 484 18 26 ej
538 483 67 20 skulle
616 483 58 26 nöjas
686 482 46 20 med
750 482 35 19 det
800 481 22 20 af
832 481 101 20 Senatens

189 518 111 20 ekonomie
311 518 144 26 departement
466 517 87 27 tillagda
565 517 103 25 beloppet,
680 516 126 27 rättigheten
818 517 30 18 att
859 516 73 19 under-

188 552 62 20 kasta
265 552 46 20 sina
330 551 218 27 ersättningsanspråk
570 550 99 21 domstols
691 550 103 26 pröfning.
825 549 30 20 Af
867 550 65 20 sådan

188 586 62 20 orsak
266 586 91 26 föreslog
372 586 101 20 utskottet
489 586 63 20 bland
568 586 67 19 annat
650 584 94 26 följande
760 584 84 26 tillägg:

326 620 75 26 ”Nöjes
421 626 75 20 egaren
516 620 51 20 eller
585 618 151 20 innehafvaren
756 618 22 20 af
794 617 76 27 jorden
886 618 47 20 icke

258 654 92 25 dermed,
367 660 48 20 eger
430 654 41 19 han
487 654 55 20 inom
558 655 45 18 natt
618 653 40 19 och
674 653 30 25 år,
714 652 53 20 efter
778 652 36 20 det
823 652 111 20 ekonomie

256 688 177 26 departementets
456 688 68 19 beslut
546 688 5 19 i
574 687 65 20 saken
662 687 76 19 honom
762 686 113 26 delgifvits,
898 686 35 20 vid

256 722 91 20 domstol
364 722 7 19 i
392 723 59 19 orten
474 724 43 17 mot
538 721 87 25 kronan,
647 720 52 20 efter
718 721 110 26 stemning,
844 720 91 27 fullfölja

258 756 35 20 sitt
309 756 114 26 pästäende
439 762 32 14 om
489 755 133 27 ersättning.”

257 796 41 19 Vid
324 795 97 27 pröfning
444 795 61 20 häraf
526 796 37 19 har
578 796 94 20 deremot
692 795 117 27 Kejserliga
834 795 100 20 Senatens

190 829 107 27 pluralitet
320 831 18 25 ej
361 831 68 19 ansett
449 830 36 20 det
499 830 74 26 gjorda
589 830 96 26 tillägget
705 836 51 14 vara
772 830 22 19 af
808 830 126 26 omständig-

192 865 86 19 heterna
302 864 116 26 päkalladt,
443 866 50 18 utan
518 866 70 24 syntes
609 864 35 20 det
663 866 89 18 tvärtom
775 864 90 20 Senaten
884 870 52 14 vara

192 899 79 19 mindre
287 898 102 26 lämpligt,
411 900 30 18 att
460 898 47 20 dess
529 899 5 19 i
554 898 58 20 Hans
627 898 116 26 Kejserliga
758 898 107 26 Majestäts
880 898 55 26 höga

191 938 62 14 namn
275 932 123 20 meddelade
414 932 69 20 beslut
503 932 89 20 rörande
608 932 98 26 beloppet
722 932 23 19 af
758 932 40 20 den
814 932 121 27 ersättning,

191 972 45 14 som
256 966 29 19 uti
305 966 37 20 fall
361 966 24 20 af
399 966 161 26 ifrägavarande
579 965 145 21 beskaffenhet
738 966 66 20 borde
819 966 23 19 af
855 966 79 20 kronan

193 1000 96 26 utgifvas,
312 1000 68 20 skulle
404 1000 71 20 kunna
501 1000 135 20 underkastas
658 1000 123 26 ytterligare
799 1000 97 26 pröfning
915 1000 23 20 af

193 1034 96 20 domstol.
319 1034 30 20 Pä
364 1034 67 26 grund
447 1034 22 20 af
483 1034 57 20 detta
556 1034 38 20 och
610 1034 55 20 förut
680 1034 116 20 reciterade
811 1034 46 20 skäl
867 1034 68 20 beslöt

192 1068 117 26 Kejserliga
325 1068 91 20 Senaten
431 1068 38 20 hos
484 1068 56 20 Hans
556 1068 116 26 Kejserliga
688 1068 97 26 Majestät
800 1068 89 25 anmäla,
905 1070 30 18 att

193 1102 90 20 Senaten
299 1101 32 20 för
346 1102 31 19 sin
393 1102 34 19 del
443 1102 64 25 ansäg
522 1101 168 26 betänkligheter
705 1103 57 18 möta
772 1101 164 26 godkännandet

193 1135 39 20 och
248 1135 147 20 bekräftandet
409 1136 24 19 af
445 1135 55 20 hvad
515 1135 113 20 ständerna
642 1136 6 19 i
664 1138 70 17 ämnet
749 1135 114 27 föreslagit,
879 1136 55 20 hem-

193 1169 104 20 ställande
313 1169 90 20 Senaten
419 1169 32 20 för
466 1171 29 24 ty,
511 1169 101 20 huruvida
626 1169 48 19 icke
689 1169 57 20 Hans
761 1169 117 26 Kejserliga
893 1170 42 19 Ma-

190 1203 65 25 jestät
272 1203 7 18 i
299 1203 66 20 nåder
380 1202 49 20 ville
444 1203 43 18 låta
503 1202 72 26 frågan
591 1202 90 21 förfalla,
715 1203 89 19 Hvartill
820 1203 57 20 Hans
893 1203 42 20 Ma-

190 1237 65 24 jestät
277 1236 65 25 enligt
364 1236 55 19 hvad
443 1236 212 19 Statssekretariatets
677 1236 109 19 skrifvelse
810 1237 22 18 af
850 1237 39 18 den
911 1238 23 18 13

194 1269 53 19 Mars
263 1269 68 25 gifver
345 1269 36 19 vid
396 1269 91 23 handen,
501 1269 61 19 äfven
578 1269 68 19 funnit
661 1269 51 25 godt
726 1271 31 17 att
772 1269 79 20 bifalla.

258 1302 41 20 Det
321 1302 38 20 har
381 1303 18 25 ej
418 1302 120 20 tillkommit
557 1302 103 20 utskottet
674 1303 31 19 att
723 1302 47 20 med
787 1303 112 27 anledning
915 1304 24 19 af

193 1336 62 20 ofvan
271 1336 118 20 refererade
405 1336 149 26 upplysningar
570 1336 79 26 afgifva
663 1337 99 25 yttrande
778 1344 34 14 om
827 1338 40 20 den
883 1338 52 20 olik-

193 1370 35 20 het
236 1370 7 20 i
252 1370 138 27 uppfattning,
399 1377 45 14 som
451 1370 75 20 härvid
534 1371 55 26 gjort
596 1372 31 26 sig
635 1370 99 27 gällande
744 1371 38 21 hos
790 1372 81 20 landets
879 1374 56 18 stän-

193 1405 37 19 der
238 1405 39 19 och
289 1405 46 20 dess
344 1406 107 25 regering
444 1401 11 37 ;
461 1405 7 19 i
480 1411 25 14 en
516 1405 90 27 framtid,
618 1406 27 20 dä
655 1406 69 20 denna
734 1406 201 28 lagstiftningsfräga

193 1439 13 20 &
221 1446 41 20 nyo
278 1438 93 22 kommer
387 1439 65 21 under
467 1440 134 26 granskning,
617 1440 59 20 torde
692 1440 118 21 Ständerna
819 1443 49 25 taga
879 1442 57 20 detta

194 1474 65 20 under
277 1474 138 26 ompröfning.
450 1474 97 20 Deremot
565 1474 38 20 bör
623 1475 102 19 utskottet
743 1478 51 23 göra
812 1482 25 13 en
854 1476 81 20 erinran

259 1512 102 19 Allmänna
372 1513 185 19 Besvärs-utskottets
569 1514 111 18 betänkande
692 1514 35 18 N:o
741 1515 14 17 7.
