1053 1709
229 138 13 21 6
349 136 321 22 Petitionsbetänkande
686 136 50 20 N:o
751 136 46 20 50.

201 204 79 22 betala»
298 204 41 20 fick
357 202 57 22 «fritt
428 202 110 28 disponera
552 201 39 22 och
607 201 88 28 föryttra
709 200 24 22 af
745 201 27 21 sit
785 201 55 21 Järn
855 200 23 23 så
892 208 55 21 myc-

203 238 36 22 ket
253 238 43 21 han
310 237 33 21 för
357 236 139 22 creditorerne
511 238 114 26 ograverat
635 235 94 25 hafver»;
745 235 38 21 och
798 235 8 21 i
820 242 79 14 samma
914 243 33 13 an-

203 272 26 22 da
243 272 53 22 talas
310 272 38 21 här
363 271 61 21 äfven
435 278 34 14 om
482 269 102 23 «behållet
595 268 115 29 Tackjärn»
724 276 45 14 som
778 270 55 28 finge
843 269 23 21 af
880 270 68 28 bergs-

203 314 92 14 mannen
309 307 52 20 utan
375 304 152 28 inskränkning
541 303 103 29 föryttras,
665 302 86 22 såframt
769 303 179 29 «Förläggningen

205 340 53 22 intet
272 339 172 29 praejudiceras».
475 338 141 28 Förläggaren
631 337 33 21 till
675 338 114 28 yttermera
799 338 97 21 säkerhet
910 337 39 21 för-

203 374 96 22 klarades
314 373 57 22 detta
391 372 48 22 bref
456 380 76 21 genom
554 380 26 13 en
599 371 123 29 författning
739 371 24 21 af
775 371 41 22 den
831 372 13 21 8
858 372 91 22 Januari

206 408 55 22 1704
268 408 93 25 sålunda,
371 408 30 21 att
413 406 69 29 jernet
493 406 18 29 ej
522 408 60 27 finge,
593 406 130 28 förläggaren
732 406 108 25 ovetande,
851 406 23 22 af
882 406 67 29 bergs-

205 450 91 14 mannen
315 441 36 23 vid
366 448 74 15 ansvar
455 440 105 29 föryttras,
576 440 38 22 och
630 442 35 24 att,
681 440 37 22 der
733 440 73 22 sådant
823 440 77 22 skedde
920 448 29 14 se-

205 476 40 22 dan
260 476 36 22 vid
318 476 133 28 bergstingen
473 475 39 22 och
526 476 74 28 hyttan
622 474 175 29 tillkännagifvits
818 474 73 22 hvilka
906 482 44 14 som

204 518 50 14 vore
268 510 132 28 förlagsmän,
416 510 39 22 och
469 509 72 23 hvilka
556 509 124 28 förlagsmän
697 509 68 21 under
784 517 79 14 samma
885 509 66 29 förlag

205 552 48 15 vore
268 545 111 28 begrepne,
392 544 70 29 jernet
477 544 68 22 skulle
560 543 115 22 återställas
690 543 51 21 eller
756 545 92 20 ersättas.

272 578 47 22 Allt
333 579 57 21 detta
404 578 60 29 gälde
485 578 121 28 bergsbruk.
637 577 223 29 Anmärkningsvärda
881 578 23 22 så
918 578 32 22 till

205 612 53 27 vida,
274 615 31 19 att
322 613 25 21 de
367 612 73 26 utvisa,
462 612 34 22 det
514 611 149 29 förlagsaftalet
681 611 126 22 åtminstone
822 612 8 21 i
844 612 56 22 vissa
914 612 37 22 fall

203 647 71 21 kunde
290 647 106 21 betraktas
411 646 66 22 såsom
493 648 30 20 ett
537 646 91 28 verkligt
643 646 145 28 arbetsbeting,
804 650 35 18 äro
854 646 97 22 Hallord-

204 680 78 29 ningen
303 680 32 22 för
355 680 148 22 klädemakare
520 688 28 14 m.
568 680 20 21 fl.
607 679 23 22 af
647 680 40 21 den
706 680 25 21 17
755 680 64 28 April
838 681 54 21 1722
912 681 38 21 och

204 714 169 28 Hallordningen
395 714 32 22 för
449 714 186 22 manufakturister
649 714 7 21 i
671 714 60 26 silke,
751 714 32 22 ull
801 715 38 21 och
857 714 58 22 linne
930 715 23 21 af

204 750 42 21 den
260 750 26 21 21
302 749 43 28 Maj
362 750 60 20 1739.
452 749 45 21 Det
511 749 60 21 heter
585 748 122 28 visserligen
721 748 32 22 uti
768 748 40 22 den
822 749 129 22 sistnämnda

204 783 159 29 författningen:
397 782 63 23 «Som
474 782 187 22 Manufakturerne
677 783 37 21 och
734 782 215 23 Handtwärkerierne

205 818 26 22 då
246 822 35 17 äro
296 818 8 21 i
319 820 41 19 rätt
375 817 61 26 drifft,
452 822 38 16 när
504 817 153 29 Kiöpmänner,
673 816 126 22 Handlande
815 818 50 21 eller
880 818 69 25 andre,

205 860 45 13 som
264 851 69 22 medel
347 852 38 21 och
401 851 144 29 förmögenhet
559 850 69 26 hafva,
644 850 105 22 undsättia
765 851 48 21 dem
827 851 49 22 med
896 851 56 22 rudi-

205 886 99 21 materier
317 886 40 21 och
371 885 122 29 penningar,
505 887 54 19 samt
574 885 93 21 däremot
689 892 111 14 annamma
815 885 25 21 de
866 885 85 22 jälvärek-

205 920 74 28 ningar
301 920 38 22 och
358 920 79 28 färdige
459 927 67 18 varor,
548 927 45 13 som
614 919 87 21 hestälte
723 919 71 26 blifva,
814 920 50 20 eller
883 920 68 28 giöras

205 954 92 26 kunna»;
312 954 82 22 hvilket
409 953 60 29 tyder
483 953 27 28 pä
528 952 214 29 försträckningsaftal
757 961 49 13 men
821 953 12 21 &
848 953 64 21 andra
927 953 24 21 si-

206 988 40 21 dan
260 988 114 22 benämnas
394 987 112 22 råvarorna
522 992 56 16 ännu
596 987 7 21 i
618 986 167 29 förlagtagarens,
804 989 147 23 «mästarens»,

205 1022 56 21 hand
278 1020 151 30 «förläggarens
445 1029 69 18 vara»,
530 1021 42 21 den
589 1020 151 30 förlagtagaren
756 1021 46 21 icke
818 1029 36 14 var
869 1022 82 22 berätti-

205 1056 40 28 gad
260 1058 30 20 att
304 1055 83 29 försälja
403 1056 50 21 eller
468 1055 105 29 förpanta;
596 1055 35 22 det
653 1056 111 21 «bostälte»
782 1056 79 22 arbetet
883 1056 72 24 skulle.

205 1090 122 28 förfärdigas
342 1090 27 28 pä
391 1089 195 22 öfverenskommen
607 1090 31 20 tid
653 1090 38 20 och
706 1090 33 21 till
753 1090 130 28 förläggaren
898 1090 53 22 leve-

205 1131 55 14 reras
275 1125 44 20 mot
333 1123 99 29 betingad
448 1124 142 21 «arbetslön».
624 1123 64 22 Hvad
705 1132 45 13 som
765 1124 124 27 "emellertid
903 1126 48 20 rätt-

206 1157 91 29 färdigar
313 1158 147 22 användandet
474 1158 22 20 af
507 1158 113 28 begreppet
642 1157 66 29 förlag
723 1157 63 22 äfven
800 1158 44 26 här,
860 1166 37 14 var
912 1158 40 22 den

206 1191 187 29 omständigheten,
409 1194 30 19 att
453 1191 47 21 icke
515 1192 52 21 hvar
582 1192 38 21 och
635 1199 32 18 en,
686 1199 45 14 som
750 1192 52 22 blott
819 1192 133 28 tillfälligtvis

205 1226 93 22 bestälde
313 1226 37 21 hos
365 1225 173 29 näringsidkaren
553 1228 30 20 ett
597 1233 34 13 om
646 1226 38 20 ock
699 1228 65 19 större
775 1226 54 28 parti
839 1226 24 22 af
874 1226 77 22 dennes

206 1259 165 27 tillverkningar,
395 1266 36 15 var
446 1259 121 27 förläggare.
600 1259 112 27 Förlaget.
721 1255 110 35 förutsatte
853 1261 30 20 ett
904 1259 48 23 fort

206 1292 112 22 bestående
333 1292 135 26 förhållande,
479 1292 120 22 hvarunder
609 1292 129 28 förläggaren
753 1292 146 22 tillhandahöll
913 1293 40 22 för-

206 1327 119 28 lagtagaren
335 1326 119 23 råmaterial
464 1334 27 14 m.
503 1334 38 19 m.;
557 1327 39 21 och
606 1327 143 22 betecknande
764 1329 53 20 samt
831 1327 27 30 på
872 1335 79 15 samma

207 1360 53 30 gång
270 1360 24 22 af
304 1361 40 21 den
356 1360 68 23 tidens
434 1360 215 23 kreditförhållanden
663 1362 108 29 betingadt
785 1370 44 18 var,
844 1364 31 20 att
890 1362 61 22 äfven

207 1396 39 21 här
253 1403 26 14 en
286 1396 53 21 hvar
349 1396 68 22 skulle
426 1396 56 22 hålla
488 1396 32 28 sig
528 1396 33 22 till
571 1404 26 14 en
608 1395 114 30 förläggare
732 1397 39 22 och
785 1399 30 20 att
825 1398 47 26 han,
885 1398 67 21 ehuru

207 1430 42 22 han
263 1438 37 14 var
314 1430 116 29 berättigad
451 1432 31 20 att
503 1431 71 21 arbeta
595 1430 48 22 med
658 1433 47 26 eget
719 1431 71 29 förlag,
807 1432 53 22 dock
876 1432 19 29 ej
911 1432 41 22 fick

207 1468 49 25 göra
270 1464 36 22 det
320 1464 27 29 på
361 1472 79 14 samma
454 1464 54 30 gång
523 1473 44 13 som
578 1466 43 21 han
631 1466 97 21 arbetade
738 1466 48 22 med
797 1474 85 19 annans,
893 1467 58 21 hvar-

274 1499 137 28 Lagutskottets
423 1505 113 19 betänkande
547 1506 37 18 N:o
593 1506 30 21 21.
