1048 1711
266 144 13 19 4
399 139 308 21 Petitionsbetänkande
719 139 46 19 N:o
777 139 35 18 49.

540 208 88 28 Förslag
643 208 34 22 till

297 284 138 28 Underdånig
457 283 91 28 petition
571 290 33 14 om
621 282 121 22 införandet
757 283 23 21 af
792 283 95 27 läneting
901 283 8 20 i
921 282 49 21 Fin-

238 317 57 22 land.

288 368 80 22 Enhvar,
383 374 38 13 som
435 371 54 21 egnat
500 370 60 22 någon
573 369 162 23 uppmärksamhet
747 368 19 18 åt
779 369 40 18 vårt
831 369 53 17 lands
898 368 73 18 utveck-

240 398 38 23 ling
288 398 59 18 under
361 397 21 19 de
395 398 76 18 sednare
485 398 48 20 åren,
544 398 58 18 måste
615 398 41 17 med
667 398 61 22 glädje
742 397 81 18 erkänna
836 399 27 16 att
872 403 64 17 genom
943 403 27 12 re-

239 427 96 23 geringens
357 427 33 18 och
408 427 87 17 landsens
507 427 87 18 Ständers
608 431 133 18 gemensamma
752 426 125 18 bemödanden
891 426 80 23 kraftiga

241 456 86 22 åtgärder
344 455 60 18 blifvit
422 455 88 23 vidtagna
522 455 51 18 såväl
586 455 27 18 till
624 455 120 22 jordbrukets
757 455 34 18 och
804 455 59 22 öfriga
874 455 96 22 näringars

240 484 142 22 upphjelpande,
395 489 39 12 som
447 483 28 18 till
488 483 202 23 folkundervisningens
701 482 131 23 förbättrande,
839 483 130 18 helsovårdens

241 513 99 21 ordnande,
358 512 214 18 kommunikationernus
589 512 145 22 underlättande,
747 511 163 24 fängelsevårdens
925 512 44 17 tids-

241 541 80 22 enligare
340 541 123 23 organisation
481 547 22 11 m.
521 546 24 13 m.
573 541 100 18 Initiativet
684 541 29 17 till
726 541 53 18 dessa
793 541 70 22 nyttiga
875 541 94 22 ätgärders

241 569 109 23 vidtagande
368 570 33 17 har
421 569 47 18 dock
484 570 59 17 hittils
561 569 83 23 vanligen
657 570 60 22 utgätt
729 569 48 17 ifrän
789 569 22 18 de
823 569 147 19 administrativa

240 598 157 22 myndigheterna,
417 598 64 18 hvilka
498 598 41 19 icke
557 598 52 18 alltid
632 598 46 18 varit
695 598 6 18 i
714 598 72 18 tillfälle
801 600 26 16 att
839 598 82 18 inhemta
935 598 35 18 den

241 626 116 24 nödvändiga
375 626 104 18 kännedom
497 632 29 12 om
545 627 63 18 lokala
620 627 127 18 förhällanden
760 629 47 16 samt
819 627 22 18 de
854 627 117 23 olägenheter

242 656 34 18 och
293 656 70 21 hinder,
381 661 37 12 som
431 656 6 16 i
451 656 50 18 olika
513 656 51 18 delar
576 656 20 18 af
608 656 62 18 landet
682 656 92 18 försvårat
787 656 49 18 och
829 652 11 31 i
850 657 76 22 somliga
939 656 32 18 fall

240 684 107 18 tillochmed
360 684 103 18 motverkat
476 684 22 18 de
510 685 122 18 helsosamma
644 684 88 18 reformer
744 685 5 17 i
762 685 99 18 bestående
871 685 100 18 förhällan-

241 713 34 18 den
295 712 89 24 styrelsen
403 713 61 18 afsett.
487 714 47 17 Vårt
552 714 60 18 finska
629 714 44 21 folk,
691 719 39 13 som
747 714 59 18 under
818 714 34 18 den
869 714 63 23 längre
945 714 26 18 tid

241 742 41 17 vårt
298 742 152 18 konstitutionela
467 742 101 18 statsskick
584 742 63 21 hvilat,
665 744 43 16 vant
721 742 27 23 sig
760 745 27 15 att
799 742 70 23 passivt
881 744 91 21 emottaga

242 770 22 18 de
276 770 123 23 tillgöranden
411 770 29 18 för
452 771 41 17 dess
506 770 76 22 välfärd,
596 776 39 12 som
648 771 20 17 af
678 771 89 23 styrelsen
780 771 91 23 vidtagits,
878 772 35 17 har
925 772 47 17 först

242 804 65 17 genom
324 799 41 18 vårt
381 799 153 18 konstitutionela
546 799 110 18 statsskicks
669 799 131 18 återställande
810 800 79 22 påmints
903 806 28 12 om
945 800 27 18 sin

241 828 47 22 pligt
301 829 26 16 att
343 828 137 22 sjelfverksamt
491 828 99 18 medverka
603 828 28 18 till
644 828 102 18 ordnandet
759 828 20 18 af
789 828 40 18 sina
842 834 46 17 egna
901 829 72 22 angelä-

241 856 92 23 genheter.
357 856 33 18 Att
407 861 64 18 genom
492 857 30 17 det
542 856 108 23 deltagande
671 857 32 17 vår
719 857 85 22 högsinte
817 857 77 18 Monark
906 857 67 23 inrymt

242 885 31 18 det
291 884 60 18 finska
370 884 59 18 folket
446 885 29 17 vid
488 890 95 18 omsorgen
596 890 28 12 om
638 885 31 17 det
682 885 92 18 allmänna
787 885 52 18 bästa
851 885 23 18 de
886 885 88 22 framsteg

241 914 7 17 i
261 914 42 17 dess
321 913 120 18 ekonomiska
457 914 106 23 utveckling
578 913 143 24 tillvägabragts,
735 919 38 12 som
787 914 30 17 vid
832 914 140 23 Högstdensam-

242 948 38 13 mes
299 943 57 18 besök
374 942 6 18 i
395 942 72 18 landets
483 943 113 18 hufvudstad
609 943 78 18 beredde
699 943 67 18 honom
780 949 22 12 en
815 945 87 20 angenäm
915 943 58 18 öfver-

243 972 93 22 raskning,
349 972 33 17 bör
394 973 66 20 utgöra
472 971 29 18 för
513 977 22 12 en
548 973 46 17 hvar
606 972 20 17 af
637 977 29 12 oss
679 977 23 12 en
715 973 112 22 uppmaning
840 974 27 16 att
876 973 99 17 medverka

242 1001 29 17 till
283 1000 70 18 sådana
364 999 134 19 institutioners
511 1000 104 18 inrättande
629 1001 4 17 i
645 1001 40 17 vårt
697 1001 48 21 land,
759 1006 38 13 som
811 1006 42 13 vore
866 1001 69 23 egnade
948 1003 27 16 att

243 1029 33 18 hos
289 1029 58 18 folket
359 1028 99 19 framkalla
469 1031 27 16 ett
506 1029 78 23 lifligare
598 1029 108 22 deltagande
718 1030 6 17 i
737 1029 92 18 allmänna
842 1030 44 21 värf,
901 1031 21 16 än
936 1035 37 12 som

244 1057 71 22 hittills,
328 1063 43 12 vare
389 1058 28 22 sig
433 1057 28 18 till
475 1058 46 22 följd
534 1058 20 17 af
565 1057 35 18 den
613 1058 20 17 af
643 1058 36 22 mig
692 1058 58 17 redan
763 1059 96 17 omnämda
871 1059 103 17 overksam-

244 1087 56 18 heten
321 1087 58 18 under
395 1086 51 18 tiden
459 1087 39 17 före
511 1087 30 17 det
553 1087 152 17 konstitutionela
717 1087 130 18 statsskickets
859 1087 116 22 återupprät-

243 1115 61 21 tande,
323 1114 45 18 eller
390 1114 28 18 till
436 1115 47 22 följd
501 1115 20 17 af
539 1115 41 18 dess
598 1117 48 15 ännu
659 1114 41 23 låga
714 1115 134 18 intellektuella
861 1115 114 23 ståndpunkt

244 1142 115 22 förefunnits,
368 1145 47 15 samt
427 1144 27 16 att
464 1143 28 17 till
507 1143 71 17 Honom
592 1144 56 21 öppet
660 1143 33 17 och
707 1142 116 18 oförskräckt
835 1143 6 17 i
853 1143 121 23 underdånig-

244 1172 32 17 het
288 1171 93 18 frambära
393 1171 44 18 våra
449 1172 112 22 önskningar
573 1171 6 17 i
593 1171 50 18 detta
656 1171 91 18 afseende.

289 1200 69 18 Genom
377 1200 22 18 de
417 1200 86 22 åtgärder
521 1200 32 18 vår
570 1200 52 23 Höge
640 1200 77 18 Monark
735 1200 6 17 i
753 1200 84 23 förening
849 1200 42 18 med
903 1200 72 18 landets

245 1229 78 18 Ständer
342 1229 76 23 vidtagit
437 1228 29 18 till
485 1229 103 18 ordnandet
600 1228 20 19 af
631 1229 194 19 kommunalväsendet
838 1230 50 17 såväl
901 1229 24 22 på
937 1229 38 18 lan-

245 1259 30 16 det
288 1263 38 11 som
338 1258 6 16 i
357 1258 87 16 städerna
456 1258 34 16 har
503 1260 26 14 ett
542 1259 48 15 stort
604 1259 39 20 steg
655 1258 55 21 tagits
723 1257 28 17 till
765 1257 103 18 väckandet
879 1257 21 17 af
907 1257 68 17 folkets

243 1286 78 17 intresse
340 1284 29 18 för
386 1285 92 17 allmänna
493 1286 43 16 värf
552 1285 34 17 och
603 1284 140 23 mångenstädes
755 1285 101 22 förspörjes
869 1285 56 17 redan
937 1284 38 18 väl-

245 1313 120 22 signelserika
377 1314 110 22 verkningar
500 1314 19 17 af
531 1314 68 18 folkets
612 1313 28 18 till
652 1313 161 23 sjelfmedvetande
820 1313 96 19 vaknande
923 1314 52 18 verk-

245 1342 76 18 samhet.
346 1342 42 18 Men
412 1342 24 23 på
455 1347 68 13 samma
542 1342 48 23 gång
602 1342 32 18 det
645 1342 60 18 finska
718 1342 59 18 folket
790 1342 61 18 blifvit
863 1342 71 22 påmint
946 1348 28 12 om

245 1370 28 18 sin
288 1370 46 23 pligt
351 1372 26 17 att
392 1370 49 19 lefva
455 1371 68 23 jemväl
539 1371 29 18 för
585 1371 57 23 högre
657 1372 84 17 ändamål
754 1374 23 15 än
790 1372 29 17 sin
831 1376 45 18 egen
889 1372 34 17 och
935 1372 40 18 sina

245 1401 101 16 närmastes
364 1399 76 22 välfärd,
458 1400 35 17 har
511 1399 31 18 det
558 1400 77 17 kommit
651 1399 28 17 till
693 1400 56 22 insigt
761 1400 20 18 af
792 1400 28 17 sin
833 1399 93 18 bristande
939 1400 35 17 för-

246 1427 53 23 måga
311 1429 32 20 att,
356 1428 59 17 såsom
428 1427 27 24 sig
467 1428 39 21 bör,
519 1427 73 24 deltaga
603 1428 7 17 i
624 1427 22 18 de
659 1428 44 21 värf,
711 1433 38 12 som
762 1428 61 23 åligga
834 1428 101 17 detsamma
947 1428 26 17 så-

245 1461 39 13 som
304 1456 77 18 medlem
395 1457 6 16 i
414 1457 117 21 kommunen,
544 1456 59 19 såsom
616 1457 119 22 medborgare
747 1457 6 18 i
765 1457 102 22 samhället,
881 1457 93 18 äfvensom

245 1485 21 18 af
282 1485 70 18 bristen
371 1485 6 18 i
393 1485 40 18 vårt
445 1485 43 18 land
500 1485 24 23 på
536 1485 69 18 sådana
616 1485 130 22 institutioner,
759 1491 38 13 som
809 1491 43 12 vore
865 1485 70 24 egnade
948 1488 27 15 att

310 1520 139 23 Lagutskottets
462 1520 116 19 betänkande
591 1520 33 19 N:o
638 1521 27 17 20.
