1045 1700
301 140 80 23 Ständ.
397 141 106 23 Petition
517 142 41 22 N:o
572 142 35 21 43.
785 143 13 21 3

83 202 134 29 otillräckligt
226 203 85 28 kapital,
322 211 75 20 genom
408 204 134 28 möjligheten
558 206 31 20 att
603 204 96 22 använda
713 205 114 21 detsamma

83 236 31 22 till
129 236 146 22 förvärfvande
290 237 23 21 af
325 239 30 20 ett
368 237 126 28 jordstycke,
511 246 43 13 som
576 238 63 21 fäster
653 239 75 21 honom
745 238 35 21 vid
795 238 32 21 sin

83 271 60 28 bygd,
159 271 7 20 i
182 271 69 21 stället
266 271 32 21 för
312 273 31 20 att
356 272 42 21 han
414 271 59 28 eljest
488 272 67 21 skulle
576 272 83 21 tillhöra
679 272 40 21 den
737 273 43 20 lösa
794 273 33 20 be-

83 304 129 28 folkningen,
227 305 87 21 hvilken
329 305 32 22 uti
376 305 74 28 sedligt
472 306 97 21 afseende
584 306 7 21 i
606 307 114 20 allmänhet
735 307 92 20 befinner

83 338 31 28 sig
129 338 25 29 på
170 346 25 13 en
211 339 55 28 lägre
282 339 135 28 ståndpunkt,
433 344 26 16 än
474 340 40 21 den
530 339 85 22 bofasta.
640 339 38 22 Uti
694 340 40 21 den
744 339 84 28 Kejser-

83 372 42 28 liga
140 373 133 28 proposition,
290 373 86 21 hvilken
391 374 56 27 legat
460 374 33 21 till
507 374 67 27 grund
589 373 32 22 för
635 374 40 21 den
690 382 29 13 nu
733 374 94 28 gällande

83 406 148 29 författningen
247 407 7 20 i
270 409 75 24 ämnet,
357 412 22 16 är
391 407 61 22 äfven
468 407 79 28 antydt,
561 410 31 19 att
606 408 25 21 de
646 408 181 28 inskränkningar,

82 441 72 21 hvilka
169 441 26 21 då
210 443 77 20 ansetts
309 441 51 21 böra
381 445 59 24 göras
455 441 7 22 i
478 442 40 21 den
537 442 138 28 obegränsade
693 442 89 21 friheten
798 444 31 20 att

83 475 73 28 stycka
168 475 80 28 jorden,
261 483 48 14 vore
320 477 30 20 att
360 476 104 21 betraktas
475 476 67 21 såsom
553 476 72 21 endast
640 476 138 29 öfvergående
789 477 38 20 och

83 509 154 26 försvinnande,
253 509 7 22 i
275 510 40 21 den
330 518 48 13 mon
397 510 145 22 erfarenheten
564 510 112 29 ådagalade
691 510 136 29 obehöflighe-

83 545 36 20 ten
135 543 23 22 af
170 551 26 14 en
212 543 63 22 sådan
290 544 144 28 begränsning.

152 578 117 21 Ständerna
284 578 63 22 tveka
361 578 46 22 icke
422 580 30 20 att
466 579 120 27 obetingadt
601 579 81 21 ansluta
692 579 31 27 sig
736 579 32 21 till
777 559 52 47 äsig-

84 615 35 18 ten
141 620 34 12 om
198 612 167 21 önskvärdheten
388 612 23 21 af
429 612 221 28 jordparcelleringens
664 613 111 27 gynnande
790 613 38 21 och

83 645 165 22 underlättande.
274 645 34 21 De
319 645 166 28 anmärkningar,
496 653 44 14 som
556 648 55 19 emot
625 646 121 21 densamma
756 646 70 21 blifvit

84 679 77 28 gjorda,
178 687 61 20 synas
258 679 117 22 Ständerna
398 687 49 14 vara
468 679 24 22 af
508 679 153 29 jemförelsevis
684 680 145 21 underordnad

85 716 61 19 natur
160 714 39 21 och
214 713 133 28 vederläggas
361 721 75 20 genom
452 713 145 22 erfarenheten
612 713 47 22 från
669 714 24 21 de
704 714 77 26 länder,
793 715 36 20 der

85 747 128 22 skrankorna
235 747 32 22 för
287 747 210 29 jordparcelleringen
519 748 60 28 länge
603 748 64 21 sedan
689 747 69 23 blifvit
782 749 47 20 ned-

85 783 80 21 brutna.
197 782 65 21 Hvad
283 782 97 22 särskildt
402 783 96 21 beträffar
514 783 40 21 den
576 782 61 22 ofvan
653 783 125 21 omnämnda
792 783 39 21 far-

85 817 73 28 hågan,
170 819 30 19 att
211 825 26 13 en
251 816 127 22 obehindrad
391 816 159 29 jordstyckning
564 817 91 22 verkade
669 817 33 22 till
717 817 113 22 förökande

86 851 23 22 af
116 851 142 28 proletariatet
268 851 38 21 och
316 851 101 21 hindrade
428 851 34 22 det
477 851 101 22 rationela
590 851 129 28 jordbruket,
735 851 23 22 så
772 851 58 22 torde

86 886 35 21 det
135 885 21 21 få
170 885 105 22 betraktas
290 885 67 21 såsom
372 887 29 19 ett
425 885 225 22 nationelekonomiskt
664 885 75 26 axiom,
755 887 30 20 att
803 893 25 13 en

86 920 57 21 stark
158 919 123 28 folkökning
296 921 60 26 utgör
371 927 25 13 en
411 919 51 28 följd
481 919 23 22 af
517 919 38 22 och
574 921 29 20 ett
617 919 59 22 bevis
690 919 27 28 på
731 921 30 20 ett
775 919 56 28 lyck-

86 953 38 29 ligt
135 953 131 22 ekonomiskt
276 953 99 26 tillstånd,
383 953 91 21 likasom
490 954 46 25 den,
552 953 105 26 omvändt,
673 958 23 16 är
711 961 26 14 en
751 953 80 28 mäktig

86 987 96 29 häfstång
197 987 32 22 till
244 987 89 29 höjande
356 987 23 21 af
392 987 122 26 välståndet,
530 987 7 21 i
553 987 35 22 det
610 987 121 22 densamma
744 988 87 21 bereder

86 1022 87 29 tillgång
186 1022 34 21 till
235 1021 98 29 rikligare
348 1021 147 22 arbetskrafter
507 1021 32 22 för
552 1021 123 29 jordbruket
689 1022 38 21 och
743 1022 40 21 alla
798 1030 33 13 an-

87 1057 36 21 dra
138 1056 102 28 näringar.
272 1055 40 22 Om
328 1064 29 12 nu
373 1056 56 21 detta
444 1055 32 21 får
490 1059 85 25 antagas
590 1055 66 22 såsom
673 1064 25 12 en
713 1056 120 28 obestridlig

88 1090 88 29 sanning
190 1091 8 20 i
213 1090 119 25 allmänhet,
348 1090 37 21 bör
400 1090 34 22 väl
449 1090 68 21 denna
532 1090 88 28 sanning
641 1089 73 23 främst
728 1090 57 21 finna
800 1090 32 22 sin

88 1125 133 28 tillämpning
235 1124 8 22 i
258 1126 30 21 ett
302 1124 23 22 så
345 1124 54 29 glest
420 1124 106 22 befolkadt
547 1124 54 26 land,
624 1132 44 13 som
683 1124 97 26 Finland,
797 1124 36 22 der

89 1160 127 22 vidsträckta
231 1159 126 22 vildmarker
373 1159 72 22 endast
459 1161 63 20 vänta
536 1159 27 28 på
577 1159 90 25 odlaren,
683 1158 32 22 för
729 1161 31 20 att
772 1159 60 21 fram-

88 1195 73 27 bringa
183 1194 91 25 skördar,
290 1193 38 22 och
343 1193 36 21 der
394 1193 25 21 de
434 1193 58 22 flesta
515 1193 97 28 näringar
626 1193 45 21 föra
693 1201 25 13 en
741 1193 91 28 tynande

89 1229 88 24 tillvaro,
194 1227 7 21 i
216 1227 52 22 brist
277 1227 26 28 på
313 1226 130 22 arbetskraft.
469 1227 35 21 Då
518 1227 71 22 härtill
603 1227 101 26 kommer,
720 1229 30 20 att
764 1227 69 22 besitt-

90 1263 51 28 ning
155 1261 23 22 af
191 1262 100 27 egendom
306 1261 8 21 i
328 1261 114 21 allmänhet
464 1261 37 21 hos
516 1261 72 28 hvarje
603 1261 188 21 samhällsmedlem
805 1261 28 21 fo-

90 1300 53 18 strar
157 1304 26 13 en
198 1296 93 21 starkare
306 1295 73 21 känsla
393 1294 24 22 af
429 1295 166 28 sjelfständighet
609 1295 39 21 och
663 1297 47 26 eget
722 1295 63 21 värde
794 1295 39 21 och

90 1331 120 20 framkallar
226 1337 25 13 en
266 1330 63 27 högre
344 1329 50 27 grad
409 1329 23 20 af
444 1329 87 27 aktning
546 1329 32 20 för
592 1329 76 20 honom
679 1329 62 20 äfven
750 1329 37 20 hos
800 1337 34 12 an-

91 1365 36 20 dra
142 1375 27 3 —
184 1365 30 19 ett
228 1362 135 25 förhållande,
379 1369 44 14 som
437 1360 145 23 företrädesvis
596 1366 37 23 gör
648 1362 31 27 sig
689 1362 95 27 gällande
799 1363 35 21 vid

91 1397 113 28 besittning
219 1396 22 22 af
253 1395 41 23 fast
309 1396 106 28 egendom,
434 1408 22 2 —
473 1398 54 19 samt
542 1395 46 26 den,
603 1403 45 14 som
667 1395 49 29 sjelf
729 1396 47 21 med
790 1396 44 21 red-

91 1434 46 21 bart
160 1432 70 21 arbete
256 1430 115 22 förvärfvat
396 1438 32 18 en,
451 1438 33 13 om
510 1435 26 16 än
560 1429 59 30 ringa
641 1430 116 29 grundplåt,
779 1430 8 21 i
809 1431 26 21 de

93 1467 51 22 allra
158 1467 59 21 flesta
231 1465 36 22 fall
282 1465 53 22 skall
350 1464 62 28 bjuda
431 1465 31 21 till
480 1467 30 20 att
524 1465 60 22 sköta
605 1465 38 21 och
658 1465 71 22 vidare
744 1464 91 23 förkofra
