1042 1703
242 148 28 20 10
373 148 314 19 Petitionsbetänkande
702 146 50 21 N:o
768 149 37 16 13.

210 214 50 21 med
282 215 56 20 stort
361 213 68 26 bifall,
452 214 93 26 begynte
567 214 64 20 dessa
655 213 105 21 anstalter
782 215 61 18 snart
858 213 75 26 aftyna
947 212 8 21 i

210 247 57 21 brist
289 247 28 26 på
340 247 79 25 elever;
439 247 42 21 den
502 247 58 21 förra
582 247 39 20 har
643 253 89 14 numera
746 247 101 26 upphört,
862 246 37 21 vid
914 246 42 21 den

210 287 77 15 senare
309 281 48 21 åter
379 281 63 20 hafva
464 281 186 26 föreläsningarna
664 281 69 20 under
749 281 61 20 detta
824 280 25 21 år
863 280 93 26 fortgått

210 315 56 20 blott
287 315 33 20 uti
342 315 32 20 ett
388 315 56 20 enda
459 316 67 24 ämne,
542 315 97 20 historia.
669 314 75 21 Under
758 314 99 21 läseåren
871 314 84 21 1873—

210 348 55 21 1875
281 343 12 36 —
302 348 126 26 föredrogos
469 348 35 21 vid
536 348 137 26 Helsingfors
707 347 249 22 fruntimmersakademi

210 382 92 27 religion
331 382 41 20 och
400 382 167 26 kyrkohistoria,
597 382 56 20 finsk
683 382 39 21 och
751 382 80 20 allmän
858 382 97 25 historia,

210 416 120 28 psykologi,
346 416 80 21 allmän
445 416 209 27 litteraturhistoria,
665 416 79 21 svensk
753 416 136 26 grammatik,
897 416 59 21 litte-

209 450 154 22 raturhistoria
378 450 39 21 och
432 450 177 27 ämneskrifning,
624 450 76 26 finska,
711 450 56 21 finsk
777 450 179 21 litteraturhisto-

209 485 39 25 ria,
264 484 132 26 matematik,
411 485 91 26 populär
517 484 100 27 fysiologi
627 484 40 21 och
678 484 80 21 allmän
773 484 115 26 helsolära,
900 485 57 20 samt

209 518 59 27 fysik
297 518 40 22 och
352 518 63 21 kemi.
445 518 188 27 Undervisningen
657 518 127 21 handhades
806 518 151 26 förnämligast

210 552 24 21 af
247 552 211 21 universitetslärare
481 553 39 20 och
539 553 104 21 skolmän.
673 552 40 21 Att
730 552 38 21 vid
783 552 78 21 sädant
876 552 80 21 förhäl-

210 586 65 22 lande
290 593 27 14 en
332 586 247 22 fruntimmersakademi
593 587 48 21 icke
657 592 38 16 ens
708 587 7 20 i
725 586 162 21 hufvudstaden
902 586 54 20 kun-

210 622 38 19 nat
272 620 59 21 hälla
351 620 33 26 sig
398 627 57 19 uppe
470 620 74 27 längre
560 622 27 20 än
602 621 69 20 under
686 620 37 21 tvä
738 620 30 26 är,
784 622 55 19 trots
855 620 27 21 de
897 622 60 19 stora

209 654 177 27 förhoppningar,
402 654 102 21 hvarmed
516 654 106 27 företaget
637 655 7 20 i
660 654 33 21 sin
707 654 132 27 begynnelse
855 655 101 28 mottogs,

210 690 24 18 är
252 689 32 20 ett
302 687 90 26 faktum,
408 688 64 21 värdt
487 689 32 20 att
533 695 56 20 noga
604 688 97 26 beaktas,
717 689 56 20 samt
787 687 91 22 innebär
893 687 64 27 vigti-

210 728 27 21 ga
252 722 108 21 lärdomar
375 721 33 22 för
423 721 122 27 framtiden,
561 729 50 14 vare
627 722 33 27 sig
674 724 33 19 att
723 722 36 21 det
775 728 81 15 samma
870 721 35 21 mä
920 727 37 15 an-

210 762 34 15 ses
260 755 51 22 bero
326 755 28 27 pä
365 755 66 27 nägot
443 756 30 21 fel
488 756 8 21 i
511 756 76 27 sjelfva
599 756 121 21 anstaltens
737 755 154 27 organisation,
904 755 53 22 eller

210 791 32 19 att
261 789 92 21 orsaken
375 789 43 21 kan
433 790 59 27 ligga
506 790 32 21 uti
553 790 112 21 bristande
680 790 93 21 intresse
789 790 40 21 och
843 789 114 22 ofullstän-

211 823 103 27 digheten
329 823 24 21 af
367 824 26 21 de
408 824 121 21 ähörandes
545 824 165 27 förkunskaper.
960 833 2 8 :

278 858 76 21 Redan
379 858 46 21 förr
446 860 27 19 än
492 858 71 27 någon
584 858 94 21 särskild
693 859 100 20 akademi
808 859 33 20 för
856 858 101 21 fruntim-

211 898 46 14 mer
272 892 56 20 varit
343 892 91 26 påtänkt
449 893 7 20 i
471 892 48 21 vårt
534 893 57 25 land,
608 892 55 21 hade
678 892 62 27 fråga
754 892 73 21 blifvit
843 892 64 21 väckt
922 899 34 14 om

209 925 148 21 fruntimmers
386 927 44 19 rätt
462 927 32 20 att
516 926 36 21 vid
574 926 86 21 landets
683 927 129 20 universitet
835 927 66 21 vinna
924 927 33 21 in-

209 959 69 26 träde,
294 959 67 21 sedan
377 959 24 20 år
416 960 56 20 1870
487 960 7 20 i
510 959 49 27 laga
573 960 93 26 ordning
681 960 122 27 ansökning
810 960 73 21 blifvit
893 961 64 26 gjord

210 999 34 14 om
259 993 101 21 tillstånd
374 993 34 21 för
423 995 32 19 ett
469 1000 66 20 yngre
551 994 136 21 fruntimmer
702 995 39 24 att,
758 994 121 21 oberoende
887 994 24 21 af
918 994 40 21 sitt

210 1026 50 26 kön,
276 1026 22 21 få
321 1026 86 27 aflägga
430 1027 185 21 studentexamen.
654 1027 36 21 Uti
713 1027 115 21 skrifvelse
850 1028 23 20 af
887 1028 41 20 den
943 1028 14 20 2

210 1060 105 21 Februari
337 1067 81 15 samma
440 1061 24 21 är
486 1061 119 27 tillstyrkte
628 1061 159 21 Consistorium
810 1062 147 21 academicum

209 1094 63 21 bifall
286 1094 35 21 till
336 1095 70 21 denna
422 1095 106 25 anhållan,
545 1096 23 20 sä
582 1095 87 27 mycket
683 1095 76 26 hellre,
772 1102 45 14 som
829 1096 42 20 den
882 1097 74 25 syntes

209 1128 105 21 innebära
328 1130 32 19 ett
375 1128 115 27 glädjande
506 1129 60 21 bevis
581 1129 73 27 derpä,
670 1130 33 20 att
717 1129 64 21 äfven
791 1129 33 21 för
835 1130 41 20 den
886 1129 71 22 finska

210 1162 95 26 gvinnan
320 1163 32 20 ett
367 1162 67 21 behof
447 1163 92 26 begynte
555 1165 53 24 göra
623 1163 34 26 sig
672 1163 100 26 gällande
787 1165 33 19 att
834 1163 69 21 blifva
911 1164 45 20 del-

210 1196 62 26 aktig
293 1195 23 21 af
340 1196 41 20 den
404 1196 66 26 högre
492 1196 106 27 bildning,
616 1197 111 21 hvarifrän
742 1197 44 21 hon
801 1203 76 20 genom
893 1198 64 20 seder

211 1229 40 21 och
273 1229 254 22 -samhällsförhällanden
543 1230 79 21 dittills
637 1231 57 21 varit
709 1230 121 26 utesluten;
847 1230 40 22 och
903 1230 52 22 fann

209 1262 61 21 Hans
293 1262 103 26 Majestät
411 1262 80 27 jemväl
513 1263 52 26 godt
580 1265 33 19 att
634 1263 34 21 till
684 1264 43 20 den
742 1264 77 26 gjorda
831 1264 103 22 anhällan
948 1264 8 20 i

210 1295 68 21 näder
300 1295 84 21 bifalla.
421 1296 85 21 Samma
527 1296 24 21 är
565 1296 49 22 blef
627 1297 157 21 konsistorium
799 1303 76 21 genom
890 1297 65 21 skrif-

210 1329 58 22 velse
293 1329 23 22 af
337 1330 41 21 den
398 1330 14 21 2
426 1330 43 27 Maj
485 1330 48 22 frän
547 1331 124 27 Kejserliga
686 1331 105 21 Senatens
807 1331 148 22 ecklesiastik-

210 1363 124 28 expedition
345 1363 112 22 anbefaldt
472 1366 33 20 att
518 1365 109 21 inkomma
635 1365 49 22 med
692 1365 146 28 underdänigt
847 1366 108 27 yttrande,

209 1397 108 22 huruvida
332 1398 39 21 och
386 1399 49 21 med
450 1399 57 22 hvad
521 1399 70 22 vilkor
599 1399 40 22 och
646 1400 131 27 rättigheter
785 1400 92 28 gvinnor
887 1401 68 21 borde

209 1432 91 28 beviljas
315 1433 86 21 inträde
416 1433 70 22 säsom
501 1434 132 22 studerande
647 1435 38 20 vid
699 1435 134 22 Alexanders
849 1435 106 22 universi-

209 1468 55 20 tetet
286 1469 56 19 samt
364 1467 81 22 tillätas
467 1470 33 20 att
521 1469 113 21 derstädes
656 1469 52 22 idka
727 1469 92 22 studier.
849 1470 38 23 Uti
902 1470 57 21 härä

278 1512 91 19 Allmänna
381 1513 164 18 Besvärsuiskottets
558 1514 107 18 betänkande
676 1514 33 18 N:o
723 1515 28 18 10.
