1045 1706
246 154 14 22 4
395 154 276 23 Petitionsbetänkande
685 155 47 22 N:o
745 155 39 23 22.

218 218 68 17 relsens
298 218 138 22 framställning,
449 218 98 22 hvarjemte
559 218 164 22 lärarepersonalen
735 218 30 17 vid
778 218 92 18 städernas
880 219 79 18 folksko-

217 247 28 17 lor
257 248 20 16 är
289 247 89 17 uteslaten
389 246 47 18 ifrån
448 246 22 18 de
482 246 91 18 förmåner
583 247 7 16 i
601 246 84 18 afseende
697 246 11 18 &
719 247 148 23 löneförhöjning
877 248 33 18 och
917 254 42 17 pen-

218 276 98 22 sionering,
328 276 62 16 hvilka
402 276 6 16 i
421 276 23 20 $$
454 275 33 18 134
500 275 33 17 och
545 275 34 17 135
591 276 31 16 äro
634 275 108 18 tillerkända
753 276 125 18 folkskolorna
890 277 23 23 pä
922 278 37 17 lan-

219 305 35 17 det.
279 305 8 16 I
304 304 124 22 verkligheten
444 304 33 18 har
494 304 120 17 förhållandet
626 304 51 17 äfven
690 305 83 21 gestaltat
785 306 29 22 sig
825 306 27 22 sä,
866 308 25 16 att
902 307 57 17 stads-

218 334 131 17 kommunerna
363 332 34 19 fått
408 333 101 17 vidkännas
521 334 142 22 proportionsvis
675 334 42 17 vida
729 336 56 15 större
796 336 74 21 utgifter
880 336 29 16 för
921 336 39 17 sina

219 362 101 18 folkskolor
338 362 34 18 och
389 362 56 17 likväl
463 362 70 18 erhållit
546 362 42 18 vida
600 362 70 18 mindre
682 363 98 17 understöd
792 364 20 17 af
822 364 90 18 allmänna
923 370 36 12 me-

220 392 28 17 del
266 393 23 15 än
306 392 132 16 kommunerna
452 391 24 23 pä
487 391 66 17 landet.
578 392 58 21 Tages
649 393 47 15 ännu
709 392 58 17 dertill
779 393 7 16 i
797 393 124 23 betraktande,
935 396 26 15 att

219 420 181 17 stadskommunerna
418 420 27 17 till
462 420 43 22 följe
524 420 19 17 af
559 420 33 17 hos
604 420 41 17 dem
657 420 85 23 rådande,
754 421 76 22 drygare
842 422 117 17 lefnadskost-

219 449 56 17 nader
292 451 31 15 äro
338 450 80 21 tvungna
430 451 25 15 att
466 449 67 22 bevilja
545 449 55 21 högre
611 449 57 21 löner,
681 451 23 15 än
715 449 131 18 kommunerna
857 450 24 23 pä
892 451 67 22 landet,

220 478 34 17 och
271 479 26 16 att
314 478 53 17 dessa
380 477 133 18 löneförmäner
525 478 35 17 alla
572 477 57 18 mäste
640 478 43 22 utgä
694 479 7 16 i
713 479 75 17 kontant
800 481 42 15 utan
855 481 25 16 att
892 480 67 21 kunna,

219 506 61 18 säsom
298 506 23 23 pä
333 506 66 22 landet,
413 508 74 16 ersättas
499 512 66 17 genom
577 507 86 22 nytjorätt
674 507 28 17 till
711 507 48 22 jord,
772 507 134 18 kreatursfoder
918 509 43 17 eller

220 535 56 18 andra
287 535 70 18 mindre
370 535 113 22 betungande
495 535 84 21 fördelar,
591 535 63 18 hvilka
665 536 41 17 med
719 536 29 17 det
760 537 57 17 ökade
829 537 66 18 antalet
907 538 20 17 af
935 538 25 17 lä-

220 569 48 12 rares
280 564 84 23 ijensteär
375 564 40 17 icke
428 566 30 15 äro
470 564 131 17 underkastade
613 565 111 22 förhöjning,
737 567 31 16 äro
779 566 182 17 stadskommunerna

220 593 110 21 nödsakade,
349 595 26 15 att
392 593 20 17 af
428 593 83 18 omtanke
529 593 28 17 för
575 594 28 17 sin
617 593 91 22 ekonomi,
722 599 41 12 men
776 594 27 17 till
815 596 37 16 stor
864 595 57 18 skada
932 596 29 17 för

219 622 40 17 sina
274 622 68 20 skolor,
355 621 37 18 låta
402 622 151 22 läraresysslorna
565 622 89 17 bestridas
666 627 66 17 genom
744 623 80 22 ständigt
835 623 88 18 vexlande
936 625 24 16 vi-

220 651 65 22 karier,
303 651 43 16 eller
357 651 29 16 för
396 651 91 16 fästandet
498 651 20 16 af
528 651 74 22 dugliga
613 651 57 16 lärare
681 651 29 18 för
721 651 62 22 längre
796 652 26 17 tid
834 657 66 18 genom
912 653 48 17 löne-

220 680 104 21 förhöjning
342 679 34 18 och
392 680 129 21 pensionering
538 679 75 18 åsamka
630 680 29 21 sig
675 681 80 21 utgifter,
772 681 63 17 hvilka
850 681 74 18 komma
936 684 25 16 att

221 707 48 18 svårt
286 710 56 20 tynga
359 709 7 15 i
383 708 121 21 utgiftsstaten
522 707 34 18 och
571 708 69 17 derföre
652 709 45 21 göra
708 709 104 17 folkskolan
824 710 70 17 mindre
906 715 55 17 gerna

220 737 49 17 sedd.
295 737 96 17 Dessutom
409 737 54 16 hafva
480 737 132 16 direktionerna
627 737 28 17 för
667 737 42 17 flere
721 738 68 17 städers
802 738 102 17 folkskolor
915 740 46 16 varit

219 767 80 21 tvungna
311 767 25 16 att
347 766 8 16 i
366 765 46 18 brist
424 765 23 22 pä
458 765 31 17 vid
501 766 128 17 seminarierna
640 765 108 18 förberedda
759 766 125 18 lärarekrafter
894 768 6 16 i
908 768 54 22 tjenst

220 797 65 20 antaga
296 799 91 18 personer,
400 794 63 17 hvilka
474 795 56 21 enligt
541 795 11 20 $
563 794 34 17 135
608 795 40 16 icke
660 796 31 16 äro
705 795 110 22 berättigade
826 795 28 18 till
866 797 82 22 pension.

287 823 26 17 På
330 823 58 22 grund
408 824 20 16 af
442 829 25 12 nu
484 823 75 18 anförda
577 823 39 18 skäl
631 823 46 23 våga
688 824 144 18 undertecknade
844 825 78 22 anhålla,
936 827 25 16 att

219 852 97 23 Välloflige
333 852 151 23 Borgareståndet
495 852 43 17 ville
549 853 62 17 förena
622 853 29 22 sig
663 858 30 12 om
705 853 113 23 underdånig
828 854 134 22 framställning

221 881 72 18 derom:
312 883 26 16 att
357 881 93 18 städernas
464 881 103 18 folkskolor
577 882 40 17 icke
628 882 47 17 blott
686 883 6 16 i
705 882 83 17 afseende
800 882 11 17 å
822 883 66 22 bidrag
900 884 20 17 af
930 883 31 18 all-

220 912 67 15 männa
298 910 59 17 medel
368 910 28 17 till
406 911 86 21 aflöning,
505 910 146 23 löneförhöjning
662 911 34 17 och
707 912 133 22 pensionering,
854 914 42 15 utan
909 913 52 16 äfven

220 939 31 17 vid
262 939 96 17 framdeles
370 939 28 17 till
408 939 67 17 lärares
488 939 34 17 och
534 939 108 17 lärarinnors
655 939 70 17 förmån
737 940 88 17 inrättade
835 941 126 21 pensionskas-

221 973 30 12 sor
267 968 55 18 måtte
339 968 89 18 likställas
446 968 41 17 med
505 968 192 18 landskommunernas
712 970 47 16 samt
770 970 26 16 att
808 969 52 18 dessa
871 969 91 18 förmåner

220 998 56 17 måtte
293 998 66 16 räknas
378 997 22 17 de
417 1002 85 17 personer
513 997 28 17 till
553 997 54 22 godo,
620 997 63 17 hvilka
694 997 11 17 &
717 997 91 17 ordinarie
819 1000 35 15 stat
866 998 27 17 till
905 998 57 18 lärare

221 1027 34 17 och
267 1026 101 18 lärarinnor
380 1027 76 21 antagits
469 1026 33 17 och
515 1026 48 17 detta
575 1027 30 16 sitt
618 1026 36 17 kall
665 1026 42 17 med
719 1026 109 22 skicklighet
840 1026 34 18 och
883 1027 27 17 nit
915 1027 46 17 före-

222 1056 48 20 stått,
283 1056 53 16 äfven
348 1060 32 12 om
392 1055 22 17 de
425 1055 40 17 icke
477 1055 104 22 genomgått
593 1056 24 16 ett
628 1055 123 17 seminarium.

289 1084 112 22 Helsingfors
414 1084 34 17 den
460 1084 11 16 1
483 1084 86 18 Februari
580 1084 51 17 1877.

289 1118 76 19 Edvard
377 1118 103 18 Molander.
720 1118 78 18 Fredrik
810 1118 84 24 Procopé.

289 1147 21 17 L.
324 1147 18 17 J.
356 1146 118 19 Hammaren.
723 1146 51 19 Gust.
791 1146 104 19 Törnudd.

393 1246 9 8 s
404 1233 45 17 Till
461 1233 144 17 Hedervärda
617 1233 174 18 Bondeständet.

288 1274 9 17 I
308 1279 22 11 en
342 1274 27 16 tid
381 1273 23 17 dä
415 1273 170 17 lefnadskostnaden
597 1274 83 16 öfverallt
691 1274 7 17 i
709 1273 39 18 vårt
760 1274 43 17 land
813 1275 90 21 stigit
868 1269 8 32 i
884 1269 18 32 en
910 1276 51 21 grad,

221 1308 39 12 som
272 1304 34 21 gör
317 1302 30 17 det
358 1302 49 17 svårt
419 1302 28 16 för
459 1307 21 11 en
492 1302 51 21 hvar,
557 1307 38 12 som
608 1303 20 15 är
639 1302 75 17 anvisad
727 1302 26 17 till
766 1308 21 12 en
801 1304 126 22 penningelön,
935 1304 28 17 till

221 1332 85 22 beloppet
323 1331 83 17 bestämd
424 1331 6 17 i
443 1336 21 12 en
476 1331 83 17 förfluten
572 1330 25 18 tid
609 1330 24 18 dä
644 1331 171 18 lefnadskostnaden
828 1337 32 12 var
871 1332 90 23 billigare,

220 1363 25 15 att
257 1361 73 17 komma
342 1360 28 17 till
382 1361 51 20 rätta,
447 1365 52 17 synes
512 1360 106 22 tidpunkten
630 1365 43 12 vara
684 1361 42 17 inne
738 1362 26 16 att
773 1361 47 17 fästa
826 1362 135 22 uppmärksam-

221 1390 30 18 het
268 1390 31 16 vid
315 1389 161 17 folkskollärarnes
494 1389 24 23 pä
529 1389 60 17 landet
600 1389 57 18 löner.
670 1385 7 33 '
681 1390 102 18 Hänvisade
795 1390 27 18 till
834 1390 129 24 hufvudsaklig

220 1420 29 17 del
262 1419 27 17 till
302 1419 29 17 det
343 1418 64 23 bidrag
419 1418 20 17 af
447 1418 34 17 600
493 1418 50 18 Mark
555 1418 20 18 af
585 1418 90 18 allmänna
687 1419 64 22 medel,
765 1425 40 11 som
816 1420 42 17 dem
870 1420 90 23 beviljats,

220 1449 40 17 föra
272 1448 66 22 många
350 1448 20 17 af
379 1448 53 17 dessa
444 1449 25 16 ett
479 1448 7 16 i
498 1448 37 22 hög
547 1448 44 22 grad
602 1448 153 22 bekymmersamt
767 1449 27 21 lif,
808 1449 22 17 dä
843 1449 21 17 de
877 1450 48 17 finna
935 1451 28 22 sig

220 1477 103 23 nedtyngde
335 1477 20 17 af
366 1482 96 17 omsorgen
474 1477 28 17 för
514 1477 30 18 det
557 1477 73 22 dagliga
641 1477 70 18 brödet.

288 1511 99 18 Allmänna
400 1511 175 18 Besvärsutskottets
587 1512 112 17 betänkande
711 1511 37 19 N:o
761 1511 31 18 16.
