<?xml version="1.0" encoding="UTF-8"?>
<alto xmlns="http://www.loc.gov/standards/alto/ns-v3#" xmlns:xlink="http://www.w3.org/1999/xlink" xmlns:xsi="http://www.w3.org/2001/XMLSchema-instance" xsi:schemaLocation="http://www.loc.gov/standards/alto/ns-v3# http://www.loc.gov/alto/v3/alto-3-0.xsd">
	<Description>
		<MeasurementUnit>pixel</MeasurementUnit>
		<sourceImageInformation>
			<fileName>/tmp/tess_yae7fq3g_input.PNG</fileName>
		</sourceImageInformation>
		<OCRProcessing ID="OCR_0">
			<ocrProcessingStep>
				<processingSoftware>
					<softwareName>tesseract 5.3.4</softwareName>
				</processingSoftware>
			</ocrProcessingStep>
		</OCRProcessing>
	</Description>
	<Layout>
		<Page WIDTH="1045" HEIGHT="1706" PHYSICAL_IMG_NR="0" ID="page_0">
			<PrintSpace HPOS="0" VPOS="0" WIDTH="1045" HEIGHT="1706">
				<ComposedBlock ID="cblock_0" HPOS="257" VPOS="151" WIDTH="534" HEIGHT="23">
					<TextBlock ID="block_0" HPOS="257" VPOS="151" WIDTH="534" HEIGHT="23">
						<TextLine ID="line_0" HPOS="257" VPOS="151" WIDTH="534" HEIGHT="23">
							<String ID="string_0" HPOS="257" VPOS="154" WIDTH="26" HEIGHT="19" WC="0.96" CONTENT="10"/><SP WIDTH="120" VPOS="154" HPOS="283"/>
							<String ID="string_1" HPOS="403" VPOS="151" WIDTH="274" HEIGHT="23" WC="0.91" CONTENT="Petitionsbetänkande"/><SP WIDTH="15" VPOS="151" HPOS="677"/>
							<String ID="string_2" HPOS="692" VPOS="152" WIDTH="46" HEIGHT="21" WC="0.94" CONTENT="N:o"/><SP WIDTH="13" VPOS="152" HPOS="738"/>
							<String ID="string_3" HPOS="751" VPOS="152" WIDTH="40" HEIGHT="21" WC="0.94" CONTENT="22."/>
						</TextLine>
					</TextBlock>
				</ComposedBlock>
				<ComposedBlock ID="cblock_1" HPOS="227" VPOS="213" WIDTH="742" HEIGHT="329">
					<TextBlock ID="block_1" HPOS="227" VPOS="213" WIDTH="742" HEIGHT="329">
						<TextLine ID="line_1" HPOS="227" VPOS="213" WIDTH="742" HEIGHT="28">
							<String ID="string_4" HPOS="227" VPOS="222" WIDTH="40" HEIGHT="14" WC="0.96" CONTENT="ver"/><SP WIDTH="21" VPOS="222" HPOS="267"/>
							<String ID="string_5" HPOS="288" VPOS="216" WIDTH="35" HEIGHT="20" WC="0.96" CONTENT="vid"/><SP WIDTH="23" VPOS="216" HPOS="323"/>
							<String ID="string_6" HPOS="346" VPOS="215" WIDTH="94" HEIGHT="26" WC="0.95" CONTENT="handen,"/><SP WIDTH="20" VPOS="215" HPOS="440"/>
							<String ID="string_7" HPOS="460" VPOS="214" WIDTH="125" HEIGHT="22" WC="0.96" CONTENT="föranledde"/><SP WIDTH="16" VPOS="214" HPOS="585"/>
							<String ID="string_8" HPOS="601" VPOS="214" WIDTH="71" HEIGHT="20" WC="0.93" CONTENT="denna"/><SP WIDTH="15" VPOS="214" HPOS="672"/>
							<String ID="string_9" HPOS="687" VPOS="213" WIDTH="142" HEIGHT="28" WC="0.91" CONTENT="dubbelfråga"/><SP WIDTH="14" VPOS="213" HPOS="829"/>
							<String ID="string_10" HPOS="843" VPOS="220" WIDTH="28" HEIGHT="14" WC="0.96" CONTENT="en"/><SP WIDTH="15" VPOS="220" HPOS="871"/>
							<String ID="string_11" HPOS="886" VPOS="214" WIDTH="83" HEIGHT="27" WC="0.95" CONTENT="ganska"/>
						</TextLine>
						<TextLine ID="line_2" HPOS="228" VPOS="247" WIDTH="738" HEIGHT="29">
							<String ID="string_12" HPOS="228" VPOS="249" WIDTH="58" HEIGHT="27" WC="0.91" CONTENT="liflig,"/><SP WIDTH="18" VPOS="249" HPOS="286"/>
							<String ID="string_13" HPOS="304" VPOS="248" WIDTH="66" HEIGHT="22" WC="0.95" CONTENT="delvis"/><SP WIDTH="16" VPOS="248" HPOS="370"/>
							<String ID="string_14" HPOS="386" VPOS="248" WIDTH="51" HEIGHT="22" WC="0.96" CONTENT="med"/><SP WIDTH="14" VPOS="248" HPOS="437"/>
							<String ID="string_15" HPOS="451" VPOS="249" WIDTH="41" HEIGHT="20" WC="0.96" CONTENT="viss"/><SP WIDTH="16" VPOS="249" HPOS="492"/>
							<String ID="string_16" HPOS="508" VPOS="248" WIDTH="78" HEIGHT="27" WC="0.96" CONTENT="skärpa"/><SP WIDTH="15" VPOS="248" HPOS="586"/>
							<String ID="string_17" HPOS="601" VPOS="248" WIDTH="40" HEIGHT="20" WC="0.93" CONTENT="och"/><SP WIDTH="15" VPOS="248" HPOS="641"/>
							<String ID="string_18" HPOS="656" VPOS="248" WIDTH="120" HEIGHT="22" WC="0.91" CONTENT="animositet"/><SP WIDTH="7" VPOS="248" HPOS="776"/>
							<String ID="string_19" HPOS="783" VPOS="248" WIDTH="46" HEIGHT="21" WC="0.96" CONTENT="förd"/><SP WIDTH="10" VPOS="248" HPOS="829"/>
							<String ID="string_20" HPOS="839" VPOS="247" WIDTH="127" HEIGHT="28" WC="0.96" CONTENT="diskussion,"/>
						</TextLine>
						<TextLine ID="line_3" HPOS="228" VPOS="282" WIDTH="740" HEIGHT="28">
							<String ID="string_21" HPOS="228" VPOS="284" WIDTH="60" HEIGHT="20" WC="0.92" CONTENT="hvari"/><SP WIDTH="14" VPOS="284" HPOS="288"/>
							<String ID="string_22" HPOS="302" VPOS="283" WIDTH="66" HEIGHT="21" WC="0.96" CONTENT="bland"/><SP WIDTH="17" VPOS="283" HPOS="368"/>
							<String ID="string_23" HPOS="385" VPOS="283" WIDTH="69" HEIGHT="21" WC="0.96" CONTENT="andra"/><SP WIDTH="14" VPOS="283" HPOS="454"/>
							<String ID="string_24" HPOS="468" VPOS="283" WIDTH="53" HEIGHT="20" WC="0.95" CONTENT="flere"/><SP WIDTH="14" VPOS="283" HPOS="521"/>
							<String ID="string_25" HPOS="535" VPOS="282" WIDTH="94" HEIGHT="27" WC="0.95" CONTENT="manlige"/><SP WIDTH="14" VPOS="282" HPOS="629"/>
							<String ID="string_26" HPOS="643" VPOS="282" WIDTH="164" HEIGHT="22" WC="0.93" CONTENT="folkskollärare"/><SP WIDTH="8" VPOS="282" HPOS="807"/>
							<String ID="string_27" HPOS="815" VPOS="282" WIDTH="91" HEIGHT="28" WC="0.88" CONTENT="deltogo."/><SP WIDTH="17" VPOS="282" HPOS="906"/>
							<String ID="string_28" HPOS="923" VPOS="282" WIDTH="45" HEIGHT="22" WC="0.92" CONTENT="Un-"/>
						</TextLine>
						<TextLine ID="line_4" HPOS="229" VPOS="316" WIDTH="739" HEIGHT="28">
							<String ID="string_29" HPOS="229" VPOS="318" WIDTH="38" HEIGHT="20" WC="0.96" CONTENT="der"/><SP WIDTH="22" VPOS="318" HPOS="267"/>
							<String ID="string_30" HPOS="289" VPOS="317" WIDTH="138" HEIGHT="27" WC="0.95" CONTENT="åberopande"/><SP WIDTH="22" VPOS="317" HPOS="427"/>
							<String ID="string_31" HPOS="449" VPOS="317" WIDTH="24" HEIGHT="20" WC="0.96" CONTENT="af"/><SP WIDTH="20" VPOS="317" HPOS="473"/>
							<String ID="string_32" HPOS="493" VPOS="316" WIDTH="118" HEIGHT="21" WC="0.96" CONTENT="olikartade"/><SP WIDTH="15" VPOS="316" HPOS="611"/>
							<String ID="string_33" HPOS="626" VPOS="316" WIDTH="47" HEIGHT="21" WC="0.96" CONTENT="skäl"/><SP WIDTH="14" VPOS="316" HPOS="673"/>
							<String ID="string_34" HPOS="687" VPOS="317" WIDTH="86" HEIGHT="26" WC="0.96" CONTENT="yttrade"/><SP WIDTH="14" VPOS="317" HPOS="773"/>
							<String ID="string_35" HPOS="787" VPOS="317" WIDTH="33" HEIGHT="27" WC="0.96" CONTENT="sig"/><SP WIDTH="14" VPOS="317" HPOS="820"/>
							<String ID="string_36" HPOS="834" VPOS="316" WIDTH="90" HEIGHT="21" WC="0.93" CONTENT="flertalet"/><SP WIDTH="15" VPOS="316" HPOS="924"/>
							<String ID="string_37" HPOS="939" VPOS="318" WIDTH="29" HEIGHT="19" WC="0.92" CONTENT="ta-"/>
						</TextLine>
						<TextLine ID="line_5" HPOS="227" VPOS="350" WIDTH="741" HEIGHT="28">
							<String ID="string_38" HPOS="227" VPOS="352" WIDTH="46" HEIGHT="20" WC="0.92" CONTENT="lare"/><SP WIDTH="23" VPOS="352" HPOS="273"/>
							<String ID="string_39" HPOS="296" VPOS="352" WIDTH="56" HEIGHT="20" WC="0.96" CONTENT="emot"/><SP WIDTH="21" VPOS="352" HPOS="352"/>
							<String ID="string_40" HPOS="373" VPOS="351" WIDTH="75" HEIGHT="27" WC="0.96" CONTENT="hvarje"/><SP WIDTH="21" VPOS="351" HPOS="448"/>
							<String ID="string_41" HPOS="469" VPOS="350" WIDTH="132" HEIGHT="28" WC="0.96" CONTENT="förändring,"/><SP WIDTH="24" VPOS="350" HPOS="601"/>
							<String ID="string_42" HPOS="625" VPOS="357" WIDTH="50" HEIGHT="14" WC="0.96" CONTENT="men"/><SP WIDTH="15" VPOS="357" HPOS="675"/>
							<String ID="string_43" HPOS="690" VPOS="350" WIDTH="36" HEIGHT="21" WC="0.93" CONTENT="vid"/><SP WIDTH="15" VPOS="350" HPOS="726"/>
							<String ID="string_44" HPOS="741" VPOS="351" WIDTH="82" HEIGHT="20" WC="0.90" CONTENT="anstäld"/><SP WIDTH="16" VPOS="351" HPOS="823"/>
							<String ID="string_45" HPOS="839" VPOS="354" WIDTH="70" HEIGHT="24" WC="0.93" CONTENT="öppen"/><SP WIDTH="15" VPOS="354" HPOS="909"/>
							<String ID="string_46" HPOS="924" VPOS="357" WIDTH="44" HEIGHT="15" WC="0.93" CONTENT="om-"/>
						</TextLine>
						<TextLine ID="line_6" HPOS="228" VPOS="384" WIDTH="741" HEIGHT="28">
							<String ID="string_47" HPOS="228" VPOS="386" WIDTH="96" HEIGHT="26" WC="0.84" CONTENT="röstring"/><SP WIDTH="14" VPOS="386" HPOS="324"/>
							<String ID="string_48" HPOS="338" VPOS="386" WIDTH="33" HEIGHT="20" WC="0.93" CONTENT="för"/><SP WIDTH="13" VPOS="386" HPOS="371"/>
							<String ID="string_49" HPOS="384" VPOS="385" WIDTH="120" HEIGHT="21" WC="0.92" CONTENT="utrönande"/><SP WIDTH="15" VPOS="385" HPOS="504"/>
							<String ID="string_50" HPOS="519" VPOS="385" WIDTH="23" HEIGHT="20" WC="0.93" CONTENT="af"/><SP WIDTH="12" VPOS="385" HPOS="542"/>
							<String ID="string_51" HPOS="554" VPOS="384" WIDTH="144" HEIGHT="27" WC="0.92" CONTENT="pluralitetens"/><SP WIDTH="16" VPOS="384" HPOS="698"/>
							<String ID="string_52" HPOS="714" VPOS="384" WIDTH="54" HEIGHT="28" WC="0.92" CONTENT="åsigt"/><SP WIDTH="15" VPOS="384" HPOS="768"/>
							<String ID="string_53" HPOS="783" VPOS="385" WIDTH="5" HEIGHT="20" WC="0.96" CONTENT="i"/><SP WIDTH="16" VPOS="385" HPOS="788"/>
							<String ID="string_54" HPOS="804" VPOS="386" WIDTH="75" HEIGHT="25" WC="0.96" CONTENT="saken,"/><SP WIDTH="16" VPOS="386" HPOS="879"/>
							<String ID="string_55" HPOS="895" VPOS="385" WIDTH="74" HEIGHT="21" WC="0.95" CONTENT="visade"/>
						</TextLine>
						<TextLine ID="line_7" HPOS="229" VPOS="419" WIDTH="739" HEIGHT="27">
							<String ID="string_56" HPOS="229" VPOS="420" WIDTH="32" HEIGHT="26" WC="0.96" CONTENT="sig"/><SP WIDTH="22" VPOS="420" HPOS="261"/>
							<String ID="string_57" HPOS="283" VPOS="421" WIDTH="66" HEIGHT="18" WC="0.96" CONTENT="mötet"/><SP WIDTH="22" VPOS="421" HPOS="349"/>
							<String ID="string_58" HPOS="371" VPOS="424" WIDTH="52" HEIGHT="15" WC="0.96" CONTENT="vara"/><SP WIDTH="22" VPOS="424" HPOS="423"/>
							<String ID="string_59" HPOS="445" VPOS="419" WIDTH="23" HEIGHT="20" WC="0.96" CONTENT="af"/><SP WIDTH="12" VPOS="419" HPOS="468"/>
							<String ID="string_60" HPOS="480" VPOS="419" WIDTH="91" HEIGHT="26" WC="0.96" CONTENT="ungefär"/><SP WIDTH="14" VPOS="419" HPOS="571"/>
							<String ID="string_61" HPOS="585" VPOS="419" WIDTH="44" HEIGHT="20" WC="0.95" CONTENT="lika"/><SP WIDTH="15" VPOS="419" HPOS="629"/>
							<String ID="string_62" HPOS="644" VPOS="420" WIDTH="67" HEIGHT="19" WC="0.96" CONTENT="starkt"/><SP WIDTH="14" VPOS="420" HPOS="711"/>
							<String ID="string_63" HPOS="725" VPOS="419" WIDTH="177" HEIGHT="27" WC="0.93" CONTENT="representerade"/><SP WIDTH="14" VPOS="419" HPOS="902"/>
							<String ID="string_64" HPOS="916" VPOS="421" WIDTH="52" HEIGHT="19" WC="0.91" CONTENT="mot-"/>
						</TextLine>
						<TextLine ID="line_8" HPOS="229" VPOS="452" WIDTH="739" HEIGHT="28">
							<String ID="string_65" HPOS="229" VPOS="455" WIDTH="54" HEIGHT="19" WC="0.93" CONTENT="satta"/><SP WIDTH="22" VPOS="455" HPOS="283"/>
							<String ID="string_66" HPOS="305" VPOS="452" WIDTH="86" HEIGHT="27" WC="0.89" CONTENT="åsigter."/><SP WIDTH="30" VPOS="452" HPOS="391"/>
							<String ID="string_67" HPOS="421" VPOS="453" WIDTH="11" HEIGHT="20" WC="0.95" CONTENT="I"/><SP WIDTH="22" VPOS="453" HPOS="432"/>
							<String ID="string_68" HPOS="454" VPOS="453" WIDTH="93" HEIGHT="26" WC="0.96" CONTENT="enlighet"/><SP WIDTH="21" VPOS="453" HPOS="547"/>
							<String ID="string_69" HPOS="568" VPOS="453" WIDTH="90" HEIGHT="20" WC="0.95" CONTENT="härmed"/><SP WIDTH="15" VPOS="453" HPOS="658"/>
							<String ID="string_70" HPOS="673" VPOS="453" WIDTH="125" HEIGHT="21" WC="0.93" CONTENT="föranledde"/><SP WIDTH="15" VPOS="453" HPOS="798"/>
							<String ID="string_71" HPOS="813" VPOS="453" WIDTH="155" HEIGHT="27" WC="0.90" CONTENT="öfverläggnin-"/>
						</TextLine>
						<TextLine ID="line_9" HPOS="230" VPOS="486" WIDTH="739" HEIGHT="28">
							<String ID="string_72" HPOS="230" VPOS="495" WIDTH="41" HEIGHT="19" WC="0.96" CONTENT="gen"/><SP WIDTH="16" VPOS="495" HPOS="271"/>
							<String ID="string_73" HPOS="287" VPOS="487" WIDTH="48" HEIGHT="21" WC="0.96" CONTENT="icke"/><SP WIDTH="14" VPOS="487" HPOS="335"/>
							<String ID="string_74" HPOS="349" VPOS="487" WIDTH="68" HEIGHT="21" WC="0.96" CONTENT="heller"/><SP WIDTH="15" VPOS="487" HPOS="417"/>
							<String ID="string_75" HPOS="432" VPOS="486" WIDTH="71" HEIGHT="27" WC="0.96" CONTENT="någon"/><SP WIDTH="15" VPOS="486" HPOS="503"/>
							<String ID="string_76" HPOS="518" VPOS="486" WIDTH="81" HEIGHT="27" WC="0.95" CONTENT="åtgärd,"/><SP WIDTH="18" VPOS="486" HPOS="599"/>
							<String ID="string_77" HPOS="617" VPOS="487" WIDTH="39" HEIGHT="20" WC="0.96" CONTENT="och"/><SP WIDTH="15" VPOS="487" HPOS="656"/>
							<String ID="string_78" HPOS="671" VPOS="487" WIDTH="76" HEIGHT="26" WC="0.92" CONTENT="frägan"/><SP WIDTH="14" VPOS="487" HPOS="747"/>
							<String ID="string_79" HPOS="761" VPOS="488" WIDTH="40" HEIGHT="20" WC="0.96" CONTENT="har"/><SP WIDTH="15" VPOS="488" HPOS="801"/>
							<String ID="string_80" HPOS="816" VPOS="487" WIDTH="66" HEIGHT="21" WC="0.96" CONTENT="sedan"/><SP WIDTH="16" VPOS="487" HPOS="882"/>
							<String ID="string_81" HPOS="898" VPOS="488" WIDTH="71" HEIGHT="21" WC="0.96" CONTENT="denna"/>
						</TextLine>
						<TextLine ID="line_10" HPOS="230" VPOS="521" WIDTH="268" HEIGHT="21">
							<String ID="string_82" HPOS="230" VPOS="522" WIDTH="29" HEIGHT="20" WC="0.93" CONTENT="tid"/><SP WIDTH="15" VPOS="522" HPOS="259"/>
							<String ID="string_83" HPOS="274" VPOS="521" WIDTH="100" HEIGHT="21" WC="0.91" CONTENT="förblifvit"/><SP WIDTH="14" VPOS="521" HPOS="374"/>
							<String ID="string_84" HPOS="388" VPOS="521" WIDTH="110" HEIGHT="20" WC="0.90" CONTENT="hvilande."/>
						</TextLine>
					</TextBlock>
				</ComposedBlock>
				<ComposedBlock ID="cblock_2" HPOS="227" VPOS="566" WIDTH="746" HEIGHT="950">
					<TextBlock ID="block_2" HPOS="227" VPOS="566" WIDTH="746" HEIGHT="914">
						<TextLine ID="line_11" HPOS="297" VPOS="566" WIDTH="670" HEIGHT="29">
							<String ID="string_85" HPOS="297" VPOS="568" WIDTH="43" HEIGHT="19" WC="0.96" CONTENT="Det"/><SP WIDTH="21" VPOS="568" HPOS="340"/>
							<String ID="string_86" HPOS="361" VPOS="567" WIDTH="42" HEIGHT="20" WC="0.96" CONTENT="kan"/><SP WIDTH="21" VPOS="567" HPOS="403"/>
							<String ID="string_87" HPOS="424" VPOS="568" WIDTH="18" HEIGHT="26" WC="0.95" CONTENT="ej"/><SP WIDTH="16" VPOS="568" HPOS="442"/>
							<String ID="string_88" HPOS="458" VPOS="567" WIDTH="111" HEIGHT="26" WC="0.95" CONTENT="bestridas,"/><SP WIDTH="17" VPOS="567" HPOS="569"/>
							<String ID="string_89" HPOS="586" VPOS="568" WIDTH="31" HEIGHT="19" WC="0.96" CONTENT="att"/><SP WIDTH="15" VPOS="568" HPOS="617"/>
							<String ID="string_90" HPOS="632" VPOS="566" WIDTH="27" HEIGHT="21" WC="0.93" CONTENT="de"/><SP WIDTH="14" VPOS="566" HPOS="659"/>
							<String ID="string_91" HPOS="673" VPOS="567" WIDTH="125" HEIGHT="21" WC="0.92" CONTENT="framstälda"/><SP WIDTH="14" VPOS="567" HPOS="798"/>
							<String ID="string_92" HPOS="812" VPOS="567" WIDTH="155" HEIGHT="28" WC="0.91" CONTENT="likställighets-"/>
						</TextLine>
						<TextLine ID="line_12" HPOS="229" VPOS="601" WIDTH="741" HEIGHT="27">
							<String ID="string_93" HPOS="229" VPOS="601" WIDTH="129" HEIGHT="27" WC="0.93" CONTENT="yrkandena"/><SP WIDTH="22" VPOS="601" HPOS="358"/>
							<String ID="string_94" HPOS="380" VPOS="601" WIDTH="170" HEIGHT="27" WC="0.92" CONTENT="sammanhänga"/><SP WIDTH="18" VPOS="601" HPOS="550"/>
							<String ID="string_95" HPOS="568" VPOS="601" WIDTH="51" HEIGHT="21" WC="0.96" CONTENT="med"/><SP WIDTH="14" VPOS="601" HPOS="619"/>
							<String ID="string_96" HPOS="633" VPOS="607" WIDTH="26" HEIGHT="14" WC="0.96" CONTENT="en"/><SP WIDTH="16" VPOS="607" HPOS="659"/>
							<String ID="string_97" HPOS="675" VPOS="601" WIDTH="79" HEIGHT="21" WC="0.93" CONTENT="allmän"/><SP WIDTH="16" VPOS="601" HPOS="754"/>
							<String ID="string_98" HPOS="770" VPOS="602" WIDTH="93" HEIGHT="21" WC="0.90" CONTENT="sträfvan"/><SP WIDTH="15" VPOS="602" HPOS="863"/>
							<String ID="string_99" HPOS="878" VPOS="602" WIDTH="38" HEIGHT="21" WC="0.96" CONTENT="hos"/><SP WIDTH="15" VPOS="602" HPOS="916"/>
							<String ID="string_100" HPOS="931" VPOS="601" WIDTH="39" HEIGHT="22" WC="0.96" CONTENT="vår"/>
						</TextLine>
						<TextLine ID="line_13" HPOS="229" VPOS="633" WIDTH="739" HEIGHT="28">
							<String ID="string_101" HPOS="229" VPOS="635" WIDTH="103" HEIGHT="21" WC="0.95" CONTENT="tidsålder"/><SP WIDTH="22" VPOS="635" HPOS="332"/>
							<String ID="string_102" HPOS="354" VPOS="636" WIDTH="30" HEIGHT="19" WC="0.95" CONTENT="att"/><SP WIDTH="20" VPOS="636" HPOS="384"/>
							<String ID="string_103" HPOS="404" VPOS="633" WIDTH="29" HEIGHT="28" WC="0.96" CONTENT="på"/><SP WIDTH="23" VPOS="633" HPOS="433"/>
							<String ID="string_104" HPOS="456" VPOS="635" WIDTH="56" HEIGHT="21" WC="0.96" CONTENT="olika"/><SP WIDTH="22" VPOS="635" HPOS="512"/>
							<String ID="string_105" HPOS="534" VPOS="634" WIDTH="103" HEIGHT="22" WC="0.96" CONTENT="områden"/><SP WIDTH="15" VPOS="634" HPOS="637"/>
							<String ID="string_106" HPOS="652" VPOS="635" WIDTH="23" HEIGHT="20" WC="0.93" CONTENT="af"/><SP WIDTH="12" VPOS="635" HPOS="675"/>
							<String ID="string_107" HPOS="687" VPOS="635" WIDTH="168" HEIGHT="22" WC="0.90" CONTENT="samfundslifvet"/><SP WIDTH="14" VPOS="635" HPOS="855"/>
							<String ID="string_108" HPOS="869" VPOS="636" WIDTH="55" HEIGHT="21" WC="0.93" CONTENT="söka"/><SP WIDTH="14" VPOS="636" HPOS="924"/>
							<String ID="string_109" HPOS="938" VPOS="638" WIDTH="30" HEIGHT="19" WC="0.92" CONTENT="ut-"/>
						</TextLine>
						<TextLine ID="line_14" HPOS="228" VPOS="668" WIDTH="742" HEIGHT="29">
							<String ID="string_110" HPOS="228" VPOS="671" WIDTH="75" HEIGHT="26" WC="0.90" CONTENT="jemna"/><SP WIDTH="22" VPOS="671" HPOS="303"/>
							<String ID="string_111" HPOS="325" VPOS="668" WIDTH="81" HEIGHT="22" WC="0.96" CONTENT="sådana"/><SP WIDTH="22" VPOS="668" HPOS="406"/>
							<String ID="string_112" HPOS="428" VPOS="669" WIDTH="120" HEIGHT="27" WC="0.96" CONTENT="undantags"/><SP WIDTH="17" VPOS="669" HPOS="548"/>
							<String ID="string_113" HPOS="565" VPOS="668" WIDTH="116" HEIGHT="27" WC="0.95" CONTENT="förmåner,"/><SP WIDTH="16" VPOS="668" HPOS="681"/>
							<String ID="string_114" HPOS="697" VPOS="669" WIDTH="73" HEIGHT="21" WC="0.96" CONTENT="hvilka"/><SP WIDTH="15" VPOS="669" HPOS="770"/>
							<String ID="string_115" HPOS="785" VPOS="669" WIDTH="67" HEIGHT="22" WC="0.96" CONTENT="sedan"/><SP WIDTH="15" VPOS="669" HPOS="852"/>
							<String ID="string_116" HPOS="867" VPOS="671" WIDTH="103" HEIGHT="26" WC="0.92" CONTENT="gammalt"/>
						</TextLine>
						<TextLine ID="line_15" HPOS="231" VPOS="702" WIDTH="737" HEIGHT="29">
							<String ID="string_117" HPOS="231" VPOS="706" WIDTH="34" HEIGHT="25" WC="0.96" CONTENT="egt"/><SP WIDTH="22" VPOS="706" HPOS="265"/>
							<String ID="string_118" HPOS="287" VPOS="702" WIDTH="92" HEIGHT="23" WC="0.96" CONTENT="bestånd"/><SP WIDTH="14" VPOS="702" HPOS="379"/>
							<String ID="string_119" HPOS="393" VPOS="704" WIDTH="51" HEIGHT="19" WC="0.96" CONTENT="utan"/><SP WIDTH="16" VPOS="704" HPOS="444"/>
							<String ID="string_120" HPOS="460" VPOS="705" WIDTH="30" HEIGHT="18" WC="0.96" CONTENT="att"/><SP WIDTH="14" VPOS="705" HPOS="490"/>
							<String ID="string_121" HPOS="504" VPOS="703" WIDTH="30" HEIGHT="21" WC="0.96" CONTENT="till"/><SP WIDTH="16" VPOS="703" HPOS="534"/>
							<String ID="string_122" HPOS="550" VPOS="703" WIDTH="46" HEIGHT="21" WC="0.95" CONTENT="stöd"/><SP WIDTH="15" VPOS="703" HPOS="596"/>
							<String ID="string_123" HPOS="611" VPOS="704" WIDTH="32" HEIGHT="21" WC="0.96" CONTENT="för"/><SP WIDTH="14" VPOS="704" HPOS="643"/>
							<String ID="string_124" HPOS="657" VPOS="704" WIDTH="32" HEIGHT="26" WC="0.96" CONTENT="sig"/><SP WIDTH="14" VPOS="704" HPOS="689"/>
							<String ID="string_125" HPOS="703" VPOS="704" WIDTH="75" HEIGHT="21" WC="0.96" CONTENT="kunna"/><SP WIDTH="14" VPOS="704" HPOS="778"/>
							<String ID="string_126" HPOS="792" VPOS="703" WIDTH="50" HEIGHT="22" WC="0.96" CONTENT="med"/><SP WIDTH="15" VPOS="703" HPOS="842"/>
							<String ID="string_127" HPOS="857" VPOS="704" WIDTH="47" HEIGHT="21" WC="0.93" CONTENT="skäl"/><SP WIDTH="15" VPOS="704" HPOS="904"/>
							<String ID="string_128" HPOS="919" VPOS="703" WIDTH="49" HEIGHT="22" WC="0.89" CONTENT="åbe-"/>
						</TextLine>
						<TextLine ID="line_16" HPOS="230" VPOS="737" WIDTH="738" HEIGHT="28">
							<String ID="string_129" HPOS="230" VPOS="745" WIDTH="53" HEIGHT="20" WC="0.96" CONTENT="ropa"/><SP WIDTH="14" VPOS="745" HPOS="283"/>
							<String ID="string_130" HPOS="297" VPOS="737" WIDTH="46" HEIGHT="22" WC="0.96" CONTENT="fullt"/><SP WIDTH="14" VPOS="737" HPOS="343"/>
							<String ID="string_131" HPOS="357" VPOS="738" WIDTH="47" HEIGHT="20" WC="0.96" CONTENT="inre"/><SP WIDTH="15" VPOS="738" HPOS="404"/>
							<String ID="string_132" HPOS="419" VPOS="737" WIDTH="155" HEIGHT="27" WC="0.93" CONTENT="berättigande,"/><SP WIDTH="12" VPOS="737" HPOS="574"/>
							<String ID="string_133" HPOS="586" VPOS="747" WIDTH="25" HEIGHT="4" WC="0.91" CONTENT="—"/><SP WIDTH="10" VPOS="747" HPOS="611"/>
							<String ID="string_134" HPOS="621" VPOS="744" WIDTH="27" HEIGHT="14" WC="0.93" CONTENT="en"/><SP WIDTH="15" VPOS="744" HPOS="648"/>
							<String ID="string_135" HPOS="663" VPOS="739" WIDTH="101" HEIGHT="26" WC="0.89" CONTENT="sträfvan,"/><SP WIDTH="16" VPOS="739" HPOS="764"/>
							<String ID="string_136" HPOS="780" VPOS="745" WIDTH="47" HEIGHT="14" WC="0.96" CONTENT="som"/><SP WIDTH="15" VPOS="745" HPOS="827"/>
							<String ID="string_137" HPOS="842" VPOS="738" WIDTH="45" HEIGHT="21" WC="0.96" CONTENT="dels"/><SP WIDTH="15" VPOS="738" HPOS="887"/>
							<String ID="string_138" HPOS="902" VPOS="739" WIDTH="66" HEIGHT="20" WC="0.96" CONTENT="redan"/>
						</TextLine>
						<TextLine ID="line_17" HPOS="230" VPOS="771" WIDTH="740" HEIGHT="29">
							<String ID="string_139" HPOS="230" VPOS="772" WIDTH="127" HEIGHT="27" WC="0.96" CONTENT="genomfört,"/><SP WIDTH="25" VPOS="772" HPOS="357"/>
							<String ID="string_140" HPOS="382" VPOS="771" WIDTH="46" HEIGHT="21" WC="0.96" CONTENT="dels"/><SP WIDTH="22" VPOS="771" HPOS="428"/>
							<String ID="string_141" HPOS="450" VPOS="771" WIDTH="60" HEIGHT="22" WC="0.96" CONTENT="torde"/><SP WIDTH="14" VPOS="771" HPOS="510"/>
							<String ID="string_142" HPOS="524" VPOS="772" WIDTH="88" HEIGHT="21" WC="0.96" CONTENT="komma"/><SP WIDTH="15" VPOS="772" HPOS="612"/>
							<String ID="string_143" HPOS="627" VPOS="773" WIDTH="29" HEIGHT="19" WC="0.95" CONTENT="att"/><SP WIDTH="14" VPOS="773" HPOS="656"/>
							<String ID="string_144" HPOS="670" VPOS="772" WIDTH="113" HEIGHT="22" WC="0.95" CONTENT="framkalla"/><SP WIDTH="14" VPOS="772" HPOS="783"/>
							<String ID="string_145" HPOS="797" VPOS="771" WIDTH="80" HEIGHT="28" WC="0.93" CONTENT="många"/><SP WIDTH="14" VPOS="771" HPOS="877"/>
							<String ID="string_146" HPOS="891" VPOS="773" WIDTH="79" HEIGHT="27" WC="0.91" CONTENT="vigtiga"/>
						</TextLine>
						<TextLine ID="line_18" HPOS="229" VPOS="804" WIDTH="742" HEIGHT="31">
							<String ID="string_147" HPOS="229" VPOS="807" WIDTH="105" HEIGHT="20" WC="0.95" CONTENT="reformer"/><SP WIDTH="22" VPOS="807" HPOS="334"/>
							<String ID="string_148" HPOS="356" VPOS="805" WIDTH="99" HEIGHT="22" WC="0.93" CONTENT="särskildt"/><SP WIDTH="15" VPOS="805" HPOS="455"/>
							<String ID="string_149" HPOS="470" VPOS="805" WIDTH="50" HEIGHT="22" WC="0.96" CONTENT="med"/><SP WIDTH="15" VPOS="805" HPOS="520"/>
							<String ID="string_150" HPOS="535" VPOS="805" WIDTH="101" HEIGHT="22" WC="0.93" CONTENT="afseende"/><SP WIDTH="15" VPOS="805" HPOS="636"/>
							<String ID="string_151" HPOS="651" VPOS="804" WIDTH="13" HEIGHT="23" WC="0.90" CONTENT="&amp;"/><SP WIDTH="15" VPOS="804" HPOS="664"/>
							<String ID="string_152" HPOS="679" VPOS="807" WIDTH="105" HEIGHT="26" WC="0.91" CONTENT="gvinnans"/><SP WIDTH="15" VPOS="807" HPOS="784"/>
							<String ID="string_153" HPOS="799" VPOS="807" WIDTH="107" HEIGHT="28" WC="0.94" CONTENT="ställning."/><SP WIDTH="30" VPOS="807" HPOS="906"/>
							<String ID="string_154" HPOS="936" VPOS="806" WIDTH="35" HEIGHT="22" WC="0.95" CONTENT="Då"/>
						</TextLine>
						<TextLine ID="line_19" HPOS="231" VPOS="839" WIDTH="740" HEIGHT="30">
							<String ID="string_155" HPOS="231" VPOS="840" WIDTH="35" HEIGHT="21" WC="0.96" CONTENT="det"/><SP WIDTH="21" VPOS="840" HPOS="266"/>
							<String ID="string_156" HPOS="287" VPOS="840" WIDTH="54" HEIGHT="21" WC="0.96" CONTENT="varit"/><SP WIDTH="22" VPOS="840" HPOS="341"/>
							<String ID="string_157" HPOS="363" VPOS="840" WIDTH="39" HEIGHT="21" WC="0.96" CONTENT="och"/><SP WIDTH="22" VPOS="840" HPOS="402"/>
							<String ID="string_158" HPOS="424" VPOS="839" WIDTH="129" HEIGHT="22" WC="0.96" CONTENT="fortfarande"/><SP WIDTH="23" VPOS="839" HPOS="553"/>
							<String ID="string_159" HPOS="576" VPOS="842" WIDTH="24" HEIGHT="18" WC="0.96" CONTENT="är"/><SP WIDTH="14" VPOS="842" HPOS="600"/>
							<String ID="string_160" HPOS="614" VPOS="842" WIDTH="103" HEIGHT="25" WC="0.96" CONTENT="männen,"/><SP WIDTH="17" VPOS="842" HPOS="717"/>
							<String ID="string_161" HPOS="734" VPOS="847" WIDTH="46" HEIGHT="14" WC="0.96" CONTENT="som"/><SP WIDTH="15" VPOS="847" HPOS="780"/>
							<String ID="string_162" HPOS="795" VPOS="841" WIDTH="55" HEIGHT="21" WC="0.96" CONTENT="stifta"/><SP WIDTH="14" VPOS="841" HPOS="850"/>
							<String ID="string_163" HPOS="864" VPOS="841" WIDTH="60" HEIGHT="28" WC="0.95" CONTENT="lagar"/><SP WIDTH="14" VPOS="841" HPOS="924"/>
							<String ID="string_164" HPOS="938" VPOS="842" WIDTH="33" HEIGHT="21" WC="0.96" CONTENT="för"/>
						</TextLine>
						<TextLine ID="line_20" HPOS="231" VPOS="873" WIDTH="738" HEIGHT="30">
							<String ID="string_165" HPOS="231" VPOS="874" WIDTH="36" HEIGHT="21" WC="0.93" CONTENT="det"/><SP WIDTH="14" VPOS="874" HPOS="267"/>
							<String ID="string_166" HPOS="281" VPOS="874" WIDTH="122" HEIGHT="27" WC="0.91" CONTENT="menskliga"/><SP WIDTH="15" VPOS="874" HPOS="403"/>
							<String ID="string_167" HPOS="418" VPOS="873" WIDTH="118" HEIGHT="27" WC="0.95" CONTENT="samhället,"/><SP WIDTH="18" VPOS="873" HPOS="536"/>
							<String ID="string_168" HPOS="554" VPOS="874" WIDTH="63" HEIGHT="21" WC="0.95" CONTENT="hafva"/><SP WIDTH="14" VPOS="874" HPOS="617"/>
							<String ID="string_169" HPOS="631" VPOS="874" WIDTH="109" HEIGHT="27" WC="0.96" CONTENT="nämligen"/><SP WIDTH="15" VPOS="874" HPOS="740"/>
							<String ID="string_170" HPOS="755" VPOS="875" WIDTH="123" HEIGHT="27" WC="0.93" CONTENT="betydande"/><SP WIDTH="11" VPOS="875" HPOS="878"/>
							<String ID="string_171" HPOS="889" VPOS="875" WIDTH="80" HEIGHT="28" WC="0.89" CONTENT="obillig-"/>
						</TextLine>
						<TextLine ID="line_21" HPOS="230" VPOS="908" WIDTH="740" HEIGHT="28">
							<String ID="string_172" HPOS="230" VPOS="910" WIDTH="61" HEIGHT="19" WC="0.96" CONTENT="heter"/><SP WIDTH="19" VPOS="910" HPOS="291"/>
							<String ID="string_173" HPOS="310" VPOS="910" WIDTH="57" HEIGHT="19" WC="0.92" CONTENT="emot"/><SP WIDTH="15" VPOS="910" HPOS="367"/>
							<String ID="string_174" HPOS="382" VPOS="908" WIDTH="144" HEIGHT="27" WC="0.91" CONTENT="qvinnokönet"/><SP WIDTH="14" VPOS="908" HPOS="526"/>
							<String ID="string_175" HPOS="540" VPOS="908" WIDTH="82" HEIGHT="21" WC="0.96" CONTENT="kunnat"/><SP WIDTH="14" VPOS="908" HPOS="622"/>
							<String ID="string_176" HPOS="636" VPOS="908" WIDTH="76" HEIGHT="28" WC="0.96" CONTENT="uppstå"/><SP WIDTH="15" VPOS="908" HPOS="712"/>
							<String ID="string_177" HPOS="727" VPOS="909" WIDTH="40" HEIGHT="21" WC="0.96" CONTENT="och"/><SP WIDTH="14" VPOS="909" HPOS="767"/>
							<String ID="string_178" HPOS="781" VPOS="910" WIDTH="66" HEIGHT="21" WC="0.93" CONTENT="vinna"/><SP WIDTH="14" VPOS="910" HPOS="847"/>
							<String ID="string_179" HPOS="861" VPOS="910" WIDTH="51" HEIGHT="21" WC="0.92" CONTENT="häfd"/><SP WIDTH="15" VPOS="910" HPOS="912"/>
							<String ID="string_180" HPOS="927" VPOS="911" WIDTH="43" HEIGHT="20" WC="0.92" CONTENT="oaf-"/>
						</TextLine>
						<TextLine ID="line_22" HPOS="230" VPOS="942" WIDTH="740" HEIGHT="30">
							<String ID="string_181" HPOS="230" VPOS="943" WIDTH="86" HEIGHT="27" WC="0.92" CONTENT="sigtligt,"/><SP WIDTH="24" VPOS="943" HPOS="316"/>
							<String ID="string_182" HPOS="340" VPOS="944" WIDTH="75" HEIGHT="19" WC="0.96" CONTENT="nästan"/><SP WIDTH="24" VPOS="944" HPOS="415"/>
							<String ID="string_183" HPOS="439" VPOS="943" WIDTH="127" HEIGHT="27" WC="0.95" CONTENT="omedvetet,"/><SP WIDTH="25" VPOS="943" HPOS="566"/>
							<String ID="string_184" HPOS="591" VPOS="942" WIDTH="48" HEIGHT="22" WC="0.96" CONTENT="dem"/><SP WIDTH="16" VPOS="942" HPOS="639"/>
							<String ID="string_185" HPOS="655" VPOS="949" WIDTH="50" HEIGHT="15" WC="0.96" CONTENT="man"/><SP WIDTH="15" VPOS="949" HPOS="705"/>
							<String ID="string_186" HPOS="720" VPOS="950" WIDTH="29" HEIGHT="14" WC="0.92" CONTENT="nu"/><SP WIDTH="16" VPOS="950" HPOS="749"/>
							<String ID="string_187" HPOS="765" VPOS="944" WIDTH="82" HEIGHT="27" WC="0.91" CONTENT="begynt"/><SP WIDTH="13" VPOS="944" HPOS="847"/>
							<String ID="string_188" HPOS="860" VPOS="944" WIDTH="64" HEIGHT="28" WC="0.96" CONTENT="lägga"/><SP WIDTH="15" VPOS="944" HPOS="924"/>
							<String ID="string_189" HPOS="939" VPOS="944" WIDTH="31" HEIGHT="28" WC="0.96" CONTENT="sig"/>
						</TextLine>
						<TextLine ID="line_23" HPOS="229" VPOS="976" WIDTH="741" HEIGHT="29">
							<String ID="string_190" HPOS="229" VPOS="978" WIDTH="52" HEIGHT="20" WC="0.92" CONTENT="vinn"/><SP WIDTH="23" VPOS="978" HPOS="281"/>
							<String ID="string_191" HPOS="304" VPOS="984" WIDTH="35" HEIGHT="14" WC="0.96" CONTENT="om"/><SP WIDTH="19" VPOS="984" HPOS="339"/>
							<String ID="string_192" HPOS="358" VPOS="978" WIDTH="29" HEIGHT="19" WC="0.95" CONTENT="att"/><SP WIDTH="14" VPOS="978" HPOS="387"/>
							<String ID="string_193" HPOS="401" VPOS="978" WIDTH="61" HEIGHT="20" WC="0.94" CONTENT="rätta."/><SP WIDTH="31" VPOS="978" HPOS="462"/>
							<String ID="string_194" HPOS="493" VPOS="978" WIDTH="48" HEIGHT="20" WC="0.96" CONTENT="Den"/><SP WIDTH="15" VPOS="978" HPOS="541"/>
							<String ID="string_195" HPOS="556" VPOS="978" WIDTH="75" HEIGHT="20" WC="0.96" CONTENT="största"/><SP WIDTH="15" VPOS="978" HPOS="631"/>
							<String ID="string_196" HPOS="646" VPOS="978" WIDTH="39" HEIGHT="20" WC="0.93" CONTENT="och"/><SP WIDTH="16" VPOS="978" HPOS="685"/>
							<String ID="string_197" HPOS="701" VPOS="976" WIDTH="140" HEIGHT="29" WC="0.91" CONTENT="påtagligaste"/><SP WIDTH="15" VPOS="976" HPOS="841"/>
							<String ID="string_198" HPOS="856" VPOS="979" WIDTH="114" HEIGHT="21" WC="0.91" CONTENT="orättvisan"/>
						</TextLine>
						<TextLine ID="line_24" HPOS="230" VPOS="1011" WIDTH="743" HEIGHT="27">
							<String ID="string_199" HPOS="230" VPOS="1013" WIDTH="45" HEIGHT="19" WC="0.93" CONTENT="mot"/><SP WIDTH="22" VPOS="1013" HPOS="275"/>
							<String ID="string_200" HPOS="297" VPOS="1012" WIDTH="93" HEIGHT="26" WC="0.91" CONTENT="gvinnan"/><SP WIDTH="24" VPOS="1012" HPOS="390"/>
							<String ID="string_201" HPOS="414" VPOS="1012" WIDTH="39" HEIGHT="20" WC="0.96" CONTENT="har"/><SP WIDTH="19" VPOS="1012" HPOS="453"/>
							<String ID="string_202" HPOS="472" VPOS="1011" WIDTH="36" HEIGHT="21" WC="0.96" CONTENT="det"/><SP WIDTH="14" VPOS="1011" HPOS="508"/>
							<String ID="string_203" HPOS="522" VPOS="1011" WIDTH="34" HEIGHT="20" WC="0.96" CONTENT="väl"/><SP WIDTH="14" VPOS="1011" HPOS="556"/>
							<String ID="string_204" HPOS="570" VPOS="1011" WIDTH="61" HEIGHT="27" WC="0.95" CONTENT="varit,"/><SP WIDTH="16" VPOS="1011" HPOS="631"/>
							<String ID="string_205" HPOS="647" VPOS="1014" WIDTH="40" HEIGHT="18" WC="0.96" CONTENT="när"/><SP WIDTH="16" VPOS="1014" HPOS="687"/>
							<String ID="string_206" HPOS="703" VPOS="1012" WIDTH="42" HEIGHT="20" WC="0.93" CONTENT="den"/><SP WIDTH="14" VPOS="1012" HPOS="745"/>
							<String ID="string_207" HPOS="759" VPOS="1012" WIDTH="97" HEIGHT="22" WC="0.92" CONTENT="starkare"/><SP WIDTH="15" VPOS="1012" HPOS="856"/>
							<String ID="string_208" HPOS="871" VPOS="1012" WIDTH="63" HEIGHT="22" WC="0.96" CONTENT="delen"/><SP WIDTH="16" VPOS="1012" HPOS="934"/>
							<String ID="string_209" HPOS="950" VPOS="1014" WIDTH="23" HEIGHT="20" WC="0.96" CONTENT="af"/>
						</TextLine>
						<TextLine ID="line_25" HPOS="230" VPOS="1043" WIDTH="740" HEIGHT="30">
							<String ID="string_210" HPOS="230" VPOS="1045" WIDTH="191" HEIGHT="27" WC="0.92" CONTENT="menniskoslägtet"/><SP WIDTH="21" VPOS="1045" HPOS="421"/>
							<String ID="string_211" HPOS="442" VPOS="1043" WIDTH="118" HEIGHT="23" WC="0.91" CONTENT="förbehällit"/><SP WIDTH="22" VPOS="1043" HPOS="560"/>
							<String ID="string_212" HPOS="582" VPOS="1046" WIDTH="31" HEIGHT="26" WC="0.93" CONTENT="sig"/><SP WIDTH="22" VPOS="1046" HPOS="613"/>
							<String ID="string_213" HPOS="635" VPOS="1046" WIDTH="128" HEIGHT="27" WC="0.96" CONTENT="rättigheten"/><SP WIDTH="22" VPOS="1046" HPOS="763"/>
							<String ID="string_214" HPOS="785" VPOS="1048" WIDTH="30" HEIGHT="19" WC="0.96" CONTENT="att"/><SP WIDTH="16" VPOS="1048" HPOS="815"/>
							<String ID="string_215" HPOS="831" VPOS="1046" WIDTH="51" HEIGHT="22" WC="0.96" CONTENT="med"/><SP WIDTH="15" VPOS="1046" HPOS="882"/>
							<String ID="string_216" HPOS="897" VPOS="1047" WIDTH="73" HEIGHT="21" WC="0.96" CONTENT="arbete"/>
						</TextLine>
						<TextLine ID="line_26" HPOS="230" VPOS="1079" WIDTH="741" HEIGHT="29">
							<String ID="string_217" HPOS="230" VPOS="1080" WIDTH="76" HEIGHT="20" WC="0.92" CONTENT="lifnära"/><SP WIDTH="22" VPOS="1080" HPOS="306"/>
							<String ID="string_218" HPOS="328" VPOS="1080" WIDTH="32" HEIGHT="27" WC="0.95" CONTENT="sig"/><SP WIDTH="22" VPOS="1080" HPOS="360"/>
							<String ID="string_219" HPOS="382" VPOS="1079" WIDTH="53" HEIGHT="21" WC="0.96" CONTENT="eller"/><SP WIDTH="20" VPOS="1079" HPOS="435"/>
							<String ID="string_220" HPOS="455" VPOS="1080" WIDTH="33" HEIGHT="20" WC="0.96" CONTENT="för"/><SP WIDTH="20" VPOS="1080" HPOS="488"/>
							<String ID="string_221" HPOS="508" VPOS="1079" WIDTH="32" HEIGHT="27" WC="0.93" CONTENT="sig"/><SP WIDTH="18" VPOS="1079" HPOS="540"/>
							<String ID="string_222" HPOS="558" VPOS="1080" WIDTH="125" HEIGHT="26" WC="0.92" CONTENT="undantagit"/><SP WIDTH="14" VPOS="1080" HPOS="683"/>
							<String ID="string_223" HPOS="697" VPOS="1080" WIDTH="57" HEIGHT="21" WC="0.95" CONTENT="vissa"/><SP WIDTH="14" VPOS="1080" HPOS="754"/>
							<String ID="string_224" HPOS="768" VPOS="1087" WIDTH="62" HEIGHT="15" WC="0.93" CONTENT="mera"/><SP WIDTH="13" VPOS="1087" HPOS="830"/>
							<String ID="string_225" HPOS="843" VPOS="1080" WIDTH="128" HEIGHT="28" WC="0.91" CONTENT="förmänliga"/>
						</TextLine>
						<TextLine ID="line_27" HPOS="231" VPOS="1113" WIDTH="739" HEIGHT="29">
							<String ID="string_226" HPOS="231" VPOS="1114" WIDTH="46" HEIGHT="28" WC="0.96" CONTENT="slag"/><SP WIDTH="21" VPOS="1114" HPOS="277"/>
							<String ID="string_227" HPOS="298" VPOS="1114" WIDTH="24" HEIGHT="20" WC="0.96" CONTENT="af"/><SP WIDTH="19" VPOS="1114" HPOS="322"/>
							<String ID="string_228" HPOS="341" VPOS="1114" WIDTH="81" HEIGHT="20" WC="0.95" CONTENT="arbete."/><SP WIDTH="31" VPOS="1114" HPOS="422"/>
							<String ID="string_229" HPOS="453" VPOS="1114" WIDTH="75" HEIGHT="20" WC="0.93" CONTENT="Under"/><SP WIDTH="22" VPOS="1114" HPOS="528"/>
							<String ID="string_230" HPOS="550" VPOS="1113" WIDTH="152" HEIGHT="22" WC="0.95" CONTENT="århundraden"/><SP WIDTH="15" VPOS="1113" HPOS="702"/>
							<String ID="string_231" HPOS="717" VPOS="1115" WIDTH="40" HEIGHT="20" WC="0.93" CONTENT="har"/><SP WIDTH="14" VPOS="1115" HPOS="757"/>
							<String ID="string_232" HPOS="771" VPOS="1115" WIDTH="94" HEIGHT="27" WC="0.90" CONTENT="gvinnan"/><SP WIDTH="15" VPOS="1115" HPOS="865"/>
							<String ID="string_233" HPOS="880" VPOS="1114" WIDTH="90" HEIGHT="23" WC="0.96" CONTENT="sålunda"/>
						</TextLine>
						<TextLine ID="line_28" HPOS="230" VPOS="1146" WIDTH="740" HEIGHT="30">
							<String ID="string_234" HPOS="230" VPOS="1149" WIDTH="55" HEIGHT="20" WC="0.93" CONTENT="varit"/><SP WIDTH="13" VPOS="1149" HPOS="285"/>
							<String ID="string_235" HPOS="298" VPOS="1148" WIDTH="106" HEIGHT="20" WC="0.93" CONTENT="utesluten"/><SP WIDTH="15" VPOS="1148" HPOS="404"/>
							<String ID="string_236" HPOS="419" VPOS="1146" WIDTH="46" HEIGHT="22" WC="0.93" CONTENT="frän"/><SP WIDTH="17" VPOS="1146" HPOS="465"/>
							<String ID="string_237" HPOS="482" VPOS="1148" WIDTH="41" HEIGHT="20" WC="0.93" CONTENT="den"/><SP WIDTH="16" VPOS="1148" HPOS="523"/>
							<String ID="string_238" HPOS="539" VPOS="1148" WIDTH="78" HEIGHT="27" WC="0.92" CONTENT="vigtiga"/><SP WIDTH="12" VPOS="1148" HPOS="617"/>
							<String ID="string_239" HPOS="629" VPOS="1149" WIDTH="128" HEIGHT="27" WC="0.91" CONTENT="rättigheten"/><SP WIDTH="16" VPOS="1149" HPOS="757"/>
							<String ID="string_240" HPOS="773" VPOS="1151" WIDTH="29" HEIGHT="19" WC="0.93" CONTENT="att"/><SP WIDTH="15" VPOS="1151" HPOS="802"/>
							<String ID="string_241" HPOS="817" VPOS="1150" WIDTH="62" HEIGHT="21" WC="0.92" CONTENT="träda"/><SP WIDTH="14" VPOS="1150" HPOS="879"/>
							<String ID="string_242" HPOS="893" VPOS="1150" WIDTH="7" HEIGHT="20" WC="0.92" CONTENT="i"/><SP WIDTH="15" VPOS="1150" HPOS="900"/>
							<String ID="string_243" HPOS="915" VPOS="1157" WIDTH="55" HEIGHT="14" WC="0.92" CONTENT="sam-"/>
						</TextLine>
						<TextLine ID="line_29" HPOS="231" VPOS="1182" WIDTH="739" HEIGHT="28">
							<String ID="string_244" HPOS="231" VPOS="1182" WIDTH="75" HEIGHT="21" WC="0.84" CONTENT="hällets"/><SP WIDTH="22" VPOS="1182" HPOS="306"/>
							<String ID="string_245" HPOS="328" VPOS="1183" WIDTH="70" HEIGHT="26" WC="0.84" CONTENT="tjenst,"/><SP WIDTH="25" VPOS="1183" HPOS="398"/>
							<String ID="string_246" HPOS="423" VPOS="1182" WIDTH="102" HEIGHT="21" WC="0.92" CONTENT="ehuruväl"/><SP WIDTH="23" VPOS="1182" HPOS="525"/>
							<String ID="string_247" HPOS="548" VPOS="1182" WIDTH="42" HEIGHT="21" WC="0.96" CONTENT="hon"/><SP WIDTH="22" VPOS="1182" HPOS="590"/>
							<String ID="string_248" HPOS="612" VPOS="1183" WIDTH="33" HEIGHT="21" WC="0.93" CONTENT="för"/><SP WIDTH="17" VPOS="1183" HPOS="645"/>
							<String ID="string_249" HPOS="662" VPOS="1182" WIDTH="88" HEIGHT="28" WC="0.92" CONTENT="mänget"/><SP WIDTH="14" VPOS="1182" HPOS="750"/>
							<String ID="string_250" HPOS="764" VPOS="1183" WIDTH="44" HEIGHT="21" WC="0.96" CONTENT="kall"/><SP WIDTH="14" VPOS="1183" HPOS="808"/>
							<String ID="string_251" HPOS="822" VPOS="1184" WIDTH="82" HEIGHT="21" WC="0.96" CONTENT="kunnat"/><SP WIDTH="15" VPOS="1184" HPOS="904"/>
							<String ID="string_252" HPOS="919" VPOS="1191" WIDTH="51" HEIGHT="15" WC="0.96" CONTENT="vara"/>
						</TextLine>
						<TextLine ID="line_30" HPOS="231" VPOS="1216" WIDTH="738" HEIGHT="30">
							<String ID="string_253" HPOS="231" VPOS="1216" WIDTH="44" HEIGHT="22" WC="0.96" CONTENT="lika"/><SP WIDTH="14" VPOS="1216" HPOS="275"/>
							<String ID="string_254" HPOS="289" VPOS="1216" WIDTH="96" HEIGHT="28" WC="0.93" CONTENT="lämplig,"/><SP WIDTH="16" VPOS="1216" HPOS="385"/>
							<String ID="string_255" HPOS="401" VPOS="1216" WIDTH="110" HEIGHT="21" WC="0.96" CONTENT="måhända"/><SP WIDTH="14" VPOS="1216" HPOS="511"/>
							<String ID="string_256" HPOS="525" VPOS="1216" WIDTH="126" HEIGHT="28" WC="0.96" CONTENT="lämpligare"/><SP WIDTH="14" VPOS="1216" HPOS="651"/>
							<String ID="string_257" HPOS="665" VPOS="1220" WIDTH="27" HEIGHT="18" WC="0.93" CONTENT="än"/><SP WIDTH="16" VPOS="1220" HPOS="692"/>
							<String ID="string_258" HPOS="708" VPOS="1224" WIDTH="102" HEIGHT="20" WC="0.96" CONTENT="mannen,"/><SP WIDTH="17" VPOS="1224" HPOS="810"/>
							<String ID="string_259" HPOS="827" VPOS="1219" WIDTH="40" HEIGHT="20" WC="0.96" CONTENT="och"/><SP WIDTH="15" VPOS="1219" HPOS="867"/>
							<String ID="string_260" HPOS="882" VPOS="1217" WIDTH="29" HEIGHT="29" WC="0.79" CONTENT="pä"/><SP WIDTH="7" VPOS="1217" HPOS="911"/>
							<String ID="string_261" HPOS="918" VPOS="1218" WIDTH="51" HEIGHT="22" WC="0.79" CONTENT="den-"/>
						</TextLine>
						<TextLine ID="line_31" HPOS="231" VPOS="1250" WIDTH="738" HEIGHT="27">
							<String ID="string_262" HPOS="231" VPOS="1257" WIDTH="29" HEIGHT="13" WC="0.93" CONTENT="na"/><SP WIDTH="15" VPOS="1257" HPOS="260"/>
							<String ID="string_263" HPOS="275" VPOS="1252" WIDTH="99" HEIGHT="19" WC="0.95" CONTENT="orättvisa"/><SP WIDTH="15" VPOS="1252" HPOS="374"/>
							<String ID="string_264" HPOS="389" VPOS="1250" WIDTH="39" HEIGHT="20" WC="0.93" CONTENT="har"/><SP WIDTH="15" VPOS="1250" HPOS="428"/>
							<String ID="string_265" HPOS="443" VPOS="1251" WIDTH="17" HEIGHT="25" WC="0.92" CONTENT="ej"/><SP WIDTH="18" VPOS="1251" HPOS="460"/>
							<String ID="string_266" HPOS="478" VPOS="1251" WIDTH="90" HEIGHT="19" WC="0.92" CONTENT="allenast"/><SP WIDTH="14" VPOS="1251" HPOS="568"/>
							<String ID="string_267" HPOS="582" VPOS="1251" WIDTH="50" HEIGHT="26" WC="0.96" CONTENT="hon,"/><SP WIDTH="17" VPOS="1251" HPOS="632"/>
							<String ID="string_268" HPOS="649" VPOS="1253" WIDTH="51" HEIGHT="18" WC="0.93" CONTENT="utan"/><SP WIDTH="16" VPOS="1253" HPOS="700"/>
							<String ID="string_269" HPOS="716" VPOS="1252" WIDTH="64" HEIGHT="20" WC="0.96" CONTENT="äfven"/><SP WIDTH="15" VPOS="1252" HPOS="780"/>
							<String ID="string_270" HPOS="795" VPOS="1252" WIDTH="111" HEIGHT="21" WC="0.94" CONTENT="samhället"/><SP WIDTH="15" VPOS="1252" HPOS="906"/>
							<String ID="string_271" HPOS="921" VPOS="1253" WIDTH="4" HEIGHT="20" WC="0.96" CONTENT="i"/><SP WIDTH="13" VPOS="1253" HPOS="925"/>
							<String ID="string_272" HPOS="938" VPOS="1253" WIDTH="31" HEIGHT="20" WC="0.96" CONTENT="sin"/>
						</TextLine>
						<TextLine ID="line_32" HPOS="230" VPOS="1283" WIDTH="741" HEIGHT="29">
							<String ID="string_273" HPOS="230" VPOS="1284" WIDTH="73" HEIGHT="20" WC="0.90" CONTENT="helhet"/><SP WIDTH="22" VPOS="1284" HPOS="303"/>
							<String ID="string_274" HPOS="325" VPOS="1283" WIDTH="67" HEIGHT="21" WC="0.89" CONTENT="blifvit"/><SP WIDTH="13" VPOS="1283" HPOS="392"/>
							<String ID="string_275" HPOS="405" VPOS="1283" WIDTH="95" HEIGHT="21" WC="0.91" CONTENT="lidande."/><SP WIDTH="30" VPOS="1283" HPOS="500"/>
							<String ID="string_276" HPOS="530" VPOS="1284" WIDTH="79" HEIGHT="21" WC="0.96" CONTENT="Denna"/><SP WIDTH="14" VPOS="1284" HPOS="609"/>
							<String ID="string_277" HPOS="623" VPOS="1284" WIDTH="40" HEIGHT="21" WC="0.96" CONTENT="och"/><SP WIDTH="15" VPOS="1284" HPOS="663"/>
							<String ID="string_278" HPOS="678" VPOS="1284" WIDTH="68" HEIGHT="22" WC="0.93" CONTENT="andra"/><SP WIDTH="15" VPOS="1284" HPOS="746"/>
							<String ID="string_279" HPOS="761" VPOS="1285" WIDTH="132" HEIGHT="27" WC="0.92" CONTENT="obilligheter"/><SP WIDTH="14" VPOS="1285" HPOS="893"/>
							<String ID="string_280" HPOS="907" VPOS="1286" WIDTH="64" HEIGHT="22" WC="0.96" CONTENT="söker"/>
						</TextLine>
						<TextLine ID="line_33" HPOS="231" VPOS="1316" WIDTH="737" HEIGHT="32">
							<String ID="string_281" HPOS="231" VPOS="1324" WIDTH="52" HEIGHT="14" WC="0.95" CONTENT="man"/><SP WIDTH="21" VPOS="1324" HPOS="283"/>
							<String ID="string_282" HPOS="304" VPOS="1324" WIDTH="30" HEIGHT="14" WC="0.95" CONTENT="nu"/><SP WIDTH="22" VPOS="1324" HPOS="334"/>
							<String ID="string_283" HPOS="356" VPOS="1318" WIDTH="7" HEIGHT="20" WC="0.96" CONTENT="i"/><SP WIDTH="22" VPOS="1318" HPOS="363"/>
							<String ID="string_284" HPOS="385" VPOS="1316" WIDTH="38" HEIGHT="22" WC="0.85" CONTENT="vär"/><SP WIDTH="15" VPOS="1316" HPOS="423"/>
							<String ID="string_285" HPOS="438" VPOS="1317" WIDTH="29" HEIGHT="22" WC="0.85" CONTENT="tid"/><SP WIDTH="15" VPOS="1317" HPOS="467"/>
							<String ID="string_286" HPOS="482" VPOS="1316" WIDTH="98" HEIGHT="29" WC="0.96" CONTENT="utplåna;"/><SP WIDTH="14" VPOS="1316" HPOS="580"/>
							<String ID="string_287" HPOS="594" VPOS="1319" WIDTH="30" HEIGHT="27" WC="0.93" CONTENT="ja,"/><SP WIDTH="17" VPOS="1319" HPOS="624"/>
							<String ID="string_288" HPOS="641" VPOS="1320" WIDTH="68" HEIGHT="20" WC="0.96" CONTENT="röster"/><SP WIDTH="15" VPOS="1320" HPOS="709"/>
							<String ID="string_289" HPOS="724" VPOS="1319" WIDTH="63" HEIGHT="21" WC="0.96" CONTENT="hafva"/><SP WIDTH="15" VPOS="1319" HPOS="787"/>
							<String ID="string_290" HPOS="802" VPOS="1318" WIDTH="45" HEIGHT="23" WC="0.96" CONTENT="låtit"/><SP WIDTH="14" VPOS="1318" HPOS="847"/>
							<String ID="string_291" HPOS="861" VPOS="1320" WIDTH="54" HEIGHT="22" WC="0.96" CONTENT="höra"/><SP WIDTH="15" VPOS="1320" HPOS="915"/>
							<String ID="string_292" HPOS="930" VPOS="1321" WIDTH="38" HEIGHT="27" WC="0.87" CONTENT="sig,"/>
						</TextLine>
						<TextLine ID="line_34" HPOS="231" VPOS="1352" WIDTH="740" HEIGHT="30">
							<String ID="string_293" HPOS="231" VPOS="1352" WIDTH="73" HEIGHT="21" WC="0.92" CONTENT="hvilka"/><SP WIDTH="22" VPOS="1352" HPOS="304"/>
							<String ID="string_294" HPOS="326" VPOS="1352" WIDTH="72" HEIGHT="21" WC="0.92" CONTENT="fordra"/><SP WIDTH="15" VPOS="1352" HPOS="398"/>
							<String ID="string_295" HPOS="413" VPOS="1354" WIDTH="28" HEIGHT="19" WC="0.93" CONTENT="ett"/><SP WIDTH="14" VPOS="1354" HPOS="441"/>
							<String ID="string_296" HPOS="455" VPOS="1352" WIDTH="131" HEIGHT="28" WC="0.92" CONTENT="fullständigt"/><SP WIDTH="14" VPOS="1352" HPOS="586"/>
							<String ID="string_297" HPOS="600" VPOS="1353" WIDTH="151" HEIGHT="28" WC="0.92" CONTENT="upphäfvande"/><SP WIDTH="16" VPOS="1353" HPOS="751"/>
							<String ID="string_298" HPOS="767" VPOS="1355" WIDTH="24" HEIGHT="21" WC="0.93" CONTENT="af"/><SP WIDTH="12" VPOS="1355" HPOS="791"/>
							<String ID="string_299" HPOS="803" VPOS="1355" WIDTH="74" HEIGHT="27" WC="0.92" CONTENT="hvarje"/><SP WIDTH="15" VPOS="1355" HPOS="877"/>
							<String ID="string_300" HPOS="892" VPOS="1355" WIDTH="79" HEIGHT="22" WC="0.93" CONTENT="olikhet"/>
						</TextLine>
						<TextLine ID="line_35" HPOS="227" VPOS="1387" WIDTH="741" HEIGHT="30">
							<String ID="string_301" HPOS="227" VPOS="1387" WIDTH="8" HEIGHT="20" WC="0.95" CONTENT="i"/><SP WIDTH="22" VPOS="1387" HPOS="235"/>
							<String ID="string_302" HPOS="257" VPOS="1387" WIDTH="125" HEIGHT="27" WC="0.92" CONTENT="rättigheter"/><SP WIDTH="22" VPOS="1387" HPOS="382"/>
							<String ID="string_303" HPOS="404" VPOS="1387" WIDTH="72" HEIGHT="21" WC="0.92" CONTENT="könen"/><SP WIDTH="24" VPOS="1387" HPOS="476"/>
							<String ID="string_304" HPOS="500" VPOS="1388" WIDTH="99" HEIGHT="20" WC="0.90" CONTENT="emellan."/><SP WIDTH="30" VPOS="1388" HPOS="599"/>
							<String ID="string_305" HPOS="629" VPOS="1388" WIDTH="43" HEIGHT="21" WC="0.93" CONTENT="Det"/><SP WIDTH="14" VPOS="1388" HPOS="672"/>
							<String ID="string_306" HPOS="686" VPOS="1388" WIDTH="55" HEIGHT="22" WC="0.92" CONTENT="lider"/><SP WIDTH="14" VPOS="1388" HPOS="741"/>
							<String ID="string_307" HPOS="755" VPOS="1389" WIDTH="56" HEIGHT="21" WC="0.93" CONTENT="dock"/><SP WIDTH="13" VPOS="1389" HPOS="811"/>
							<String ID="string_308" HPOS="824" VPOS="1390" WIDTH="53" HEIGHT="20" WC="0.93" CONTENT="intet"/><SP WIDTH="14" VPOS="1390" HPOS="877"/>
							<String ID="string_309" HPOS="891" VPOS="1390" WIDTH="77" HEIGHT="27" WC="0.90" CONTENT="tvifvel,"/>
						</TextLine>
						<TextLine ID="line_36" HPOS="231" VPOS="1420" WIDTH="737" HEIGHT="32">
							<String ID="string_310" HPOS="231" VPOS="1422" WIDTH="30" HEIGHT="20" WC="0.94" CONTENT="att"/><SP WIDTH="22" VPOS="1422" HPOS="261"/>
							<String ID="string_311" HPOS="283" VPOS="1428" WIDTH="27" HEIGHT="14" WC="0.92" CONTENT="en"/><SP WIDTH="22" VPOS="1428" HPOS="310"/>
							<String ID="string_312" HPOS="332" VPOS="1420" WIDTH="68" HEIGHT="22" WC="0.96" CONTENT="sådan"/><SP WIDTH="18" VPOS="1420" HPOS="400"/>
							<String ID="string_313" HPOS="418" VPOS="1422" WIDTH="94" HEIGHT="26" WC="0.96" CONTENT="fordran,"/><SP WIDTH="17" VPOS="1422" HPOS="512"/>
							<String ID="string_314" HPOS="529" VPOS="1422" WIDTH="50" HEIGHT="22" WC="0.96" CONTENT="ledd"/><SP WIDTH="15" VPOS="1422" HPOS="579"/>
							<String ID="string_315" HPOS="594" VPOS="1422" WIDTH="29" HEIGHT="22" WC="0.95" CONTENT="till"/><SP WIDTH="14" VPOS="1422" HPOS="623"/>
							<String ID="string_316" HPOS="637" VPOS="1422" WIDTH="46" HEIGHT="22" WC="0.93" CONTENT="sina"/><SP WIDTH="14" VPOS="1422" HPOS="683"/>
							<String ID="string_317" HPOS="697" VPOS="1424" WIDTH="90" HEIGHT="25" WC="0.93" CONTENT="yttersta"/><SP WIDTH="14" VPOS="1424" HPOS="787"/>
							<String ID="string_318" HPOS="801" VPOS="1424" WIDTH="167" HEIGHT="28" WC="0.91" CONTENT="konsegvenser,"/>
						</TextLine>
						<TextLine ID="line_37" HPOS="229" VPOS="1454" WIDTH="741" HEIGHT="26">
							<String ID="string_319" HPOS="229" VPOS="1455" WIDTH="89" HEIGHT="22" WC="0.96" CONTENT="komme"/><SP WIDTH="22" VPOS="1455" HPOS="318"/>
							<String ID="string_320" HPOS="340" VPOS="1456" WIDTH="30" HEIGHT="20" WC="0.93" CONTENT="att"/><SP WIDTH="21" VPOS="1456" HPOS="370"/>
							<String ID="string_321" HPOS="391" VPOS="1454" WIDTH="56" HEIGHT="23" WC="0.96" CONTENT="både"/><SP WIDTH="18" VPOS="1454" HPOS="447"/>
							<String ID="string_322" HPOS="465" VPOS="1457" WIDTH="33" HEIGHT="20" WC="0.93" CONTENT="för"/><SP WIDTH="14" VPOS="1457" HPOS="498"/>
							<String ID="string_323" HPOS="512" VPOS="1456" WIDTH="112" HEIGHT="23" WC="0.95" CONTENT="samhället"/><SP WIDTH="15" VPOS="1456" HPOS="624"/>
							<String ID="string_324" HPOS="639" VPOS="1457" WIDTH="39" HEIGHT="21" WC="0.97" CONTENT="och"/><SP WIDTH="16" VPOS="1457" HPOS="678"/>
							<String ID="string_325" HPOS="694" VPOS="1457" WIDTH="48" HEIGHT="22" WC="0.93" CONTENT="dess"/><SP WIDTH="15" VPOS="1457" HPOS="742"/>
							<String ID="string_326" HPOS="757" VPOS="1458" WIDTH="98" HEIGHT="21" WC="0.93" CONTENT="enskilda"/><SP WIDTH="14" VPOS="1458" HPOS="855"/>
							<String ID="string_327" HPOS="869" VPOS="1458" WIDTH="101" HEIGHT="22" WC="0.92" CONTENT="medlem-"/>
						</TextLine>
					</TextBlock>
					<TextBlock ID="block_3" HPOS="296" VPOS="1493" WIDTH="504" HEIGHT="23">
						<TextLine ID="line_38" HPOS="296" VPOS="1493" WIDTH="504" HEIGHT="23">
							<String ID="string_328" HPOS="296" VPOS="1493" WIDTH="97" HEIGHT="18" WC="0.93" CONTENT="Allmänna"/><SP WIDTH="13" VPOS="1493" HPOS="393"/>
							<String ID="string_329" HPOS="406" VPOS="1494" WIDTH="172" HEIGHT="19" WC="0.85" CONTENT="Besvärsutskottets"/><SP WIDTH="13" VPOS="1494" HPOS="578"/>
							<String ID="string_330" HPOS="591" VPOS="1495" WIDTH="111" HEIGHT="19" WC="0.96" CONTENT="betänkande"/><SP WIDTH="12" VPOS="1495" HPOS="702"/>
							<String ID="string_331" HPOS="714" VPOS="1496" WIDTH="39" HEIGHT="18" WC="0.95" CONTENT="N:o"/><SP WIDTH="14" VPOS="1496" HPOS="753"/>
							<String ID="string_332" HPOS="767" VPOS="1495" WIDTH="33" HEIGHT="21" WC="0.94" CONTENT="16,"/>
						</TextLine>
					</TextBlock>
				</ComposedBlock>
			</PrintSpace>
		</Page>
	</Layout>
</alto>
