1045 1703
242 125 319 20 Petitionsbetänkande
576 126 47 21 N:o
638 127 50 20 20.
789 126 12 19 9

88 192 125 26 föranledas,
229 193 38 19 har
277 192 112 21 Allmänna
399 193 189 21 Besvärsutskottet
596 194 48 20 icke
655 196 40 18 sett
705 195 30 26 sig
745 194 7 19 i
763 194 69 20 denna

88 226 34 20 del
138 226 71 20 kunna
225 227 125 26 tillmötesgå
364 227 185 26 Borgareståndets
565 228 104 21 anhållan.

155 295 29 18 På
203 295 67 25 grund
291 295 22 19 af
326 295 96 26 samtliga
443 295 76 20 Stånds
534 296 137 26 enstämmiga
686 296 68 20 beslut
769 295 39 20 och
823 296 7 19 i

87 328 93 26 enlighet
195 329 47 19 med
258 329 112 19 Allmänna
385 329 200 21 Besvärsutskottets
600 330 55 20 förut
669 330 75 26 gjorda
753 329 78 27 förslag

87 362 59 20 torde
166 362 84 20 dernäst
268 364 114 20 momentet
396 364 22 26 e)
435 364 51 20 böra
501 364 29 20 uti
546 364 126 20 Ständernas
688 364 143 26 underdåniga

87 396 87 25 petition
190 399 108 25 upptagas,
314 397 23 19 så
352 397 101 26 lydande:

188 431 24 27 4)
228 433 32 18 att
276 432 63 26 ingen
349 430 41 29 för
401 431 131 29 fattigdoms
542 431 57 22 skull
609 432 35 20 må
650 432 58 26 från
719 431 26 21 de
755 431 76 28 offent-

153 464 45 28 liga
214 465 184 22 läroanstalterna
412 468 131 26 utestängas,
559 465 37 22 och
611 468 32 18 att
664 465 82 21 således
758 466 73 27 någon

152 501 77 26 sträng
245 499 145 29 begränsning
406 500 30 27 af
438 500 149 28 friplatserna
597 500 44 21 icke
651 500 65 21 borde
726 506 39 22 ega
776 506 54 15 rum.

153 569 48 19 Med
224 569 114 26 anledning
356 569 23 19 af
392 569 26 20 de
433 570 6 18 i
455 570 65 25 några
534 569 111 26 petitioner
660 569 122 20 framstälda
796 576 33 19 yr-

85 602 105 25 kandena,
214 604 30 18 att
266 603 239 20 elementarläroverken
526 604 64 19 måtte
608 603 65 20 blifva
687 603 89 20 svenska
792 603 38 20 och

85 636 68 21 finska
167 637 7 19 i
190 637 120 26 proportion
326 637 32 19 till
373 637 79 20 antalet
465 637 23 20 af
496 637 82 21 landets
589 637 66 26 begge
665 637 165 26 folkelementer,

85 671 55 19 hade
155 668 140 22 Allmänna
310 671 254 21 Besvärsutskottet
579 671 71 20 vidare
668 672 3 18 i
683 671 113 21 momentet
808 671 21 26 f)

85 705 118 26 föreslagit:

189 740 30 18 att
239 739 26 19 de
280 739 72 19 härom
368 740 73 25 gjorda
455 740 124 26 yrkandena
593 739 48 20 icke
655 740 64 19 måtte
735 740 23 19 af
770 740 60 19 Stän-

153 773 65 20 derna
233 773 65 19 varda
314 773 123 26 godkända;

152 807 86 19 hvilken
249 808 65 25 punkt
324 807 20 19 af
352 807 118 27 Höglofliga
480 807 199 26 Ridderskapet
689 808 45 19 och
744 807 86 21 Adeln

85 842 68 20 blifvit
169 842 135 19 oförändradt
319 842 110 26 godkänd;
444 842 109 19 hvaremot

156 875 135 26 Högvördiga
313 876 208 19 Prestaständet
543 876 55 19 velat
620 875 7 19 i
649 875 98 20 afseende
770 875 12 19 &
805 875 26 20 de

84 910 77 19 nämda
183 909 123 26 yrkandena
327 909 63 20 hafva
410 910 39 19 den
470 910 84 26 mening
573 909 87 25 uttalad,
679 911 30 17 att
725 909 106 20 desamma

79 943 42 27 för
143 943 137 21 närvarande
301 943 52 27 icke
368 944 64 20 borde
452 943 44 20 från
513 944 126 20 Ständernas
654 943 46 20 sida
715 943 31 20 till
761 944 69 26 någon

85 978 73 26 åtgärd
174 977 116 21 föranleda.

152 1012 114 25 Vällofliga
287 1012 234 25 Borgareståndet
542 1012 38 19 har
602 1011 94 26 godkänt
719 1013 112 18 momentet

84 1045 142 25 oförändradt,
244 1045 75 20 medan
331 1046 44 19 åter

152 1079 137 20 Hedervärda
312 1079 204 20 Bondeståndet
538 1079 107 20 förändrat
667 1079 115 20 detsamma
803 1079 28 26 på

84 1116 41 18 sätt
140 1114 62 20 ofvan
217 1114 7 19 i
240 1114 150 25 sammanhang
407 1114 45 19 med
469 1115 113 18 momentet
597 1113 20 26 c)
633 1113 64 20 redan
709 1113 121 20 omnämndt

85 1148 74 20 blifvit.

152 1182 33 20 Då
208 1182 112 19 Allmänna
343 1182 201 20 Besvärsutskottets
566 1181 203 26 resolutionsförslag
784 1181 47 20 icke

84 1218 6 18 i
107 1217 69 19 denna
192 1216 33 20 del
241 1216 67 20 skulle
325 1216 31 19 till
371 1216 69 26 någon
457 1216 73 26 åtgärd
545 1215 104 21 föranledt
664 1215 52 19 eller
725 1222 36 12 ens
772 1214 57 20 kom-

84 1251 37 20 mit
140 1253 31 17 att
189 1250 7 20 i
217 1257 24 13 en
262 1250 129 26 underdånig
410 1250 88 26 petition
518 1251 107 25 upptagas,
640 1249 60 19 torde
715 1249 57 19 detta
788 1255 42 14 mo-

85 1287 56 17 ment
160 1285 50 27 böra
230 1284 44 20 helt
293 1284 39 20 och
348 1284 66 20 hållet
428 1284 99 26 förbigås,
543 1284 54 20 helst
612 1283 117 20 Ständerna
744 1282 64 21 redan
824 1288 6 20 ;

86 1326 25 12 en
128 1318 89 26 tidigare
232 1318 67 26 punkt
315 1318 53 20 varit
382 1318 7 20 i
405 1318 84 20 tillfälle
500 1320 30 18 att
541 1318 46 20 med
598 1317 114 26 anledning
723 1317 23 19 af
753 1316 76 26 ifråga-

85 1352 92 19 varande
193 1351 78 26 förslag
286 1353 57 24 yttra
358 1351 30 19 sin
404 1351 91 25 mening.

152 1419 114 20 Momentet
281 1419 23 26 g)
320 1418 22 20 af
356 1409 142 29 Allmänna
512 1417 271 21 Besvärsutskottets
799 1425 28 13 re-

84 1453 182 26 solutionsförslag
277 1453 37 20 har
324 1453 23 20 af
376 1453 114 26 samtliga
506 1453 116 20 Ständen
633 1452 135 20 oförändrädt
779 1453 50 26 god-

149 1492 75 23 Bihang
236 1492 30 19 till
273 1488 104 38 Allmänna
388 1492 184 19 Besvärs-utskottets
584 1491 110 20 betänkande
706 1491 36 20 N:o
753 1492 28 19 17.
