1028 1692
120 210 139 22 Lagutskottets
271 209 124 23 betänkande,
409 214 32 13 n:o
453 208 32 23 22,
494 209 6 16 i
509 209 102 22 anledning
618 209 20 17 af
645 210 26 16 ett
678 209 53 17 inom

53 237 139 18 Bondeståndet
205 238 106 17 framstäldt
321 237 161 23 petitionsförslag
494 237 95 23 angående
601 236 131 23 upphäfvande

52 266 41 17 af
85 262 14 32 5
106 267 9 20 $
127 267 10 16 2
150 266 43 23 kap,
205 266 20 17 G.
238 267 20 16 B.

119 294 88 17 Finlands
219 294 87 18 Ständers
318 293 129 23 underdäniga
461 294 84 22 petition.

118 323 135 17 Sammansatta
273 322 44 23 Lag-
337 322 34 17 och
394 321 195 18 Ekonomiutskottets
608 321 124 22 betänkande,

52 356 32 13 n:o
97 350 32 24 10,
142 352 6 16 i
162 351 101 22 anledning
275 351 21 17 af
306 352 26 16 ett
340 351 30 16 till
379 350 122 23 Högvördiga
509 349 137 19 Presteständet
652 350 82 23 ingifvet

51 380 189 22 petitionsmemoria]
252 379 96 24 angående
361 379 144 18 underlättande
517 379 20 17 af
545 378 160 23 jordafsöndring.

117 408 75 23 Tillägg
203 408 29 17 till
246 407 135 18 Sammansatta
393 407 46 22 Lag-
452 407 34 18 och
495 407 198 18 Ekonomiutskottets
702 407 30 17 be-

51 435 93 18 tänkande
157 441 32 13 n:o
202 436 27 18 10.

117 464 89 17 Finlands
218 464 87 17 Ständers
317 463 130 23 underdäniga
457 464 87 22 petition.

118 492 139 23 Lagutskottets
269 491 124 23 betänkande,
401 497 32 12 n:o
443 491 32 23 23,
488 492 6 16 i
507 492 102 22 anledning
619 492 20 17 af
646 493 26 16 ett
681 492 51 17 inom

51 520 140 23 Ridderskapet
200 521 33 17 och
245 520 62 18 Adeln
320 520 55 17 väckt
387 519 77 24 förslag,
476 520 95 23 angäende
583 525 22 12 en
618 519 117 24 underdänig

51 549 85 22 petition
150 555 30 12 om
194 549 64 22 nädigt
269 549 83 17 initiativ
364 549 29 17 till
406 548 79 23 ändring
498 549 20 17 af
524 548 210 23 Landtdagsordningen

51 578 6 16 i
73 578 50 21 syfte
137 577 39 18 dels
190 579 26 16 att
228 583 22 12 en
263 577 83 18 bestämd
358 577 76 18 kortare
446 577 64 23 period
523 577 29 17 för
564 576 112 18 Ständernas
688 582 47 12 sam-

50 606 111 17 manträden
184 605 60 19 blefve
263 606 84 17 faststäld
366 606 34 17 och
412 605 39 18 dels
464 607 27 15 att
502 606 30 16 val
544 606 20 17 af
574 604 141 24 landtdagsmän
729 606 6 17 i

51 635 77 22 Preste-,
143 634 88 23 Borgare-
245 635 34 17 och
292 634 143 17 Bondeständen
448 635 74 16 komme
536 636 27 16 att
571 634 32 17 ske
612 635 28 16 för
649 633 32 18 ivä
689 634 46 18 eller

51 664 28 16 tre
91 663 116 22 landtdagar,

118 691 89 18 Finlands
219 691 88 17 Ständers
319 690 130 24 underdäniga
459 692 87 21 petition.

119 719 138 24 Lagutskottets
270 720 124 21 betänkande,
403 725 32 12 n:o
445 719 32 23 24,
488 721 5 16 i
503 719 101 23 anledning
613 719 21 18 af
642 719 92 18 särskilda

52 748 163 24 petitionsförslag
227 753 30 13 om
272 748 66 24 nädigt
350 749 82 17 initiativ
445 748 38 18 dels
496 748 29 17 till
537 753 23 13 en
572 748 82 17 revision
663 748 21 17 af
692 748 43 17 1772

51 776 30 18 års
99 778 147 21 regeringsform
266 779 48 15 samt
329 776 45 18 1789
389 776 29 18 års
431 777 108 21 Förenings-
553 776 33 18 och
599 776 137 21 Säkerhetsakt,

53 804 45 18 eller
119 804 114 19 åtminstone
250 811 22 12 en
290 805 123 18 kodifikation
432 806 21 16 af
468 805 87 23 samtliga
569 810 26 12 nu
608 804 85 23 gällande
706 804 30 18 till

51 829 52 31 detta
118 823 160 37 grundlagsgebit
289 833 84 18 hörande
392 834 121 22 stadganden,
528 833 34 18 och
574 832 39 18 dels
625 833 29 17 till
666 833 69 23 grund-

53 862 95 23 lagsenlig
159 862 118 22 bestämning
290 867 29 12 om
333 864 36 15 rätt
383 862 29 16 för
424 862 6 16 i
443 862 79 17 Finland
534 863 72 17 bosatte
618 862 34 17 och
661 864 74 16 natura-

53 890 80 18 liserade
145 890 143 24 grekisk-ryska
303 891 148 17 trosförvandter
469 893 27 15 att
513 892 58 16 vinna
588 891 99 17 befordran
705 891 29 17 till

51 920 78 22 tjenster
141 920 7 16 i
161 919 67 17 landet.

119 948 140 23 Lagutskottets
271 947 126 22 betänkande,
407 953 31 12 n:o
451 947 32 23 25,
495 948 7 16 i
511 948 100 22 anledning
620 948 18 18 af
647 949 27 16 ett
682 948 51 17 inom

51 976 137 18 Presteständet
201 976 54 17 väckt
267 976 70 22 förslag
352 976 28 17 till
394 976 119 23 underdänig
525 976 78 23 petition
613 981 29 12 om
651 982 22 11 en
687 977 46 17 revi-

51 1006 41 16 sion
105 1005 20 17 af
136 1004 22 17 de
171 1004 55 17 civila
239 1004 156 23 sabbatslagarne.

118 1033 93 17 Rättelser
222 1033 30 17 till
265 1032 106 18 detsamma.

119 1061 139 22 Lagutskottets
271 1060 124 23 betänkande,
407 1065 32 13 n:o
452 1061 35 22 20,
499 1062 6 15 i
519 1061 101 23 anledning
632 1062 21 16 af
663 1061 31 17 två
704 1061 31 17 vid

51 1089 127 18 innevarande
196 1089 88 23 landtdag
300 1089 67 17 väckta
387 1089 72 23 förslag
478 1094 29 12 om
522 1089 116 23 underdänig
649 1090 87 22 petition,

51 1117 99 23 angående
162 1118 99 17 införande
274 1118 21 16 af
305 1117 189 23 länsrepresentation
506 1118 7 16 i
525 1118 85 17 Finland.

119 1146 88 17 Finlands
220 1146 87 17 Ständers
319 1145 130 23 underdäniga
460 1146 85 22 petition.

119 1174 140 22 Lagutskottets
273 1174 122 21 betänkande,
404 1179 32 12 n:o
449 1174 32 22 26,
491 1174 7 16 i
507 1174 102 22 anledning
618 1174 20 18 af
647 1176 27 16 ett
682 1175 52 17 inom

52 1202 156 24 Borgareständet
226 1202 55 18 väckt
299 1202 71 22 förslag
383 1202 28 17 till
425 1202 118 23 underdänig
555 1202 77 23 petition
646 1208 30 12 om
689 1208 46 17 upp-

51 1231 93 17 häfvande
157 1231 19 17 af
187 1231 88 17 förbudet
286 1232 6 16 i
306 1231 11 17 6
329 1232 9 20 $
351 1231 10 16 9
374 1231 41 23 kap.
429 1231 151 17 Handelsbalken
593 1233 27 16 att
633 1233 43 21 taga
689 1231 47 18 eller

53 1260 40 17 låta
105 1259 103 18 förskrifva
219 1260 30 23 sig
261 1259 58 23 högre
331 1261 54 16 ränta
397 1261 22 16 än
433 1266 34 11 sex
478 1260 29 17 för
518 1260 96 17 hundrade
626 1265 29 12 om
668 1260 46 17 året.

121 1288 88 17 Finlands
222 1288 87 17 Ständers
322 1287 129 24 underdäniga
462 1289 87 22 petition.

120 1316 135 18 Sammansatta
274 1317 45 22 Lag-
339 1316 34 17 och
393 1317 195 17 Ekonomiutskottets
609 1317 123 22 betänkande,

53 1349 32 12 n:o
96 1344 29 21 11,
137 1344 7 17 i
156 1343 102 23 anledning
275 1345 20 16 af
307 1345 26 16 ett
349 1345 50 16 inom
412 1344 138 18 Bondeständet
567 1345 105 17 framstäldt
688 1346 46 21 peti-

53 1372 122 22 tionsförslag
187 1371 95 24 angäende
295 1371 151 24 fängforslingen
458 1372 35 17 och
505 1372 114 23 fängvärden
632 1373 6 16 i
650 1372 70 18 landet.

124 1399 139 23 Lagutskottets
281 1400 123 20 betänkande,
416 1405 33 12 n:o
461 1399 30 23 21,
503 1401 6 16 i
522 1400 102 23 anledning
636 1402 20 15 af
666 1402 27 15 ett
706 1401 29 16 till

55 1427 156 23 Borgareständet
223 1429 80 22 ingifvet
315 1428 187 22 petitionsmemoria]
514 1427 95 24 angående
621 1429 82 16 revision
717 1429 20 16 af

54 1456 144 23 lagstiftningen
211 1461 29 12 om
253 1456 77 23 förlags-
343 1455 45 18 eller
399 1456 188 22 fabriksinteckning.

121 1484 90 17 Finlands
223 1484 88 17 Ständers
324 1483 128 24 underdäniga
463 1485 85 21 petition.

742 152 35 17 VII

755 266 22 17 42

757 922 23 18 45

757 1007 24 17 46

759 1120 21 18 47

759 1262 22 17 48

759 1373 22 18 49

760 1459 23 17 50
