1042 1703
259 148 240 21 Petitionsbetänkande
511 149 36 19 N:o
559 146 35 22 20.
755 149 24 20 23

231 230 55 22 »Till
298 229 142 24 Högvördiga
451 229 174 19 Prestaständet.

122 263 34 18 Att
167 263 46 18 intet
224 263 6 18 i
242 263 21 18 sä
272 264 39 22 hög
322 264 44 23 grad
377 264 93 18 befordrar
481 265 27 16 ett
518 264 47 18 folks
573 263 160 19 framåtskridande
741 265 7 17 i
755 263 47 19 bild-

55 292 43 23 ning
113 297 37 12 som
165 291 47 24 goda
226 293 65 20 skolor,
307 294 20 16 är
338 293 44 18 utan
394 293 62 17 tvifvel
468 298 22 13 en
502 293 19 17 af
532 293 37 17 alla
580 293 68 18 erkänd
659 293 81 22 sanning.
764 293 38 17 Vill

54 326 42 12 man
108 320 68 18 derföre
187 320 76 23 kraftigt
274 321 83 18 befordra
368 321 66 18 folkets
446 321 83 22 andeliga
540 321 107 22 utveckling,
659 321 20 18 sä
691 321 32 17 bör
735 326 41 13 man
785 327 18 12 se

55 348 35 22 till,
106 348 28 18 att
146 348 30 18 det
188 353 40 18 eger
240 349 26 17 ett
277 348 109 24 tillräckligt
398 350 50 17 antal
460 350 35 17 lätt
506 349 116 23 tillgängliga
634 349 64 20 skolor,
710 349 93 23 placerade

55 377 24 23 pä
91 377 52 21 orter,
155 376 31 19 der
196 376 121 20 folktätheten
328 379 21 17 är
361 379 55 17 störst
428 378 32 18 och
472 377 187 19 lefnadskostnaderna
671 378 90 23 möjligast
769 378 34 19 bil-

55 406 38 22 liga
108 406 33 18 och
155 406 63 18 hvilka
232 406 7 17 i
254 406 54 23 öfrigt
323 408 30 16 äro
370 406 94 24 afpassade
476 407 43 18 efter
531 406 34 18 den
577 406 90 19 landsorts
678 406 59 21 behof,
755 407 50 19 inom

56 434 73 19 hvilken
144 434 22 18 de
180 434 59 18 verka.
263 435 41 20 Med
319 435 112 19 tacksamhet
442 435 34 18 bör
488 436 92 20 erkännas,
593 436 28 18 att
633 435 50 18 dessa
696 436 109 23 omständig-

56 463 50 19 heter
118 463 20 18 af
148 463 70 18 landets
230 464 74 22 styrelse
316 464 84 22 vanligen
411 464 63 18 blifvit
485 464 93 18 beaktade.

124 491 39 19 Den
177 492 41 18 med
233 492 71 23 ovanlig
319 492 92 23 hastighet
425 492 108 23 tilltagande
545 490 126 25 folkmängden
683 492 34 18 och
729 492 30 18 det
771 492 34 18 allt

57 525 48 13 mera
116 520 108 23 tilltagande
235 520 181 23 biläningsbehofvet,
431 521 69 18 hvilket
512 521 53 22 sagde
577 520 75 24 styrelse
663 520 90 23 välvilligt
765 521 40 22 gick

57 548 31 18 till
101 549 61 20 mötes,
180 548 76 18 beredde
272 548 52 18 äfven
339 548 116 18 Tammerfors
470 549 42 18 stad
526 548 33 18 den
574 548 111 24 ovärderliga
696 548 79 18 fördelen
788 548 19 19 af

57 582 22 13 en
93 577 55 23 högre
162 576 157 18 elementarskolas
333 576 106 23 placerande
454 576 97 20 derstädes.
574 578 63 17 Denna
652 577 51 18 skola
715 577 90 23 öppnades

58 605 34 18 den
104 608 10 16 1
127 605 103 23 September
243 606 45 18 1860
299 605 40 18 med
352 606 21 18 41
386 606 62 18 elever.
466 606 61 18 Redan
538 605 128 19 höstterminen
675 607 45 17 1863
727 606 80 22 uppgick

59 634 69 19 antalet
142 634 30 18 till
186 634 28 20 82,
229 634 106 18 hösttermin
351 634 44 18 1868
410 634 30 18 till
455 635 38 20 105,
506 634 75 18 derefter
593 634 58 22 aldrig
663 634 30 17 till
704 633 69 19 mindre
784 635 23 17 än

59 663 38 20 100,
112 662 128 18 höstterminen
255 663 44 18 1871
314 662 31 18 till
360 663 39 17 118.
425 662 111 23 Disciplinen
550 662 75 18 kostade
639 662 108 18 läroverkets
762 662 45 18 före,

58 690 84 19 ständare
155 690 127 23 jemförelsevis
294 690 52 24 ringa
357 690 57 21 möda,
426 691 6 17 i
444 691 86 18 anseende
541 691 31 17 till
583 691 88 18 elevernes
683 690 124 19 öfverhufvud-

59 720 50 22 taget
120 719 48 23 goda
179 719 115 23 uppförande.
318 719 43 18 Man
373 719 46 18 hade
431 719 68 18 derföre
512 719 23 18 all
548 719 96 24 anledning
653 720 28 17 att
687 720 34 20 tro,
731 719 30 18 det
769 719 39 18 sko-

60 748 36 21 lan,
114 748 30 18 vid
160 748 72 17 hvilken
247 747 135 24 befolkningens
394 748 71 23 hjertan
477 748 40 18 med
531 748 62 18 kärlek
609 748 33 17 och
653 747 101 19 förtroende
765 753 43 12 voro

59 777 75 21 fästade,
146 776 70 19 ostördt
228 776 58 18 skulle
296 776 20 18 få
328 777 85 18 fortsätta
424 777 34 18 sitt
468 777 147 22 välsignelserika
627 776 60 19 arbete
698 777 34 18 och
743 777 28 18 sin
781 776 28 19 för

60 806 118 19 fosterlandet
195 806 71 23 nyttiga
280 805 118 18 verksamhet.
421 805 56 24 Ingen
491 805 59 18 kunde
565 811 39 15 ana,
619 806 28 17 att
663 811 21 12 en
699 806 66 18 talrikt
775 805 34 19 fre-

61 835 96 23 qventerad
169 834 56 21 skola,
238 834 30 18 der
280 839 21 13 en
313 834 36 23 god
361 833 46 19 anda
419 834 19 18 af
448 833 28 19 flit
488 834 33 17 och
533 833 76 24 ordning
620 840 32 12 var
659 834 84 22 rådande,
752 834 58 18 skulle

60 864 54 18 hafva
125 863 56 23 något
193 863 28 19 att
232 863 61 18 frukta
305 863 7 17 i
324 862 82 19 afseende
418 862 11 18 å
441 863 27 18 sin
477 863 80 17 existens.
575 863 81 17 Fastmer
664 863 91 23 hoppades
763 868 46 16 man,

61 893 28 19 att
100 893 64 18 skolan
176 891 63 22 skulle,
251 891 55 18 sedan
318 891 33 18 den
362 891 70 18 bevisat
444 892 28 17 sin
484 891 98 24 duglighet,
594 891 83 23 utvidgas
689 891 30 18 till
731 893 26 17 ett
769 891 41 19 full-

62 921 81 23 ständigt
157 920 85 19 läroverk.
268 920 41 18 Men
320 920 41 18 med
373 925 41 18 sorg
426 920 32 18 och
470 919 112 24 bestörtning
593 920 56 18 erfors
661 920 41 18 litet
713 920 38 19 före
763 921 48 18 höst-

62 950 95 19 terminens
169 949 63 23 början
244 949 50 20 1873,
307 949 28 17 att
346 948 64 18 skolan
421 948 84 23 plötsligt
516 949 61 18 blifvit
588 948 90 24 indragen.
702 949 35 18 Väl
746 949 65 18 erhölls

62 985 22 12 en
96 978 96 24 fyrklassig
204 977 90 18 realskola
302 977 6 17 i
320 977 60 18 stället
388 977 28 18 för
424 977 33 18 den
465 977 88 23 indragna
559 973 109 33 fyrklassiga
678 973 134 33 elementarsko-

62 1008 36 20 lan,
110 1013 41 12 men
162 1007 46 17 huru
219 1006 42 18 litet
272 1006 58 18 denna
342 1005 90 18 realskola
444 1006 74 18 ersätter
529 1006 34 18 den
575 1005 87 24 indragna
674 1006 72 19 skolans
758 1007 53 22 plats,

64 1042 28 12 om
104 1036 34 18 den
153 1036 33 17 ock
200 1034 69 24 lämpar
284 1034 27 23 sig
327 1034 27 18 för
369 1034 70 18 landets
454 1034 57 18 första
521 1034 116 22 fabriksstad,
655 1040 51 18 synes
719 1034 54 22 deraf,
785 1035 28 17 att

63 1064 101 21 realskolan
179 1070 29 15 nu,
223 1064 56 18 under
291 1063 33 18 sitt
334 1063 57 23 fjerde
402 1063 147 21 verksamhetsår,
561 1064 66 17 räknar
639 1064 22 18 27
673 1064 61 20 elever,
747 1063 24 18 då
781 1064 32 17 hö-

64 1100 31 18 gre
113 1092 159 20 -elementarskolan
287 1092 30 18 vid
332 1095 70 15 samma!
415 1091 53 22 ålder,
483 1092 24 23 pä
522 1092 37 18 lika
574 1092 65 22 många
653 1092 68 18 klasser
732 1092 47 19 hade
791 1092 23 18 85

64 1123 62 19 elever.

132 1151 40 17 Den
186 1150 83 23 ungdom,
288 1155 38 13 som
340 1149 16 23 ej
371 1149 36 18 kan
421 1149 83 23 begagna
519 1150 27 22 sig
561 1149 20 18 af
591 1149 148 23 undervisningen
751 1150 6 16 i
769 1149 45 18 real-

65 1180 68 20 skolan,
152 1181 20 16 är
189 1180 79 22 tvungen
283 1179 27 17 att
325 1178 44 18 söka
383 1178 33 18 sitt
430 1178 76 18 vetande
520 1178 7 17 i
542 1178 21 18 de
579 1178 93 18 öfverfulla
687 1178 127 19 lärosalarne
805 1174 12 32 i

66 1208 117 22 Helsingfors,
196 1207 115 20 Tavastehus,
323 1206 97 23 Jyväskylä
433 1206 33 18 och
478 1196 44 37 Åbo.

134 1236 43 18 Man
192 1235 58 19 kunde
265 1236 29 17 väl
306 1234 83 21 invända,
402 1235 28 17 att
441 1240 23 12 en
475 1234 130 18 lärdomsskola
616 1234 27 18 för
655 1235 117 18 Tammerfors
783 1240 32 12 nu-

66 1271 48 13 mera
126 1266 20 17 är
158 1264 94 22 obehöflig,
264 1263 24 18 då
299 1264 7 17 i
318 1263 110 18 Tavastehus
440 1262 56 18 finnes
508 1264 27 17 ett
545 1263 55 18 finskt
612 1264 142 22 normallyceum.
774 1264 41 17 Men

68 1295 24 18 då
106 1295 6 17 i
123 1293 117 19 Tammerfors
252 1292 52 18 fanns
316 1292 55 23 högre
383 1292 152 20 elementarskola,
547 1292 46 18 hade
605 1292 51 18 äfven
668 1292 110 18 Tavastehus
790 1293 27 17 ett

68 1322 116 23 fullständigt
197 1321 87 21 läroverk,
302 1321 33 18 och
350 1320 47 18 båda
412 1320 46 18 hade
472 1321 30 21 ett,
512 1320 44 18 fullt
569 1320 108 22 tillräckligt
692 1320 50 18 antal
754 1320 62 18 elever.

68 1352 34 19 Att
116 1351 30 17 det
160 1350 91 18 utmärkta
262 1349 127 22 normallyceet
400 1348 6 17 i
418 1348 110 17 Tavastehus
540 1348 15 22 ej
568 1349 68 16 ensamt
647 1349 99 18 motsvarar
758 1349 59 17 ortens

69 1379 61 21 behof,
147 1383 52 18 synes
213 1378 50 17 klart
277 1377 55 21 deraf,
347 1377 28 17 att
386 1376 30 18 det
428 1376 20 18 af
461 1376 46 18 brist
518 1377 24 22 på
553 1377 86 22 utrymme
651 1376 16 22 ej
679 1376 36 18 kan
727 1377 91 22 emottaga

70 1409 37 20 alla
118 1408 44 19 dem,
176 1412 37 12 som
225 1406 30 18 der
267 1406 43 17 söka
322 1405 76 18 inträde.
415 1405 66 18 Dertill
492 1405 83 21 kommer,
587 1405 28 17 att
627 1404 115 19 elev-antalet
751 1404 67 19 derstä-

70 1437 31 18 des
116 1438 20 17 är
150 1435 20 19 så
185 1436 51 20 stort,
254 1435 28 18 att
296 1434 30 19 det
342 1434 46 18 skall
403 1439 43 13 vara
460 1433 51 24 fråga
526 1439 28 12 om
569 1433 28 18 att
611 1433 19 18 få
642 1433 40 18 dela
694 1434 63 18 skolan
769 1434 6 17 i
787 1433 32 19 två

69 1467 54 23 jemte
137 1464 102 20 hvarandra
250 1463 96 20 bestående
362 1463 115 24 afdelningar,
490 1463 47 21 eller,
549 1462 40 19 med
601 1463 56 18 andra
669 1463 36 21 ord,
718 1463 6 18 i
736 1463 31 18 två
778 1464 40 18 sko-

141 1501 96 18 Allmänna
249 1499 158 19 Besvärsutskottets
418 1499 104 18 betänkande
533 1499 34 17 N:o
580 1498 27 17 17.
