1042 1709
341 109 78 23 Ständ.
435 110 100 23 Petition
551 110 38 24 N:o
604 110 33 24 19.
810 111 14 20 3

109 178 69 21 blefve
201 186 26 13 en
245 178 154 28 nödvändighet
420 180 31 20 att
465 179 33 21 till
512 178 114 29 främjande
642 179 22 21 af
677 179 40 21 den
732 178 120 22 fosterländ-

110 213 37 21 ska
168 213 99 21 konstens
286 213 65 27 högre
365 213 122 28 utveckling
501 212 57 22 anslå
573 213 114 29 stipendier
701 213 32 21 för
748 221 56 13 resor
819 213 33 21 till

110 254 58 14 mera
182 246 87 29 lyckligt
283 247 78 21 lottade
375 247 78 21 länder.

177 281 72 21 Jemte
265 281 34 21 det
315 281 118 21 Ständerna
448 281 21 21 få
481 281 175 28 vidhandengifva
666 284 31 19 att
707 281 25 21 de
743 283 68 20 ansett
821 281 31 28 sig

109 315 47 21 icke
177 315 50 21 böra
248 315 67 22 uttala
337 315 31 28 sig
389 315 107 28 angående
518 315 106 28 omfånget
642 315 24 21 af
678 315 41 21 den
734 314 117 29 föreslagna

108 349 165 22 konstanstalten
295 349 39 21 och
357 349 114 28 detaljerna
493 349 22 21 af
532 349 45 22 dess
592 349 145 28 organisation,
754 351 50 20 utan
819 349 32 21 för

108 385 33 21 sin
164 384 33 21 del
218 385 55 20 helst
295 383 47 29 såge
363 385 30 20 att
411 383 84 22 Eders
509 383 155 29 Kejserliga
678 383 130 28 Majestät
821 383 31 21 för

109 419 134 22 inhemtande
264 418 23 22 af
307 418 112 28 utredning
441 418 7 21 i
470 418 64 21 saken
558 417 50 22 ville
623 417 7 22 i
645 417 65 22 nåder
724 417 87 22 tillsätta
826 425 25 14 en

108 454 78 21 komité
209 453 23 22 af
250 453 131 28 sakkunnige
405 460 104 21 personer,
528 452 21 22 få
568 452 118 22 Ständerna
706 452 38 21 hos
762 452 88 21 Eders

108 488 152 29 Kejserliga
275 487 129 28 Majestät
418 487 8 21 i
440 487 166 28 underdänighet
621 486 92 21 anhålla:

177 529 33 14 om
231 522 70 21 sådan
321 521 78 28 åtgärd
419 521 34 20 till
469 521 149 27 befrämjande
634 522 25 25 af
673 520 178 27 undervisningen

179 558 7 19 i
209 557 102 20 bildande
333 556 62 21 konst
418 555 37 21 och
477 555 69 21 musik
564 561 75 22 genom
657 555 76 26 derför
748 554 105 21 särskildt

178 591 77 27 afsedd
274 591 137 24 läroanstalt,
433 597 44 14 som
505 590 69 20 Eders
590 589 122 28 Kejserliga
728 589 102 26 Majestät
846 589 8 19 i

177 625 68 21 nåder
255 625 76 28 finner
347 625 84 20 landets
447 625 119 27 tillgångar
581 623 113 28 medgifva.

177 660 118 22 Ständerna
316 660 50 21 böra
387 659 99 28 slutligen
508 659 7 22 i
537 658 167 28 underdånighet
718 658 88 26 anmäla,
822 659 31 20 att

108 695 157 22 Bondeståndet
278 695 47 21 icke
339 694 82 21 förenat
435 694 32 28 sig
481 702 33 13 om
529 693 68 22 denna
607 692 142 29 underdåniga
758 692 94 29 petition.

166 747 101 22 Finlands
283 747 89 22 Ständer
386 746 119 22 framhärda
519 748 38 20 etc.

167 800 139 30 Helsingfors,
321 800 41 22 den
377 800 26 22 18
419 800 43 28 Maj
479 800 60 22 1877.

276 1452 123 22 Helsingfors,
412 1452 16 16 J.
441 1451 71 17 Simelii
524 1451 102 22 arfvingar,
642 1450 47 18 1877.
