1042 1709
246 144 11 20 4
369 143 312 19 Petitionsbetänkande
691 144 47 18 N:o
753 144 35 16 38.

284 211 30 17 Då
332 210 23 23 på
372 212 41 16 rent
430 210 58 18 finska
507 211 49 16 orter
574 210 6 17 i
597 211 50 16 östra
659 208 78 19 Finland
749 208 104 23 byggandet
866 209 19 17 af
897 210 59 16 större

217 241 59 22 fartyg
289 242 21 15 är
322 240 5 17 i
340 240 51 17 stark
408 239 77 23 tillväxt,
499 238 32 18 har
545 238 88 18 behofvet
645 238 18 17 af
675 243 22 12 en
710 237 107 24 sjökaptens
829 237 92 24 atdelning
928 237 29 18 vid

218 270 86 23 Wiborgs
312 268 168 23 navigationsskola
487 268 48 23 gjort
543 268 28 23 sig
579 267 115 23 synnerligen
701 267 90 18 kännbart
800 270 17 21 ty
824 267 133 22 östersjöskep-

218 304 44 17 pare
274 299 24 18 ha
311 298 15 23 ej
340 297 87 23 rättighet
440 300 26 15 att
478 297 52 23 segla
542 297 65 23 längre
623 299 23 15 än
659 297 28 17 till
699 296 94 23 Englands
806 298 50 17 östra
868 297 49 22 kust,
929 296 29 17 och

219 328 23 18 då
255 330 59 15 större
327 327 57 22 skepp
398 327 52 17 skola
462 327 73 18 skickas
548 327 23 22 på
584 327 63 22 längre
659 331 58 17 resor,
729 326 63 21 måste,
807 326 22 17 de
845 325 60 18 förses
918 325 41 18 med

219 357 72 18 okända
309 356 79 18 svenska
406 356 73 17 talande
498 355 122 18 befälhafvare
639 354 40 19 från
699 354 111 19 fremmande
823 356 54 21 orter,
891 354 22 18 de
926 353 32 19 der

220 387 40 17 icke
276 385 59 18 sällan
347 385 71 22 tillfoga
431 385 39 18 sina
482 384 64 19 redare
559 387 51 16 stora
621 384 93 18 förluster.

284 414 30 18 Då
333 419 24 12 nu
376 414 6 17 i
402 413 59 18 denna
478 413 42 22 nejd
539 413 54 22 ingen
609 413 47 18 finsk
668 413 109 23 fullständig
790 412 170 23 navigationsskola

218 445 63 21 finnes,
295 443 82 18 anhåller
386 443 33 22 jag
431 443 98 21 vördsamt,
542 444 27 16 att
581 443 30 17 det
622 442 113 18 hedervärda
754 441 138 19 Bondeståndet
904 441 55 18 måtte

218 473 64 18 förena
295 473 27 21 sig
335 471 27 18 uti
374 477 22 12 en
409 471 86 18 anhållan
508 477 28 12 om
549 471 190 23 navigationsskolans
752 471 7 17 i
771 471 76 22 Wiborg
853 470 108 23 utvidgning

218 503 47 16 samt
284 503 27 16 att
329 500 76 19 Ståndet
417 501 49 21 ville,
478 500 41 17 med
531 500 110 22 inbjudande
655 500 19 17 af
685 500 22 17 de
721 500 58 22 öfriga
792 499 77 18 stånden
882 501 27 16 att
921 499 39 18 deri

220 531 78 22 deltaga,
316 530 34 17 hos
370 529 50 18 Hans
441 529 103 22 Kejserliga
568 529 87 22 Majestät
673 529 144 22 underdånigast
829 528 80 21 anhålla,
934 529 27 17 att

219 560 87 22 Wiborgs
332 558 50 19 stads
403 558 101 23 2-klassiga
521 558 168 23 navigationsskola
706 558 56 17 måtte
788 557 84 23 utvidgas
884 557 42 18 med
938 562 22 13 en

219 589 57 22 tredje
297 588 50 18 klass
368 588 44 18 eller
433 587 106 22 sjökavtens
559 587 98 22 afdelning,
675 587 24 22 pä
721 587 30 18 det
764 589 27 16 att
803 587 17 17 vi
832 586 59 18 finnar
904 585 56 18 måtte

219 617 62 18 kunna
299 618 70 21 hoppas
388 619 26 16 att
432 617 51 17 äfven
496 617 5 17 i
514 616 90 19 anseende
617 617 28 16 till
658 617 65 21 sjöfart
734 617 62 17 kunna
808 616 65 18 ställas
886 615 6 18 i
903 615 57 22 jemn-

219 646 58 18 bredd
289 645 42 18 med
344 645 58 23 öfriga
414 645 73 18 bildade
499 645 89 18 nationer.

286 679 116 23 Helsingfors
416 679 33 18 den
462 681 10 16 6
485 679 88 19 Februari
587 680 48 17 1877.

686 715 77 18 Anton
777 715 116 17 Mäkelä?

287 762 43 22 Till
352 762 116 27 belysande
489 762 23 22 af
533 762 40 22 den
599 761 60 27 fråga
674 762 64 21 ofvan
753 763 88 27 intagna
849 763 111 27 petitions-

220 796 110 23 memorial
352 797 76 21 beröra
450 797 33 21 får
497 796 113 22 Utskottet
632 798 118 25 omnämna,
773 798 32 20 att
821 796 141 28 fullständiga

221 831 209 28 navigationsskolor
446 832 57 26 (med
518 832 12 20 3
546 831 144 27 afdelningar)
703 831 33 21 för
751 831 133 21 närvarande
893 832 68 21 finnas

220 867 8 20 i
242 865 144 28 Helsingfors,
409 860 53 32 Åbo,
478 866 70 26 Wasa,
564 865 109 28 Uleåborg
688 866 40 21 och
744 865 139 26 Mariehamn;
900 866 62 21 hvar-

219 901 66 27 jemte
304 901 3 20 i
324 899 90 27 Wiborg
434 906 24 15 en
475 899 197 27 navigationsskola
687 901 24 19 är
726 899 102 27 inrättad,
845 906 46 15 som
914 900 46 21 tills

222 935 72 21 vidare
317 935 39 20 har
370 934 77 21 endast
461 936 78 19 tvenne
558 933 140 27 afdelningar.
729 934 232 27 Undervisningssprä-

220 969 37 21 ket
279 969 7 20 i
308 968 116 26 Uleäborgs
447 969 39 20 och
500 969 101 26 Wiborgs
620 969 210 26 navigationsskolor
845 970 24 19 är
885 968 77 27 finska,

222 1009 48 15 men
285 1003 7 20 i
308 1003 26 20 de
350 1002 69 27 öfriga
434 1003 99 21 skolorna
549 1002 98 22 svenska.

290 1036 106 22 Behofvet
418 1037 22 20 af
453 1037 154 26 undervisning
621 1037 28 26 pä
664 1037 151 21 modersmälet
830 1037 33 21 för
878 1037 48 21 dem
941 1037 24 21 af

223 1071 83 21 landets
331 1071 69 21 finska
432 1071 85 21 talande
546 1071 109 26 invänare,
686 1071 73 22 hvilka
790 1077 54 21 egna
873 1071 33 27 sig
942 1072 23 21 ät

224 1105 179 27 sjömannayrket,
433 1107 23 18 är
479 1105 23 21 sä
527 1105 92 26 talande,
649 1107 32 19 att
704 1106 114 20 Allmänna
838 1105 127 22 Besvärsut-

223 1139 81 21 skottet
335 1144 44 16 som
404 1139 48 20 stöd
476 1139 32 21 för
537 1139 60 21 bifall
623 1139 33 21 till
677 1139 26 21 de
730 1139 63 22 ofvan
816 1139 89 26 intagna
929 1145 36 21 pe-

224 1173 116 21 titionerna
362 1173 60 21 torde
448 1173 91 22 behöfva
559 1173 74 21 anföra
654 1173 55 21 blott
724 1175 32 20 ett
778 1173 53 21 skäl.
854 1173 54 21 Före
924 1174 40 20 den

224 1213 41 21 nya
280 1207 106 27 sjölagens
402 1207 129 21 utfärdande
546 1207 81 27 ätnjöto
644 1207 139 22 landtmanna
797 1207 98 27 fartygen
909 1207 57 21 vissa

225 1241 121 26 lindringar
360 1242 48 20 med
424 1241 101 21 afseende
540 1242 12 20 &
567 1241 150 26 skyldigheten
733 1243 32 19 att
781 1241 63 20 hafva
859 1241 106 20 examine-

224 1275 49 20 radt
296 1274 64 21 befäl.
390 1274 81 21 Genom
494 1275 10 26 $
514 1275 32 28 31
562 1274 7 20 i
585 1275 40 21 den
641 1281 29 14 nu
685 1275 99 25 gällande
800 1274 95 27 sjölagen
911 1276 55 20 samt

226 1308 11 25 8
255 1310 11 18 1
282 1308 7 20 i
304 1308 79 26 nådiga
398 1308 160 26 Förordningen
575 1308 23 21 af
611 1308 41 21 den
667 1308 26 21 15
709 1308 62 27 April
787 1308 53 22 1874
856 1308 110 27 angående

223 1342 57 21 hvad
295 1342 7 20 i
318 1342 100 22 afseende
433 1342 13 21 &
460 1342 79 21 befälet
554 1342 27 27 pä
596 1342 69 22 finska
681 1343 69 21 stads-
758 1342 52 22 eller
819 1342 148 22 landtmanna-

223 1376 73 27 fartyg
319 1378 24 19 är
358 1378 33 20 att
414 1376 103 27 jakttaga,
535 1377 115 27 stadgades
666 1377 101 27 deremot,
783 1379 32 20 att
830 1378 71 26 fartyg
915 1378 49 21 med

226 1410 160 22 oexamineradt
401 1410 57 22 befäl
473 1410 114 22 framdeles
601 1411 57 22 blott
672 1412 57 27 finge
744 1412 51 21 idka
805 1412 94 22 kustfart
907 1412 57 21 inom

225 1445 93 21 Finland
336 1445 109 22 äfvensom
460 1446 59 26 segla
533 1446 27 26 pä
575 1446 65 27 ryska
654 1446 89 22 hamnar
757 1447 37 21 vid
809 1446 69 22 finska
893 1446 70 27 viken,

226 1476 110 30 Östersjön
361 1479 38 21 och
424 1480 92 26 Ladoga,
539 1480 34 21 till
588 1480 92 22 svenska
694 1481 89 21 hamnar
798 1480 35 22 vid
848 1481 116 21 Bottniska

291 1526 90 16 Allmärna
394 1525 162 18 Besvärsutskettets
569 1525 110 18 Betänkande
691 1526 34 17 N:o
736 1526 29 18 22.
