1048 1706
251 149 309 21 Petitionsbetänkande
574 150 42 20 N:o
629 152 33 18 47.
787 152 12 20 9

101 215 101 21 invånare
218 216 52 21 eller
285 216 106 21 derunder
405 219 59 19 utses
481 218 9 20 1
506 220 56 20 samt
576 218 35 21 för
626 219 72 27 hvarje
714 218 117 27 öfverskju-

99 249 64 22 tande
184 250 78 27 belopp
286 250 34 21 till
339 251 40 21 och
393 251 48 21 med
456 252 63 26 5,000
534 253 124 27 ytterligare
674 253 8 20 1
701 252 130 27 landstings-

98 290 55 14 man.
184 284 87 21 Antalet
289 284 170 28 landstingsmän
477 286 7 20 i
498 286 59 22 länet
571 286 33 22 får
620 287 53 21 dock
689 288 18 27 ej
725 286 108 22 understi-

99 325 27 21 ga
148 318 68 28 tjugu.
248 318 69 22 Valen
331 319 8 20 i
353 318 48 22 stad
417 320 36 20 ske
468 321 28 25 på
510 320 44 22 lika
569 322 43 20 sätt
627 328 45 14 som
688 320 68 22 andra
770 320 59 21 kom-

98 352 114 27 munalval,
231 360 48 14 men
301 354 29 26 på
350 353 73 22 landet
439 354 44 22 dels
499 355 133 21 omedelbart
646 355 34 21 vid
696 354 133 22 kommunal-

98 388 92 20 stämma
212 388 39 20 och
276 387 45 21 dels
339 395 76 20 genom
431 388 105 22 elektorer
550 390 36 21 vid
601 390 131 28 häradsting.
762 390 68 21 Valen

97 421 103 22 förrättas
223 422 34 21 för
281 422 37 21 två
337 423 24 20 år
375 422 7 21 i
397 423 82 27 sender,
495 424 91 22 sålunda
601 425 55 21 dock
671 427 31 20 att
716 425 74 28 hvarje
805 425 24 21 år

98 458 48 26 nytt
167 457 34 20 val
220 463 48 21 eger
285 464 48 14 rum
348 457 34 21 för
396 459 32 20 att
442 459 80 20 ersätta
538 459 36 21 det
588 459 103 28 afgående
706 459 73 22 halfva
793 466 37 14 an-

98 491 58 22 talet.
192 491 180 28 Tandstingsmän
394 492 84 27 åtnjuta
500 493 118 28 ersättning
637 494 75 21 endast
731 494 35 21 för
780 500 49 14 resa

99 525 55 22 fram
178 526 40 20 och
235 526 46 21 åter
295 525 33 21 till
343 525 178 27 residensstaden,
537 527 87 22 hvarest
638 527 131 28 landstinget
782 527 45 21 häl-

99 559 37 22 les.
169 559 98 28 Lagtima
285 559 109 28 landsting
407 561 169 21 sammanträder
590 561 7 21 i
612 561 124 27 September
751 560 78 21 månad

101 593 40 22 och
156 600 62 15 varar
233 601 43 18 sex,
291 593 64 28 högst
370 594 44 21 åtta
429 594 91 28 helgfria
535 595 71 28 dagar.
637 595 84 22 Urtima
734 596 57 20 möte
799 595 34 20 för

102 629 53 21 visst
177 628 52 21 eller
249 628 56 21 vissa
324 628 93 21 ärenden
438 628 41 21 kan
496 629 70 21 hållas
580 629 89 28 tidigast
681 630 36 21 två
731 629 102 21 månader

102 663 98 21 derefter.
244 662 188 28 Landshöfdingen
461 663 34 20 får
522 663 111 22 öfvervara
648 663 185 22 sammanträdena

100 697 41 22 och
161 697 85 27 deltaga
263 697 7 20 i
286 696 192 28 öfverläggningar,
493 705 49 14 men
557 697 18 28 ej
591 698 7 20 i
612 698 77 21 beslut.
719 697 113 22 Landstin-

99 735 45 24 gets
164 731 129 22 ordförande
315 733 58 19 utses
394 731 23 21 af
430 731 120 28 konungen.
581 732 197 28 Förhandlingarne
793 733 37 20 äro

101 765 115 28 offentliga.
253 765 46 28 Nya
321 765 72 28 frågor
415 765 22 22 få
455 766 78 21 väckas
554 766 24 21 af
593 765 178 29 landshöfdingen
792 766 40 21 och

99 800 73 27 hvarje
186 800 91 21 medlem
293 800 23 21 af
328 800 74 27 tinget,
418 807 48 14 men
482 800 35 21 det
533 800 39 21 bör
582 801 36 21 ske
628 800 121 28 skriftligen
759 801 73 20 senast

100 835 80 28 fjorton
196 834 67 28 dagar
277 834 47 21 före
339 834 79 28 tingets
433 835 82 26 början.
531 834 56 22 Från
602 829 99 38 konungen
713 834 42 21 till
761 833 71 22 lands-

100 869 47 27 ting
167 869 130 28 hänskjutna
318 868 73 29 frågor
411 868 132 22 förekomma
562 869 54 21 dock
638 869 61 21 äfven
721 869 12 21 &
752 868 79 28 tingen.

101 903 102 21 Besluten
218 903 141 22 öfverlemnas
374 902 33 22 till
422 903 125 28 konungens
557 903 234 28 befallningshafvande
799 903 34 21 för

102 939 32 20 att
149 937 23 22 af
184 937 79 22 honom
279 936 142 23 oförändrade
437 937 123 28 godkännas
576 937 52 22 eller
643 937 82 28 ogillas.
746 937 89 21 Konun-

102 979 52 21 gens
168 971 156 28 godkännande
335 971 107 22 erfordras
451 971 55 22 dock
513 971 35 21 vid
557 971 77 26 beslut,
643 979 45 14 som
699 972 51 21 afse:
762 971 73 28 påläg-

102 1006 69 28 gande
180 1006 24 21 af
210 1005 85 28 afgifter
303 1012 76 21 genom
389 1005 122 28 uttaxering
520 1006 8 20 i
536 1005 73 28 längre
618 1006 32 21 tid
658 1007 26 20 än
696 1007 13 20 5
717 1007 30 24 år,
758 1007 77 26 uppta-

103 1040 68 28 gande
182 1039 24 22 af
218 1040 41 25 lån,
274 1039 67 22 stäldt
349 1041 28 26 på
388 1039 74 28 längre
474 1039 199 28 återbetalningstid
682 1041 27 20 än
718 1041 12 20 5
739 1041 30 25 år,
779 1042 55 19 samt

102 1074 134 28 försäljning,
259 1073 192 28 pantförskrifning
474 1082 27 13 m.
527 1081 28 14 m.
580 1074 24 21 af
616 1074 95 21 donerad
725 1074 110 27 fastighet.

103 1109 132 28 Uppbörden
249 1109 24 20 af
286 1108 26 21 de
327 1107 196 29 landstingsmedel,
535 1108 72 22 hvilka
621 1108 66 28 enligt
702 1109 83 27 tingens
799 1108 36 21 be-

103 1143 45 22 slut
154 1143 61 21 skola
224 1145 115 24 uttaxeras,
344 1143 49 21 sker
401 1143 7 20 i
416 1143 152 28 sammanhang
577 1143 48 21 med
632 1142 202 28 kronouppbörden.

162 1178 47 21 Den
228 1178 7 20 i
251 1177 86 27 Sverige
353 1177 33 20 för
400 1177 281 27 länsrepresentationernas
697 1178 139 19 sammanträ-

107 1212 40 22 den
162 1211 124 28 begagnade
301 1211 156 28 benämningen
473 1211 135 27 ”landsting”
623 1211 81 21 erinrar
719 1217 35 14 om
764 1212 32 19 att
805 1211 32 20 in-

106 1246 126 22 stitutionen
246 1245 47 22 haft
309 1252 25 14 en
349 1245 141 28 föregängare
505 1245 67 22 redan
588 1245 68 21 under
666 1244 135 27 medeltiden,
809 1245 28 21 dä

106 1281 26 21 de
153 1280 90 21 svenska
260 1279 143 27 landskapens
425 1286 157 21 gemensamma
604 1278 177 28 angelägenheter
806 1279 31 21 af-

106 1314 117 22 handlades
238 1315 28 26 pä
281 1313 62 22 deras
358 1313 115 28 landsting.
502 1313 7 21 I
521 1313 119 22 häraderna
648 1321 37 14 var
693 1313 144 21 förhållandet

107 1347 112 23 enahanda
233 1348 12 20 å
259 1347 161 26 häradstingen,
436 1347 39 20 och
491 1348 56 19 ännu
563 1347 7 20 i
585 1347 37 20 vår
634 1347 31 20 tid
679 1347 58 26 röjes
753 1347 39 20 hos
803 1353 34 14 oss

111 1389 27 14 en
156 1381 109 28 qvarlefva
283 1380 64 21 häraf
359 1381 32 20 uti
405 1380 157 27 behandlingen
576 1379 35 22 vid
626 1379 122 21 häradsrätt
763 1379 23 21 af
798 1380 41 20 vis-

109 1423 25 15 sa
148 1415 139 23 ekonomiska
302 1415 99 22 ärenden.
430 1414 33 21 En
476 1414 170 28 representation
660 1413 35 22 för
709 1413 89 22 häradet
805 1421 34 20 sy-

108 1458 38 15 nes
162 1450 61 25 dock,
239 1451 72 20 såsom
324 1449 144 28 petitionären
482 1449 56 21 Herr
552 1448 122 28 Lagerborg
689 1447 104 27 anmärkt,
809 1448 29 21 ic-

108 1486 27 21 ke
150 1493 51 14 vara
217 1484 68 29 egnad
300 1486 32 20 att
346 1484 97 22 medföra
457 1483 44 22 lika
515 1485 45 20 stor
575 1483 86 25 bätnad,
676 1489 47 15 som
738 1482 55 22 afen
802 1483 37 22 he-

178 1525 138 23 Lagutskettets
330 1525 116 18 betänkande
458 1524 34 19 N:o
505 1525 27 17 20.
