1000 1709
198 146 12 20 6
371 144 241 19 Petitionshetänkande
625 144 37 18 N:o
675 144 32 19 43.

169 210 26 21 da
211 210 69 27 angär,
297 209 57 21 torde
370 209 135 22 förhällandet
521 210 42 21 icke
579 216 48 15 vara
642 210 111 21 enahanda.
787 210 70 21 Säsom
874 216 36 20 pe-

169 245 108 22 titionären
297 245 31 21 uti
343 244 154 28 ifrägavarande
513 245 107 21 memorial
635 245 78 28 antydt,
730 245 61 21 hafva
806 245 104 27 nämligen

169 287 95 22 personer
287 282 22 21 af
325 280 166 29 allmogeklassen
510 281 73 28 ytterst
603 281 64 22 sällan
686 281 74 22 anlitat
779 281 38 22 den
837 287 74 22 genom

169 317 146 28 författningen
340 317 97 28 erbjudna
461 317 88 28 utvägen
569 317 31 22 att
619 317 102 22 förvärfva
739 317 121 28 eganderätt
878 317 34 21 till

165 353 151 27 jordparceller,
348 352 114 22 Orsakerna
476 353 70 21 härtill
562 352 64 22 måste
643 353 151 28 otvifvelaktigt
810 353 58 21 sökas
878 353 31 21 till

169 389 67 27 någon
255 388 32 22 del
305 389 32 20 uti
356 388 37 21 den
410 389 93 27 generela
518 389 156 27 bestämningen
691 395 32 15 om
741 388 43 28 fyra
800 388 112 22 tunnlands

169 424 47 22 vidd
235 423 67 22 såsom
318 424 38 21 den
372 423 134 22 minimiareal
523 424 109 21 afsöndrad
647 424 58 22 mark
720 425 7 20 i
744 425 29 21 ett
789 424 69 29 stycke
875 425 37 21 bör

168 460 109 26 innehålla,
297 467 47 14 men
361 459 56 26 dock,
434 460 64 28 enligt
514 460 53 22 hvad
579 461 77 27 jemväl
672 461 31 21 uti
719 461 112 27 petitionen
848 460 63 21 fram-

168 496 70 26 hålles,
260 495 170 28 hufvudsakligen
450 495 6 21 i
473 495 130 28 mångfalden
621 496 21 21 af
656 495 24 22 de
695 496 78 28 lagliga
789 495 121 28 omgångar,

169 538 44 15 som
233 531 48 21 med
299 530 282 29 jordafsöndringsprocessen
597 533 34 19 äro
646 531 101 27 förenade,
765 533 54 20 samt
836 531 24 22 de
876 532 36 21 be-

169 567 78 28 tydliga
268 566 147 26 omkostnader,
437 566 68 22 hvilka
522 567 59 21 deraf
593 566 63 22 blifva
671 573 25 15 en
712 567 57 28 följd.
800 567 39 22 Att
855 567 58 22 dessa

168 603 119 22 kostnaders
302 603 74 27 belopp
392 605 22 19 är
430 602 65 28 drygt,
507 603 7 21 i
525 602 126 23 förhållande
662 603 33 22 till
705 603 34 22 det
751 603 103 22 allmänna
865 606 46 19 vär-

169 639 34 22 det
222 639 11 21 å
253 639 24 21 de
296 639 44 21 små
354 638 149 29 jordområden,
520 639 69 21 hvilka
604 640 73 27 utgöra
693 639 85 22 föremål
794 639 31 22 för
841 639 69 22 afsön-

169 675 65 28 dring,
251 675 54 22 inses
320 675 48 25 lätt;
385 675 22 27 ty
422 675 61 21 sedan
500 675 146 28 afhandlingen
661 675 48 22 med
725 682 74 21 egaren
811 675 22 22 af
845 676 64 21 stom-

168 711 122 28 lägenheten
306 710 67 22 blifvit
389 710 115 27 upprättad,
522 710 99 22 erfordras
637 717 24 15 en
678 711 26 27 på
715 711 112 27 stämpladt
837 717 77 21 papper

170 746 86 23 affattad
271 746 69 28 inlaga
354 745 33 22 till
403 748 133 26 guvernören,
553 746 47 21 med
616 746 95 22 anhållan
728 753 33 14 om
777 747 135 21 förordnande

169 782 32 22 till
216 781 291 28 landtmäteriförrättningen;
525 781 87 22 derefter
626 782 37 21 bör
679 782 56 21 lösen
750 782 31 21 för
792 782 120 21 förordnan-

170 817 34 22 det
223 817 99 28 erläggas,
340 817 37 21 och
393 817 61 21 sedan
470 817 82 21 komma
567 817 137 22 kostnaderna
718 817 32 22 för
766 817 89 22 nämnda
871 817 42 22 för-

171 853 98 28 rättning,
287 851 69 23 hvilka
371 852 57 22 bestå
443 852 7 21 i
466 851 64 29 skjuts
546 852 37 23 och
599 853 177 28 dagtraktamente
787 853 31 22 för
828 853 85 22 förrätt-

169 889 156 28 ningsmannen,
343 888 72 21 arvode
431 889 64 28 enligt
510 889 47 21 taxa
572 888 31 22 för
619 889 97 21 särskilda
732 889 55 21 delar
799 890 22 21 af
829 889 84 22 förrätt-

170 925 81 28 ningen,
272 924 67 22 såsom
355 930 85 22 egornas
456 924 109 28 affattning
582 925 37 20 och
634 924 111 29 uträkning
760 931 27 15 m.
805 932 34 19 m.,
857 925 55 22 lösen

170 961 31 21 för
216 960 279 27 förrättningsinstrumentet
511 960 38 21 och
564 960 162 22 landtmätarens
742 960 107 22 utlåtande
860 962 54 21 samt

171 996 113 28 ersättning
300 995 21 22 åt
332 995 75 28 nödiga
417 995 260 29 handräckningsbiträden.
710 996 74 22 Vidare
795 996 50 29 följa
855 997 58 21 kost-

170 1032 89 25 naderna
278 1032 32 21 för
326 1031 112 28 ansökning
455 1037 33 16 om
503 1031 168 22 tillförordnande
687 1032 23 21 af
722 1032 141 21 kronoombud
880 1033 34 20 vid

171 1068 147 25 häradsrätten,
338 1067 55 21 lösen
409 1067 31 21 för
456 1067 93 22 bemälde
564 1067 51 22 rätts
630 1068 102 27 protokoll
748 1068 36 21 och
801 1068 69 28 utslag
885 1074 27 15 m.

170 1104 20 21 fl.
208 1103 90 28 utgifter,
316 1103 104 21 äfvensom
436 1103 87 21 derefter
539 1103 134 28 umgälderna
683 1103 35 21 vid
729 1104 184 27 guvernörsembe-

170 1140 30 21 tet
215 1139 8 20 i
238 1139 38 20 och
291 1138 31 21 för
338 1137 105 28 afgäldens
459 1138 95 28 pröfning
570 1138 37 22 och
621 1139 134 26 fastställelse,
767 1139 104 28 nämligen
884 1139 31 22 för

171 1174 134 28 uppsättning
325 1173 23 22 af
366 1173 75 28 inlaga,
461 1174 164 27 stämpelpapper
644 1181 28 14 m.
695 1181 27 15 m.
739 1175 54 21 samt
809 1175 56 21 lösen
883 1175 31 21 för

170 1212 137 27 guvernörens
323 1209 74 28 utslag.
431 1209 100 29 Slutligen
543 1210 116 21 tillkomma
669 1211 119 28 ytterligare
800 1211 114 28 utgifterna

170 1246 32 21 för
215 1246 102 26 lagfarten
333 1245 34 21 vid
382 1245 146 21 häradsrätten.
547 1257 27 3 —
590 1245 33 20 Då
637 1246 70 20 härtill
723 1249 55 17 ännu
793 1246 59 27 tages
862 1247 52 20 ibe-

170 1280 107 22 traktande
301 1281 39 20 den
358 1280 61 21 möda
440 1280 37 21 och
495 1280 114 27 tidsspillan
630 1281 58 20 dessa
706 1281 76 27 många
801 1281 113 28 omgångar

170 1315 110 28 tillskynda
299 1315 157 28 parcellegaren,
473 1315 22 22 så
510 1315 58 22 torde
585 1315 33 22 det
633 1322 49 15 vara
697 1316 82 28 tydligt,
797 1317 31 21 att
844 1317 71 22 endast

168 1352 148 28 jemförelsevis
332 1351 20 22 få
368 1357 94 22 personer
477 1352 63 21 bland
555 1351 38 22 den
605 1351 96 29 fattigare
712 1352 203 30 landtbefolkningen

173 1387 70 22 kunna
265 1387 81 28 förfoga
364 1387 57 22 öfver
438 1387 35 21 det
491 1387 82 28 kapital,
596 1394 44 15 som
656 1387 101 23 erfordras
772 1388 32 22 för
819 1389 61 28 inköp
896 1390 22 21 af

174 1423 30 22 ett
217 1423 123 29 jordstycke,
357 1424 30 21 för
403 1423 32 22 att
450 1423 20 22 få
487 1423 112 22 detsamma
615 1424 7 20 i
637 1424 48 28 laga
701 1424 86 29 ordning
799 1425 117 22 afsöndradt

174 1459 45 22 från
235 1460 175 28 stomlägenheten
427 1460 36 20 och
479 1459 31 21 för
526 1460 39 20 den
580 1460 64 21 första
658 1460 151 28 bosättningen.

246 1494 106 23 Utskottet
367 1496 42 21 tror
425 1496 31 27 sig
471 1495 84 22 härmed
571 1495 61 22 hafva
647 1496 145 28 erforderligen
808 1496 110 30 ådagalagt

220 1545 134 19 Sammansatta
370 1545 50 25 Lag-
437 1545 29 20 och
483 1545 179 19 Ekonomiutskottets
678 1546 111 19 betänkande
803 1546 37 20 N:o
855 1545 33 20 10.
