<?xml version="1.0" encoding="UTF-8"?>
<alto xmlns="http://www.loc.gov/standards/alto/ns-v3#" xmlns:xlink="http://www.w3.org/1999/xlink" xmlns:xsi="http://www.w3.org/2001/XMLSchema-instance" xsi:schemaLocation="http://www.loc.gov/standards/alto/ns-v3# http://www.loc.gov/alto/v3/alto-3-0.xsd">
	<Description>
		<MeasurementUnit>pixel</MeasurementUnit>
		<sourceImageInformation>
			<fileName>/tmp/tess_nb6__5pq_input.PNG</fileName>
		</sourceImageInformation>
		<OCRProcessing ID="OCR_0">
			<ocrProcessingStep>
				<processingSoftware>
					<softwareName>tesseract 5.3.4</softwareName>
				</processingSoftware>
			</ocrProcessingStep>
		</OCRProcessing>
	</Description>
	<Layout>
		<Page WIDTH="1039" HEIGHT="1709" PHYSICAL_IMG_NR="0" ID="page_0">
			<PrintSpace HPOS="0" VPOS="0" WIDTH="1039" HEIGHT="1709">
				<ComposedBlock ID="cblock_0" HPOS="292" VPOS="146" WIDTH="515" HEIGHT="20">
					<TextBlock ID="block_0" HPOS="292" VPOS="146" WIDTH="515" HEIGHT="20">
						<TextLine ID="line_0" HPOS="292" VPOS="146" WIDTH="515" HEIGHT="20">
							<String ID="string_0" HPOS="292" VPOS="146" WIDTH="239" HEIGHT="20" WC="0.91" CONTENT="Petitionsbetänkande"/><SP WIDTH="11" VPOS="146" HPOS="531"/>
							<String ID="string_1" HPOS="542" VPOS="146" WIDTH="37" HEIGHT="20" WC="0.96" CONTENT="N:o"/><SP WIDTH="12" VPOS="146" HPOS="579"/>
							<String ID="string_2" HPOS="591" VPOS="146" WIDTH="33" HEIGHT="19" WC="0.96" CONTENT="20."/><SP WIDTH="162" VPOS="146" HPOS="624"/>
							<String ID="string_3" HPOS="786" VPOS="148" WIDTH="21" HEIGHT="17" WC="0.96" CONTENT="91"/>
						</TextLine>
					</TextBlock>
				</ComposedBlock>
				<ComposedBlock ID="cblock_1" HPOS="83" VPOS="211" WIDTH="755" HEIGHT="1297">
					<TextBlock ID="block_1" HPOS="83" VPOS="211" WIDTH="755" HEIGHT="1297">
						<TextLine ID="line_1" HPOS="85" VPOS="211" WIDTH="747" HEIGHT="27">
							<String ID="string_4" HPOS="85" VPOS="212" WIDTH="34" HEIGHT="21" WC="0.96" CONTENT="för"/><SP WIDTH="14" VPOS="212" HPOS="119"/>
							<String ID="string_5" HPOS="133" VPOS="213" WIDTH="32" HEIGHT="20" WC="0.95" CONTENT="att"/><SP WIDTH="14" VPOS="213" HPOS="165"/>
							<String ID="string_6" HPOS="179" VPOS="218" WIDTH="39" HEIGHT="15" WC="0.96" CONTENT="var"/><SP WIDTH="18" VPOS="218" HPOS="218"/>
							<String ID="string_7" HPOS="236" VPOS="212" WIDTH="128" HEIGHT="26" WC="0.95" CONTENT="kompetent,"/><SP WIDTH="19" VPOS="212" HPOS="364"/>
							<String ID="string_8" HPOS="383" VPOS="211" WIDTH="63" HEIGHT="22" WC="0.93" CONTENT="hafva"/><SP WIDTH="19" VPOS="211" HPOS="446"/>
							<String ID="string_9" HPOS="465" VPOS="212" WIDTH="64" HEIGHT="26" WC="0.91" CONTENT="aflagt"/><SP WIDTH="17" VPOS="212" HPOS="529"/>
							<String ID="string_10" HPOS="546" VPOS="211" WIDTH="111" HEIGHT="27" WC="0.96" CONTENT="praktiska"/><SP WIDTH="18" VPOS="211" HPOS="657"/>
							<String ID="string_11" HPOS="675" VPOS="211" WIDTH="50" HEIGHT="26" WC="0.96" CONTENT="prof"/><SP WIDTH="16" VPOS="211" HPOS="725"/>
							<String ID="string_12" HPOS="741" VPOS="211" WIDTH="27" HEIGHT="27" WC="0.93" CONTENT="på"/><SP WIDTH="19" VPOS="211" HPOS="768"/>
							<String ID="string_13" HPOS="787" VPOS="211" WIDTH="45" HEIGHT="21" WC="0.91" CONTENT="lan-"/>
						</TextLine>
						<TextLine ID="line_2" HPOS="85" VPOS="245" WIDTH="746" HEIGHT="27">
							<String ID="string_14" HPOS="85" VPOS="246" WIDTH="47" HEIGHT="21" WC="0.96" CONTENT="dets"/><SP WIDTH="19" VPOS="246" HPOS="132"/>
							<String ID="string_15" HPOS="151" VPOS="246" WIDTH="68" HEIGHT="26" WC="0.96" CONTENT="begge"/><SP WIDTH="19" VPOS="246" HPOS="219"/>
							<String ID="string_16" HPOS="238" VPOS="245" WIDTH="71" HEIGHT="27" WC="0.95" CONTENT="språk."/><SP WIDTH="30" VPOS="245" HPOS="309"/>
							<String ID="string_17" HPOS="339" VPOS="245" WIDTH="49" HEIGHT="22" WC="0.96" CONTENT="Men"/><SP WIDTH="20" VPOS="245" HPOS="388"/>
							<String ID="string_18" HPOS="408" VPOS="246" WIDTH="36" HEIGHT="21" WC="0.96" CONTENT="det"/><SP WIDTH="18" VPOS="246" HPOS="444"/>
							<String ID="string_19" HPOS="462" VPOS="246" WIDTH="41" HEIGHT="21" WC="0.96" CONTENT="kan"/><SP WIDTH="18" VPOS="246" HPOS="503"/>
							<String ID="string_20" HPOS="521" VPOS="247" WIDTH="67" HEIGHT="20" WC="0.96" CONTENT="sättas"/><SP WIDTH="15" VPOS="247" HPOS="588"/>
							<String ID="string_21" HPOS="603" VPOS="246" WIDTH="7" HEIGHT="20" WC="0.96" CONTENT="i"/><SP WIDTH="15" VPOS="246" HPOS="610"/>
							<String ID="string_22" HPOS="625" VPOS="245" WIDTH="67" HEIGHT="27" WC="0.96" CONTENT="fråga,"/><SP WIDTH="16" VPOS="245" HPOS="692"/>
							<String ID="string_23" HPOS="708" VPOS="252" WIDTH="33" HEIGHT="14" WC="0.96" CONTENT="om"/><SP WIDTH="16" VPOS="252" HPOS="741"/>
							<String ID="string_24" HPOS="757" VPOS="251" WIDTH="26" HEIGHT="15" WC="0.92" CONTENT="en"/><SP WIDTH="15" VPOS="251" HPOS="783"/>
							<String ID="string_25" HPOS="798" VPOS="245" WIDTH="33" HEIGHT="21" WC="0.92" CONTENT="så-"/>
						</TextLine>
						<TextLine ID="line_3" HPOS="84" VPOS="279" WIDTH="747" HEIGHT="27">
							<String ID="string_26" HPOS="84" VPOS="280" WIDTH="42" HEIGHT="21" WC="0.96" CONTENT="dan"/><SP WIDTH="15" VPOS="280" HPOS="126"/>
							<String ID="string_27" HPOS="141" VPOS="280" WIDTH="124" HEIGHT="26" WC="0.96" CONTENT="förändring"/><SP WIDTH="18" VPOS="280" HPOS="265"/>
							<String ID="string_28" HPOS="283" VPOS="286" WIDTH="51" HEIGHT="15" WC="0.96" CONTENT="vore"/><SP WIDTH="18" VPOS="286" HPOS="334"/>
							<String ID="string_29" HPOS="352" VPOS="280" WIDTH="69" HEIGHT="21" WC="0.96" CONTENT="under"/><SP WIDTH="17" VPOS="280" HPOS="421"/>
							<String ID="string_30" HPOS="438" VPOS="280" WIDTH="121" HEIGHT="22" WC="0.96" CONTENT="nuvarande"/><SP WIDTH="19" VPOS="280" HPOS="559"/>
							<String ID="string_31" HPOS="578" VPOS="280" WIDTH="148" HEIGHT="21" WC="0.93" CONTENT="förhållanden"/><SP WIDTH="15" VPOS="280" HPOS="726"/>
							<String ID="string_32" HPOS="741" VPOS="279" WIDTH="90" HEIGHT="27" WC="0.91" CONTENT="önsklig."/>
						</TextLine>
						<TextLine ID="line_4" HPOS="85" VPOS="314" WIDTH="747" HEIGHT="27">
							<String ID="string_33" HPOS="85" VPOS="314" WIDTH="92" HEIGHT="27" WC="0.90" CONTENT="Mången"/><SP WIDTH="23" VPOS="314" HPOS="177"/>
							<String ID="string_34" HPOS="200" VPOS="314" WIDTH="172" HEIGHT="26" WC="0.90" CONTENT="lärareförmåga,"/><SP WIDTH="23" VPOS="314" HPOS="372"/>
							<String ID="string_35" HPOS="395" VPOS="320" WIDTH="45" HEIGHT="15" WC="0.96" CONTENT="som"/><SP WIDTH="19" VPOS="320" HPOS="440"/>
							<String ID="string_36" HPOS="459" VPOS="320" WIDTH="50" HEIGHT="15" WC="0.96" CONTENT="vore"/><SP WIDTH="19" VPOS="320" HPOS="509"/>
							<String ID="string_37" HPOS="528" VPOS="314" WIDTH="135" HEIGHT="27" WC="0.96" CONTENT="synnerligen"/><SP WIDTH="22" VPOS="314" HPOS="663"/>
							<String ID="string_38" HPOS="685" VPOS="314" WIDTH="122" HEIGHT="21" WC="0.96" CONTENT="användbar"/><SP WIDTH="17" VPOS="314" HPOS="807"/>
							<String ID="string_39" HPOS="824" VPOS="314" WIDTH="8" HEIGHT="20" WC="0.96" CONTENT="i"/>
						</TextLine>
						<TextLine ID="line_5" HPOS="85" VPOS="348" WIDTH="747" HEIGHT="27">
							<String ID="string_40" HPOS="85" VPOS="348" WIDTH="86" HEIGHT="22" WC="0.93" CONTENT="skolans"/><SP WIDTH="15" VPOS="348" HPOS="171"/>
							<String ID="string_41" HPOS="186" VPOS="348" WIDTH="72" HEIGHT="27" WC="0.90" CONTENT="tjenst,"/><SP WIDTH="16" VPOS="348" HPOS="258"/>
							<String ID="string_42" HPOS="274" VPOS="355" WIDTH="35" HEIGHT="15" WC="0.96" CONTENT="om"/><SP WIDTH="15" VPOS="355" HPOS="309"/>
							<String ID="string_43" HPOS="324" VPOS="348" WIDTH="41" HEIGHT="22" WC="0.96" CONTENT="han"/><SP WIDTH="15" VPOS="348" HPOS="365"/>
							<String ID="string_44" HPOS="380" VPOS="348" WIDTH="55" HEIGHT="22" WC="0.96" CONTENT="blott"/><SP WIDTH="14" VPOS="348" HPOS="435"/>
							<String ID="string_45" HPOS="449" VPOS="348" WIDTH="56" HEIGHT="27" WC="0.96" CONTENT="finge"/><SP WIDTH="15" VPOS="348" HPOS="505"/>
							<String ID="string_46" HPOS="520" VPOS="348" WIDTH="114" HEIGHT="22" WC="0.96" CONTENT="undervisa"/><SP WIDTH="14" VPOS="348" HPOS="634"/>
							<String ID="string_47" HPOS="648" VPOS="348" WIDTH="27" HEIGHT="26" WC="0.96" CONTENT="på"/><SP WIDTH="16" VPOS="348" HPOS="675"/>
							<String ID="string_48" HPOS="691" VPOS="349" WIDTH="37" HEIGHT="21" WC="0.91" CONTENT="sitt"/><SP WIDTH="10" VPOS="349" HPOS="728"/>
							<String ID="string_49" HPOS="738" VPOS="348" WIDTH="94" HEIGHT="22" WC="0.90" CONTENT="moders-"/>
						</TextLine>
						<TextLine ID="line_6" HPOS="85" VPOS="382" WIDTH="747" HEIGHT="28">
							<String ID="string_50" HPOS="85" VPOS="382" WIDTH="49" HEIGHT="27" WC="0.96" CONTENT="mål,"/><SP WIDTH="17" VPOS="382" HPOS="134"/>
							<String ID="string_51" HPOS="151" VPOS="382" WIDTH="69" HEIGHT="22" WC="0.96" CONTENT="skulle"/><SP WIDTH="14" VPOS="382" HPOS="220"/>
							<String ID="string_52" HPOS="234" VPOS="389" WIDTH="77" HEIGHT="20" WC="0.96" CONTENT="genom"/><SP WIDTH="16" VPOS="389" HPOS="311"/>
							<String ID="string_53" HPOS="327" VPOS="389" WIDTH="26" HEIGHT="15" WC="0.95" CONTENT="en"/><SP WIDTH="15" VPOS="389" HPOS="353"/>
							<String ID="string_54" HPOS="368" VPOS="382" WIDTH="66" HEIGHT="22" WC="0.96" CONTENT="sådan"/><SP WIDTH="16" VPOS="382" HPOS="434"/>
							<String ID="string_55" HPOS="450" VPOS="383" WIDTH="113" HEIGHT="21" WC="0.96" CONTENT="förändrad"/><SP WIDTH="16" VPOS="383" HPOS="563"/>
							<String ID="string_56" HPOS="579" VPOS="382" WIDTH="133" HEIGHT="28" WC="0.93" CONTENT="lagstiftning"/><SP WIDTH="15" VPOS="382" HPOS="712"/>
							<String ID="string_57" HPOS="727" VPOS="382" WIDTH="105" HEIGHT="22" WC="0.91" CONTENT="bortvisas"/>
						</TextLine>
						<TextLine ID="line_7" HPOS="84" VPOS="417" WIDTH="748" HEIGHT="28">
							<String ID="string_58" HPOS="84" VPOS="417" WIDTH="48" HEIGHT="22" WC="0.93" CONTENT="från"/><SP WIDTH="15" VPOS="417" HPOS="132"/>
							<String ID="string_59" HPOS="147" VPOS="417" WIDTH="146" HEIGHT="22" WC="0.92" CONTENT="lärarebanan."/><SP WIDTH="23" VPOS="417" HPOS="293"/>
							<String ID="string_60" HPOS="316" VPOS="417" WIDTH="45" HEIGHT="21" WC="0.93" CONTENT="Och"/><SP WIDTH="15" VPOS="417" HPOS="361"/>
							<String ID="string_61" HPOS="376" VPOS="417" WIDTH="123" HEIGHT="28" WC="0.91" CONTENT="isynnerhet"/><SP WIDTH="14" VPOS="417" HPOS="499"/>
							<String ID="string_62" HPOS="513" VPOS="417" WIDTH="69" HEIGHT="22" WC="0.96" CONTENT="skulle"/><SP WIDTH="16" VPOS="417" HPOS="582"/>
							<String ID="string_63" HPOS="598" VPOS="418" WIDTH="36" HEIGHT="20" WC="0.96" CONTENT="det"/><SP WIDTH="14" VPOS="418" HPOS="634"/>
							<String ID="string_64" HPOS="648" VPOS="418" WIDTH="47" HEIGHT="21" WC="0.96" CONTENT="icke"/><SP WIDTH="10" VPOS="418" HPOS="695"/>
							<String ID="string_65" HPOS="705" VPOS="424" WIDTH="52" HEIGHT="15" WC="0.92" CONTENT="vara"/><SP WIDTH="9" VPOS="424" HPOS="757"/>
							<String ID="string_66" HPOS="766" VPOS="418" WIDTH="66" HEIGHT="27" WC="0.92" CONTENT="lämp-"/>
						</TextLine>
						<TextLine ID="line_8" HPOS="83" VPOS="452" WIDTH="750" HEIGHT="27">
							<String ID="string_67" HPOS="83" VPOS="452" WIDTH="41" HEIGHT="26" WC="0.96" CONTENT="ligt"/><SP WIDTH="15" VPOS="452" HPOS="124"/>
							<String ID="string_68" HPOS="139" VPOS="452" WIDTH="33" HEIGHT="21" WC="0.96" CONTENT="för"/><SP WIDTH="15" VPOS="452" HPOS="172"/>
							<String ID="string_69" HPOS="187" VPOS="452" WIDTH="54" HEIGHT="21" WC="0.96" CONTENT="1877"/><SP WIDTH="16" VPOS="452" HPOS="241"/>
							<String ID="string_70" HPOS="257" VPOS="452" WIDTH="35" HEIGHT="21" WC="0.93" CONTENT="års"/><SP WIDTH="13" VPOS="452" HPOS="292"/>
							<String ID="string_71" HPOS="305" VPOS="452" WIDTH="109" HEIGHT="27" WC="0.91" CONTENT="landtdag,"/><SP WIDTH="15" VPOS="452" HPOS="414"/>
							<String ID="string_72" HPOS="429" VPOS="454" WIDTH="32" HEIGHT="19" WC="0.92" CONTENT="att"/><SP WIDTH="14" VPOS="454" HPOS="461"/>
							<String ID="string_73" HPOS="475" VPOS="452" WIDTH="126" HEIGHT="26" WC="0.91" CONTENT="petitionera"/><SP WIDTH="16" VPOS="452" HPOS="601"/>
							<String ID="string_74" HPOS="617" VPOS="458" WIDTH="34" HEIGHT="14" WC="0.96" CONTENT="om"/><SP WIDTH="15" VPOS="458" HPOS="651"/>
							<String ID="string_75" HPOS="666" VPOS="459" WIDTH="26" HEIGHT="15" WC="0.96" CONTENT="en"/><SP WIDTH="15" VPOS="459" HPOS="692"/>
							<String ID="string_76" HPOS="707" VPOS="452" WIDTH="41" HEIGHT="27" WC="0.92" CONTENT="lag,"/><SP WIDTH="16" VPOS="452" HPOS="748"/>
							<String ID="string_77" HPOS="764" VPOS="452" WIDTH="69" HEIGHT="21" WC="0.92" CONTENT="hvari-"/>
						</TextLine>
						<TextLine ID="line_9" HPOS="84" VPOS="486" WIDTH="748" HEIGHT="28">
							<String ID="string_78" HPOS="84" VPOS="493" WIDTH="76" HEIGHT="21" WC="0.93" CONTENT="genom"/><SP WIDTH="19" VPOS="493" HPOS="160"/>
							<String ID="string_79" HPOS="179" VPOS="486" WIDTH="149" HEIGHT="28" WC="0.92" CONTENT="fordringarne"/><SP WIDTH="19" VPOS="486" HPOS="328"/>
							<String ID="string_80" HPOS="347" VPOS="486" WIDTH="13" HEIGHT="21" WC="0.92" CONTENT="å"/><SP WIDTH="17" VPOS="486" HPOS="360"/>
							<String ID="string_81" HPOS="377" VPOS="486" WIDTH="150" HEIGHT="28" WC="0.96" CONTENT="kunskaperna"/><SP WIDTH="17" VPOS="486" HPOS="527"/>
							<String ID="string_82" HPOS="544" VPOS="487" WIDTH="39" HEIGHT="21" WC="0.96" CONTENT="hos"/><SP WIDTH="14" VPOS="487" HPOS="583"/>
							<String ID="string_83" HPOS="597" VPOS="486" WIDTH="85" HEIGHT="22" WC="0.93" CONTENT="landets"/><SP WIDTH="15" VPOS="486" HPOS="682"/>
							<String ID="string_84" HPOS="697" VPOS="486" WIDTH="135" HEIGHT="28" WC="0.92" CONTENT="lärarekorps"/>
						</TextLine>
						<TextLine ID="line_10" HPOS="83" VPOS="521" WIDTH="750" HEIGHT="27">
							<String ID="string_85" HPOS="83" VPOS="521" WIDTH="70" HEIGHT="22" WC="0.96" CONTENT="skulle"/><SP WIDTH="15" VPOS="521" HPOS="153"/>
							<String ID="string_86" HPOS="168" VPOS="521" WIDTH="104" HEIGHT="27" WC="0.96" CONTENT="betydligt"/><SP WIDTH="15" VPOS="521" HPOS="272"/>
							<String ID="string_87" HPOS="287" VPOS="523" WIDTH="90" HEIGHT="25" WC="0.96" CONTENT="stegras,"/><SP WIDTH="15" VPOS="523" HPOS="377"/>
							<String ID="string_88" HPOS="392" VPOS="521" WIDTH="66" HEIGHT="21" WC="0.96" CONTENT="sedan"/><SP WIDTH="15" VPOS="521" HPOS="458"/>
							<String ID="string_89" HPOS="473" VPOS="527" WIDTH="26" HEIGHT="15" WC="0.96" CONTENT="en"/><SP WIDTH="14" VPOS="527" HPOS="499"/>
							<String ID="string_90" HPOS="513" VPOS="522" WIDTH="35" HEIGHT="20" WC="0.96" CONTENT="vid"/><SP WIDTH="16" VPOS="522" HPOS="548"/>
							<String ID="string_91" HPOS="564" VPOS="527" WIDTH="80" HEIGHT="15" WC="0.93" CONTENT="samma"/><SP WIDTH="14" VPOS="527" HPOS="644"/>
							<String ID="string_92" HPOS="658" VPOS="522" WIDTH="102" HEIGHT="26" WC="0.90" CONTENT="landtdag"/><SP WIDTH="10" VPOS="522" HPOS="760"/>
							<String ID="string_93" HPOS="770" VPOS="521" WIDTH="63" HEIGHT="21" WC="0.96" CONTENT="väckt"/>
						</TextLine>
						<TextLine ID="line_11" HPOS="84" VPOS="555" WIDTH="749" HEIGHT="28">
							<String ID="string_94" HPOS="84" VPOS="556" WIDTH="90" HEIGHT="27" WC="0.96" CONTENT="petition"/><SP WIDTH="20" VPOS="556" HPOS="174"/>
							<String ID="string_95" HPOS="194" VPOS="562" WIDTH="35" HEIGHT="14" WC="0.93" CONTENT="om"/><SP WIDTH="15" VPOS="562" HPOS="229"/>
							<String ID="string_96" HPOS="244" VPOS="555" WIDTH="126" HEIGHT="27" WC="0.92" CONTENT="förhöjande"/><SP WIDTH="15" VPOS="555" HPOS="370"/>
							<String ID="string_97" HPOS="385" VPOS="555" WIDTH="24" HEIGHT="21" WC="0.96" CONTENT="af"/><SP WIDTH="13" VPOS="555" HPOS="409"/>
							<String ID="string_98" HPOS="422" VPOS="556" WIDTH="88" HEIGHT="20" WC="0.96" CONTENT="lönerna"/><SP WIDTH="14" VPOS="556" HPOS="510"/>
							<String ID="string_99" HPOS="524" VPOS="556" WIDTH="33" HEIGHT="20" WC="0.96" CONTENT="för"/><SP WIDTH="15" VPOS="556" HPOS="557"/>
							<String ID="string_100" HPOS="572" VPOS="555" WIDTH="83" HEIGHT="21" WC="0.96" CONTENT="landets"/><SP WIDTH="11" VPOS="555" HPOS="655"/>
							<String ID="string_101" HPOS="666" VPOS="556" WIDTH="117" HEIGHT="21" WC="0.93" CONTENT="skollärare"/><SP WIDTH="11" VPOS="556" HPOS="783"/>
							<String ID="string_102" HPOS="794" VPOS="556" WIDTH="39" HEIGHT="20" WC="0.89" CONTENT="fal-"/>
						</TextLine>
						<TextLine ID="line_12" HPOS="84" VPOS="590" WIDTH="749" HEIGHT="26">
							<String ID="string_103" HPOS="84" VPOS="590" WIDTH="26" HEIGHT="22" WC="0.96" CONTENT="lit"/><SP WIDTH="14" VPOS="590" HPOS="110"/>
							<String ID="string_104" HPOS="124" VPOS="591" WIDTH="7" HEIGHT="21" WC="0.96" CONTENT="i"/><SP WIDTH="15" VPOS="591" HPOS="131"/>
							<String ID="string_105" HPOS="146" VPOS="592" WIDTH="77" HEIGHT="19" WC="0.96" CONTENT="tvenne"/><SP WIDTH="25" VPOS="592" HPOS="223"/>
							<String ID="string_106" HPOS="248" VPOS="590" WIDTH="68" HEIGHT="21" WC="0.96" CONTENT="stånd."/><SP WIDTH="34" VPOS="590" HPOS="316"/>
							<String ID="string_107" HPOS="350" VPOS="590" WIDTH="50" HEIGHT="22" WC="0.96" CONTENT="Men"/><SP WIDTH="22" VPOS="590" HPOS="400"/>
							<String ID="string_108" HPOS="422" VPOS="590" WIDTH="62" HEIGHT="20" WC="0.96" CONTENT="äfven"/><SP WIDTH="19" VPOS="590" HPOS="484"/>
							<String ID="string_109" HPOS="503" VPOS="596" WIDTH="34" HEIGHT="15" WC="0.96" CONTENT="om"/><SP WIDTH="19" VPOS="596" HPOS="537"/>
							<String ID="string_110" HPOS="556" VPOS="596" WIDTH="26" HEIGHT="15" WC="0.96" CONTENT="en"/><SP WIDTH="21" VPOS="596" HPOS="582"/>
							<String ID="string_111" HPOS="603" VPOS="590" WIDTH="66" HEIGHT="21" WC="0.96" CONTENT="sådan"/><SP WIDTH="18" VPOS="590" HPOS="669"/>
							<String ID="string_112" HPOS="687" VPOS="590" WIDTH="123" HEIGHT="26" WC="0.96" CONTENT="förändring"/><SP WIDTH="15" VPOS="590" HPOS="810"/>
							<String ID="string_113" HPOS="825" VPOS="590" WIDTH="8" HEIGHT="20" WC="0.96" CONTENT="i"/>
						</TextLine>
						<TextLine ID="line_13" HPOS="85" VPOS="624" WIDTH="747" HEIGHT="28">
							<String ID="string_114" HPOS="85" VPOS="624" WIDTH="161" HEIGHT="28" WC="0.96" CONTENT="lagstiftningen"/><SP WIDTH="18" VPOS="624" HPOS="246"/>
							<String ID="string_115" HPOS="264" VPOS="624" WIDTH="49" HEIGHT="21" WC="0.96" CONTENT="med"/><SP WIDTH="19" VPOS="624" HPOS="313"/>
							<String ID="string_116" HPOS="332" VPOS="624" WIDTH="54" HEIGHT="21" WC="0.96" CONTENT="eller"/><SP WIDTH="18" VPOS="624" HPOS="386"/>
							<String ID="string_117" HPOS="404" VPOS="626" WIDTH="52" HEIGHT="19" WC="0.93" CONTENT="utan"/><SP WIDTH="19" VPOS="626" HPOS="456"/>
							<String ID="string_118" HPOS="475" VPOS="624" WIDTH="130" HEIGHT="21" WC="0.92" CONTENT="Ständernas"/><SP WIDTH="15" VPOS="624" HPOS="605"/>
							<String ID="string_119" HPOS="620" VPOS="624" WIDTH="128" HEIGHT="26" WC="0.92" CONTENT="tillgörande"/><SP WIDTH="16" VPOS="624" HPOS="748"/>
							<String ID="string_120" HPOS="764" VPOS="624" WIDTH="68" HEIGHT="22" WC="0.96" CONTENT="skulle"/>
						</TextLine>
						<TextLine ID="line_14" HPOS="84" VPOS="658" WIDTH="749" HEIGHT="27">
							<String ID="string_121" HPOS="84" VPOS="659" WIDTH="86" HEIGHT="21" WC="0.96" CONTENT="komma"/><SP WIDTH="18" VPOS="659" HPOS="170"/>
							<String ID="string_122" HPOS="188" VPOS="658" WIDTH="33" HEIGHT="22" WC="0.96" CONTENT="till"/><SP WIDTH="15" VPOS="658" HPOS="221"/>
							<String ID="string_123" HPOS="236" VPOS="658" WIDTH="70" HEIGHT="26" WC="0.96" CONTENT="stånd,"/><SP WIDTH="15" VPOS="658" HPOS="306"/>
							<String ID="string_124" HPOS="321" VPOS="658" WIDTH="25" HEIGHT="21" WC="0.96" CONTENT="så"/><SP WIDTH="15" VPOS="658" HPOS="346"/>
							<String ID="string_125" HPOS="361" VPOS="658" WIDTH="41" HEIGHT="21" WC="0.95" CONTENT="kan"/><SP WIDTH="16" VPOS="658" HPOS="402"/>
							<String ID="string_126" HPOS="418" VPOS="658" WIDTH="69" HEIGHT="22" WC="0.95" CONTENT="denna"/><SP WIDTH="15" VPOS="658" HPOS="487"/>
							<String ID="string_127" HPOS="502" VPOS="658" WIDTH="123" HEIGHT="27" WC="0.96" CONTENT="förändring"/><SP WIDTH="16" VPOS="658" HPOS="625"/>
							<String ID="string_128" HPOS="641" VPOS="658" WIDTH="53" HEIGHT="21" WC="0.96" CONTENT="dock"/><SP WIDTH="14" VPOS="658" HPOS="694"/>
							<String ID="string_129" HPOS="708" VPOS="658" WIDTH="47" HEIGHT="22" WC="0.96" CONTENT="icke"/><SP WIDTH="14" VPOS="658" HPOS="755"/>
							<String ID="string_130" HPOS="769" VPOS="659" WIDTH="64" HEIGHT="21" WC="0.95" CONTENT="hafva"/>
						</TextLine>
						<TextLine ID="line_15" HPOS="85" VPOS="692" WIDTH="747" HEIGHT="26">
							<String ID="string_131" HPOS="85" VPOS="693" WIDTH="117" HEIGHT="21" WC="0.96" CONTENT="retroaktiv"/><SP WIDTH="14" VPOS="693" HPOS="202"/>
							<String ID="string_132" HPOS="216" VPOS="692" WIDTH="86" HEIGHT="22" WC="0.96" CONTENT="verkan."/><SP WIDTH="24" VPOS="692" HPOS="302"/>
							<String ID="string_133" HPOS="326" VPOS="692" WIDTH="32" HEIGHT="22" WC="0.96" CONTENT="De"/><SP WIDTH="15" VPOS="692" HPOS="358"/>
							<String ID="string_134" HPOS="373" VPOS="692" WIDTH="76" HEIGHT="26" WC="0.94" CONTENT="lärare,"/><SP WIDTH="10" VPOS="692" HPOS="449"/>
							<String ID="string_135" HPOS="459" VPOS="698" WIDTH="45" HEIGHT="16" WC="0.96" CONTENT="som"/><SP WIDTH="15" VPOS="698" HPOS="504"/>
							<String ID="string_136" HPOS="519" VPOS="692" WIDTH="66" HEIGHT="22" WC="0.93" CONTENT="redan"/><SP WIDTH="14" VPOS="692" HPOS="585"/>
							<String ID="string_137" HPOS="599" VPOS="692" WIDTH="113" HEIGHT="22" WC="0.93" CONTENT="innehafva"/><SP WIDTH="15" VPOS="692" HPOS="712"/>
							<String ID="string_138" HPOS="727" VPOS="693" WIDTH="105" HEIGHT="21" WC="0.96" CONTENT="ordinarie"/>
						</TextLine>
						<TextLine ID="line_16" HPOS="84" VPOS="726" WIDTH="750" HEIGHT="28">
							<String ID="string_139" HPOS="84" VPOS="728" WIDTH="97" HEIGHT="26" WC="0.92" CONTENT="tjenster,"/><SP WIDTH="19" VPOS="728" HPOS="181"/>
							<String ID="string_140" HPOS="200" VPOS="727" WIDTH="71" HEIGHT="21" WC="0.96" CONTENT="kunna"/><SP WIDTH="15" VPOS="727" HPOS="271"/>
							<String ID="string_141" HPOS="286" VPOS="726" WIDTH="47" HEIGHT="22" WC="0.96" CONTENT="icke"/><SP WIDTH="15" VPOS="726" HPOS="333"/>
							<String ID="string_142" HPOS="348" VPOS="727" WIDTH="84" HEIGHT="26" WC="0.96" CONTENT="tvingas"/><SP WIDTH="15" VPOS="727" HPOS="432"/>
							<String ID="string_143" HPOS="447" VPOS="728" WIDTH="32" HEIGHT="20" WC="0.96" CONTENT="att"/><SP WIDTH="14" VPOS="728" HPOS="479"/>
							<String ID="string_144" HPOS="493" VPOS="726" WIDTH="114" HEIGHT="22" WC="0.96" CONTENT="undervisa"/><SP WIDTH="10" VPOS="726" HPOS="607"/>
							<String ID="string_145" HPOS="617" VPOS="727" WIDTH="28" HEIGHT="26" WC="0.95" CONTENT="på"/><SP WIDTH="10" VPOS="727" HPOS="645"/>
							<String ID="string_146" HPOS="655" VPOS="728" WIDTH="31" HEIGHT="20" WC="0.96" CONTENT="ett"/><SP WIDTH="9" VPOS="728" HPOS="686"/>
							<String ID="string_147" HPOS="695" VPOS="729" WIDTH="65" HEIGHT="19" WC="0.96" CONTENT="annat"/><SP WIDTH="10" VPOS="729" HPOS="760"/>
							<String ID="string_148" HPOS="770" VPOS="728" WIDTH="64" HEIGHT="26" WC="0.96" CONTENT="språk"/>
						</TextLine>
						<TextLine ID="line_17" HPOS="84" VPOS="761" WIDTH="748" HEIGHT="27">
							<String ID="string_149" HPOS="84" VPOS="764" WIDTH="27" HEIGHT="19" WC="0.95" CONTENT="än"/><SP WIDTH="16" VPOS="764" HPOS="111"/>
							<String ID="string_150" HPOS="127" VPOS="762" WIDTH="42" HEIGHT="26" WC="0.93" CONTENT="det,"/><SP WIDTH="15" VPOS="762" HPOS="169"/>
							<String ID="string_151" HPOS="184" VPOS="761" WIDTH="81" HEIGHT="27" WC="0.92" CONTENT="hvarpå"/><SP WIDTH="15" VPOS="761" HPOS="265"/>
							<String ID="string_152" HPOS="280" VPOS="762" WIDTH="26" HEIGHT="20" WC="0.96" CONTENT="de"/><SP WIDTH="11" VPOS="762" HPOS="306"/>
							<String ID="string_153" HPOS="317" VPOS="761" WIDTH="113" HEIGHT="27" WC="0.95" CONTENT="ådagalagt"/><SP WIDTH="8" VPOS="761" HPOS="430"/>
							<String ID="string_154" HPOS="438" VPOS="761" WIDTH="32" HEIGHT="27" WC="0.93" CONTENT="sig"/><SP WIDTH="11" VPOS="761" HPOS="470"/>
							<String ID="string_155" HPOS="481" VPOS="768" WIDTH="39" HEIGHT="20" WC="0.92" CONTENT="ega"/><SP WIDTH="10" VPOS="768" HPOS="520"/>
							<String ID="string_156" HPOS="530" VPOS="761" WIDTH="96" HEIGHT="27" WC="0.96" CONTENT="förmåga"/><SP WIDTH="10" VPOS="761" HPOS="626"/>
							<String ID="string_157" HPOS="636" VPOS="763" WIDTH="32" HEIGHT="19" WC="0.96" CONTENT="att"/><SP WIDTH="9" VPOS="763" HPOS="668"/>
							<String ID="string_158" HPOS="677" VPOS="761" WIDTH="120" HEIGHT="22" WC="0.93" CONTENT="undervisa."/><SP WIDTH="9" VPOS="761" HPOS="797"/>
							<String ID="string_159" HPOS="806" VPOS="774" WIDTH="26" HEIGHT="3" WC="0.93" CONTENT="—"/>
						</TextLine>
						<TextLine ID="line_18" HPOS="85" VPOS="795" WIDTH="749" HEIGHT="27">
							<String ID="string_160" HPOS="85" VPOS="796" WIDTH="63" HEIGHT="21" WC="0.96" CONTENT="Hvad"/><SP WIDTH="15" VPOS="796" HPOS="148"/>
							<String ID="string_161" HPOS="163" VPOS="796" WIDTH="47" HEIGHT="21" WC="0.96" CONTENT="åter"/><SP WIDTH="18" VPOS="796" HPOS="210"/>
							<String ID="string_162" HPOS="228" VPOS="796" WIDTH="100" HEIGHT="21" WC="0.96" CONTENT="eleverna"/><SP WIDTH="19" VPOS="796" HPOS="328"/>
							<String ID="string_163" HPOS="347" VPOS="795" WIDTH="106" HEIGHT="27" WC="0.96" CONTENT="beträffar,"/><SP WIDTH="20" VPOS="795" HPOS="453"/>
							<String ID="string_164" HPOS="473" VPOS="796" WIDTH="24" HEIGHT="20" WC="0.93" CONTENT="så"/><SP WIDTH="18" VPOS="796" HPOS="497"/>
							<String ID="string_165" HPOS="515" VPOS="795" WIDTH="101" HEIGHT="22" WC="0.92" CONTENT="behöfver"/><SP WIDTH="15" VPOS="795" HPOS="616"/>
							<String ID="string_166" HPOS="631" VPOS="802" WIDTH="48" HEIGHT="14" WC="0.97" CONTENT="man"/><SP WIDTH="14" VPOS="802" HPOS="679"/>
							<String ID="string_167" HPOS="693" VPOS="796" WIDTH="56" HEIGHT="21" WC="0.96" CONTENT="blott"/><SP WIDTH="14" VPOS="796" HPOS="749"/>
							<String ID="string_168" HPOS="763" VPOS="796" WIDTH="71" HEIGHT="21" WC="0.96" CONTENT="erinra"/>
						</TextLine>
						<TextLine ID="line_19" HPOS="85" VPOS="829" WIDTH="749" HEIGHT="28">
							<String ID="string_169" HPOS="85" VPOS="831" WIDTH="39" HEIGHT="26" WC="0.96" CONTENT="sig,"/><SP WIDTH="16" VPOS="831" HPOS="124"/>
							<String ID="string_170" HPOS="140" VPOS="832" WIDTH="31" HEIGHT="19" WC="0.96" CONTENT="att"/><SP WIDTH="14" VPOS="832" HPOS="171"/>
							<String ID="string_171" HPOS="185" VPOS="830" WIDTH="63" HEIGHT="21" WC="0.95" CONTENT="dessa"/><SP WIDTH="19" VPOS="830" HPOS="248"/>
							<String ID="string_172" HPOS="267" VPOS="830" WIDTH="67" HEIGHT="27" WC="0.96" CONTENT="enligt"/><SP WIDTH="17" VPOS="830" HPOS="334"/>
							<String ID="string_173" HPOS="351" VPOS="836" WIDTH="29" HEIGHT="15" WC="0.96" CONTENT="nu"/><SP WIDTH="18" VPOS="836" HPOS="380"/>
							<String ID="string_174" HPOS="398" VPOS="830" WIDTH="100" HEIGHT="26" WC="0.96" CONTENT="gällande"/><SP WIDTH="19" VPOS="830" HPOS="498"/>
							<String ID="string_175" HPOS="517" VPOS="829" WIDTH="95" HEIGHT="27" WC="0.96" CONTENT="läroplan"/><SP WIDTH="16" VPOS="829" HPOS="612"/>
							<String ID="string_176" HPOS="628" VPOS="830" WIDTH="82" HEIGHT="27" WC="0.93" CONTENT="åtnjuta"/><SP WIDTH="14" VPOS="830" HPOS="710"/>
							<String ID="string_177" HPOS="724" VPOS="830" WIDTH="110" HEIGHT="21" WC="0.90" CONTENT="undervis-"/>
						</TextLine>
						<TextLine ID="line_20" HPOS="85" VPOS="864" WIDTH="749" HEIGHT="27">
							<String ID="string_178" HPOS="85" VPOS="866" WIDTH="51" HEIGHT="25" WC="0.96" CONTENT="ning"/><SP WIDTH="15" VPOS="866" HPOS="136"/>
							<String ID="string_179" HPOS="151" VPOS="865" WIDTH="6" HEIGHT="21" WC="0.96" CONTENT="i"/><SP WIDTH="18" VPOS="865" HPOS="157"/>
							<String ID="string_180" HPOS="175" VPOS="865" WIDTH="37" HEIGHT="21" WC="0.95" CONTENT="det"/><SP WIDTH="18" VPOS="865" HPOS="212"/>
							<String ID="string_181" HPOS="230" VPOS="864" WIDTH="67" HEIGHT="22" WC="0.96" CONTENT="andra"/><SP WIDTH="21" VPOS="864" HPOS="297"/>
							<String ID="string_182" HPOS="318" VPOS="864" WIDTH="111" HEIGHT="22" WC="0.96" CONTENT="inhemska"/><SP WIDTH="23" VPOS="864" HPOS="429"/>
							<String ID="string_183" HPOS="452" VPOS="864" WIDTH="86" HEIGHT="27" WC="0.96" CONTENT="språket"/><SP WIDTH="17" VPOS="864" HPOS="538"/>
							<String ID="string_184" HPOS="555" VPOS="864" WIDTH="28" HEIGHT="27" WC="0.96" CONTENT="på"/><SP WIDTH="17" VPOS="864" HPOS="583"/>
							<String ID="string_185" HPOS="600" VPOS="864" WIDTH="21" HEIGHT="22" WC="0.96" CONTENT="II"/><SP WIDTH="18" VPOS="864" HPOS="621"/>
							<String ID="string_186" HPOS="639" VPOS="865" WIDTH="20" HEIGHT="25" WC="0.95" CONTENT="4,"/><SP WIDTH="19" VPOS="865" HPOS="659"/>
							<String ID="string_187" HPOS="678" VPOS="864" WIDTH="27" HEIGHT="27" WC="0.96" CONTENT="på"/><SP WIDTH="15" VPOS="864" HPOS="705"/>
							<String ID="string_188" HPOS="720" VPOS="865" WIDTH="32" HEIGHT="21" WC="0.94" CONTENT="III"/><SP WIDTH="15" VPOS="865" HPOS="752"/>
							<String ID="string_189" HPOS="767" VPOS="866" WIDTH="13" HEIGHT="20" WC="0.95" CONTENT="3"/><SP WIDTH="15" VPOS="866" HPOS="780"/>
							<String ID="string_190" HPOS="795" VPOS="865" WIDTH="39" HEIGHT="21" WC="0.95" CONTENT="och"/>
						</TextLine>
						<TextLine ID="line_21" HPOS="84" VPOS="898" WIDTH="750" HEIGHT="28">
							<String ID="string_191" HPOS="84" VPOS="900" WIDTH="28" HEIGHT="26" WC="0.96" CONTENT="på"/><SP WIDTH="19" VPOS="900" HPOS="112"/>
							<String ID="string_192" HPOS="131" VPOS="899" WIDTH="29" HEIGHT="21" WC="0.96" CONTENT="IV"/><SP WIDTH="18" VPOS="899" HPOS="160"/>
							<String ID="string_193" HPOS="178" VPOS="901" WIDTH="14" HEIGHT="19" WC="0.95" CONTENT="4"/><SP WIDTH="18" VPOS="901" HPOS="192"/>
							<String ID="string_194" HPOS="210" VPOS="899" WIDTH="86" HEIGHT="21" WC="0.95" CONTENT="timmar"/><SP WIDTH="18" VPOS="899" HPOS="296"/>
							<String ID="string_195" HPOS="314" VPOS="899" WIDTH="7" HEIGHT="21" WC="0.96" CONTENT="i"/><SP WIDTH="18" VPOS="899" HPOS="321"/>
							<String ID="string_196" HPOS="339" VPOS="898" WIDTH="86" HEIGHT="26" WC="0.96" CONTENT="veckan,"/><SP WIDTH="21" VPOS="898" HPOS="425"/>
							<String ID="string_197" HPOS="446" VPOS="899" WIDTH="33" HEIGHT="21" WC="0.96" CONTENT="för"/><SP WIDTH="18" VPOS="899" HPOS="479"/>
							<String ID="string_198" HPOS="497" VPOS="900" WIDTH="32" HEIGHT="20" WC="0.96" CONTENT="att"/><SP WIDTH="18" VPOS="900" HPOS="529"/>
							<String ID="string_199" HPOS="547" VPOS="899" WIDTH="52" HEIGHT="26" WC="0.96" CONTENT="inse,"/><SP WIDTH="19" VPOS="899" HPOS="599"/>
							<String ID="string_200" HPOS="618" VPOS="900" WIDTH="32" HEIGHT="20" WC="0.96" CONTENT="att"/><SP WIDTH="19" VPOS="900" HPOS="650"/>
							<String ID="string_201" HPOS="669" VPOS="899" WIDTH="79" HEIGHT="21" WC="0.96" CONTENT="sådana"/><SP WIDTH="15" VPOS="899" HPOS="748"/>
							<String ID="string_202" HPOS="763" VPOS="900" WIDTH="71" HEIGHT="21" WC="0.96" CONTENT="elever"/>
						</TextLine>
						<TextLine ID="line_22" HPOS="85" VPOS="932" WIDTH="749" HEIGHT="28">
							<String ID="string_203" HPOS="85" VPOS="934" WIDTH="47" HEIGHT="21" WC="0.95" CONTENT="icke"/><SP WIDTH="15" VPOS="934" HPOS="132"/>
							<String ID="string_204" HPOS="147" VPOS="934" WIDTH="71" HEIGHT="21" WC="0.96" CONTENT="kunna"/><SP WIDTH="15" VPOS="934" HPOS="218"/>
							<String ID="string_205" HPOS="233" VPOS="940" WIDTH="52" HEIGHT="14" WC="0.96" CONTENT="vara"/><SP WIDTH="15" VPOS="940" HPOS="285"/>
							<String ID="string_206" HPOS="300" VPOS="939" WIDTH="78" HEIGHT="21" WC="0.96" CONTENT="mogna"/><SP WIDTH="14" VPOS="939" HPOS="378"/>
							<String ID="string_207" HPOS="392" VPOS="932" WIDTH="34" HEIGHT="22" WC="0.93" CONTENT="för"/><SP WIDTH="14" VPOS="932" HPOS="426"/>
							<String ID="string_208" HPOS="440" VPOS="934" WIDTH="150" HEIGHT="26" WC="0.91" CONTENT="emottagande"/><SP WIDTH="15" VPOS="934" HPOS="590"/>
							<String ID="string_209" HPOS="605" VPOS="933" WIDTH="23" HEIGHT="21" WC="0.96" CONTENT="af"/><SP WIDTH="13" VPOS="933" HPOS="628"/>
							<String ID="string_210" HPOS="641" VPOS="934" WIDTH="151" HEIGHT="26" WC="0.96" CONTENT="undervisning"/><SP WIDTH="15" VPOS="934" HPOS="792"/>
							<String ID="string_211" HPOS="807" VPOS="934" WIDTH="27" HEIGHT="26" WC="0.96" CONTENT="på"/>
						</TextLine>
						<TextLine ID="line_23" HPOS="85" VPOS="967" WIDTH="749" HEIGHT="29">
							<String ID="string_212" HPOS="85" VPOS="970" WIDTH="32" HEIGHT="20" WC="0.96" CONTENT="ett"/><SP WIDTH="14" VPOS="970" HPOS="117"/>
							<String ID="string_213" HPOS="131" VPOS="968" WIDTH="71" HEIGHT="28" WC="0.96" CONTENT="språk,"/><SP WIDTH="16" VPOS="968" HPOS="202"/>
							<String ID="string_214" HPOS="218" VPOS="974" WIDTH="46" HEIGHT="15" WC="0.96" CONTENT="som"/><SP WIDTH="14" VPOS="974" HPOS="264"/>
							<String ID="string_215" HPOS="278" VPOS="968" WIDTH="33" HEIGHT="21" WC="0.96" CONTENT="till"/><SP WIDTH="16" VPOS="968" HPOS="311"/>
							<String ID="string_216" HPOS="327" VPOS="968" WIDTH="53" HEIGHT="26" WC="0.96" CONTENT="följd"/><SP WIDTH="14" VPOS="968" HPOS="380"/>
							<String ID="string_217" HPOS="394" VPOS="968" WIDTH="64" HEIGHT="21" WC="0.96" CONTENT="häraf"/><SP WIDTH="11" VPOS="968" HPOS="458"/>
							<String ID="string_218" HPOS="469" VPOS="970" WIDTH="57" HEIGHT="18" WC="0.96" CONTENT="ännu"/><SP WIDTH="15" VPOS="970" HPOS="526"/>
							<String ID="string_219" HPOS="541" VPOS="968" WIDTH="67" HEIGHT="21" WC="0.96" CONTENT="måste"/><SP WIDTH="15" VPOS="968" HPOS="608"/>
							<String ID="string_220" HPOS="623" VPOS="974" WIDTH="52" HEIGHT="14" WC="0.96" CONTENT="vara"/><SP WIDTH="7" VPOS="974" HPOS="675"/>
							<String ID="string_221" HPOS="682" VPOS="967" WIDTH="33" HEIGHT="22" WC="0.96" CONTENT="för"/><SP WIDTH="11" VPOS="967" HPOS="715"/>
							<String ID="string_222" HPOS="726" VPOS="968" WIDTH="47" HEIGHT="21" WC="0.91" CONTENT="dem"/><SP WIDTH="11" VPOS="968" HPOS="773"/>
							<String ID="string_223" HPOS="784" VPOS="974" WIDTH="50" HEIGHT="21" WC="0.89" CONTENT="gan-"/>
						</TextLine>
						<TextLine ID="line_24" HPOS="86" VPOS="1002" WIDTH="748" HEIGHT="26">
							<String ID="string_224" HPOS="86" VPOS="1004" WIDTH="39" HEIGHT="21" WC="0.93" CONTENT="ska"/><SP WIDTH="18" VPOS="1004" HPOS="125"/>
							<String ID="string_225" HPOS="143" VPOS="1002" WIDTH="137" HEIGHT="23" WC="0.89" CONTENT="fremmande."/><SP WIDTH="32" VPOS="1002" HPOS="280"/>
							<String ID="string_226" HPOS="312" VPOS="1002" WIDTH="59" HEIGHT="22" WC="0.82" CONTENT="Skall"/><SP WIDTH="19" VPOS="1002" HPOS="371"/>
							<String ID="string_227" HPOS="390" VPOS="1002" WIDTH="36" HEIGHT="22" WC="0.96" CONTENT="det"/><SP WIDTH="18" VPOS="1002" HPOS="426"/>
							<String ID="string_228" HPOS="444" VPOS="1002" WIDTH="67" HEIGHT="21" WC="0.96" CONTENT="andra"/><SP WIDTH="18" VPOS="1002" HPOS="511"/>
							<String ID="string_229" HPOS="529" VPOS="1002" WIDTH="111" HEIGHT="22" WC="0.96" CONTENT="inhemska"/><SP WIDTH="19" VPOS="1002" HPOS="640"/>
							<String ID="string_230" HPOS="659" VPOS="1002" WIDTH="87" HEIGHT="26" WC="0.96" CONTENT="språket"/><SP WIDTH="18" VPOS="1002" HPOS="746"/>
							<String ID="string_231" HPOS="764" VPOS="1002" WIDTH="70" HEIGHT="22" WC="0.96" CONTENT="kunna"/>
						</TextLine>
						<TextLine ID="line_25" HPOS="86" VPOS="1036" WIDTH="748" HEIGHT="28">
							<String ID="string_232" HPOS="86" VPOS="1038" WIDTH="108" HEIGHT="21" WC="0.96" CONTENT="användas"/><SP WIDTH="20" VPOS="1038" HPOS="194"/>
							<String ID="string_233" HPOS="214" VPOS="1038" WIDTH="69" HEIGHT="20" WC="0.93" CONTENT="såsom"/><SP WIDTH="19" VPOS="1038" HPOS="283"/>
							<String ID="string_234" HPOS="302" VPOS="1036" WIDTH="227" HEIGHT="28" WC="0.92" CONTENT="undervisningsspräk"/><SP WIDTH="18" VPOS="1036" HPOS="529"/>
							<String ID="string_235" HPOS="547" VPOS="1037" WIDTH="27" HEIGHT="27" WC="0.93" CONTENT="på"/><SP WIDTH="18" VPOS="1037" HPOS="574"/>
							<String ID="string_236" HPOS="592" VPOS="1036" WIDTH="25" HEIGHT="27" WC="0.92" CONTENT="V,"/><SP WIDTH="19" VPOS="1036" HPOS="617"/>
							<String ID="string_237" HPOS="636" VPOS="1036" WIDTH="25" HEIGHT="21" WC="0.96" CONTENT="så"/><SP WIDTH="13" VPOS="1036" HPOS="661"/>
							<String ID="string_238" HPOS="674" VPOS="1037" WIDTH="74" HEIGHT="26" WC="0.96" CONTENT="måste,"/><SP WIDTH="17" VPOS="1037" HPOS="748"/>
							<String ID="string_239" HPOS="765" VPOS="1037" WIDTH="69" HEIGHT="22" WC="0.96" CONTENT="såsom"/>
						</TextLine>
						<TextLine ID="line_26" HPOS="86" VPOS="1071" WIDTH="749" HEIGHT="27">
							<String ID="string_240" HPOS="86" VPOS="1072" WIDTH="65" HEIGHT="22" WC="0.96" CONTENT="också"/><SP WIDTH="18" VPOS="1072" HPOS="151"/>
							<String ID="string_241" HPOS="169" VPOS="1072" WIDTH="111" HEIGHT="22" WC="0.96" CONTENT="Utskottet"/><SP WIDTH="18" VPOS="1072" HPOS="280"/>
							<String ID="string_242" HPOS="298" VPOS="1071" WIDTH="112" HEIGHT="27" WC="0.95" CONTENT="erkänner,"/><SP WIDTH="15" VPOS="1071" HPOS="410"/>
							<String ID="string_243" HPOS="425" VPOS="1071" WIDTH="22" HEIGHT="21" WC="0.96" CONTENT="åt"/><SP WIDTH="19" VPOS="1071" HPOS="447"/>
							<String ID="string_244" HPOS="466" VPOS="1072" WIDTH="58" HEIGHT="20" WC="0.96" CONTENT="detta"/><SP WIDTH="20" VPOS="1072" HPOS="524"/>
							<String ID="string_245" HPOS="544" VPOS="1071" WIDTH="64" HEIGHT="27" WC="0.92" CONTENT="språk"/><SP WIDTH="15" VPOS="1071" HPOS="608"/>
							<String ID="string_246" HPOS="623" VPOS="1071" WIDTH="140" HEIGHT="27" WC="0.91" CONTENT="ovilkorligen"/><SP WIDTH="15" VPOS="1071" HPOS="763"/>
							<String ID="string_247" HPOS="778" VPOS="1072" WIDTH="57" HEIGHT="21" WC="0.92" CONTENT="anvi-"/>
						</TextLine>
						<TextLine ID="line_27" HPOS="87" VPOS="1105" WIDTH="748" HEIGHT="28">
							<String ID="string_248" HPOS="87" VPOS="1114" WIDTH="35" HEIGHT="15" WC="0.95" CONTENT="sas"/><SP WIDTH="19" VPOS="1114" HPOS="122"/>
							<String ID="string_249" HPOS="141" VPOS="1109" WIDTH="31" HEIGHT="19" WC="0.96" CONTENT="ett"/><SP WIDTH="18" VPOS="1109" HPOS="172"/>
							<String ID="string_250" HPOS="190" VPOS="1106" WIDTH="105" HEIGHT="27" WC="0.93" CONTENT="betydligt"/><SP WIDTH="19" VPOS="1106" HPOS="295"/>
							<String ID="string_251" HPOS="314" VPOS="1106" WIDTH="64" HEIGHT="21" WC="0.91" CONTENT="ökadt"/><SP WIDTH="18" VPOS="1106" HPOS="378"/>
							<String ID="string_252" HPOS="396" VPOS="1106" WIDTH="58" HEIGHT="21" WC="0.93" CONTENT="antal"/><SP WIDTH="18" VPOS="1106" HPOS="454"/>
							<String ID="string_253" HPOS="472" VPOS="1106" WIDTH="132" HEIGHT="20" WC="0.90" CONTENT="lärotimmar"/><SP WIDTH="18" VPOS="1106" HPOS="604"/>
							<String ID="string_254" HPOS="622" VPOS="1105" WIDTH="27" HEIGHT="27" WC="0.96" CONTENT="på"/><SP WIDTH="18" VPOS="1105" HPOS="649"/>
							<String ID="string_255" HPOS="667" VPOS="1106" WIDTH="26" HEIGHT="21" WC="0.96" CONTENT="de"/><SP WIDTH="18" VPOS="1106" HPOS="693"/>
							<String ID="string_256" HPOS="711" VPOS="1106" WIDTH="48" HEIGHT="26" WC="0.96" CONTENT="fyra"/><SP WIDTH="18" VPOS="1106" HPOS="759"/>
							<String ID="string_257" HPOS="777" VPOS="1106" WIDTH="58" HEIGHT="27" WC="0.96" CONTENT="lägre"/>
						</TextLine>
						<TextLine ID="line_28" HPOS="87" VPOS="1140" WIDTH="749" HEIGHT="26">
							<String ID="string_258" HPOS="87" VPOS="1142" WIDTH="117" HEIGHT="24" WC="0.96" CONTENT="klasserna,"/><SP WIDTH="19" VPOS="1142" HPOS="204"/>
							<String ID="string_259" HPOS="223" VPOS="1140" WIDTH="39" HEIGHT="22" WC="0.96" CONTENT="och"/><SP WIDTH="18" VPOS="1140" HPOS="262"/>
							<String ID="string_260" HPOS="280" VPOS="1140" WIDTH="54" HEIGHT="21" WC="0.97" CONTENT="först"/><SP WIDTH="19" VPOS="1140" HPOS="334"/>
							<String ID="string_261" HPOS="353" VPOS="1140" WIDTH="65" HEIGHT="22" WC="0.96" CONTENT="sedan"/><SP WIDTH="20" VPOS="1140" HPOS="418"/>
							<String ID="string_262" HPOS="438" VPOS="1140" WIDTH="58" HEIGHT="21" WC="0.96" CONTENT="detta"/><SP WIDTH="19" VPOS="1140" HPOS="496"/>
							<String ID="string_263" HPOS="515" VPOS="1140" WIDTH="57" HEIGHT="21" WC="0.96" CONTENT="skett"/><SP WIDTH="19" VPOS="1140" HPOS="572"/>
							<String ID="string_264" HPOS="591" VPOS="1140" WIDTH="38" HEIGHT="21" WC="0.96" CONTENT="och"/><SP WIDTH="20" VPOS="1140" HPOS="629"/>
							<String ID="string_265" HPOS="649" VPOS="1140" WIDTH="99" HEIGHT="21" WC="0.95" CONTENT="eleverna"/><SP WIDTH="18" VPOS="1140" HPOS="748"/>
							<String ID="string_266" HPOS="766" VPOS="1140" WIDTH="70" HEIGHT="22" WC="0.94" CONTENT="blifvit"/>
						</TextLine>
						<TextLine ID="line_29" HPOS="87" VPOS="1174" WIDTH="749" HEIGHT="30">
							<String ID="string_267" HPOS="87" VPOS="1177" WIDTH="28" HEIGHT="27" WC="0.96" CONTENT="på"/><SP WIDTH="14" VPOS="1177" HPOS="115"/>
							<String ID="string_268" HPOS="129" VPOS="1177" WIDTH="27" HEIGHT="21" WC="0.96" CONTENT="de"/><SP WIDTH="18" VPOS="1177" HPOS="156"/>
							<String ID="string_269" HPOS="174" VPOS="1176" WIDTH="48" HEIGHT="27" WC="0.96" CONTENT="fyra"/><SP WIDTH="18" VPOS="1176" HPOS="222"/>
							<String ID="string_270" HPOS="240" VPOS="1176" WIDTH="60" HEIGHT="26" WC="0.96" CONTENT="lägre"/><SP WIDTH="18" VPOS="1176" HPOS="300"/>
							<String ID="string_271" HPOS="318" VPOS="1175" WIDTH="112" HEIGHT="21" WC="0.96" CONTENT="klasserna"/><SP WIDTH="17" VPOS="1175" HPOS="430"/>
							<String ID="string_272" HPOS="447" VPOS="1175" WIDTH="140" HEIGHT="21" WC="0.96" CONTENT="undervisade"/><SP WIDTH="20" VPOS="1175" HPOS="587"/>
							<String ID="string_273" HPOS="607" VPOS="1174" WIDTH="66" HEIGHT="27" WC="0.96" CONTENT="enligt"/><SP WIDTH="19" VPOS="1174" HPOS="673"/>
							<String ID="string_274" HPOS="692" VPOS="1175" WIDTH="40" HEIGHT="21" WC="0.96" CONTENT="den"/><SP WIDTH="18" VPOS="1175" HPOS="732"/>
							<String ID="string_275" HPOS="750" VPOS="1180" WIDTH="40" HEIGHT="22" WC="0.93" CONTENT="nya"/><SP WIDTH="15" VPOS="1180" HPOS="790"/>
							<String ID="string_276" HPOS="805" VPOS="1175" WIDTH="31" HEIGHT="21" WC="0.92" CONTENT="lä-"/>
						</TextLine>
						<TextLine ID="line_30" HPOS="88" VPOS="1209" WIDTH="748" HEIGHT="29">
							<String ID="string_277" HPOS="88" VPOS="1211" WIDTH="108" HEIGHT="27" WC="0.91" CONTENT="roplanen,"/><SP WIDTH="16" VPOS="1211" HPOS="196"/>
							<String ID="string_278" HPOS="212" VPOS="1210" WIDTH="42" HEIGHT="22" WC="0.96" CONTENT="kan"/><SP WIDTH="16" VPOS="1210" HPOS="254"/>
							<String ID="string_279" HPOS="270" VPOS="1210" WIDTH="36" HEIGHT="21" WC="0.96" CONTENT="det"/><SP WIDTH="15" VPOS="1210" HPOS="306"/>
							<String ID="string_280" HPOS="321" VPOS="1209" WIDTH="67" HEIGHT="22" WC="0.96" CONTENT="blifva"/><SP WIDTH="18" VPOS="1209" HPOS="388"/>
							<String ID="string_281" HPOS="406" VPOS="1209" WIDTH="61" HEIGHT="27" WC="0.96" CONTENT="fråga"/><SP WIDTH="14" VPOS="1209" HPOS="467"/>
							<String ID="string_282" HPOS="481" VPOS="1215" WIDTH="33" HEIGHT="15" WC="0.96" CONTENT="om"/><SP WIDTH="17" VPOS="1215" HPOS="514"/>
							<String ID="string_283" HPOS="531" VPOS="1209" WIDTH="139" HEIGHT="27" WC="0.96" CONTENT="obligatorisk"/><SP WIDTH="15" VPOS="1209" HPOS="670"/>
							<String ID="string_284" HPOS="685" VPOS="1209" WIDTH="151" HEIGHT="27" WC="0.96" CONTENT="undervisning"/>
						</TextLine>
						<TextLine ID="line_31" HPOS="87" VPOS="1242" WIDTH="749" HEIGHT="31">
							<String ID="string_285" HPOS="87" VPOS="1246" WIDTH="29" HEIGHT="27" WC="0.96" CONTENT="på"/><SP WIDTH="14" VPOS="1246" HPOS="116"/>
							<String ID="string_286" HPOS="130" VPOS="1246" WIDTH="36" HEIGHT="21" WC="0.96" CONTENT="det"/><SP WIDTH="15" VPOS="1246" HPOS="166"/>
							<String ID="string_287" HPOS="181" VPOS="1244" WIDTH="67" HEIGHT="22" WC="0.95" CONTENT="andra"/><SP WIDTH="14" VPOS="1244" HPOS="248"/>
							<String ID="string_288" HPOS="262" VPOS="1244" WIDTH="111" HEIGHT="21" WC="0.96" CONTENT="inhemska"/><SP WIDTH="15" VPOS="1244" HPOS="373"/>
							<String ID="string_289" HPOS="388" VPOS="1244" WIDTH="91" HEIGHT="27" WC="0.96" CONTENT="språket,"/><SP WIDTH="17" VPOS="1244" HPOS="479"/>
							<String ID="string_290" HPOS="496" VPOS="1243" WIDTH="137" HEIGHT="28" WC="0.96" CONTENT="begynnande"/><SP WIDTH="16" VPOS="1243" HPOS="633"/>
							<String ID="string_291" HPOS="649" VPOS="1244" WIDTH="46" HEIGHT="20" WC="0.93" CONTENT="från"/><SP WIDTH="15" VPOS="1244" HPOS="695"/>
							<String ID="string_292" HPOS="710" VPOS="1243" WIDTH="25" HEIGHT="21" WC="0.91" CONTENT="V."/><SP WIDTH="23" VPOS="1243" HPOS="735"/>
							<String ID="string_293" HPOS="758" VPOS="1242" WIDTH="78" HEIGHT="22" WC="0.94" CONTENT="Härtill"/>
						</TextLine>
						<TextLine ID="line_32" HPOS="88" VPOS="1277" WIDTH="748" HEIGHT="30">
							<String ID="string_294" HPOS="88" VPOS="1280" WIDTH="62" HEIGHT="27" WC="0.96" CONTENT="åtgår"/><SP WIDTH="20" VPOS="1280" HPOS="150"/>
							<String ID="string_295" HPOS="170" VPOS="1286" WIDTH="30" HEIGHT="14" WC="0.96" CONTENT="nu"/><SP WIDTH="17" VPOS="1286" HPOS="200"/>
							<String ID="string_296" HPOS="217" VPOS="1279" WIDTH="65" HEIGHT="21" WC="0.96" CONTENT="minst"/><SP WIDTH="18" VPOS="1279" HPOS="282"/>
							<String ID="string_297" HPOS="300" VPOS="1285" WIDTH="26" HEIGHT="15" WC="0.96" CONTENT="en"/><SP WIDTH="22" VPOS="1285" HPOS="326"/>
							<String ID="string_298" HPOS="348" VPOS="1279" WIDTH="30" HEIGHT="21" WC="0.96" CONTENT="tid"/><SP WIDTH="19" VPOS="1279" HPOS="378"/>
							<String ID="string_299" HPOS="397" VPOS="1278" WIDTH="23" HEIGHT="22" WC="0.96" CONTENT="af"/><SP WIDTH="16" VPOS="1278" HPOS="420"/>
							<String ID="string_300" HPOS="436" VPOS="1278" WIDTH="46" HEIGHT="27" WC="0.96" CONTENT="fyra"/><SP WIDTH="19" VPOS="1278" HPOS="482"/>
							<String ID="string_301" HPOS="501" VPOS="1278" WIDTH="29" HEIGHT="22" WC="0.93" CONTENT="år."/><SP WIDTH="33" VPOS="1278" HPOS="530"/>
							<String ID="string_302" HPOS="563" VPOS="1277" WIDTH="143" HEIGHT="22" WC="0.88" CONTENT="Derförinnan"/><SP WIDTH="22" VPOS="1277" HPOS="706"/>
							<String ID="string_303" HPOS="728" VPOS="1277" WIDTH="108" HEIGHT="27" WC="0.95" CONTENT="förbjuder"/>
						</TextLine>
						<TextLine ID="line_33" HPOS="89" VPOS="1312" WIDTH="669" HEIGHT="29">
							<String ID="string_304" HPOS="89" VPOS="1314" WIDTH="74" HEIGHT="27" WC="0.96" CONTENT="hvarje"/><SP WIDTH="15" VPOS="1314" HPOS="163"/>
							<String ID="string_305" HPOS="178" VPOS="1312" WIDTH="141" HEIGHT="28" WC="0.95" CONTENT="obligatorisk"/><SP WIDTH="15" VPOS="1312" HPOS="319"/>
							<String ID="string_306" HPOS="334" VPOS="1312" WIDTH="75" HEIGHT="28" WC="0.96" CONTENT="åtgärd"/><SP WIDTH="15" VPOS="1312" HPOS="409"/>
							<String ID="string_307" HPOS="424" VPOS="1312" WIDTH="8" HEIGHT="22" WC="0.96" CONTENT="i"/><SP WIDTH="16" VPOS="1312" HPOS="432"/>
							<String ID="string_308" HPOS="448" VPOS="1313" WIDTH="58" HEIGHT="21" WC="0.96" CONTENT="detta"/><SP WIDTH="14" VPOS="1313" HPOS="506"/>
							<String ID="string_309" HPOS="520" VPOS="1312" WIDTH="121" HEIGHT="22" WC="0.96" CONTENT="hänseende"/><SP WIDTH="15" VPOS="1312" HPOS="641"/>
							<String ID="string_310" HPOS="656" VPOS="1312" WIDTH="31" HEIGHT="27" WC="0.96" CONTENT="sig"/><SP WIDTH="16" VPOS="1312" HPOS="687"/>
							<String ID="string_311" HPOS="703" VPOS="1312" WIDTH="55" HEIGHT="26" WC="0.95" CONTENT="sjelf."/>
						</TextLine>
						<TextLine ID="line_34" HPOS="157" VPOS="1346" WIDTH="680" HEIGHT="26">
							<String ID="string_312" HPOS="157" VPOS="1347" WIDTH="111" HEIGHT="21" WC="0.96" CONTENT="Utskottet"/><SP WIDTH="16" VPOS="1347" HPOS="268"/>
							<String ID="string_313" HPOS="284" VPOS="1347" WIDTH="41" HEIGHT="20" WC="0.96" CONTENT="har"/><SP WIDTH="19" VPOS="1347" HPOS="325"/>
							<String ID="string_314" HPOS="344" VPOS="1347" WIDTH="118" HEIGHT="21" WC="0.95" CONTENT="emellertid"/><SP WIDTH="18" VPOS="1347" HPOS="462"/>
							<String ID="string_315" HPOS="480" VPOS="1347" WIDTH="7" HEIGHT="20" WC="0.96" CONTENT="i"/><SP WIDTH="18" VPOS="1347" HPOS="487"/>
							<String ID="string_316" HPOS="505" VPOS="1347" WIDTH="32" HEIGHT="19" WC="0.96" CONTENT="sin"/><SP WIDTH="19" VPOS="1347" HPOS="537"/>
							<String ID="string_317" HPOS="556" VPOS="1346" WIDTH="116" HEIGHT="20" WC="0.93" CONTENT="resolution"/><SP WIDTH="19" VPOS="1346" HPOS="672"/>
							<String ID="string_318" HPOS="691" VPOS="1346" WIDTH="13" HEIGHT="20" WC="0.93" CONTENT="b"/><SP WIDTH="18" VPOS="1346" HPOS="704"/>
							<String ID="string_319" HPOS="722" VPOS="1346" WIDTH="68" HEIGHT="26" WC="0.96" CONTENT="yrkat,"/><SP WIDTH="15" VPOS="1346" HPOS="790"/>
							<String ID="string_320" HPOS="805" VPOS="1347" WIDTH="32" HEIGHT="19" WC="0.96" CONTENT="att"/>
						</TextLine>
						<TextLine ID="line_35" HPOS="89" VPOS="1379" WIDTH="748" HEIGHT="28">
							<String ID="string_321" HPOS="89" VPOS="1381" WIDTH="179" HEIGHT="26" WC="0.96" CONTENT="undervisningen"/><SP WIDTH="14" VPOS="1381" HPOS="268"/>
							<String ID="string_322" HPOS="282" VPOS="1380" WIDTH="56" HEIGHT="21" WC="0.96" CONTENT="skall"/><SP WIDTH="16" VPOS="1380" HPOS="338"/>
							<String ID="string_323" HPOS="354" VPOS="1380" WIDTH="150" HEIGHT="26" WC="0.96" CONTENT="obligatoriskt"/><SP WIDTH="14" VPOS="1380" HPOS="504"/>
							<String ID="string_324" HPOS="518" VPOS="1379" WIDTH="109" HEIGHT="21" WC="0.96" CONTENT="meddelas"/><SP WIDTH="14" VPOS="1379" HPOS="627"/>
							<String ID="string_325" HPOS="641" VPOS="1380" WIDTH="28" HEIGHT="26" WC="0.96" CONTENT="på"/><SP WIDTH="15" VPOS="1380" HPOS="669"/>
							<String ID="string_326" HPOS="684" VPOS="1380" WIDTH="36" HEIGHT="20" WC="0.96" CONTENT="det"/><SP WIDTH="10" VPOS="1380" HPOS="720"/>
							<String ID="string_327" HPOS="730" VPOS="1380" WIDTH="66" HEIGHT="20" WC="0.93" CONTENT="andra"/><SP WIDTH="10" VPOS="1380" HPOS="796"/>
							<String ID="string_328" HPOS="806" VPOS="1380" WIDTH="31" HEIGHT="20" WC="0.91" CONTENT="in-"/>
						</TextLine>
						<TextLine ID="line_36" HPOS="89" VPOS="1413" WIDTH="749" HEIGHT="29">
							<String ID="string_329" HPOS="89" VPOS="1416" WIDTH="89" HEIGHT="22" WC="0.96" CONTENT="hemska"/><SP WIDTH="15" VPOS="1416" HPOS="178"/>
							<String ID="string_330" HPOS="193" VPOS="1415" WIDTH="92" HEIGHT="27" WC="0.94" CONTENT="språket,"/><SP WIDTH="17" VPOS="1415" HPOS="285"/>
							<String ID="string_331" HPOS="302" VPOS="1416" WIDTH="51" HEIGHT="20" WC="0.96" CONTENT="utan"/><SP WIDTH="15" VPOS="1416" HPOS="353"/>
							<String ID="string_332" HPOS="368" VPOS="1416" WIDTH="32" HEIGHT="20" WC="0.96" CONTENT="att"/><SP WIDTH="14" VPOS="1416" HPOS="400"/>
							<String ID="string_333" HPOS="414" VPOS="1414" WIDTH="98" HEIGHT="27" WC="0.96" CONTENT="tillägga:"/><SP WIDTH="21" VPOS="1414" HPOS="512"/>
							<String ID="string_334" HPOS="533" VPOS="1414" WIDTH="37" HEIGHT="21" WC="0.96" CONTENT="der"/><SP WIDTH="19" VPOS="1414" HPOS="570"/>
							<String ID="string_335" HPOS="589" VPOS="1414" WIDTH="39" HEIGHT="21" WC="0.96" CONTENT="och"/><SP WIDTH="19" VPOS="1414" HPOS="628"/>
							<String ID="string_336" HPOS="647" VPOS="1414" WIDTH="24" HEIGHT="20" WC="0.96" CONTENT="så"/><SP WIDTH="15" VPOS="1414" HPOS="671"/>
							<String ID="string_337" HPOS="686" VPOS="1415" WIDTH="59" HEIGHT="19" WC="0.96" CONTENT="snart"/><SP WIDTH="18" VPOS="1415" HPOS="745"/>
							<String ID="string_338" HPOS="763" VPOS="1413" WIDTH="75" HEIGHT="21" WC="0.96" CONTENT="sådant"/>
						</TextLine>
						<TextLine ID="line_37" HPOS="90" VPOS="1448" WIDTH="748" HEIGHT="30">
							<String ID="string_339" HPOS="90" VPOS="1451" WIDTH="78" HEIGHT="21" WC="0.92" CONTENT="blifver"/><SP WIDTH="14" VPOS="1451" HPOS="168"/>
							<String ID="string_340" HPOS="182" VPOS="1451" WIDTH="89" HEIGHT="27" WC="0.96" CONTENT="möjligt."/><SP WIDTH="29" VPOS="1451" HPOS="271"/>
							<String ID="string_341" HPOS="300" VPOS="1449" WIDTH="50" HEIGHT="22" WC="0.96" CONTENT="Men"/><SP WIDTH="16" VPOS="1449" HPOS="350"/>
							<String ID="string_342" HPOS="366" VPOS="1450" WIDTH="36" HEIGHT="21" WC="0.96" CONTENT="det"/><SP WIDTH="15" VPOS="1450" HPOS="402"/>
							<String ID="string_343" HPOS="417" VPOS="1449" WIDTH="54" HEIGHT="21" WC="0.96" CONTENT="hade"/><SP WIDTH="15" VPOS="1449" HPOS="471"/>
							<String ID="string_344" HPOS="486" VPOS="1449" WIDTH="32" HEIGHT="27" WC="0.96" CONTENT="sig"/><SP WIDTH="15" VPOS="1449" HPOS="518"/>
							<String ID="string_345" HPOS="533" VPOS="1448" WIDTH="64" HEIGHT="22" WC="0.96" CONTENT="också"/><SP WIDTH="15" VPOS="1448" HPOS="597"/>
							<String ID="string_346" HPOS="612" VPOS="1448" WIDTH="58" HEIGHT="22" WC="0.95" CONTENT="svårt"/><SP WIDTH="14" VPOS="1448" HPOS="670"/>
							<String ID="string_347" HPOS="684" VPOS="1448" WIDTH="34" HEIGHT="21" WC="0.96" CONTENT="för"/><SP WIDTH="9" VPOS="1448" HPOS="718"/>
							<String ID="string_348" HPOS="727" VPOS="1448" WIDTH="111" HEIGHT="22" WC="0.96" CONTENT="Utskottet"/>
						</TextLine>
						<TextLine ID="line_38" HPOS="159" VPOS="1488" WIDTH="466" HEIGHT="20">
							<String ID="string_349" HPOS="159" VPOS="1491" WIDTH="93" HEIGHT="17" WC="0.92" CONTENT="Allmänna"/><SP WIDTH="13" VPOS="1491" HPOS="252"/>
							<String ID="string_350" HPOS="265" VPOS="1490" WIDTH="160" HEIGHT="17" WC="0.90" CONTENT="Besvärsutskottets"/><SP WIDTH="11" VPOS="1490" HPOS="425"/>
							<String ID="string_351" HPOS="436" VPOS="1489" WIDTH="101" HEIGHT="17" WC="0.96" CONTENT="betänkande"/><SP WIDTH="13" VPOS="1489" HPOS="537"/>
							<String ID="string_352" HPOS="550" VPOS="1488" WIDTH="34" HEIGHT="17" WC="0.95" CONTENT="N:o"/><SP WIDTH="13" VPOS="1488" HPOS="584"/>
							<String ID="string_353" HPOS="597" VPOS="1488" WIDTH="28" HEIGHT="18" WC="0.96" CONTENT="17."/>
						</TextLine>
					</TextBlock>
				</ComposedBlock>
			</PrintSpace>
		</Page>
	</Layout>
</alto>
