<?xml version="1.0" encoding="UTF-8"?>
<alto xmlns="http://www.loc.gov/standards/alto/ns-v3#" xmlns:xlink="http://www.w3.org/1999/xlink" xmlns:xsi="http://www.w3.org/2001/XMLSchema-instance" xsi:schemaLocation="http://www.loc.gov/standards/alto/ns-v3# http://www.loc.gov/alto/v3/alto-3-0.xsd">
	<Description>
		<MeasurementUnit>pixel</MeasurementUnit>
		<sourceImageInformation>
			<fileName>/tmp/tess_h_oy3dgr_input.PNG</fileName>
		</sourceImageInformation>
		<OCRProcessing ID="OCR_0">
			<ocrProcessingStep>
				<processingSoftware>
					<softwareName>tesseract 5.3.4</softwareName>
				</processingSoftware>
			</ocrProcessingStep>
		</OCRProcessing>
	</Description>
	<Layout>
		<Page WIDTH="1042" HEIGHT="1706" PHYSICAL_IMG_NR="0" ID="page_0">
			<PrintSpace HPOS="0" VPOS="0" WIDTH="1042" HEIGHT="1706">
				<ComposedBlock ID="cblock_0" HPOS="242" VPOS="145" WIDTH="524" HEIGHT="23">
					<TextBlock ID="block_0" HPOS="242" VPOS="145" WIDTH="524" HEIGHT="23">
						<TextLine ID="line_0" HPOS="242" VPOS="145" WIDTH="524" HEIGHT="23">
							<String ID="string_0" HPOS="242" VPOS="150" WIDTH="23" HEIGHT="18" WC="0.96" CONTENT="26"/><SP WIDTH="162" VPOS="150" HPOS="265"/>
							<String ID="string_1" HPOS="427" VPOS="146" WIDTH="244" HEIGHT="20" WC="0.90" CONTENT="Petitionsbetänkande"/><SP WIDTH="11" VPOS="146" HPOS="671"/>
							<String ID="string_2" HPOS="682" VPOS="145" WIDTH="37" HEIGHT="19" WC="0.95" CONTENT="N:o"/><SP WIDTH="12" VPOS="145" HPOS="719"/>
							<String ID="string_3" HPOS="731" VPOS="145" WIDTH="35" HEIGHT="19" WC="0.96" CONTENT="20."/>
						</TextLine>
					</TextBlock>
				</ComposedBlock>
				<ComposedBlock ID="cblock_1" HPOS="219" VPOS="202" WIDTH="760" HEIGHT="1283">
					<TextBlock ID="block_1" HPOS="219" VPOS="202" WIDTH="756" HEIGHT="199">
						<TextLine ID="line_1" HPOS="219" VPOS="202" WIDTH="754" HEIGHT="27">
							<String ID="string_4" HPOS="219" VPOS="207" WIDTH="45" HEIGHT="22" WC="0.96" CONTENT="ning"/><SP WIDTH="17" VPOS="207" HPOS="264"/>
							<String ID="string_5" HPOS="281" VPOS="206" WIDTH="73" HEIGHT="22" WC="0.96" CONTENT="antaga,"/><SP WIDTH="17" VPOS="206" HPOS="354"/>
							<String ID="string_6" HPOS="371" VPOS="205" WIDTH="48" HEIGHT="18" WC="0.96" CONTENT="inom"/><SP WIDTH="14" VPOS="205" HPOS="419"/>
							<String ID="string_7" HPOS="433" VPOS="203" WIDTH="113" HEIGHT="19" WC="0.96" CONTENT="vidsträckta"/><SP WIDTH="15" VPOS="203" HPOS="546"/>
							<String ID="string_8" HPOS="561" VPOS="203" WIDTH="71" HEIGHT="18" WC="0.96" CONTENT="kretsar"/><SP WIDTH="15" VPOS="203" HPOS="632"/>
							<String ID="string_9" HPOS="647" VPOS="203" WIDTH="20" HEIGHT="18" WC="0.96" CONTENT="af"/><SP WIDTH="12" VPOS="203" HPOS="667"/>
							<String ID="string_10" HPOS="679" VPOS="202" WIDTH="41" HEIGHT="18" WC="0.96" CONTENT="vårt"/><SP WIDTH="14" VPOS="202" HPOS="720"/>
							<String ID="string_11" HPOS="734" VPOS="202" WIDTH="39" HEIGHT="18" WC="0.96" CONTENT="folk"/><SP WIDTH="12" VPOS="202" HPOS="773"/>
							<String ID="string_12" HPOS="785" VPOS="202" WIDTH="33" HEIGHT="18" WC="0.93" CONTENT="och"/><SP WIDTH="11" VPOS="202" HPOS="818"/>
							<String ID="string_13" HPOS="829" VPOS="202" WIDTH="84" HEIGHT="18" WC="0.91" CONTENT="serskildt"/><SP WIDTH="12" VPOS="202" HPOS="913"/>
							<String ID="string_14" HPOS="925" VPOS="202" WIDTH="48" HEIGHT="18" WC="0.96" CONTENT="inom"/>
						</TextLine>
						<TextLine ID="line_2" HPOS="220" VPOS="230" WIDTH="753" HEIGHT="25">
							<String ID="string_15" HPOS="220" VPOS="235" WIDTH="32" HEIGHT="18" WC="0.96" CONTENT="det"/><SP WIDTH="10" VPOS="235" HPOS="252"/>
							<String ID="string_16" HPOS="262" VPOS="234" WIDTH="36" HEIGHT="21" WC="0.96" CONTENT="län,"/><SP WIDTH="12" VPOS="234" HPOS="298"/>
							<String ID="string_17" HPOS="310" VPOS="239" WIDTH="38" HEIGHT="13" WC="0.96" CONTENT="som"/><SP WIDTH="11" VPOS="239" HPOS="348"/>
							<String ID="string_18" HPOS="359" VPOS="233" WIDTH="60" HEIGHT="18" WC="0.96" CONTENT="bildar"/><SP WIDTH="11" VPOS="233" HPOS="419"/>
							<String ID="string_19" HPOS="430" VPOS="232" WIDTH="42" HEIGHT="18" WC="0.96" CONTENT="vårt"/><SP WIDTH="10" VPOS="232" HPOS="472"/>
							<String ID="string_20" HPOS="482" VPOS="232" WIDTH="53" HEIGHT="19" WC="0.96" CONTENT="lands"/><SP WIDTH="12" VPOS="232" HPOS="535"/>
							<String ID="string_21" HPOS="547" VPOS="231" WIDTH="112" HEIGHT="23" WC="0.96" CONTENT="nordligaste"/><SP WIDTH="12" VPOS="231" HPOS="659"/>
							<String ID="string_22" HPOS="671" VPOS="230" WIDTH="34" HEIGHT="21" WC="0.96" CONTENT="del,"/><SP WIDTH="13" VPOS="230" HPOS="705"/>
							<String ID="string_23" HPOS="718" VPOS="231" WIDTH="86" HEIGHT="19" WC="0.96" CONTENT="omfattas"/><SP WIDTH="11" VPOS="231" HPOS="804"/>
							<String ID="string_24" HPOS="815" VPOS="231" WIDTH="41" HEIGHT="18" WC="0.96" CONTENT="med"/><SP WIDTH="11" VPOS="231" HPOS="856"/>
							<String ID="string_25" HPOS="867" VPOS="231" WIDTH="32" HEIGHT="18" WC="0.93" CONTENT="det"/><SP WIDTH="10" VPOS="231" HPOS="899"/>
							<String ID="string_26" HPOS="909" VPOS="230" WIDTH="64" HEIGHT="24" WC="0.91" CONTENT="lifliga-"/>
						</TextLine>
						<TextLine ID="line_3" HPOS="221" VPOS="259" WIDTH="752" HEIGHT="27">
							<String ID="string_27" HPOS="221" VPOS="264" WIDTH="27" HEIGHT="18" WC="0.96" CONTENT="ste"/><SP WIDTH="16" VPOS="264" HPOS="248"/>
							<String ID="string_28" HPOS="264" VPOS="262" WIDTH="112" HEIGHT="24" WC="0.96" CONTENT="deltagande."/><SP WIDTH="23" VPOS="262" HPOS="376"/>
							<String ID="string_29" HPOS="399" VPOS="261" WIDTH="73" HEIGHT="23" WC="0.96" CONTENT="Frågan"/><SP WIDTH="14" VPOS="261" HPOS="472"/>
							<String ID="string_30" HPOS="486" VPOS="260" WIDTH="58" HEIGHT="24" WC="0.92" CONTENT="gäller"/><SP WIDTH="15" VPOS="260" HPOS="544"/>
							<String ID="string_31" HPOS="559" VPOS="260" WIDTH="90" HEIGHT="23" WC="0.92" CONTENT="nemligen"/><SP WIDTH="15" VPOS="260" HPOS="649"/>
							<String ID="string_32" HPOS="664" VPOS="260" WIDTH="112" HEIGHT="18" WC="0.96" CONTENT="inrättandet"/><SP WIDTH="11" VPOS="260" HPOS="776"/>
							<String ID="string_33" HPOS="787" VPOS="259" WIDTH="24" HEIGHT="23" WC="0.96" CONTENT="på"/><SP WIDTH="11" VPOS="259" HPOS="811"/>
							<String ID="string_34" HPOS="822" VPOS="260" WIDTH="68" HEIGHT="18" WC="0.93" CONTENT="statens"/><SP WIDTH="12" VPOS="260" HPOS="890"/>
							<String ID="string_35" HPOS="902" VPOS="260" WIDTH="71" HEIGHT="18" WC="0.92" CONTENT="bekost-"/>
						</TextLine>
						<TextLine ID="line_4" HPOS="220" VPOS="288" WIDTH="754" HEIGHT="26">
							<String ID="string_36" HPOS="220" VPOS="292" WIDTH="37" HEIGHT="18" WC="0.96" CONTENT="nad"/><SP WIDTH="11" VPOS="292" HPOS="257"/>
							<String ID="string_37" HPOS="268" VPOS="292" WIDTH="20" HEIGHT="18" WC="0.96" CONTENT="af"/><SP WIDTH="10" VPOS="292" HPOS="288"/>
							<String ID="string_38" HPOS="298" VPOS="293" WIDTH="28" HEIGHT="17" WC="0.93" CONTENT="ett"/><SP WIDTH="11" VPOS="293" HPOS="326"/>
							<String ID="string_39" HPOS="337" VPOS="291" WIDTH="105" HEIGHT="23" WC="0.91" CONTENT="sjuklassigt"/><SP WIDTH="14" VPOS="291" HPOS="442"/>
							<String ID="string_40" HPOS="456" VPOS="290" WIDTH="69" HEIGHT="23" WC="0.95" CONTENT="lyceum"/><SP WIDTH="11" VPOS="290" HPOS="525"/>
							<String ID="string_41" HPOS="536" VPOS="289" WIDTH="41" HEIGHT="19" WC="0.96" CONTENT="med"/><SP WIDTH="11" VPOS="289" HPOS="577"/>
							<String ID="string_42" HPOS="588" VPOS="289" WIDTH="56" HEIGHT="18" WC="0.93" CONTENT="finskt"/><SP WIDTH="11" VPOS="289" HPOS="644"/>
							<String ID="string_43" HPOS="655" VPOS="288" WIDTH="190" HEIGHT="24" WC="0.91" CONTENT="undervisningsspråk"/><SP WIDTH="11" VPOS="288" HPOS="845"/>
							<String ID="string_44" HPOS="856" VPOS="288" WIDTH="7" HEIGHT="18" WC="0.96" CONTENT="i"/><SP WIDTH="12" VPOS="288" HPOS="863"/>
							<String ID="string_45" HPOS="875" VPOS="288" WIDTH="99" HEIGHT="24" WC="0.96" CONTENT="Uleåborgs"/>
						</TextLine>
						<TextLine ID="line_5" HPOS="222" VPOS="317" WIDTH="753" HEIGHT="24">
							<String ID="string_46" HPOS="222" VPOS="320" WIDTH="46" HEIGHT="18" WC="0.95" CONTENT="stad."/><SP WIDTH="23" VPOS="320" HPOS="268"/>
							<String ID="string_47" HPOS="291" VPOS="320" WIDTH="36" HEIGHT="18" WC="0.95" CONTENT="Till"/><SP WIDTH="17" VPOS="320" HPOS="327"/>
							<String ID="string_48" HPOS="344" VPOS="321" WIDTH="81" HEIGHT="16" WC="0.95" CONTENT="närmare"/><SP WIDTH="17" VPOS="321" HPOS="425"/>
							<String ID="string_49" HPOS="442" VPOS="318" WIDTH="98" HEIGHT="23" WC="0.95" CONTENT="belysande"/><SP WIDTH="15" VPOS="318" HPOS="540"/>
							<String ID="string_50" HPOS="555" VPOS="318" WIDTH="20" HEIGHT="18" WC="0.96" CONTENT="af"/><SP WIDTH="13" VPOS="318" HPOS="575"/>
							<String ID="string_51" HPOS="588" VPOS="318" WIDTH="59" HEIGHT="18" WC="0.96" CONTENT="denna"/><SP WIDTH="17" VPOS="318" HPOS="647"/>
							<String ID="string_52" HPOS="664" VPOS="317" WIDTH="51" HEIGHT="23" WC="0.92" CONTENT="fråga"/><SP WIDTH="17" VPOS="317" HPOS="715"/>
							<String ID="string_53" HPOS="732" VPOS="317" WIDTH="76" HEIGHT="18" WC="0.90" CONTENT="utbeder"/><SP WIDTH="12" VPOS="317" HPOS="808"/>
							<String ID="string_54" HPOS="820" VPOS="318" WIDTH="32" HEIGHT="23" WC="0.96" CONTENT="jag"/><SP WIDTH="13" VPOS="318" HPOS="852"/>
							<String ID="string_55" HPOS="865" VPOS="318" WIDTH="38" HEIGHT="22" WC="0.96" CONTENT="mig"/><SP WIDTH="14" VPOS="318" HPOS="903"/>
							<String ID="string_56" HPOS="917" VPOS="318" WIDTH="28" HEIGHT="17" WC="0.96" CONTENT="att"/><SP WIDTH="11" VPOS="318" HPOS="945"/>
							<String ID="string_57" HPOS="956" VPOS="317" WIDTH="19" HEIGHT="18" WC="0.96" CONTENT="få"/>
						</TextLine>
						<TextLine ID="line_6" HPOS="222" VPOS="346" WIDTH="753" HEIGHT="24">
							<String ID="string_58" HPOS="222" VPOS="349" WIDTH="48" HEIGHT="18" WC="0.95" CONTENT="fästa"/><SP WIDTH="11" VPOS="349" HPOS="270"/>
							<String ID="string_59" HPOS="281" VPOS="348" WIDTH="31" HEIGHT="19" WC="0.93" CONTENT="det"/><SP WIDTH="11" VPOS="348" HPOS="312"/>
							<String ID="string_60" HPOS="323" VPOS="348" WIDTH="97" HEIGHT="22" WC="0.91" CONTENT="höglofliga"/><SP WIDTH="12" VPOS="348" HPOS="420"/>
							<String ID="string_61" HPOS="432" VPOS="346" WIDTH="82" HEIGHT="19" WC="0.93" CONTENT="ståndets"/><SP WIDTH="11" VPOS="346" HPOS="514"/>
							<String ID="string_62" HPOS="525" VPOS="346" WIDTH="160" HEIGHT="24" WC="0.96" CONTENT="uppmärksamhet"/><SP WIDTH="10" VPOS="346" HPOS="685"/>
							<String ID="string_63" HPOS="695" VPOS="346" WIDTH="31" HEIGHT="17" WC="0.96" CONTENT="vid"/><SP WIDTH="11" VPOS="346" HPOS="726"/>
							<String ID="string_64" HPOS="737" VPOS="346" WIDTH="57" HEIGHT="22" WC="0.96" CONTENT="några"/><SP WIDTH="12" VPOS="346" HPOS="794"/>
							<String ID="string_65" HPOS="806" VPOS="346" WIDTH="71" HEIGHT="18" WC="0.93" CONTENT="dermed"/><SP WIDTH="11" VPOS="346" HPOS="877"/>
							<String ID="string_66" HPOS="888" VPOS="351" WIDTH="87" HEIGHT="13" WC="0.92" CONTENT="samman-"/>
						</TextLine>
						<TextLine ID="line_7" HPOS="222" VPOS="376" WIDTH="264" HEIGHT="25">
							<String ID="string_67" HPOS="222" VPOS="377" WIDTH="95" HEIGHT="24" WC="0.96" CONTENT="hängande"/><SP WIDTH="12" VPOS="377" HPOS="317"/>
							<String ID="string_68" HPOS="329" VPOS="376" WIDTH="157" HEIGHT="23" WC="0.96" CONTENT="omständigheter."/>
						</TextLine>
					</TextBlock>
					<TextBlock ID="block_2" HPOS="222" VPOS="402" WIDTH="757" HEIGHT="623">
						<TextLine ID="line_8" HPOS="291" VPOS="402" WIDTH="684" HEIGHT="24">
							<String ID="string_69" HPOS="291" VPOS="405" WIDTH="59" HEIGHT="18" WC="0.96" CONTENT="Sedan"/><SP WIDTH="14" VPOS="405" HPOS="350"/>
							<String ID="string_70" HPOS="364" VPOS="404" WIDTH="56" HEIGHT="18" WC="0.96" CONTENT="under"/><SP WIDTH="14" VPOS="404" HPOS="420"/>
							<String ID="string_71" HPOS="434" VPOS="404" WIDTH="28" HEIGHT="17" WC="0.95" CONTENT="ett"/><SP WIDTH="14" VPOS="404" HPOS="462"/>
							<String ID="string_72" HPOS="476" VPOS="403" WIDTH="51" HEIGHT="18" WC="0.96" CONTENT="antal"/><SP WIDTH="18" VPOS="403" HPOS="527"/>
							<String ID="string_73" HPOS="545" VPOS="402" WIDTH="20" HEIGHT="19" WC="0.96" CONTENT="år"/><SP WIDTH="15" VPOS="402" HPOS="565"/>
							<String ID="string_74" HPOS="580" VPOS="402" WIDTH="150" HEIGHT="24" WC="0.96" CONTENT="undervisningen"/><SP WIDTH="11" VPOS="402" HPOS="730"/>
							<String ID="string_75" HPOS="741" VPOS="403" WIDTH="8" HEIGHT="17" WC="0.96" CONTENT="i"/><SP WIDTH="11" VPOS="403" HPOS="749"/>
							<String ID="string_76" HPOS="760" VPOS="402" WIDTH="100" HEIGHT="24" WC="0.92" CONTENT="Uleåborgs"/><SP WIDTH="12" VPOS="402" HPOS="860"/>
							<String ID="string_77" HPOS="872" VPOS="403" WIDTH="103" HEIGHT="18" WC="0.92" CONTENT="elementar-"/>
						</TextLine>
						<TextLine ID="line_9" HPOS="222" VPOS="431" WIDTH="753" HEIGHT="25">
							<String ID="string_78" HPOS="222" VPOS="434" WIDTH="82" HEIGHT="19" WC="0.93" CONTENT="läroverk"/><SP WIDTH="14" VPOS="434" HPOS="304"/>
							<String ID="string_79" HPOS="318" VPOS="432" WIDTH="98" HEIGHT="19" WC="0.90" CONTENT="handhafts"/><SP WIDTH="14" VPOS="432" HPOS="416"/>
							<String ID="string_80" HPOS="430" VPOS="432" WIDTH="38" HEIGHT="19" WC="0.96" CONTENT="dels"/><SP WIDTH="16" VPOS="432" HPOS="468"/>
							<String ID="string_81" HPOS="484" VPOS="432" WIDTH="24" HEIGHT="23" WC="0.96" CONTENT="på"/><SP WIDTH="15" VPOS="432" HPOS="508"/>
							<String ID="string_82" HPOS="523" VPOS="432" WIDTH="77" HEIGHT="18" WC="0.96" CONTENT="svenska"/><SP WIDTH="12" VPOS="432" HPOS="600"/>
							<String ID="string_83" HPOS="612" VPOS="432" WIDTH="33" HEIGHT="17" WC="0.96" CONTENT="och"/><SP WIDTH="12" VPOS="432" HPOS="645"/>
							<String ID="string_84" HPOS="657" VPOS="431" WIDTH="38" HEIGHT="18" WC="0.96" CONTENT="dels"/><SP WIDTH="12" VPOS="431" HPOS="695"/>
							<String ID="string_85" HPOS="707" VPOS="431" WIDTH="24" HEIGHT="23" WC="0.96" CONTENT="på"/><SP WIDTH="11" VPOS="431" HPOS="731"/>
							<String ID="string_86" HPOS="742" VPOS="432" WIDTH="63" HEIGHT="20" WC="0.96" CONTENT="finska,"/><SP WIDTH="12" VPOS="432" HPOS="805"/>
							<String ID="string_87" HPOS="817" VPOS="431" WIDTH="107" HEIGHT="19" WC="0.93" CONTENT="förordnade"/><SP WIDTH="11" VPOS="431" HPOS="924"/>
							<String ID="string_88" HPOS="935" VPOS="432" WIDTH="40" HEIGHT="24" WC="0.92" CONTENT="Kej-"/>
						</TextLine>
						<TextLine ID="line_10" HPOS="223" VPOS="460" WIDTH="752" HEIGHT="26">
							<String ID="string_89" HPOS="223" VPOS="463" WIDTH="66" HEIGHT="23" WC="0.91" CONTENT="serliga"/><SP WIDTH="15" VPOS="463" HPOS="289"/>
							<String ID="string_90" HPOS="304" VPOS="462" WIDTH="78" HEIGHT="18" WC="0.96" CONTENT="Senaten"/><SP WIDTH="14" VPOS="462" HPOS="382"/>
							<String ID="string_91" HPOS="396" VPOS="462" WIDTH="6" HEIGHT="17" WC="0.96" CONTENT="i"/><SP WIDTH="16" VPOS="462" HPOS="402"/>
							<String ID="string_92" HPOS="418" VPOS="461" WIDTH="92" HEIGHT="18" WC="0.95" CONTENT="skrifvelse"/><SP WIDTH="15" VPOS="461" HPOS="510"/>
							<String ID="string_93" HPOS="525" VPOS="461" WIDTH="30" HEIGHT="18" WC="0.93" CONTENT="till"/><SP WIDTH="16" VPOS="461" HPOS="555"/>
							<String ID="string_94" HPOS="571" VPOS="460" WIDTH="177" HEIGHT="23" WC="0.92" CONTENT="skolöfverstyrelsen"/><SP WIDTH="15" VPOS="460" HPOS="748"/>
							<String ID="string_95" HPOS="763" VPOS="461" WIDTH="20" HEIGHT="18" WC="0.96" CONTENT="af"/><SP WIDTH="13" VPOS="461" HPOS="783"/>
							<String ID="string_96" HPOS="796" VPOS="460" WIDTH="34" HEIGHT="18" WC="0.96" CONTENT="den"/><SP WIDTH="11" VPOS="460" HPOS="830"/>
							<String ID="string_97" HPOS="841" VPOS="462" WIDTH="22" HEIGHT="17" WC="0.96" CONTENT="21"/><SP WIDTH="13" VPOS="462" HPOS="863"/>
							<String ID="string_98" HPOS="876" VPOS="460" WIDTH="99" HEIGHT="19" WC="0.96" CONTENT="November"/>
						</TextLine>
						<TextLine ID="line_11" HPOS="223" VPOS="489" WIDTH="755" HEIGHT="24">
							<String ID="string_99" HPOS="223" VPOS="493" WIDTH="51" HEIGHT="20" WC="0.96" CONTENT="1873,"/><SP WIDTH="13" VPOS="493" HPOS="274"/>
							<String ID="string_100" HPOS="287" VPOS="492" WIDTH="28" HEIGHT="17" WC="0.96" CONTENT="att"/><SP WIDTH="10" VPOS="492" HPOS="315"/>
							<String ID="string_101" HPOS="325" VPOS="490" WIDTH="101" HEIGHT="19" WC="0.96" CONTENT="läroverket"/><SP WIDTH="15" VPOS="490" HPOS="426"/>
							<String ID="string_102" HPOS="441" VPOS="489" WIDTH="58" HEIGHT="18" WC="0.96" CONTENT="skulle"/><SP WIDTH="11" VPOS="489" HPOS="499"/>
							<String ID="string_103" HPOS="510" VPOS="489" WIDTH="103" HEIGHT="18" WC="0.95" CONTENT="förvandlas"/><SP WIDTH="12" VPOS="489" HPOS="613"/>
							<String ID="string_104" HPOS="625" VPOS="489" WIDTH="30" HEIGHT="17" WC="0.96" CONTENT="till"/><SP WIDTH="12" VPOS="489" HPOS="655"/>
							<String ID="string_105" HPOS="667" VPOS="489" WIDTH="78" HEIGHT="18" WC="0.96" CONTENT="svenskt."/><SP WIDTH="17" VPOS="489" HPOS="745"/>
							<String ID="string_106" HPOS="762" VPOS="489" WIDTH="43" HEIGHT="18" WC="0.96" CONTENT="Med"/><SP WIDTH="11" VPOS="489" HPOS="805"/>
							<String ID="string_107" HPOS="816" VPOS="489" WIDTH="97" HEIGHT="22" WC="0.96" CONTENT="anledning"/><SP WIDTH="12" VPOS="489" HPOS="913"/>
							<String ID="string_108" HPOS="925" VPOS="489" WIDTH="53" HEIGHT="18" WC="0.96" CONTENT="häraf"/>
						</TextLine>
						<TextLine ID="line_12" HPOS="223" VPOS="517" WIDTH="753" HEIGHT="24">
							<String ID="string_109" HPOS="223" VPOS="520" WIDTH="70" HEIGHT="18" WC="0.91" CONTENT="beslöto"/><SP WIDTH="15" VPOS="520" HPOS="293"/>
							<String ID="string_110" HPOS="308" VPOS="520" WIDTH="28" HEIGHT="17" WC="0.96" CONTENT="ett"/><SP WIDTH="14" VPOS="520" HPOS="336"/>
							<String ID="string_111" HPOS="350" VPOS="519" WIDTH="50" HEIGHT="18" WC="0.96" CONTENT="antal"/><SP WIDTH="15" VPOS="519" HPOS="400"/>
							<String ID="string_112" HPOS="415" VPOS="517" WIDTH="80" HEIGHT="19" WC="0.96" CONTENT="enskilde"/><SP WIDTH="15" VPOS="517" HPOS="495"/>
							<String ID="string_113" HPOS="510" VPOS="522" WIDTH="85" HEIGHT="19" WC="0.96" CONTENT="personer"/><SP WIDTH="15" VPOS="522" HPOS="595"/>
							<String ID="string_114" HPOS="610" VPOS="517" WIDTH="24" HEIGHT="23" WC="0.91" CONTENT="på"/><SP WIDTH="14" VPOS="517" HPOS="634"/>
							<String ID="string_115" HPOS="648" VPOS="517" WIDTH="55" HEIGHT="23" WC="0.91" CONTENT="sagde"/><SP WIDTH="12" VPOS="517" HPOS="703"/>
							<String ID="string_116" HPOS="715" VPOS="518" WIDTH="33" HEIGHT="20" WC="0.93" CONTENT="ort,"/><SP WIDTH="12" VPOS="518" HPOS="748"/>
							<String ID="string_117" HPOS="760" VPOS="517" WIDTH="67" HEIGHT="18" WC="0.91" CONTENT="lifvade"/><SP WIDTH="12" VPOS="517" HPOS="827"/>
							<String ID="string_118" HPOS="839" VPOS="517" WIDTH="20" HEIGHT="18" WC="0.96" CONTENT="af"/><SP WIDTH="10" VPOS="517" HPOS="859"/>
							<String ID="string_119" HPOS="869" VPOS="517" WIDTH="67" HEIGHT="18" WC="0.96" CONTENT="önskan"/><SP WIDTH="12" VPOS="517" HPOS="936"/>
							<String ID="string_120" HPOS="948" VPOS="518" WIDTH="28" HEIGHT="18" WC="0.96" CONTENT="att"/>
						</TextLine>
						<TextLine ID="line_13" HPOS="223" VPOS="545" WIDTH="754" HEIGHT="26">
							<String ID="string_121" HPOS="223" VPOS="548" WIDTH="67" HEIGHT="19" WC="0.93" CONTENT="bereda"/><SP WIDTH="11" VPOS="548" HPOS="290"/>
							<String ID="string_122" HPOS="301" VPOS="547" WIDTH="67" HEIGHT="24" WC="0.92" CONTENT="jemväl"/><SP WIDTH="13" VPOS="547" HPOS="368"/>
							<String ID="string_123" HPOS="381" VPOS="547" WIDTH="60" HEIGHT="18" WC="0.96" CONTENT="länets"/><SP WIDTH="14" VPOS="547" HPOS="441"/>
							<String ID="string_124" HPOS="455" VPOS="546" WIDTH="58" HEIGHT="18" WC="0.96" CONTENT="finska"/><SP WIDTH="12" VPOS="546" HPOS="513"/>
							<String ID="string_125" HPOS="525" VPOS="545" WIDTH="73" HEIGHT="19" WC="0.96" CONTENT="talande"/><SP WIDTH="11" VPOS="545" HPOS="598"/>
							<String ID="string_126" HPOS="609" VPOS="545" WIDTH="106" HEIGHT="24" WC="0.96" CONTENT="befolkning"/><SP WIDTH="11" VPOS="545" HPOS="715"/>
							<String ID="string_127" HPOS="726" VPOS="546" WIDTH="74" HEIGHT="18" WC="0.96" CONTENT="tillfälle"/><SP WIDTH="11" VPOS="546" HPOS="800"/>
							<String ID="string_128" HPOS="811" VPOS="546" WIDTH="30" HEIGHT="18" WC="0.93" CONTENT="till"/><SP WIDTH="11" VPOS="546" HPOS="841"/>
							<String ID="string_129" HPOS="852" VPOS="546" WIDTH="125" HEIGHT="19" WC="0.91" CONTENT="förvärfvande"/>
						</TextLine>
						<TextLine ID="line_14" HPOS="224" VPOS="574" WIDTH="753" HEIGHT="25">
							<String ID="string_130" HPOS="224" VPOS="577" WIDTH="20" HEIGHT="18" WC="0.96" CONTENT="af"/><SP WIDTH="10" VPOS="577" HPOS="244"/>
							<String ID="string_131" HPOS="254" VPOS="583" WIDTH="22" HEIGHT="12" WC="0.96" CONTENT="en"/><SP WIDTH="11" VPOS="583" HPOS="276"/>
							<String ID="string_132" HPOS="287" VPOS="576" WIDTH="55" HEIGHT="23" WC="0.96" CONTENT="högre"/><SP WIDTH="14" VPOS="576" HPOS="342"/>
							<String ID="string_133" HPOS="356" VPOS="575" WIDTH="89" HEIGHT="23" WC="0.96" CONTENT="bildning,"/><SP WIDTH="16" VPOS="575" HPOS="445"/>
							<String ID="string_134" HPOS="461" VPOS="575" WIDTH="29" HEIGHT="17" WC="0.90" CONTENT="att"/><SP WIDTH="11" VPOS="575" HPOS="490"/>
							<String ID="string_135" HPOS="501" VPOS="575" WIDTH="68" HEIGHT="17" WC="0.96" CONTENT="inrätta"/><SP WIDTH="12" VPOS="575" HPOS="569"/>
							<String ID="string_136" HPOS="581" VPOS="575" WIDTH="28" HEIGHT="17" WC="0.96" CONTENT="ett"/><SP WIDTH="10" VPOS="575" HPOS="609"/>
							<String ID="string_137" HPOS="619" VPOS="574" WIDTH="117" HEIGHT="23" WC="0.78" CONTENT="fullständigt"/><SP WIDTH="11" VPOS="574" HPOS="736"/>
							<String ID="string_138" HPOS="747" VPOS="575" WIDTH="68" HEIGHT="22" WC="0.95" CONTENT="lyceum"/><SP WIDTH="12" VPOS="575" HPOS="815"/>
							<String ID="string_139" HPOS="827" VPOS="575" WIDTH="41" HEIGHT="18" WC="0.95" CONTENT="med"/><SP WIDTH="11" VPOS="575" HPOS="868"/>
							<String ID="string_140" HPOS="879" VPOS="575" WIDTH="55" HEIGHT="18" WC="0.93" CONTENT="finskt"/><SP WIDTH="12" VPOS="575" HPOS="934"/>
							<String ID="string_141" HPOS="946" VPOS="581" WIDTH="31" HEIGHT="12" WC="0.92" CONTENT="un-"/>
						</TextLine>
						<TextLine ID="line_15" HPOS="224" VPOS="603" WIDTH="753" HEIGHT="25">
							<String ID="string_142" HPOS="224" VPOS="604" WIDTH="166" HEIGHT="24" WC="0.92" CONTENT="dervisningsspråk"/><SP WIDTH="14" VPOS="604" HPOS="390"/>
							<String ID="string_143" HPOS="404" VPOS="604" WIDTH="47" HEIGHT="18" WC="0.96" CONTENT="samt"/><SP WIDTH="14" VPOS="604" HPOS="451"/>
							<String ID="string_144" HPOS="465" VPOS="604" WIDTH="29" HEIGHT="17" WC="0.96" CONTENT="att"/><SP WIDTH="12" VPOS="604" HPOS="494"/>
							<String ID="string_145" HPOS="506" VPOS="603" WIDTH="28" HEIGHT="18" WC="0.93" CONTENT="för"/><SP WIDTH="17" VPOS="603" HPOS="534"/>
							<String ID="string_146" HPOS="551" VPOS="603" WIDTH="142" HEIGHT="18" WC="0.88" CONTENT="säkerställande"/><SP WIDTH="15" VPOS="603" HPOS="693"/>
							<String ID="string_147" HPOS="708" VPOS="603" WIDTH="20" HEIGHT="18" WC="0.96" CONTENT="af"/><SP WIDTH="13" VPOS="603" HPOS="728"/>
							<String ID="string_148" HPOS="741" VPOS="603" WIDTH="40" HEIGHT="18" WC="0.96" CONTENT="dess"/><SP WIDTH="15" VPOS="603" HPOS="781"/>
							<String ID="string_149" HPOS="796" VPOS="603" WIDTH="73" HEIGHT="19" WC="0.96" CONTENT="tillvaro"/><SP WIDTH="14" VPOS="603" HPOS="869"/>
							<String ID="string_150" HPOS="883" VPOS="603" WIDTH="53" HEIGHT="24" WC="0.96" CONTENT="vädja"/><SP WIDTH="11" VPOS="603" HPOS="936"/>
							<String ID="string_151" HPOS="947" VPOS="604" WIDTH="30" HEIGHT="18" WC="0.96" CONTENT="till"/>
						</TextLine>
						<TextLine ID="line_16" HPOS="225" VPOS="631" WIDTH="752" HEIGHT="26">
							<String ID="string_152" HPOS="225" VPOS="635" WIDTH="34" HEIGHT="18" WC="0.96" CONTENT="den"/><SP WIDTH="11" VPOS="635" HPOS="259"/>
							<String ID="string_153" HPOS="270" VPOS="634" WIDTH="72" HEIGHT="23" WC="0.93" CONTENT="privata"/><SP WIDTH="14" VPOS="634" HPOS="342"/>
							<String ID="string_154" HPOS="356" VPOS="632" WIDTH="155" HEIGHT="23" WC="0.90" CONTENT="offervilligheten."/><SP WIDTH="24" VPOS="632" HPOS="511"/>
							<String ID="string_155" HPOS="535" VPOS="631" WIDTH="151" HEIGHT="24" WC="0.96" CONTENT="Förhoppningen"/><SP WIDTH="15" VPOS="631" HPOS="686"/>
							<String ID="string_156" HPOS="701" VPOS="637" WIDTH="28" HEIGHT="13" WC="0.96" CONTENT="om"/><SP WIDTH="15" VPOS="637" HPOS="729"/>
							<String ID="string_157" HPOS="744" VPOS="632" WIDTH="58" HEIGHT="19" WC="0.93" CONTENT="denna"/><SP WIDTH="12" VPOS="632" HPOS="802"/>
							<String ID="string_158" HPOS="814" VPOS="633" WIDTH="127" HEIGHT="23" WC="0.91" CONTENT="offervillighet"/><SP WIDTH="10" VPOS="633" HPOS="941"/>
							<String ID="string_159" HPOS="951" VPOS="633" WIDTH="26" HEIGHT="18" WC="0.91" CONTENT="vi-"/>
						</TextLine>
						<TextLine ID="line_17" HPOS="226" VPOS="659" WIDTH="751" HEIGHT="27">
							<String ID="string_160" HPOS="226" VPOS="663" WIDTH="42" HEIGHT="18" WC="0.96" CONTENT="sade"/><SP WIDTH="12" VPOS="663" HPOS="268"/>
							<String ID="string_161" HPOS="280" VPOS="663" WIDTH="28" HEIGHT="23" WC="0.96" CONTENT="sig"/><SP WIDTH="14" VPOS="663" HPOS="308"/>
							<String ID="string_162" HPOS="322" VPOS="662" WIDTH="52" HEIGHT="17" WC="0.96" CONTENT="äfven"/><SP WIDTH="14" VPOS="662" HPOS="374"/>
							<String ID="string_163" HPOS="388" VPOS="661" WIDTH="83" HEIGHT="23" WC="0.96" CONTENT="grundad"/><SP WIDTH="14" VPOS="661" HPOS="471"/>
							<String ID="string_164" HPOS="485" VPOS="660" WIDTH="7" HEIGHT="18" WC="0.95" CONTENT="i"/><SP WIDTH="12" VPOS="660" HPOS="492"/>
							<String ID="string_165" HPOS="504" VPOS="660" WIDTH="20" HEIGHT="18" WC="0.95" CONTENT="så"/><SP WIDTH="14" VPOS="660" HPOS="524"/>
							<String ID="string_166" HPOS="538" VPOS="659" WIDTH="63" HEIGHT="22" WC="0.96" CONTENT="måtto,"/><SP WIDTH="16" VPOS="659" HPOS="601"/>
							<String ID="string_167" HPOS="617" VPOS="660" WIDTH="28" HEIGHT="18" WC="0.96" CONTENT="att"/><SP WIDTH="15" VPOS="660" HPOS="645"/>
							<String ID="string_168" HPOS="660" VPOS="660" WIDTH="69" HEIGHT="21" WC="0.96" CONTENT="skolan,"/><SP WIDTH="15" VPOS="660" HPOS="729"/>
							<String ID="string_169" HPOS="744" VPOS="660" WIDTH="45" HEIGHT="19" WC="0.96" CONTENT="efter"/><SP WIDTH="14" VPOS="660" HPOS="789"/>
							<String ID="string_170" HPOS="803" VPOS="662" WIDTH="68" HEIGHT="17" WC="0.93" CONTENT="vunnet"/><SP WIDTH="10" VPOS="662" HPOS="871"/>
							<String ID="string_171" HPOS="881" VPOS="661" WIDTH="96" HEIGHT="23" WC="0.91" CONTENT="högveder-"/>
						</TextLine>
						<TextLine ID="line_18" HPOS="225" VPOS="688" WIDTH="752" HEIGHT="26">
							<String ID="string_172" HPOS="225" VPOS="691" WIDTH="68" HEIGHT="23" WC="0.92" CONTENT="börligt"/><SP WIDTH="17" VPOS="691" HPOS="293"/>
							<String ID="string_173" HPOS="310" VPOS="689" WIDTH="89" HEIGHT="21" WC="0.94" CONTENT="tillstånd,"/><SP WIDTH="18" VPOS="689" HPOS="399"/>
							<String ID="string_174" HPOS="417" VPOS="689" WIDTH="60" HEIGHT="18" WC="0.96" CONTENT="kunde"/><SP WIDTH="18" VPOS="689" HPOS="477"/>
							<String ID="string_175" HPOS="495" VPOS="690" WIDTH="60" HEIGHT="22" WC="0.95" CONTENT="öppna"/><SP WIDTH="18" VPOS="690" HPOS="555"/>
							<String ID="string_176" HPOS="573" VPOS="688" WIDTH="28" HEIGHT="18" WC="0.96" CONTENT="sin"/><SP WIDTH="18" VPOS="688" HPOS="601"/>
							<String ID="string_177" HPOS="619" VPOS="688" WIDTH="112" HEIGHT="19" WC="0.96" CONTENT="verksamhet"/><SP WIDTH="18" VPOS="688" HPOS="731"/>
							<String ID="string_178" HPOS="749" VPOS="694" WIDTH="27" HEIGHT="13" WC="0.95" CONTENT="om"/><SP WIDTH="18" VPOS="694" HPOS="776"/>
							<String ID="string_179" HPOS="794" VPOS="690" WIDTH="63" HEIGHT="18" WC="0.94" CONTENT="hösten"/><SP WIDTH="12" VPOS="690" HPOS="857"/>
							<String ID="string_180" HPOS="869" VPOS="691" WIDTH="52" HEIGHT="18" WC="0.81" CONTENT="1874"/><SP WIDTH="16" VPOS="691" HPOS="921"/>
							<String ID="string_181" HPOS="937" VPOS="690" WIDTH="40" HEIGHT="19" WC="0.96" CONTENT="med"/>
						</TextLine>
						<TextLine ID="line_19" HPOS="224" VPOS="717" WIDTH="754" HEIGHT="24">
							<String ID="string_182" HPOS="224" VPOS="721" WIDTH="65" HEIGHT="16" WC="0.96" CONTENT="tvenne"/><SP WIDTH="11" VPOS="721" HPOS="289"/>
							<String ID="string_183" HPOS="300" VPOS="719" WIDTH="69" HEIGHT="18" WC="0.96" CONTENT="klasser"/><SP WIDTH="15" VPOS="719" HPOS="369"/>
							<String ID="string_184" HPOS="384" VPOS="718" WIDTH="33" HEIGHT="18" WC="0.96" CONTENT="och"/><SP WIDTH="15" VPOS="718" HPOS="417"/>
							<String ID="string_185" HPOS="432" VPOS="719" WIDTH="23" HEIGHT="18" WC="0.95" CONTENT="33"/><SP WIDTH="14" VPOS="719" HPOS="455"/>
							<String ID="string_186" HPOS="469" VPOS="717" WIDTH="62" HEIGHT="19" WC="0.90" CONTENT="elever."/><SP WIDTH="24" VPOS="717" HPOS="531"/>
							<String ID="string_187" HPOS="555" VPOS="717" WIDTH="87" HEIGHT="23" WC="0.96" CONTENT="Följande"/><SP WIDTH="15" VPOS="717" HPOS="642"/>
							<String ID="string_188" HPOS="657" VPOS="717" WIDTH="19" HEIGHT="18" WC="0.93" CONTENT="år"/><SP WIDTH="15" VPOS="717" HPOS="676"/>
							<String ID="string_189" HPOS="691" VPOS="717" WIDTH="73" HEIGHT="18" WC="0.91" CONTENT="tillades"/><SP WIDTH="15" VPOS="717" HPOS="764"/>
							<String ID="string_190" HPOS="779" VPOS="723" WIDTH="21" HEIGHT="13" WC="0.96" CONTENT="en"/><SP WIDTH="15" VPOS="723" HPOS="800"/>
							<String ID="string_191" HPOS="815" VPOS="719" WIDTH="56" HEIGHT="22" WC="0.96" CONTENT="tredje"/><SP WIDTH="12" VPOS="719" HPOS="871"/>
							<String ID="string_192" HPOS="883" VPOS="719" WIDTH="49" HEIGHT="18" WC="0.96" CONTENT="klass"/><SP WIDTH="13" VPOS="719" HPOS="932"/>
							<String ID="string_193" HPOS="945" VPOS="720" WIDTH="33" HEIGHT="17" WC="0.96" CONTENT="och"/>
						</TextLine>
						<TextLine ID="line_20" HPOS="226" VPOS="746" WIDTH="752" HEIGHT="25">
							<String ID="string_194" HPOS="226" VPOS="749" WIDTH="39" HEIGHT="22" WC="0.96" CONTENT="steg"/><SP WIDTH="12" VPOS="749" HPOS="265"/>
							<String ID="string_195" HPOS="277" VPOS="747" WIDTH="108" HEIGHT="19" WC="0.96" CONTENT="elevantalet"/><SP WIDTH="13" VPOS="747" HPOS="385"/>
							<String ID="string_196" HPOS="398" VPOS="746" WIDTH="31" HEIGHT="17" WC="0.95" CONTENT="till"/><SP WIDTH="15" VPOS="746" HPOS="429"/>
							<String ID="string_197" HPOS="444" VPOS="747" WIDTH="30" HEIGHT="20" WC="0.96" CONTENT="58;"/><SP WIDTH="13" VPOS="747" HPOS="474"/>
							<String ID="string_198" HPOS="487" VPOS="751" WIDTH="25" HEIGHT="12" WC="0.95" CONTENT="nu"/><SP WIDTH="12" VPOS="751" HPOS="512"/>
							<String ID="string_199" HPOS="524" VPOS="746" WIDTH="56" HEIGHT="18" WC="0.96" CONTENT="under"/><SP WIDTH="12" VPOS="746" HPOS="580"/>
							<String ID="string_200" HPOS="592" VPOS="746" WIDTH="119" HEIGHT="18" WC="0.93" CONTENT="innevarande"/><SP WIDTH="11" VPOS="746" HPOS="711"/>
							<String ID="string_201" HPOS="722" VPOS="747" WIDTH="59" HEIGHT="17" WC="0.91" CONTENT="läseår"/><SP WIDTH="12" VPOS="747" HPOS="781"/>
							<String ID="string_202" HPOS="793" VPOS="748" WIDTH="30" HEIGHT="17" WC="0.96" CONTENT="äro"/><SP WIDTH="12" VPOS="748" HPOS="823"/>
							<String ID="string_203" HPOS="835" VPOS="747" WIDTH="93" HEIGHT="19" WC="0.96" CONTENT="klasserna"/><SP WIDTH="11" VPOS="747" HPOS="928"/>
							<String ID="string_204" HPOS="939" VPOS="748" WIDTH="39" HEIGHT="23" WC="0.96" CONTENT="fyra"/>
						</TextLine>
						<TextLine ID="line_21" HPOS="226" VPOS="774" WIDTH="751" HEIGHT="25">
							<String ID="string_205" HPOS="226" VPOS="777" WIDTH="34" HEIGHT="17" WC="0.96" CONTENT="och"/><SP WIDTH="11" VPOS="777" HPOS="260"/>
							<String ID="string_206" HPOS="271" VPOS="777" WIDTH="91" HEIGHT="17" WC="0.96" CONTENT="elevernas"/><SP WIDTH="12" VPOS="777" HPOS="362"/>
							<String ID="string_207" HPOS="374" VPOS="774" WIDTH="50" HEIGHT="19" WC="0.96" CONTENT="antal"/><SP WIDTH="12" VPOS="774" HPOS="424"/>
							<String ID="string_208" HPOS="436" VPOS="775" WIDTH="28" HEIGHT="18" WC="0.96" CONTENT="77."/><SP WIDTH="22" VPOS="775" HPOS="464"/>
							<String ID="string_209" HPOS="486" VPOS="774" WIDTH="30" HEIGHT="18" WC="0.96" CONTENT="Då"/><SP WIDTH="15" VPOS="774" HPOS="516"/>
							<String ID="string_210" HPOS="531" VPOS="774" WIDTH="100" HEIGHT="19" WC="0.96" CONTENT="emellertid"/><SP WIDTH="12" VPOS="774" HPOS="631"/>
							<String ID="string_211" HPOS="643" VPOS="779" WIDTH="63" HEIGHT="18" WC="0.96" CONTENT="genom"/><SP WIDTH="12" VPOS="779" HPOS="706"/>
							<String ID="string_212" HPOS="718" VPOS="775" WIDTH="58" HEIGHT="18" WC="0.96" CONTENT="denna"/><SP WIDTH="11" VPOS="775" HPOS="776"/>
							<String ID="string_213" HPOS="787" VPOS="775" WIDTH="107" HEIGHT="24" WC="0.96" CONTENT="utvidgning"/><SP WIDTH="12" VPOS="775" HPOS="894"/>
							<String ID="string_214" HPOS="906" VPOS="776" WIDTH="71" HEIGHT="19" WC="0.96" CONTENT="skolans"/>
						</TextLine>
						<TextLine ID="line_22" HPOS="225" VPOS="803" WIDTH="754" HEIGHT="25">
							<String ID="string_215" HPOS="225" VPOS="805" WIDTH="76" HEIGHT="23" WC="0.91" CONTENT="utgifter"/><SP WIDTH="14" VPOS="805" HPOS="301"/>
							<String ID="string_216" HPOS="315" VPOS="804" WIDTH="35" HEIGHT="18" WC="0.96" CONTENT="allt"/><SP WIDTH="14" VPOS="804" HPOS="350"/>
							<String ID="string_217" HPOS="364" VPOS="809" WIDTH="48" HEIGHT="12" WC="0.96" CONTENT="mera"/><SP WIDTH="16" VPOS="809" HPOS="412"/>
							<String ID="string_218" HPOS="428" VPOS="803" WIDTH="71" HEIGHT="20" WC="0.96" CONTENT="ökades,"/><SP WIDTH="15" VPOS="803" HPOS="499"/>
							<String ID="string_219" HPOS="514" VPOS="803" WIDTH="61" HEIGHT="18" WC="0.96" CONTENT="visade"/><SP WIDTH="14" VPOS="803" HPOS="575"/>
							<String ID="string_220" HPOS="589" VPOS="803" WIDTH="31" HEIGHT="18" WC="0.96" CONTENT="det"/><SP WIDTH="15" VPOS="803" HPOS="620"/>
							<String ID="string_221" HPOS="635" VPOS="803" WIDTH="28" HEIGHT="23" WC="0.96" CONTENT="sig"/><SP WIDTH="13" VPOS="803" HPOS="663"/>
							<String ID="string_222" HPOS="676" VPOS="803" WIDTH="111" HEIGHT="24" WC="0.96" CONTENT="nödvändigt"/><SP WIDTH="12" VPOS="803" HPOS="787"/>
							<String ID="string_223" HPOS="799" VPOS="805" WIDTH="28" HEIGHT="17" WC="0.96" CONTENT="att"/><SP WIDTH="11" VPOS="805" HPOS="827"/>
							<String ID="string_224" HPOS="838" VPOS="804" WIDTH="28" HEIGHT="18" WC="0.96" CONTENT="för"/><SP WIDTH="11" VPOS="804" HPOS="866"/>
							<String ID="string_225" HPOS="877" VPOS="805" WIDTH="102" HEIGHT="18" WC="0.96" CONTENT="läroverket"/>
						</TextLine>
						<TextLine ID="line_23" HPOS="226" VPOS="831" WIDTH="752" HEIGHT="23">
							<String ID="string_226" HPOS="226" VPOS="834" WIDTH="44" HEIGHT="19" WC="0.96" CONTENT="söka"/><SP WIDTH="13" VPOS="834" HPOS="270"/>
							<String ID="string_227" HPOS="283" VPOS="833" WIDTH="55" HEIGHT="18" WC="0.96" CONTENT="vinna"/><SP WIDTH="14" VPOS="833" HPOS="338"/>
							<String ID="string_228" HPOS="352" VPOS="838" WIDTH="22" HEIGHT="13" WC="0.96" CONTENT="en"/><SP WIDTH="14" VPOS="838" HPOS="374"/>
							<String ID="string_229" HPOS="388" VPOS="832" WIDTH="67" HEIGHT="18" WC="0.96" CONTENT="fastare"/><SP WIDTH="15" VPOS="832" HPOS="455"/>
							<String ID="string_230" HPOS="470" VPOS="832" WIDTH="104" HEIGHT="18" WC="0.96" CONTENT="ekonomisk"/><SP WIDTH="14" VPOS="832" HPOS="574"/>
							<String ID="string_231" HPOS="588" VPOS="831" WIDTH="63" HEIGHT="18" WC="0.96" CONTENT="botten"/><SP WIDTH="15" VPOS="831" HPOS="651"/>
							<String ID="string_232" HPOS="666" VPOS="833" WIDTH="23" HEIGHT="16" WC="0.96" CONTENT="än"/><SP WIDTH="14" VPOS="833" HPOS="689"/>
							<String ID="string_233" HPOS="703" VPOS="832" WIDTH="40" HEIGHT="21" WC="0.95" CONTENT="den,"/><SP WIDTH="16" VPOS="832" HPOS="743"/>
							<String ID="string_234" HPOS="759" VPOS="838" WIDTH="38" HEIGHT="13" WC="0.96" CONTENT="som"/><SP WIDTH="11" VPOS="838" HPOS="797"/>
							<String ID="string_235" HPOS="808" VPOS="833" WIDTH="95" HEIGHT="21" WC="0.96" CONTENT="enskildes,"/><SP WIDTH="12" VPOS="833" HPOS="903"/>
							<String ID="string_236" HPOS="915" VPOS="839" WIDTH="28" HEIGHT="12" WC="0.96" CONTENT="om"/><SP WIDTH="12" VPOS="839" HPOS="943"/>
							<String ID="string_237" HPOS="955" VPOS="835" WIDTH="23" HEIGHT="17" WC="0.96" CONTENT="än"/>
						</TextLine>
						<TextLine ID="line_24" HPOS="226" VPOS="860" WIDTH="752" HEIGHT="25">
							<String ID="string_238" HPOS="226" VPOS="863" WIDTH="20" HEIGHT="18" WC="0.96" CONTENT="så"/><SP WIDTH="11" VPOS="863" HPOS="246"/>
							<String ID="string_239" HPOS="257" VPOS="868" WIDTH="66" HEIGHT="15" WC="0.96" CONTENT="varma,"/><SP WIDTH="14" VPOS="868" HPOS="323"/>
							<String ID="string_240" HPOS="337" VPOS="861" WIDTH="37" HEIGHT="24" WC="0.96" CONTENT="håg"/><SP WIDTH="14" VPOS="861" HPOS="374"/>
							<String ID="string_241" HPOS="388" VPOS="861" WIDTH="28" HEIGHT="18" WC="0.96" CONTENT="för"/><SP WIDTH="14" VPOS="861" HPOS="416"/>
							<String ID="string_242" HPOS="430" VPOS="860" WIDTH="123" HEIGHT="24" WC="0.96" CONTENT="uppoffringar"/><SP WIDTH="11" VPOS="860" HPOS="553"/>
							<String ID="string_243" HPOS="564" VPOS="860" WIDTH="60" HEIGHT="18" WC="0.96" CONTENT="kunde"/><SP WIDTH="12" VPOS="860" HPOS="624"/>
							<String ID="string_244" HPOS="636" VPOS="860" WIDTH="81" HEIGHT="23" WC="0.93" CONTENT="erbjuda;"/><SP WIDTH="12" VPOS="860" HPOS="717"/>
							<String ID="string_245" HPOS="729" VPOS="861" WIDTH="88" HEIGHT="22" WC="0.91" CONTENT="hvarföre,"/><SP WIDTH="12" VPOS="861" HPOS="817"/>
							<String ID="string_246" HPOS="829" VPOS="862" WIDTH="33" HEIGHT="17" WC="0.96" CONTENT="och"/><SP WIDTH="12" VPOS="862" HPOS="862"/>
							<String ID="string_247" HPOS="874" VPOS="862" WIDTH="24" HEIGHT="18" WC="0.92" CONTENT="då"/><SP WIDTH="11" VPOS="862" HPOS="898"/>
							<String ID="string_248" HPOS="909" VPOS="862" WIDTH="69" HEIGHT="18" WC="0.90" CONTENT="elevan-"/>
						</TextLine>
						<TextLine ID="line_25" HPOS="225" VPOS="889" WIDTH="754" HEIGHT="25">
							<String ID="string_249" HPOS="225" VPOS="892" WIDTH="47" HEIGHT="18" WC="0.96" CONTENT="talet"/><SP WIDTH="16" VPOS="892" HPOS="272"/>
							<String ID="string_250" HPOS="288" VPOS="891" WIDTH="71" HEIGHT="23" WC="0.96" CONTENT="tycktes"/><SP WIDTH="17" VPOS="891" HPOS="359"/>
							<String ID="string_251" HPOS="376" VPOS="889" WIDTH="110" HEIGHT="23" WC="0.96" CONTENT="tillräckligt"/><SP WIDTH="17" VPOS="889" HPOS="486"/>
							<String ID="string_252" HPOS="503" VPOS="889" WIDTH="67" HEIGHT="21" WC="0.96" CONTENT="bevisa,"/><SP WIDTH="19" VPOS="889" HPOS="570"/>
							<String ID="string_253" HPOS="589" VPOS="889" WIDTH="28" HEIGHT="18" WC="0.96" CONTENT="att"/><SP WIDTH="18" VPOS="889" HPOS="617"/>
							<String ID="string_254" HPOS="635" VPOS="890" WIDTH="91" HEIGHT="17" WC="0.96" CONTENT="anstalten"/><SP WIDTH="17" VPOS="890" HPOS="726"/>
							<String ID="string_255" HPOS="743" VPOS="891" WIDTH="98" HEIGHT="18" WC="0.96" CONTENT="motsvarar"/><SP WIDTH="18" VPOS="891" HPOS="841"/>
							<String ID="string_256" HPOS="859" VPOS="891" WIDTH="28" HEIGHT="18" WC="0.96" CONTENT="ett"/><SP WIDTH="14" VPOS="891" HPOS="887"/>
							<String ID="string_257" HPOS="901" VPOS="891" WIDTH="78" HEIGHT="23" WC="0.96" CONTENT="verkligt"/>
						</TextLine>
						<TextLine ID="line_26" HPOS="226" VPOS="918" WIDTH="753" HEIGHT="25">
							<String ID="string_258" HPOS="226" VPOS="918" WIDTH="148" HEIGHT="25" WC="0.90" CONTENT="bildningsbehof"/><SP WIDTH="10" VPOS="918" HPOS="374"/>
							<String ID="string_259" HPOS="384" VPOS="919" WIDTH="23" HEIGHT="22" WC="0.96" CONTENT="på"/><SP WIDTH="13" VPOS="919" HPOS="407"/>
							<String ID="string_260" HPOS="420" VPOS="919" WIDTH="56" HEIGHT="20" WC="0.96" CONTENT="orten,"/><SP WIDTH="12" VPOS="919" HPOS="476"/>
							<String ID="string_261" HPOS="488" VPOS="923" WIDTH="42" HEIGHT="13" WC="0.96" CONTENT="man"/><SP WIDTH="12" VPOS="923" HPOS="530"/>
							<String ID="string_262" HPOS="542" VPOS="918" WIDTH="55" HEIGHT="23" WC="0.96" CONTENT="ansåg"/><SP WIDTH="12" VPOS="918" HPOS="597"/>
							<String ID="string_263" HPOS="609" VPOS="918" WIDTH="28" HEIGHT="23" WC="0.96" CONTENT="sig"/><SP WIDTH="12" VPOS="918" HPOS="637"/>
							<String ID="string_264" HPOS="649" VPOS="918" WIDTH="44" HEIGHT="18" WC="0.95" CONTENT="böra"/><SP WIDTH="11" VPOS="918" HPOS="693"/>
							<String ID="string_265" HPOS="704" VPOS="919" WIDTH="30" HEIGHT="17" WC="0.95" CONTENT="till"/><SP WIDTH="8" VPOS="919" HPOS="734"/>
							<String ID="string_266" HPOS="742" VPOS="918" WIDTH="100" HEIGHT="24" WC="0.96" CONTENT="Kejserliga"/><SP WIDTH="9" VPOS="918" HPOS="842"/>
							<String ID="string_267" HPOS="851" VPOS="919" WIDTH="77" HEIGHT="18" WC="0.96" CONTENT="Senaten"/><SP WIDTH="8" VPOS="919" HPOS="928"/>
							<String ID="string_268" HPOS="936" VPOS="919" WIDTH="43" HEIGHT="24" WC="0.96" CONTENT="ingå"/>
						</TextLine>
						<TextLine ID="line_27" HPOS="226" VPOS="946" WIDTH="752" HEIGHT="24">
							<String ID="string_269" HPOS="226" VPOS="949" WIDTH="40" HEIGHT="18" WC="0.92" CONTENT="med"/><SP WIDTH="17" VPOS="949" HPOS="266"/>
							<String ID="string_270" HPOS="283" VPOS="947" WIDTH="111" HEIGHT="23" WC="0.92" CONTENT="underdånig"/><SP WIDTH="18" VPOS="947" HPOS="394"/>
							<String ID="string_271" HPOS="412" VPOS="947" WIDTH="80" HEIGHT="18" WC="0.96" CONTENT="ansökan"/><SP WIDTH="17" VPOS="947" HPOS="492"/>
							<String ID="string_272" HPOS="509" VPOS="951" WIDTH="29" HEIGHT="13" WC="0.93" CONTENT="om"/><SP WIDTH="18" VPOS="951" HPOS="538"/>
							<String ID="string_273" HPOS="556" VPOS="947" WIDTH="27" HEIGHT="18" WC="0.95" CONTENT="ett"/><SP WIDTH="16" VPOS="947" HPOS="583"/>
							<String ID="string_274" HPOS="599" VPOS="946" WIDTH="98" HEIGHT="19" WC="0.96" CONTENT="understöd"/><SP WIDTH="18" VPOS="946" HPOS="697"/>
							<String ID="string_275" HPOS="715" VPOS="947" WIDTH="19" HEIGHT="18" WC="0.96" CONTENT="af"/><SP WIDTH="14" VPOS="947" HPOS="734"/>
							<String ID="string_276" HPOS="748" VPOS="947" WIDTH="91" HEIGHT="18" WC="0.96" CONTENT="allmänna"/><SP WIDTH="13" VPOS="947" HPOS="839"/>
							<String ID="string_277" HPOS="852" VPOS="948" WIDTH="63" HEIGHT="18" WC="0.93" CONTENT="medel."/><SP WIDTH="27" VPOS="948" HPOS="915"/>
							<String ID="string_278" HPOS="942" VPOS="948" WIDTH="36" HEIGHT="18" WC="0.83" CONTENT="Till"/>
						</TextLine>
						<TextLine ID="line_28" HPOS="227" VPOS="975" WIDTH="752" HEIGHT="24">
							<String ID="string_279" HPOS="227" VPOS="978" WIDTH="59" HEIGHT="18" WC="0.96" CONTENT="denna"/><SP WIDTH="14" VPOS="978" HPOS="286"/>
							<String ID="string_280" HPOS="300" VPOS="976" WIDTH="99" HEIGHT="23" WC="0.96" CONTENT="ansökning"/><SP WIDTH="15" VPOS="976" HPOS="399"/>
							<String ID="string_281" HPOS="414" VPOS="976" WIDTH="33" HEIGHT="17" WC="0.96" CONTENT="har"/><SP WIDTH="12" VPOS="976" HPOS="447"/>
							<String ID="string_282" HPOS="459" VPOS="975" WIDTH="99" HEIGHT="19" WC="0.95" CONTENT="emellertid"/><SP WIDTH="17" VPOS="975" HPOS="558"/>
							<String ID="string_283" HPOS="575" VPOS="975" WIDTH="100" HEIGHT="23" WC="0.96" CONTENT="Kejserliga"/><SP WIDTH="18" VPOS="975" HPOS="675"/>
							<String ID="string_284" HPOS="693" VPOS="975" WIDTH="82" HEIGHT="21" WC="0.83" CONTENT="Senaten,"/><SP WIDTH="20" VPOS="975" HPOS="775"/>
							<String ID="string_285" HPOS="795" VPOS="977" WIDTH="56" HEIGHT="22" WC="0.93" CONTENT="enligt"/><SP WIDTH="18" VPOS="977" HPOS="851"/>
							<String ID="string_286" HPOS="869" VPOS="977" WIDTH="110" HEIGHT="19" WC="0.91" CONTENT="sökanderne"/>
						</TextLine>
						<TextLine ID="line_29" HPOS="227" VPOS="1003" WIDTH="504" HEIGHT="22">
							<String ID="string_287" HPOS="227" VPOS="1005" WIDTH="94" HEIGHT="19" WC="0.95" CONTENT="meddelad"/><SP WIDTH="12" VPOS="1005" HPOS="321"/>
							<String ID="string_288" HPOS="333" VPOS="1004" WIDTH="103" HEIGHT="21" WC="0.95" CONTENT="resolution,"/><SP WIDTH="12" VPOS="1004" HPOS="436"/>
							<String ID="string_289" HPOS="448" VPOS="1003" WIDTH="39" HEIGHT="18" WC="0.96" CONTENT="icke"/><SP WIDTH="11" VPOS="1003" HPOS="487"/>
							<String ID="string_290" HPOS="498" VPOS="1003" WIDTH="61" HEIGHT="20" WC="0.96" CONTENT="funnit"/><SP WIDTH="11" VPOS="1003" HPOS="559"/>
							<String ID="string_291" HPOS="570" VPOS="1004" WIDTH="40" HEIGHT="18" WC="0.96" CONTENT="skäl"/><SP WIDTH="12" VPOS="1004" HPOS="610"/>
							<String ID="string_292" HPOS="622" VPOS="1005" WIDTH="29" HEIGHT="16" WC="0.96" CONTENT="att"/><SP WIDTH="11" VPOS="1005" HPOS="651"/>
							<String ID="string_293" HPOS="662" VPOS="1004" WIDTH="69" HEIGHT="18" WC="0.95" CONTENT="bifalla."/>
						</TextLine>
					</TextBlock>
					<TextBlock ID="block_3" HPOS="226" VPOS="1032" WIDTH="753" HEIGHT="309">
						<TextLine ID="line_30" HPOS="295" VPOS="1032" WIDTH="683" HEIGHT="25">
							<String ID="string_294" HPOS="295" VPOS="1033" WIDTH="36" HEIGHT="18" WC="0.95" CONTENT="Vid"/><SP WIDTH="15" VPOS="1033" HPOS="331"/>
							<String ID="string_295" HPOS="346" VPOS="1033" WIDTH="143" HEIGHT="19" WC="0.96" CONTENT="underrättelsen"/><SP WIDTH="14" VPOS="1033" HPOS="489"/>
							<String ID="string_296" HPOS="503" VPOS="1033" WIDTH="63" HEIGHT="18" WC="0.96" CONTENT="härom"/><SP WIDTH="12" VPOS="1033" HPOS="566"/>
							<String ID="string_297" HPOS="578" VPOS="1032" WIDTH="96" HEIGHT="24" WC="0.96" CONTENT="skyndade,"/><SP WIDTH="13" VPOS="1032" HPOS="674"/>
							<String ID="string_298" HPOS="687" VPOS="1032" WIDTH="24" HEIGHT="24" WC="0.93" CONTENT="på"/><SP WIDTH="11" VPOS="1032" HPOS="711"/>
							<String ID="string_299" HPOS="722" VPOS="1033" WIDTH="80" HEIGHT="18" WC="0.92" CONTENT="initistiv"/><SP WIDTH="12" VPOS="1033" HPOS="802"/>
							<String ID="string_300" HPOS="814" VPOS="1033" WIDTH="20" HEIGHT="18" WC="0.96" CONTENT="af"/><SP WIDTH="10" VPOS="1033" HPOS="834"/>
							<String ID="string_301" HPOS="844" VPOS="1033" WIDTH="57" HEIGHT="24" WC="0.96" CONTENT="några"/><SP WIDTH="11" VPOS="1033" HPOS="901"/>
							<String ID="string_302" HPOS="912" VPOS="1036" WIDTH="66" HEIGHT="17" WC="0.96" CONTENT="vänner"/>
						</TextLine>
						<TextLine ID="line_31" HPOS="226" VPOS="1060" WIDTH="753" HEIGHT="25">
							<String ID="string_303" HPOS="226" VPOS="1063" WIDTH="31" HEIGHT="18" WC="0.96" CONTENT="till"/><SP WIDTH="11" VPOS="1063" HPOS="257"/>
							<String ID="string_304" HPOS="268" VPOS="1062" WIDTH="32" HEIGHT="18" WC="0.96" CONTENT="det"/><SP WIDTH="10" VPOS="1062" HPOS="300"/>
							<String ID="string_305" HPOS="310" VPOS="1061" WIDTH="59" HEIGHT="19" WC="0.96" CONTENT="finska"/><SP WIDTH="11" VPOS="1061" HPOS="369"/>
							<String ID="string_306" HPOS="380" VPOS="1061" WIDTH="100" HEIGHT="18" WC="0.96" CONTENT="läroverket"/><SP WIDTH="11" VPOS="1061" HPOS="480"/>
							<String ID="string_307" HPOS="491" VPOS="1061" WIDTH="7" HEIGHT="17" WC="0.96" CONTENT="i"/><SP WIDTH="12" VPOS="1061" HPOS="498"/>
							<String ID="string_308" HPOS="510" VPOS="1060" WIDTH="95" HEIGHT="24" WC="0.96" CONTENT="Uleåborg,"/><SP WIDTH="12" VPOS="1060" HPOS="605"/>
							<String ID="string_309" HPOS="617" VPOS="1061" WIDTH="27" HEIGHT="18" WC="0.96" CONTENT="ett"/><SP WIDTH="12" VPOS="1061" HPOS="644"/>
							<String ID="string_310" HPOS="656" VPOS="1061" WIDTH="46" HEIGHT="18" WC="0.96" CONTENT="stort"/><SP WIDTH="12" VPOS="1061" HPOS="702"/>
							<String ID="string_311" HPOS="714" VPOS="1062" WIDTH="49" HEIGHT="17" WC="0.96" CONTENT="antal"/><SP WIDTH="9" VPOS="1062" HPOS="763"/>
							<String ID="string_312" HPOS="772" VPOS="1067" WIDTH="84" HEIGHT="18" WC="0.96" CONTENT="personer"/><SP WIDTH="7" VPOS="1067" HPOS="856"/>
							<String ID="string_313" HPOS="863" VPOS="1062" WIDTH="48" HEIGHT="19" WC="0.96" CONTENT="inom"/><SP WIDTH="8" VPOS="1062" HPOS="911"/>
							<String ID="string_314" HPOS="919" VPOS="1063" WIDTH="60" HEIGHT="19" WC="0.96" CONTENT="skilda"/>
						</TextLine>
						<TextLine ID="line_32" HPOS="226" VPOS="1089" WIDTH="753" HEIGHT="24">
							<String ID="string_315" HPOS="226" VPOS="1092" WIDTH="52" HEIGHT="18" WC="0.96" CONTENT="delar"/><SP WIDTH="12" VPOS="1092" HPOS="278"/>
							<String ID="string_316" HPOS="290" VPOS="1091" WIDTH="20" HEIGHT="17" WC="0.96" CONTENT="af"/><SP WIDTH="12" VPOS="1091" HPOS="310"/>
							<String ID="string_317" HPOS="322" VPOS="1090" WIDTH="50" HEIGHT="19" WC="0.96" CONTENT="länet"/><SP WIDTH="14" VPOS="1090" HPOS="372"/>
							<String ID="string_318" HPOS="386" VPOS="1090" WIDTH="29" HEIGHT="17" WC="0.96" CONTENT="att"/><SP WIDTH="13" VPOS="1090" HPOS="415"/>
							<String ID="string_319" HPOS="428" VPOS="1089" WIDTH="121" HEIGHT="18" WC="0.96" CONTENT="underteckna"/><SP WIDTH="14" VPOS="1089" HPOS="549"/>
							<String ID="string_320" HPOS="563" VPOS="1095" WIDTH="22" HEIGHT="12" WC="0.96" CONTENT="en"/><SP WIDTH="15" VPOS="1095" HPOS="585"/>
							<String ID="string_321" HPOS="600" VPOS="1089" WIDTH="57" HEIGHT="21" WC="0.96" CONTENT="skrift,"/><SP WIDTH="12" VPOS="1089" HPOS="657"/>
							<String ID="string_322" HPOS="669" VPOS="1090" WIDTH="95" HEIGHT="18" WC="0.95" CONTENT="uttalande"/><SP WIDTH="12" VPOS="1090" HPOS="764"/>
							<String ID="string_323" HPOS="776" VPOS="1090" WIDTH="51" HEIGHT="18" WC="0.96" CONTENT="deras"/><SP WIDTH="12" VPOS="1090" HPOS="827"/>
							<String ID="string_324" HPOS="839" VPOS="1091" WIDTH="101" HEIGHT="22" WC="0.96" CONTENT="bekymmer"/><SP WIDTH="11" VPOS="1091" HPOS="940"/>
							<String ID="string_325" HPOS="951" VPOS="1092" WIDTH="28" HEIGHT="18" WC="0.96" CONTENT="för"/>
						</TextLine>
						<TextLine ID="line_33" HPOS="227" VPOS="1117" WIDTH="751" HEIGHT="26">
							<String ID="string_326" HPOS="227" VPOS="1119" WIDTH="109" HEIGHT="19" WC="0.92" CONTENT="läroverkets"/><SP WIDTH="14" VPOS="1119" HPOS="336"/>
							<String ID="string_327" HPOS="350" VPOS="1117" WIDTH="74" HEIGHT="19" WC="0.96" CONTENT="framtid"/><SP WIDTH="14" VPOS="1117" HPOS="424"/>
							<String ID="string_328" HPOS="438" VPOS="1118" WIDTH="47" HEIGHT="17" WC="0.96" CONTENT="samt"/><SP WIDTH="15" VPOS="1118" HPOS="485"/>
							<String ID="string_329" HPOS="500" VPOS="1117" WIDTH="52" HEIGHT="18" WC="0.96" CONTENT="deras"/><SP WIDTH="14" VPOS="1117" HPOS="552"/>
							<String ID="string_330" HPOS="566" VPOS="1118" WIDTH="69" HEIGHT="17" WC="0.95" CONTENT="önskan"/><SP WIDTH="14" VPOS="1118" HPOS="635"/>
							<String ID="string_331" HPOS="649" VPOS="1119" WIDTH="28" HEIGHT="16" WC="0.96" CONTENT="att"/><SP WIDTH="14" VPOS="1119" HPOS="677"/>
							<String ID="string_332" HPOS="691" VPOS="1118" WIDTH="72" HEIGHT="18" WC="0.96" CONTENT="landets"/><SP WIDTH="14" VPOS="1118" HPOS="763"/>
							<String ID="string_333" HPOS="777" VPOS="1119" WIDTH="72" HEIGHT="18" WC="0.96" CONTENT="ständer"/><SP WIDTH="15" VPOS="1119" HPOS="849"/>
							<String ID="string_334" HPOS="864" VPOS="1119" WIDTH="56" HEIGHT="18" WC="0.96" CONTENT="måtte"/><SP WIDTH="15" VPOS="1119" HPOS="920"/>
							<String ID="string_335" HPOS="935" VPOS="1121" WIDTH="43" HEIGHT="22" WC="0.96" CONTENT="taga"/>
						</TextLine>
						<TextLine ID="line_34" HPOS="228" VPOS="1146" WIDTH="750" HEIGHT="24">
							<String ID="string_336" HPOS="228" VPOS="1149" WIDTH="55" HEIGHT="18" WC="0.96" CONTENT="saken"/><SP WIDTH="17" VPOS="1149" HPOS="283"/>
							<String ID="string_337" HPOS="300" VPOS="1146" WIDTH="77" HEIGHT="19" WC="0.96" CONTENT="omhand"/><SP WIDTH="19" VPOS="1146" HPOS="377"/>
							<String ID="string_338" HPOS="396" VPOS="1147" WIDTH="46" HEIGHT="17" WC="0.96" CONTENT="samt"/><SP WIDTH="15" VPOS="1147" HPOS="442"/>
							<String ID="string_339" HPOS="457" VPOS="1146" WIDTH="74" HEIGHT="23" WC="0.96" CONTENT="vidtaga"/><SP WIDTH="15" VPOS="1146" HPOS="531"/>
							<String ID="string_340" HPOS="546" VPOS="1146" WIDTH="22" HEIGHT="18" WC="0.96" CONTENT="de"/><SP WIDTH="15" VPOS="1146" HPOS="568"/>
							<String ID="string_341" HPOS="583" VPOS="1146" WIDTH="89" HEIGHT="24" WC="0.96" CONTENT="åtgärder,"/><SP WIDTH="15" VPOS="1146" HPOS="672"/>
							<String ID="string_342" HPOS="687" VPOS="1147" WIDTH="24" HEIGHT="23" WC="0.96" CONTENT="på"/><SP WIDTH="11" VPOS="1147" HPOS="711"/>
							<String ID="string_343" HPOS="722" VPOS="1147" WIDTH="40" HEIGHT="18" WC="0.97" CONTENT="dem"/><SP WIDTH="12" VPOS="1147" HPOS="762"/>
							<String ID="string_344" HPOS="774" VPOS="1148" WIDTH="59" HEIGHT="18" WC="0.92" CONTENT="kunde"/><SP WIDTH="12" VPOS="1148" HPOS="833"/>
							<String ID="string_345" HPOS="845" VPOS="1149" WIDTH="94" HEIGHT="18" WC="0.91" CONTENT="ankomma"/><SP WIDTH="11" VPOS="1149" HPOS="939"/>
							<String ID="string_346" HPOS="950" VPOS="1149" WIDTH="28" HEIGHT="18" WC="0.95" CONTENT="för"/>
						</TextLine>
						<TextLine ID="line_35" HPOS="228" VPOS="1175" WIDTH="749" HEIGHT="26">
							<String ID="string_347" HPOS="228" VPOS="1178" WIDTH="28" HEIGHT="17" WC="0.96" CONTENT="att"/><SP WIDTH="12" VPOS="1178" HPOS="256"/>
							<String ID="string_348" HPOS="268" VPOS="1176" WIDTH="122" HEIGHT="19" WC="0.96" CONTENT="åstadkomma"/><SP WIDTH="12" VPOS="1176" HPOS="390"/>
							<String ID="string_349" HPOS="402" VPOS="1175" WIDTH="112" HEIGHT="18" WC="0.96" CONTENT="inrättandet"/><SP WIDTH="11" VPOS="1175" HPOS="514"/>
							<String ID="string_350" HPOS="525" VPOS="1176" WIDTH="7" HEIGHT="17" WC="0.96" CONTENT="i"/><SP WIDTH="12" VPOS="1176" HPOS="532"/>
							<String ID="string_351" HPOS="544" VPOS="1175" WIDTH="90" HEIGHT="23" WC="0.96" CONTENT="Uleåborg"/><SP WIDTH="12" VPOS="1175" HPOS="634"/>
							<String ID="string_352" HPOS="646" VPOS="1176" WIDTH="19" HEIGHT="17" WC="0.96" CONTENT="af"/><SP WIDTH="11" VPOS="1176" HPOS="665"/>
							<String ID="string_353" HPOS="676" VPOS="1177" WIDTH="27" HEIGHT="17" WC="0.96" CONTENT="ett"/><SP WIDTH="11" VPOS="1177" HPOS="703"/>
							<String ID="string_354" HPOS="714" VPOS="1176" WIDTH="117" HEIGHT="23" WC="0.92" CONTENT="fullständigt"/><SP WIDTH="10" VPOS="1176" HPOS="831"/>
							<String ID="string_355" HPOS="841" VPOS="1177" WIDTH="56" HEIGHT="18" WC="0.96" CONTENT="finskt"/><SP WIDTH="7" VPOS="1177" HPOS="897"/>
							<String ID="string_356" HPOS="904" VPOS="1178" WIDTH="73" HEIGHT="23" WC="0.96" CONTENT="lyceum."/>
						</TextLine>
						<TextLine ID="line_36" HPOS="228" VPOS="1204" WIDTH="750" HEIGHT="23">
							<String ID="string_357" HPOS="228" VPOS="1206" WIDTH="63" HEIGHT="18" WC="0.96" CONTENT="Denna"/><SP WIDTH="15" VPOS="1206" HPOS="291"/>
							<String ID="string_358" HPOS="306" VPOS="1205" WIDTH="58" HEIGHT="20" WC="0.96" CONTENT="skrift,"/><SP WIDTH="16" VPOS="1205" HPOS="364"/>
							<String ID="string_359" HPOS="380" VPOS="1209" WIDTH="37" HEIGHT="13" WC="0.96" CONTENT="som"/><SP WIDTH="15" VPOS="1209" HPOS="417"/>
							<String ID="string_360" HPOS="432" VPOS="1206" WIDTH="20" HEIGHT="16" WC="0.96" CONTENT="är"/><SP WIDTH="14" VPOS="1206" HPOS="452"/>
							<String ID="string_361" HPOS="466" VPOS="1204" WIDTH="134" HEIGHT="18" WC="0.96" CONTENT="undertecknad"/><SP WIDTH="12" VPOS="1204" HPOS="600"/>
							<String ID="string_362" HPOS="612" VPOS="1204" WIDTH="19" HEIGHT="18" WC="0.96" CONTENT="af"/><SP WIDTH="10" VPOS="1204" HPOS="631"/>
							<String ID="string_363" HPOS="641" VPOS="1210" WIDTH="48" HEIGHT="13" WC="0.96" CONTENT="mera"/><SP WIDTH="12" VPOS="1210" HPOS="689"/>
							<String ID="string_364" HPOS="701" VPOS="1206" WIDTH="23" HEIGHT="17" WC="0.93" CONTENT="än"/><SP WIDTH="12" VPOS="1206" HPOS="724"/>
							<String ID="string_365" HPOS="736" VPOS="1205" WIDTH="51" HEIGHT="20" WC="0.91" CONTENT="2,000"/><SP WIDTH="11" VPOS="1205" HPOS="787"/>
							<String ID="string_366" HPOS="798" VPOS="1211" WIDTH="59" HEIGHT="16" WC="0.95" CONTENT="namn,"/><SP WIDTH="12" VPOS="1211" HPOS="857"/>
							<String ID="string_367" HPOS="869" VPOS="1206" WIDTH="109" HEIGHT="20" WC="0.96" CONTENT="tillhörande"/>
						</TextLine>
						<TextLine ID="line_37" HPOS="227" VPOS="1233" WIDTH="751" HEIGHT="25">
							<String ID="string_368" HPOS="227" VPOS="1239" WIDTH="85" HEIGHT="19" WC="0.95" CONTENT="personer"/><SP WIDTH="15" VPOS="1239" HPOS="312"/>
							<String ID="string_369" HPOS="327" VPOS="1233" WIDTH="20" HEIGHT="18" WC="0.96" CONTENT="af"/><SP WIDTH="13" VPOS="1233" HPOS="347"/>
							<String ID="string_370" HPOS="360" VPOS="1233" WIDTH="48" HEIGHT="18" WC="0.96" CONTENT="olika"/><SP WIDTH="15" VPOS="1233" HPOS="408"/>
							<String ID="string_371" HPOS="423" VPOS="1233" WIDTH="154" HEIGHT="18" WC="0.96" CONTENT="samhällsklasser"/><SP WIDTH="15" VPOS="1233" HPOS="577"/>
							<String ID="string_372" HPOS="592" VPOS="1233" WIDTH="40" HEIGHT="18" WC="0.96" CONTENT="från"/><SP WIDTH="14" VPOS="1233" HPOS="632"/>
							<String ID="string_373" HPOS="646" VPOS="1234" WIDTH="22" HEIGHT="18" WC="0.95" CONTENT="37"/><SP WIDTH="16" VPOS="1234" HPOS="668"/>
							<String ID="string_374" HPOS="684" VPOS="1233" WIDTH="19" HEIGHT="18" WC="0.96" CONTENT="af"/><SP WIDTH="10" VPOS="1233" HPOS="703"/>
							<String ID="string_375" HPOS="713" VPOS="1233" WIDTH="58" HEIGHT="19" WC="0.96" CONTENT="länets"/><SP WIDTH="12" VPOS="1233" HPOS="771"/>
							<String ID="string_376" HPOS="783" VPOS="1235" WIDTH="108" HEIGHT="20" WC="0.96" CONTENT="kommuner,"/><SP WIDTH="12" VPOS="1235" HPOS="891"/>
							<String ID="string_377" HPOS="903" VPOS="1235" WIDTH="33" HEIGHT="18" WC="0.95" CONTENT="har"/><SP WIDTH="11" VPOS="1235" HPOS="936"/>
							<String ID="string_378" HPOS="947" VPOS="1236" WIDTH="31" HEIGHT="18" WC="0.95" CONTENT="vid"/>
						</TextLine>
						<TextLine ID="line_38" HPOS="228" VPOS="1261" WIDTH="749" HEIGHT="24">
							<String ID="string_379" HPOS="228" VPOS="1268" WIDTH="25" HEIGHT="13" WC="0.96" CONTENT="nu"/><SP WIDTH="11" VPOS="1268" HPOS="253"/>
							<String ID="string_380" HPOS="264" VPOS="1261" WIDTH="119" HEIGHT="19" WC="0.93" CONTENT="innevarande"/><SP WIDTH="16" VPOS="1261" HPOS="383"/>
							<String ID="string_381" HPOS="399" VPOS="1261" WIDTH="87" HEIGHT="22" WC="0.92" CONTENT="landtdag"/><SP WIDTH="14" VPOS="1261" HPOS="486"/>
							<String ID="string_382" HPOS="500" VPOS="1261" WIDTH="91" HEIGHT="18" WC="0.91" CONTENT="tillställts"/><SP WIDTH="13" VPOS="1261" HPOS="591"/>
							<String ID="string_383" HPOS="604" VPOS="1266" WIDTH="21" HEIGHT="13" WC="0.92" CONTENT="en"/><SP WIDTH="12" VPOS="1266" HPOS="625"/>
							<String ID="string_384" HPOS="637" VPOS="1261" WIDTH="138" HEIGHT="23" WC="0.90" CONTENT="landtdagsman"/><SP WIDTH="12" VPOS="1261" HPOS="775"/>
							<String ID="string_385" HPOS="787" VPOS="1263" WIDTH="47" HEIGHT="17" WC="0.96" CONTENT="inom"/><SP WIDTH="12" VPOS="1263" HPOS="834"/>
							<String ID="string_386" HPOS="846" VPOS="1263" WIDTH="61" HEIGHT="22" WC="0.96" CONTENT="hvarje"/><SP WIDTH="12" VPOS="1263" HPOS="907"/>
							<String ID="string_387" HPOS="919" VPOS="1264" WIDTH="58" HEIGHT="21" WC="0.96" CONTENT="stånd,"/>
						</TextLine>
						<TextLine ID="line_39" HPOS="227" VPOS="1289" WIDTH="750" HEIGHT="25">
							<String ID="string_388" HPOS="227" VPOS="1290" WIDTH="41" HEIGHT="19" WC="0.90" CONTENT="med"/><SP WIDTH="15" VPOS="1290" HPOS="268"/>
							<String ID="string_389" HPOS="283" VPOS="1289" WIDTH="90" HEIGHT="21" WC="0.90" CONTENT="anhållan,"/><SP WIDTH="13" VPOS="1289" HPOS="373"/>
							<String ID="string_390" HPOS="386" VPOS="1289" WIDTH="28" HEIGHT="17" WC="0.96" CONTENT="att"/><SP WIDTH="12" VPOS="1289" HPOS="414"/>
							<String ID="string_391" HPOS="426" VPOS="1289" WIDTH="22" HEIGHT="18" WC="0.96" CONTENT="de"/><SP WIDTH="14" VPOS="1289" HPOS="448"/>
							<String ID="string_392" HPOS="462" VPOS="1289" WIDTH="43" HEIGHT="17" WC="0.95" CONTENT="ville"/><SP WIDTH="14" VPOS="1289" HPOS="505"/>
							<String ID="string_393" HPOS="519" VPOS="1289" WIDTH="66" HEIGHT="23" WC="0.96" CONTENT="bringa"/><SP WIDTH="14" VPOS="1289" HPOS="585"/>
							<String ID="string_394" HPOS="599" VPOS="1289" WIDTH="31" HEIGHT="18" WC="0.93" CONTENT="det"/><SP WIDTH="11" VPOS="1289" HPOS="630"/>
							<String ID="string_395" HPOS="641" VPOS="1289" WIDTH="38" HEIGHT="18" WC="0.92" CONTENT="deri"/><SP WIDTH="11" VPOS="1289" HPOS="679"/>
							<String ID="string_396" HPOS="690" VPOS="1290" WIDTH="82" HEIGHT="18" WC="0.93" CONTENT="uttalade"/><SP WIDTH="12" VPOS="1290" HPOS="772"/>
							<String ID="string_397" HPOS="784" VPOS="1291" WIDTH="153" HEIGHT="23" WC="0.91" CONTENT="önskningsmålet"/><SP WIDTH="10" VPOS="1291" HPOS="937"/>
							<String ID="string_398" HPOS="947" VPOS="1292" WIDTH="30" HEIGHT="18" WC="0.96" CONTENT="till"/>
						</TextLine>
						<TextLine ID="line_40" HPOS="228" VPOS="1317" WIDTH="341" HEIGHT="24">
							<String ID="string_399" HPOS="228" VPOS="1319" WIDTH="40" HEIGHT="18" WC="0.96" CONTENT="sina"/><SP WIDTH="11" VPOS="1319" HPOS="268"/>
							<String ID="string_400" HPOS="279" VPOS="1317" WIDTH="99" HEIGHT="24" WC="0.93" CONTENT="respektive"/><SP WIDTH="12" VPOS="1317" HPOS="378"/>
							<String ID="string_401" HPOS="390" VPOS="1317" WIDTH="62" HEIGHT="18" WC="0.91" CONTENT="stånds"/><SP WIDTH="12" VPOS="1317" HPOS="452"/>
							<String ID="string_402" HPOS="464" VPOS="1317" WIDTH="105" HEIGHT="18" WC="0.96" CONTENT="kännedom."/>
						</TextLine>
					</TextBlock>
					<TextBlock ID="block_4" HPOS="228" VPOS="1346" WIDTH="749" HEIGHT="139">
						<TextLine ID="line_41" HPOS="296" VPOS="1346" WIDTH="681" HEIGHT="22">
							<String ID="string_403" HPOS="296" VPOS="1346" WIDTH="36" HEIGHT="18" WC="0.96" CONTENT="Vid"/><SP WIDTH="16" VPOS="1346" HPOS="332"/>
							<String ID="string_404" HPOS="348" VPOS="1347" WIDTH="26" HEIGHT="17" WC="0.96" CONTENT="ett"/><SP WIDTH="14" VPOS="1347" HPOS="374"/>
							<String ID="string_405" HPOS="388" VPOS="1346" WIDTH="135" HEIGHT="21" WC="0.96" CONTENT="sammanträde,"/><SP WIDTH="16" VPOS="1346" HPOS="523"/>
							<String ID="string_406" HPOS="539" VPOS="1351" WIDTH="37" HEIGHT="14" WC="0.96" CONTENT="som"/><SP WIDTH="11" VPOS="1351" HPOS="576"/>
							<String ID="string_407" HPOS="587" VPOS="1346" WIDTH="34" HEIGHT="18" WC="0.96" CONTENT="den"/><SP WIDTH="12" VPOS="1346" HPOS="621"/>
							<String ID="string_408" HPOS="633" VPOS="1346" WIDTH="11" HEIGHT="19" WC="0.88" CONTENT="5"/><SP WIDTH="12" VPOS="1346" HPOS="644"/>
							<String ID="string_409" HPOS="656" VPOS="1346" WIDTH="82" HEIGHT="19" WC="0.92" CONTENT="sistlidne"/><SP WIDTH="11" VPOS="1346" HPOS="738"/>
							<String ID="string_410" HPOS="749" VPOS="1347" WIDTH="75" HEIGHT="19" WC="0.96" CONTENT="Januari"/><SP WIDTH="11" VPOS="1347" HPOS="824"/>
							<String ID="string_411" HPOS="835" VPOS="1349" WIDTH="48" HEIGHT="18" WC="0.96" CONTENT="hölls"/><SP WIDTH="12" VPOS="1349" HPOS="883"/>
							<String ID="string_412" HPOS="895" VPOS="1349" WIDTH="20" HEIGHT="18" WC="0.93" CONTENT="af"/><SP WIDTH="9" VPOS="1349" HPOS="915"/>
							<String ID="string_413" HPOS="924" VPOS="1349" WIDTH="53" HEIGHT="19" WC="0.93" CONTENT="Uleå-"/>
						</TextLine>
						<TextLine ID="line_42" HPOS="228" VPOS="1375" WIDTH="749" HEIGHT="26">
							<String ID="string_414" HPOS="228" VPOS="1377" WIDTH="54" HEIGHT="22" WC="0.96" CONTENT="borgs"/><SP WIDTH="12" VPOS="1377" HPOS="282"/>
							<String ID="string_415" HPOS="294" VPOS="1375" WIDTH="50" HEIGHT="19" WC="0.93" CONTENT="stads"/><SP WIDTH="14" VPOS="1375" HPOS="344"/>
							<String ID="string_416" HPOS="358" VPOS="1375" WIDTH="76" HEIGHT="20" WC="0.92" CONTENT="valmän,"/><SP WIDTH="15" VPOS="1375" HPOS="434"/>
							<String ID="string_417" HPOS="449" VPOS="1375" WIDTH="84" HEIGHT="18" WC="0.96" CONTENT="förenade"/><SP WIDTH="16" VPOS="1375" HPOS="533"/>
							<String ID="string_418" HPOS="549" VPOS="1375" WIDTH="27" HEIGHT="22" WC="0.96" CONTENT="sig"/><SP WIDTH="15" VPOS="1375" HPOS="576"/>
							<String ID="string_419" HPOS="591" VPOS="1375" WIDTH="36" HEIGHT="18" WC="0.96" CONTENT="alla"/><SP WIDTH="14" VPOS="1375" HPOS="627"/>
							<String ID="string_420" HPOS="641" VPOS="1375" WIDTH="22" HEIGHT="18" WC="0.96" CONTENT="de"/><SP WIDTH="14" VPOS="1375" HPOS="663"/>
							<String ID="string_421" HPOS="677" VPOS="1376" WIDTH="111" HEIGHT="18" WC="0.96" CONTENT="närvarande"/><SP WIDTH="15" VPOS="1376" HPOS="788"/>
							<String ID="string_422" HPOS="803" VPOS="1377" WIDTH="88" HEIGHT="24" WC="0.96" CONTENT="enhälligt"/><SP WIDTH="15" VPOS="1377" HPOS="891"/>
							<String ID="string_423" HPOS="906" VPOS="1383" WIDTH="28" HEIGHT="13" WC="0.96" CONTENT="om"/><SP WIDTH="15" VPOS="1383" HPOS="934"/>
							<String ID="string_424" HPOS="949" VPOS="1379" WIDTH="28" HEIGHT="18" WC="0.96" CONTENT="att"/>
						</TextLine>
						<TextLine ID="line_43" HPOS="228" VPOS="1403" WIDTH="749" HEIGHT="27">
							<String ID="string_425" HPOS="228" VPOS="1405" WIDTH="50" HEIGHT="23" WC="0.96" CONTENT="gifva"/><SP WIDTH="14" VPOS="1405" HPOS="278"/>
							<String ID="string_426" HPOS="292" VPOS="1403" WIDTH="74" HEIGHT="19" WC="0.96" CONTENT="stadens"/><SP WIDTH="14" VPOS="1403" HPOS="366"/>
							<String ID="string_427" HPOS="380" VPOS="1403" WIDTH="30" HEIGHT="18" WC="0.93" CONTENT="till"/><SP WIDTH="16" VPOS="1403" HPOS="410"/>
							<String ID="string_428" HPOS="426" VPOS="1403" WIDTH="109" HEIGHT="24" WC="0.90" CONTENT="landtdagen"/><SP WIDTH="12" VPOS="1403" HPOS="535"/>
							<String ID="string_429" HPOS="547" VPOS="1403" WIDTH="86" HEIGHT="24" WC="0.91" CONTENT="afgående"/><SP WIDTH="12" VPOS="1403" HPOS="633"/>
							<String ID="string_430" HPOS="645" VPOS="1405" WIDTH="142" HEIGHT="22" WC="0.96" CONTENT="representanter"/><SP WIDTH="11" VPOS="1405" HPOS="787"/>
							<String ID="string_431" HPOS="798" VPOS="1406" WIDTH="7" HEIGHT="17" WC="0.96" CONTENT="i"/><SP WIDTH="11" VPOS="1406" HPOS="805"/>
							<String ID="string_432" HPOS="816" VPOS="1406" WIDTH="82" HEIGHT="24" WC="0.96" CONTENT="uppdrag"/><SP WIDTH="12" VPOS="1406" HPOS="898"/>
							<String ID="string_433" HPOS="910" VPOS="1407" WIDTH="29" HEIGHT="18" WC="0.96" CONTENT="att"/><SP WIDTH="9" VPOS="1407" HPOS="939"/>
							<String ID="string_434" HPOS="948" VPOS="1407" WIDTH="29" HEIGHT="18" WC="0.96" CONTENT="för"/>
						</TextLine>
						<TextLine ID="line_44" HPOS="228" VPOS="1432" WIDTH="748" HEIGHT="25">
							<String ID="string_435" HPOS="228" VPOS="1433" WIDTH="92" HEIGHT="23" WC="0.91" CONTENT="vällofliga"/><SP WIDTH="11" VPOS="1433" HPOS="320"/>
							<String ID="string_436" HPOS="331" VPOS="1432" WIDTH="148" HEIGHT="23" WC="0.92" CONTENT="borgareståndet"/><SP WIDTH="11" VPOS="1432" HPOS="479"/>
							<String ID="string_437" HPOS="490" VPOS="1432" WIDTH="101" HEIGHT="19" WC="0.96" CONTENT="framställa"/><SP WIDTH="11" VPOS="1432" HPOS="591"/>
							<String ID="string_438" HPOS="602" VPOS="1432" WIDTH="55" HEIGHT="19" WC="0.96" CONTENT="bland"/><SP WIDTH="12" VPOS="1432" HPOS="657"/>
							<String ID="string_439" HPOS="669" VPOS="1435" WIDTH="56" HEIGHT="17" WC="0.93" CONTENT="annat"/><SP WIDTH="10" VPOS="1435" HPOS="725"/>
							<String ID="string_440" HPOS="735" VPOS="1433" WIDTH="84" HEIGHT="20" WC="0.91" CONTENT="behofvet"/><SP WIDTH="12" VPOS="1433" HPOS="819"/>
							<String ID="string_441" HPOS="831" VPOS="1435" WIDTH="20" HEIGHT="18" WC="0.96" CONTENT="af"/><SP WIDTH="9" VPOS="1435" HPOS="851"/>
							<String ID="string_442" HPOS="860" VPOS="1436" WIDTH="27" HEIGHT="18" WC="0.93" CONTENT="ett"/><SP WIDTH="7" VPOS="1436" HPOS="887"/>
							<String ID="string_443" HPOS="894" VPOS="1436" WIDTH="82" HEIGHT="21" WC="0.92" CONTENT="fullstän-"/>
						</TextLine>
						<TextLine ID="line_45" HPOS="228" VPOS="1461" WIDTH="360" HEIGHT="24">
							<String ID="string_444" HPOS="228" VPOS="1462" WIDTH="41" HEIGHT="23" WC="0.96" CONTENT="digt"/><SP WIDTH="10" VPOS="1462" HPOS="269"/>
							<String ID="string_445" HPOS="279" VPOS="1461" WIDTH="56" HEIGHT="19" WC="0.96" CONTENT="finskt"/><SP WIDTH="11" VPOS="1461" HPOS="335"/>
							<String ID="string_446" HPOS="346" VPOS="1461" WIDTH="69" HEIGHT="23" WC="0.96" CONTENT="lyceum"/><SP WIDTH="11" VPOS="1461" HPOS="415"/>
							<String ID="string_447" HPOS="426" VPOS="1461" WIDTH="28" HEIGHT="18" WC="0.96" CONTENT="för"/><SP WIDTH="11" VPOS="1461" HPOS="454"/>
							<String ID="string_448" HPOS="465" VPOS="1461" WIDTH="78" HEIGHT="19" WC="0.95" CONTENT="nämnda"/><SP WIDTH="12" VPOS="1461" HPOS="543"/>
							<String ID="string_449" HPOS="555" VPOS="1462" WIDTH="33" HEIGHT="17" WC="0.95" CONTENT="ort."/>
						</TextLine>
					</TextBlock>
				</ComposedBlock>
				<ComposedBlock ID="cblock_2" HPOS="297" VPOS="1490" WIDTH="466" HEIGHT="27">
					<TextBlock ID="block_5" HPOS="297" VPOS="1490" WIDTH="466" HEIGHT="27">
						<TextLine ID="line_46" HPOS="297" VPOS="1490" WIDTH="466" HEIGHT="27">
							<String ID="string_450" HPOS="297" VPOS="1490" WIDTH="95" HEIGHT="27" WC="0.93" CONTENT="Allmänna"/><SP WIDTH="12" VPOS="1490" HPOS="392"/>
							<String ID="string_451" HPOS="404" VPOS="1496" WIDTH="159" HEIGHT="21" WC="0.91" CONTENT="Besvärsutskottets"/><SP WIDTH="11" VPOS="1496" HPOS="563"/>
							<String ID="string_452" HPOS="574" VPOS="1497" WIDTH="103" HEIGHT="20" WC="0.96" CONTENT="betänkande"/><SP WIDTH="12" VPOS="1497" HPOS="677"/>
							<String ID="string_453" HPOS="689" VPOS="1497" WIDTH="34" HEIGHT="18" WC="0.96" CONTENT="N:o"/><SP WIDTH="13" VPOS="1497" HPOS="723"/>
							<String ID="string_454" HPOS="736" VPOS="1497" WIDTH="27" HEIGHT="18" WC="0.96" CONTENT="17."/>
						</TextLine>
					</TextBlock>
				</ComposedBlock>
			</PrintSpace>
		</Page>
	</Layout>
</alto>
