1050 1706
293 142 241 19 Petitionsbetänkande
546 141 38 20 N:o
596 142 32 18 23.
790 144 21 17 13

450 326 21 24 I

151 376 47 21 Den
213 375 96 27 begäran
324 377 32 19 att
372 374 82 22 erhålla
468 382 27 14 en
502 375 232 27 jernvägsförbindelse
745 375 90 22 emellan

82 408 121 29 Uleåborgs
218 410 49 21 stad
283 410 40 21 och
338 409 54 22 Uleä
406 410 67 26 träsk,
489 417 45 14 som
549 410 69 20 blifvit
633 409 113 21 framstäld
760 410 33 21 uti
810 410 26 21 de

81 443 36 22 tvä
131 445 69 20 första
215 444 110 21 ofvanföre
339 445 89 27 intagna
442 445 150 26 petitionerna,
616 451 62 20 synes
696 444 89 27 förtjent
804 447 32 19 att

83 479 66 21 blifva
167 479 204 27 uppmärksammad
390 479 24 21 af
430 478 102 21 Finlands
551 479 143 21 statsmakter.
726 479 68 21 Sannt
812 480 25 20 är

83 515 32 20 att
130 513 41 21 den
186 513 109 21 tilltänkta
309 513 73 21 banan
396 513 84 21 komme
495 515 32 20 att
541 513 66 21 blifva
623 513 40 21 den
679 513 69 21 första
763 513 35 21 vid
809 515 27 18 65

83 547 89 28 graders
190 547 86 28 nordlig
294 547 88 26 latitud;
402 549 63 19 sannt
480 549 25 19 är
520 547 40 21 ock
575 549 32 19 att
622 547 26 21 de
663 547 88 28 bygder,
766 547 72 22 hvilka

84 582 72 21 banan
174 581 84 22 komme
277 583 33 20 att
324 581 79 22 beröra
417 581 56 22 både
488 581 32 21 till
535 581 55 28 följd
606 581 24 21 af
642 581 98 22 klimatet
755 582 40 21 och
810 589 27 14 en

84 616 84 21 sentida
177 616 128 27 utveckling,
322 623 46 14 som
382 616 43 21 kan
440 616 51 21 bero
508 616 23 21 af
543 615 79 28 många
637 617 94 25 orsaker,
747 617 47 20 icke
804 616 34 21 får

83 651 8 20 i
106 651 100 21 afseende
222 649 13 22 å
250 651 124 26 folkmängd
390 651 39 20 och
446 651 72 27 odling
530 651 104 27 jemföras
649 651 48 21 med
713 651 68 21 andra
792 651 46 20 län-

85 685 37 22 der
141 685 40 22 och
200 687 65 24 orter,
284 685 72 21 hvilka
374 685 70 20 funnit
459 685 47 21 skäl
521 687 32 18 att
568 684 92 27 anlägga
672 685 117 27 jernvägar
804 685 34 21 för

84 722 32 19 att
131 720 73 21 kunna
219 726 76 21 genom
311 719 48 21 dem
374 719 105 21 förmedla
490 726 26 14 en
526 719 95 27 behöflig
632 719 135 22 samfärdsel.
798 719 40 21 Om

85 754 39 21 allt
143 753 59 22 detta
222 754 40 21 och
280 761 60 14 mera
360 753 66 28 dylikt
444 753 43 21 kan
502 752 106 28 åberopas
626 753 71 22 såsom
716 753 47 21 skäl
782 756 57 19 emot

86 788 36 21 det
140 788 125 21 tillämnade
283 788 113 27 företaget,
414 786 24 23 sä
456 787 68 22 finnes
543 788 36 21 det
597 788 96 21 deremot
711 788 68 21 andra
795 795 44 14 om-

85 823 153 27 ständigheter,
254 823 72 21 hvilka
341 822 87 21 förorda
444 822 118 21 detsamma
577 823 40 20 och
632 822 82 21 hvilkas
729 823 110 27 betydelse

85 858 47 21 icke
146 857 43 22 kan
202 857 77 27 jäfvas.
301 857 42 21 Det
358 858 24 19 är
397 856 62 28 fräga
474 864 34 14 om
524 863 26 15 en
563 858 26 19 86
605 858 57 19 verst
678 855 51 29 läng
741 857 98 28 jernväg,

86 899 46 14 som
150 891 68 22 skulle
233 891 75 21 förena
323 891 49 21 med
386 891 72 21 hafvet
473 893 31 20 ett
518 891 117 21 vidsträckt
649 891 127 28 vattendrag
791 891 49 22 med

86 928 58 19 ännu
169 926 156 21 vidsträcktare
346 925 104 22 tillflöden
472 925 29 28 pä
520 927 30 20 ett
572 924 94 26 område,
693 933 46 14 som
764 925 76 22 inalles

86 962 43 21 kan
144 967 62 15 anses
221 961 108 20 innesluta
344 967 25 14 en
385 960 59 21 areal
454 961 24 20 af
486 960 90 27 ungefär
587 961 77 24 25,000
676 960 91 27 gvadrat
776 963 64 18 verst.

86 996 44 21 Der
140 995 70 21 finnas
221 995 102 27 omätliga
334 995 156 27 skogsmarker,
502 995 82 20 hvilkas
593 994 118 27 produkter
722 994 29 28 pä
761 995 79 21 verlds-

86 1030 134 21 marknaden
234 1029 75 28 tyckas
323 1029 134 21 fortfarande
468 1028 82 22 erhälla
560 1031 30 19 ett
601 1029 97 27 stigande
709 1029 72 26 värde,
792 1036 49 15 men

87 1065 73 20 hvilka
172 1064 48 21 icke
230 1064 73 21 kunna
318 1063 29 28 pä
362 1066 30 19 ett
407 1063 138 28 fördelaktigt
560 1065 44 19 sätt
618 1063 109 22 användas
743 1064 40 21 och
799 1064 41 20 till-

88 1099 127 27 godogöras.
244 1098 43 21 Det
304 1098 43 21 kan
362 1105 53 14 vara
429 1097 60 22 fallet
504 1099 32 19 att
550 1105 50 14 man
615 1097 47 22 icke
676 1097 67 28 vägar
757 1098 84 27 hoppas

87 1133 34 21 för
144 1132 128 21 äkerbruket
294 1132 73 21 alltför
388 1132 89 27 mycken
499 1132 111 21 förkofran
627 1132 7 20 i
654 1132 69 21 denna
742 1132 100 28 nordliga

87 1167 105 26 landsdel,
210 1174 48 14 men
275 1167 35 20 det
325 1167 56 26 goda
398 1166 123 28 inflytande,
537 1173 45 14 som
595 1166 144 27 jernvägarne
753 1167 8 20 i
776 1167 65 20 södra

87 1201 92 21 Finland
196 1201 83 21 utöfvat
297 1200 28 27 pä
340 1200 218 27 ladugärdsskötseln,
574 1200 67 21 skulle
657 1201 108 20 sannolikt
779 1201 63 20 äfven

88 1235 40 21 här
143 1235 66 21 blifva
224 1235 24 20 af
260 1235 80 20 största
355 1235 49 26 vigt.
435 1235 116 26 Sluteligen
562 1234 66 21 skulle
639 1235 62 20 äfven
709 1234 133 27 jernbruken

89 1277 88 14 norrom
191 1269 55 21 Uleä
261 1269 60 21 träsk
336 1269 91 27 bidraga
442 1269 33 20 till
487 1269 128 27 jernvägens
630 1269 69 20 trafik.

159 1302 75 22 Såsom
244 1303 92 21 motskäl
346 1303 42 20 kan
398 1303 8 20 i
416 1303 65 20 saken
492 1303 94 25 anföras,
597 1304 32 19 att
640 1303 106 27 skogarne
755 1303 8 20 i
774 1303 66 27 sagde

90 1337 82 20 trakter
187 1337 64 21 hafva
267 1344 26 13 en
307 1338 86 25 ringare
403 1336 115 27 betydelse,
529 1336 88 21 emedan
629 1337 62 20 deras
702 1336 96 21 ätervext
808 1337 34 20 för

90 1371 108 20 klimatets
214 1370 56 21 skull
285 1371 24 20 är
324 1369 102 27 längsam,
441 1377 49 14 men
506 1369 61 21 deras
583 1371 59 19 stora
656 1370 49 20 vidd
721 1370 42 21 kan
779 1377 62 14 anses

91 1405 59 21 bilda
169 1412 26 14 en
214 1404 89 28 motvigt
322 1406 56 19 emot
398 1406 30 19 ett
445 1403 77 22 sädant
537 1403 83 22 mindre
634 1406 113 25 gynnsamt
761 1403 80 22 förhäl-

91 1440 70 21 lande.
191 1439 51 22 Man
256 1439 43 22 kan
313 1439 73 21 vidare
402 1439 103 21 anmärka
520 1440 32 20 att
566 1438 36 21 det
616 1441 78 25 system
709 1439 35 22 för
758 1439 83 22 bildan-

160 1480 183 21 Jernvägs-Utskottets
354 1479 107 17 betänkande
473 1479 35 17 N:o
520 1479 17 17 2.
