1042 1711
278 141 239 20 Petitionsbetänkande
528 142 37 19 N:o
577 142 35 19 40.

276 368 197 31 Lagutskottets
498 368 164 26 betänkande
683 368 46 26 N:o
750 369 35 30 17,
811 368 10 26 i

243 408 139 31 anledning
395 409 29 24 af
439 410 39 23 ett
490 410 69 35 inom
571 410 189 31 Ridderskapet
773 410 48 25 och

242 449 86 24 Adeln
358 449 147 26 framstäldt
533 451 218 31 petitionsförslag
778 457 43 18 an-

242 490 98 30 gående
350 489 175 26 tillsättandet
534 491 29 24 af
573 499 32 17 en
615 490 207 33 lagberednings-

243 530 105 25 komité.

142 603 81 23 Genom
243 604 196 28 protokollsutdrag
458 606 24 21 af
498 606 41 21 den
558 606 27 22 13
603 606 98 22 sistlidne
719 606 103 22 Februari

72 637 39 22 har
125 638 125 28 Höglofliga
264 640 157 27 Ridderskapet
436 640 39 22 och
490 640 68 22 Adeln
567 640 34 22 till
611 640 150 28 Lagutskottet
771 640 51 21 hän-

72 673 76 27 skjutit
162 674 32 20 ett
209 673 24 21 så
248 674 91 27 lydande
353 674 101 27 petitions
470 675 120 21 memorial:

222 737 57 25 »Till
294 736 105 23 Finlands
413 737 134 28 Ridderskap
563 738 36 22 och
613 738 61 22 Adel.

348 784 96 18 Vördsamt
455 784 96 18 memorial.

141 824 36 18 Det
192 826 19 16 är
228 830 21 12 en
262 824 67 19 erkänd
341 824 76 24 sanning
430 826 28 17 att
469 825 62 18 värdet
543 825 19 18 af
573 825 26 18 ett
611 824 97 24 lagsystem
720 825 52 18 beror
783 824 40 19 icke

72 853 64 18 endast
144 854 20 17 af
170 853 196 23 lagsbetämningarnas
375 854 85 21 innehåll,
468 854 87 18 huruvida
565 854 20 17 de
591 855 90 16 motsvara
687 854 65 17 folkets
758 854 65 22 högsta

73 882 162 18 rättsmedvetande
248 883 32 17 och
296 884 30 17 äro
339 883 68 22 egnade
419 884 29 17 att
459 883 92 23 varaktigt
562 882 83 19 befordra
657 882 39 18 dess
708 883 116 18 kultursträf-

72 911 62 21 vande,
147 912 45 17 utan
202 911 66 23 jemväl
280 911 19 18 af
310 912 93 23 systemets
418 913 48 22 yttre
481 912 114 23 egenskaper,
606 912 146 17 rättssattsernas
764 911 60 18 affatt-

73 941 47 23 ning,
139 940 154 23 ändamålsenliga
311 941 167 23 sammanställning
492 942 32 17 och
539 941 87 21 harmoni,
641 941 44 17 eller
699 941 48 18 hvad
761 945 41 13 man
817 941 7 17 i

73 969 101 18 allmänhet
187 969 97 18 betecknar
295 969 41 18 med
352 971 93 22 systemets
460 970 50 19 form.
533 970 26 18 På
571 969 52 19 dessa
631 969 74 18 formela
714 969 109 24 egenskaper

73 999 52 17 beror
136 998 88 23 nemligen
237 999 6 17 i
255 999 39 17 icke
306 999 52 22 ringa
369 999 45 22 grad
424 999 89 18 huruvida
524 999 53 23 lagen
589 999 47 18 skall
648 999 7 17 i
667 999 78 22 egentlig
753 999 71 22 mening

73 1028 55 17 varda
136 1033 22 12 en
169 1027 65 18 folkets
244 1027 84 23 egendom
337 1027 33 18 och
378 1028 20 17 af
405 1027 50 18 detta
463 1028 40 18 med
510 1028 63 17 kärlek
581 1028 33 18 och
622 1027 101 18 förtroende
732 1027 91 18 omfattas.

141 1057 35 17 För
192 1056 115 23 framgången
324 1056 18 18 af
357 1056 33 19 den
405 1057 118 21 verksamhet,
535 1062 38 13 som
584 1057 33 18 har
629 1057 30 17 till
670 1057 28 17 sin
710 1055 72 24 uppgift
794 1056 28 18 att

74 1091 62 18 genom
149 1085 86 18 stiftande
249 1085 19 18 af
279 1091 23 18 ny
311 1086 43 17 eller
362 1086 76 23 ändring
446 1086 20 17 af
472 1086 77 23 gammal
557 1086 31 23 lag
597 1085 55 18 ordna
661 1085 160 21 samhällsskicket,

74 1117 20 16 är
108 1115 32 18 det
154 1114 68 19 derföre
238 1115 20 17 af
271 1115 39 22 vigt
322 1115 28 17 att
362 1114 33 19 den
407 1115 65 22 högsta
484 1120 69 17 omsorg
565 1119 54 19 egnas
631 1114 39 17 icke
681 1114 49 18 blott
742 1113 19 18 åt
773 1114 48 17 inne-

73 1144 58 17 hållet
146 1144 44 17 utan
206 1143 51 17 äfven
274 1142 19 18 åt
308 1143 68 18 formen
387 1144 47 17 samt
446 1144 28 17 att
486 1149 22 12 en
519 1143 75 23 lemplig
605 1143 104 17 samverkan
721 1142 101 19 åstadkom-

73 1178 37 12 mes
126 1172 67 18 mellan
208 1172 22 18 de
245 1172 132 18 intellektuella
388 1172 69 18 krafter
469 1172 33 18 och
514 1172 33 18 den
559 1171 102 24 begåfning,
673 1171 116 19 hvarförutan
798 1172 27 17 ett

74 1202 6 17 i
93 1201 87 18 hvardera
191 1201 109 17 bänseendet
312 1200 44 24 godt
367 1201 76 18 resultat
455 1201 39 18 icke
505 1201 35 17 kan
553 1201 68 18 vinnas.
645 1200 9 18 I
662 1200 69 18 folkens
739 1200 86 23 tidigaste

74 1230 145 22 kulturperioder
236 1230 51 17 sökes
306 1230 57 18 denna
380 1230 81 22 förening
480 1230 19 18 af
516 1229 72 24 andliga
602 1229 63 23 gåfvor
679 1230 33 17 hos
727 1228 98 19 individen.

74 1259 70 23 Lagens
158 1258 81 18 innehåll
254 1259 88 22 upptages
358 1264 20 12 ur
393 1258 166 18 folkmedvedandet
575 1258 32 18 och
624 1258 70 21 formas,
711 1258 38 18 ofta
763 1258 6 18 i
784 1264 41 17 poe-

74 1288 37 17 tisk
124 1287 57 23 drägt,
195 1287 19 18 af
224 1287 110 23 inspirerade
346 1288 36 18 vise
395 1287 33 18 och
441 1288 51 18 siare.

142 1316 42 18 Men
200 1316 20 24 ju
236 1316 59 18 rikare
314 1316 32 18 och
364 1316 131 24 mångsidigare
514 1316 94 19 samhället
620 1316 92 18 utvecklar
727 1316 32 24 sig,
776 1316 49 18 desto

75 1345 103 22 omöjligare
190 1344 37 18 blir
238 1344 31 18 det
280 1345 28 16 att
320 1345 32 16 hos
365 1344 85 21 enskilde,
462 1350 29 12 om
503 1346 22 16 än
534 1345 58 22 aldrig
600 1344 20 17 så
628 1345 45 21 högt
681 1344 98 22 begåfvade
787 1350 39 16 per-

75 1378 51 13 soner
143 1373 57 17 räkna
219 1372 23 23 på
257 1373 34 17 den
306 1372 111 18 omfattande
432 1372 57 23 insigt
504 1372 33 18 och
551 1372 129 23 formgifvande
695 1372 86 23 förmåga,
799 1373 28 17 att

76 1402 159 23 lagstiftarekallet
246 1402 58 17 skulle
317 1401 11 17 å
339 1401 66 18 folkets
416 1402 68 22 vägnar
495 1402 60 18 kunna
566 1402 7 17 i
585 1400 55 19 sådan
654 1401 108 23 omfattning
775 1400 20 19 åt
802 1407 21 11 en

76 1430 107 24 uppdragas.
207 1429 28 18 Då
246 1429 75 24 uppstår
334 1429 154 24 nödvändigheten
501 1429 19 18 af
530 1431 26 17 ett
568 1430 98 18 samarbete
679 1430 32 17 och
723 1435 22 13 en
754 1429 70 24 organi-

78 1459 58 18 sation
149 1459 27 18 för
189 1459 107 18 ändamålet.
316 1459 66 23 Lagen,
395 1459 54 18 alltid
461 1459 29 18 till
503 1459 32 18 sitt
544 1458 80 19 innehåll
633 1459 26 18 ett
666 1459 71 22 uttryck
745 1459 28 18 för
780 1457 48 20 hvad

146 1501 123 22 Lagutskottets
280 1500 104 18 betänkande
396 1500 34 18 N:o
442 1500 28 17 17.
