1042 1709
231 122 320 28 Petitionsbetänkande
567 121 49 23 N:o
632 121 52 21 20.
786 122 12 19 3

161 186 82 21 landets
259 187 66 27 begge
341 188 108 21 inhemska
465 188 113 27 tungomål,
596 188 46 20 med
658 188 148 26 upphäfvande
819 187 23 21 af

161 221 64 20 första
246 224 113 18 momentet
379 222 23 20 af
411 223 81 25 nådiga
507 223 140 25 kungörelsen
663 222 23 20 af
700 223 39 19 den
756 223 26 19 30
798 222 41 19 No-

160 256 84 19 vember
267 256 59 25 1871,
350 256 240 26 språkundervisningen
609 256 28 26 på
656 256 109 26 lyceernas
780 256 60 26 lägre

159 289 80 19 klasser
257 290 68 20 skulle
341 290 88 20 omfatta
443 290 76 23 endast
534 290 26 20 de
577 290 67 26 begge
658 290 110 20 inhemska
783 290 56 25 språ-

159 324 47 25 ken,
222 323 38 20 och
277 324 97 20 eleverne
390 324 73 20 dervid
477 324 107 26 bibringas
595 324 64 20 sådan
672 324 120 26 färdighet
785 319 14 35 i
805 324 35 20 det

159 357 23 19 af
202 357 60 20 dessa
285 358 70 26 språk,
377 364 44 13 som
442 358 46 20 icke
509 359 60 25 utgör
585 358 61 19 deras
661 357 132 26 modersmål,
809 360 31 17 att

158 391 175 27 undervisningen
352 392 28 26 på
399 399 79 13 samma
493 392 61 26 språk
571 392 33 20 må
620 392 72 20 kunna
707 392 27 26 på
750 392 25 19 de
791 391 47 20 full-

157 425 97 27 ständiga
270 426 109 26 lyceernas
394 426 65 26 högre
474 426 81 20 klasser
570 426 107 20 meddelas
692 426 7 19 i
710 432 25 14 en
747 425 33 21 del
792 425 46 21 här-

157 459 31 21 för
203 460 81 26 egnade
300 463 81 22 ämnen,
397 460 107 20 äfvensom
520 462 36 18 att,
571 460 6 20 i
589 460 52 26 följd
653 460 65 24 deraf,
729 460 109 26 läsningen

156 494 24 20 af
193 494 128 20 fremmande
337 494 63 26 språk
413 494 64 20 måtte
487 495 7 19 i
505 494 99 27 lyceerna
614 494 86 26 vidtaga
710 494 52 20 först
772 495 65 19 sedan

156 528 146 20 kännedomen
324 529 6 19 i
347 528 35 20 det
397 529 66 19 andra
478 522 108 27 inhemska
601 528 131 27 tungomålot
748 528 68 20 blifvit
830 528 7 20 i

156 562 25 20 de
197 562 58 27 lägre
270 563 109 20 klasserna
395 563 150 26 erforderligen
561 562 125 27 grundlagd.

155 597 136 20 Hedervärda
313 597 206 20 Bondeståndet
541 597 98 27 slutligen
654 597 38 19 har
708 597 31 20 för
754 597 32 20 sin
802 596 34 21 del

86 632 104 20 förkastat
206 633 117 19 momenten
339 631 24 27 a)
379 631 38 20 och
434 630 21 27 b)
471 632 23 20 af
507 631 113 20 Allmänna
634 631 202 21 Besvärsutskottets

86 666 140 21 betänkande.

154 734 157 21 Ofvanstående
334 734 194 27 sammanställning
550 734 66 27 gifver
641 734 33 20 vid
695 734 91 27 handen,
804 736 31 18 att

86 773 30 17 tre
138 769 66 21 Stånd
221 770 52 19 varit
289 776 48 13 ense
353 776 33 13 om
402 770 28 18 att
448 769 5 19 i
469 769 71 26 temlig
557 768 215 21 öfverensstämmelse
788 769 45 20 med

85 804 118 20 Utskottets
218 805 91 18 moment
325 804 24 27 a)
365 803 37 20 hos
418 803 57 20 Hans
491 803 115 27 Kejserliga
615 803 98 26 Majestät
724 802 110 21 framhålla

84 838 146 27 önskligheten
251 838 39 19 och
309 838 70 27 vigten
400 837 23 20 af
437 840 29 17 att
481 838 99 20 eleverna
595 837 34 20 vid
646 837 82 20 landets
744 837 88 20 elemen-

84 873 129 21 tarläroverk
235 879 58 14 mera
314 876 25 16 än
356 872 81 20 härtills
452 873 68 21 skulle
536 872 62 20 vinna
615 872 94 26 förmåga
724 874 30 18 att
769 872 65 20 förstå

83 910 53 18 samt
152 908 6 19 i
175 908 29 19 tal
220 907 39 20 och
275 907 60 19 skrift
351 907 96 26 begagna
462 907 81 19 landets
559 906 66 20 andra
639 906 109 20 inhemska
759 908 72 24 tungo-

83 942 49 26 mål,
152 942 39 20 och
211 942 59 19 torde
291 941 34 23 vid
341 941 76 20 sådant
432 941 132 20 förhållande
580 941 68 20 denna
663 941 67 26 punkt
745 941 64 20 redan
823 941 7 19 i

83 976 56 20 kraft
160 976 23 20 af
199 978 30 18 tre
249 976 76 20 Stånds
345 976 156 26 samstämmiga
516 976 84 26 mening
616 975 51 20 böra
682 976 29 19 uti
728 976 39 20 den
784 974 46 21 blif-

83 1011 68 20 vande
173 1010 199 26 ständerpetitionen
395 1010 56 26 ingå.
489 1010 40 31 Till
550 1010 106 19 vinnande
676 1010 24 19 af
712 1009 119 27 fullkomlig

82 1046 85 26 enighet
183 1045 31 20 får
230 1045 54 19 dock
300 1044 113 20 Allmänna
428 1044 200 20 Besvärs-utskottet
642 1044 28 25 på
685 1050 79 14 samma
774 1044 56 26 gång

80 1080 38 20 hos
128 1079 137 21 Hedervärda
276 1078 159 20 Bondeståndet
445 1078 117 23 hemställa,
573 1078 103 19 huruvida
686 1078 47 20 icke
742 1078 88 20 Ståndet

82 1113 49 21 ville
150 1114 54 19 afstå
219 1112 44 20 från
280 1113 35 19 sitt
330 1112 6 19 i
353 1112 64 20 saken
433 1112 55 19 förut
503 1112 81 20 fattade
600 1111 67 20 beslut
682 1114 54 17 samt
751 1111 32 20 för
798 1112 31 20 sin

81 1148 33 20 del
130 1148 113 26 godkänna
258 1146 116 20 innehållet
389 1146 23 20 af
426 1147 113 19 momentet
554 1146 24 26 a)
593 1145 65 26 enligt
674 1146 40 20 den
730 1152 43 20 nya
788 1145 40 21 for-

80 1183 102 25 mulering
198 1181 107 20 Utskottet
319 1181 59 19 deråt
393 1180 68 20 nedan
478 1181 37 19 har
530 1180 66 26 gifvit.

147 1216 47 19 Med
211 1215 119 20 hänseende
346 1214 31 20 till
393 1216 114 18 momentet
517 1213 22 28 b)
550 1213 112 26 föreligger
672 1214 94 19 deremot
776 1213 50 20 vida

79 1253 66 18 större
167 1250 144 26 skiljaktighet
332 1249 6 19 i
359 1248 103 20 Ståndens
479 1248 73 26 beslut.
582 1247 75 20 Medan
673 1247 154 27 Ridderskapet

79 1285 39 21 och
134 1284 68 20 Adeln
219 1286 52 17 samt
286 1282 177 27 Borgareståndet
473 1283 6 18 i
490 1281 150 26 hufvudsaklig
650 1281 98 20 inbördes
759 1281 66 20 öfver-

77 1318 156 22 ensstämmelse
249 1317 88 20 anhållit
352 1323 33 13 om
401 1316 88 26 ändring
505 1316 23 20 af
540 1322 27 13 nu
579 1315 99 26 gällande
689 1315 136 24 föreskrifter,

75 1360 7 19 i
106 1352 54 26 syfte
183 1352 30 18 att
233 1351 78 19 studiet
331 1350 23 19 af
369 1349 92 21 latinska
476 1350 39 19 och
530 1349 63 25 ryska
608 1348 89 26 språken
713 1348 64 20 måtte
793 1348 32 19 till

75 1388 66 25 högre
156 1385 56 19 klass
228 1384 128 26 uppskjutas,
373 1383 107 19 äfvensom
497 1383 35 19 det
544 1382 65 19 andra
621 1381 109 20 inhemska
740 1381 85 26 språket

76 1420 111 21 framdeles
203 1419 28 19 uti
248 1425 24 13 en
289 1418 33 19 del
340 1417 69 20 dertill
425 1417 81 25 egnade
522 1420 74 16 ämnen
614 1416 105 26 begagnas
734 1415 28 27 på
776 1415 47 20 sko-

74 1456 47 20 lans
141 1454 74 26 högsta
228 1452 81 20 klasser
325 1452 67 20 såsom
407 1450 229 26 undervisningsspråk,
652 1449 64 20 hafva
731 1449 93 20 deremot

143 1493 74 23 Bihang
230 1492 29 18 till
270 1491 103 19 Allmänna
383 1490 183 19 Besvärs-utskottets
579 1488 111 20 betänkande
701 1488 37 19 N:o
750 1488 27 20 17,
