1039 1706
260 146 277 23 Petitionsbetänkande
552 146 98 22 N:o:25.
784 145 14 18 9

82 204 159 28 (Öfversättning.)

129 244 243 22 yPetitionsmemorial
388 244 37 17 till
442 243 145 17 Hedervärda
599 242 176 18 Bondeständet.

150 278 44 18 Alla
206 279 90 17 tänkande
308 278 56 18 bland
376 278 39 18 värt
427 278 51 17 lands
491 278 59 17 finska
561 277 72 18 talande
644 276 86 18 invänare
742 276 50 18 torde
798 276 29 17 väl

82 308 6 16 i
101 308 30 16 sitt
141 307 58 23 hjerta
211 308 44 16 känt
267 312 21 12 en
302 308 54 16 bitter
367 307 34 17 och
413 307 95 21 gnagande
520 308 73 19 smärta,
607 305 22 18 dä
641 306 23 16 de
676 306 55 17 tänka
742 305 29 23 pä,
782 305 47 17 huru

82 335 39 18 vårt
133 335 55 23 språk
200 336 55 16 redan
267 336 57 17 under
336 335 126 18 århundraden
470 336 46 16 varit
525 334 87 23 förtryckt
618 334 34 18 och
658 334 110 18 finskhetens
775 334 53 16 fram-

82 367 39 20 steg
139 365 6 17 i
163 364 40 18 värt
220 365 44 17 kära
280 364 128 18 fädernesland
426 365 47 17 varit
488 364 119 18 förhindradt.
633 364 35 17 För
680 364 33 16 den
727 363 47 17 skull
786 368 43 12 vore

83 394 38 17 min
139 394 88 22 ödmjuka
241 394 91 20 anhällan,
346 395 26 16 att
383 394 59 17 finska
453 392 112 24 tungomälet
577 392 38 18 frän
628 393 31 17 sitt
671 392 111 18 närvarande
794 392 35 17 för-

83 423 93 22 trampade
192 422 40 23 läge
244 422 58 18 skulle
315 422 51 23 höjas
378 422 28 18 till
418 422 74 18 officielt
504 421 54 24 språk
569 422 7 18 i
588 422 36 17 alla
635 421 122 17 häradsrätter
768 420 24 24 pä
802 426 27 12 or-

82 453 33 20 ter,
129 452 32 17 der
173 452 59 17 finska
244 451 73 24 spräket
329 453 20 16 är
360 451 86 22 rädande,
460 451 20 18 sä
492 453 25 16 att
529 451 30 18 det
571 451 58 17 blefve
642 451 96 17 domarene
749 451 80 22 stjenste-

84 481 104 22 skyldighet
206 483 26 15 att
249 481 27 17 till
294 481 135 17 vederbörande
445 481 86 22 sakegare
548 480 69 22 utgifva
629 480 35 17 alla
676 480 108 22 handlingar
795 479 34 18 och

82 510 112 23 protokoller
212 509 23 24 pä
253 510 59 17 finska
327 509 73 23 spräket
411 511 43 16 utan
466 509 78 18 särskild
557 509 85 22 begäran.
667 509 36 17 Det
715 511 20 15 är
745 509 84 22 nogsamt

82 539 73 20 bekant,
169 541 26 15 att
206 539 22 16 de
241 539 49 17 äldre
302 539 97 17 domarene
410 539 7 17 i
429 538 39 18 värt
479 539 44 17 land
534 539 101 17 motarbeta
646 538 54 22 detta,
714 538 20 17 af
743 538 54 17 orsak
804 539 26 16 att

83 568 22 17 de
116 568 40 17 icke
169 569 31 16 äro
212 568 106 22 tillräckligt
329 568 137 17 hemmastadda
477 569 7 16 i
496 567 59 18 finska
568 567 78 23 spräket.
665 567 40 17 Men
719 567 30 18 det
760 567 69 17 kännes

82 597 61 17 bittert
161 597 35 17 och
214 597 72 22 obilligt
304 599 25 14 att
347 597 28 17 för
393 597 53 17 dessa
463 596 19 17 få
498 601 94 18 personers
605 596 54 21 skull,
672 596 63 17 hvilka
746 595 40 18 icke
798 597 31 16 äro

69 623 3 4 *
82 625 38 18 värt
133 625 54 23 spräk
200 625 87 22 mäktige,
300 625 86 18 Finlands
398 625 39 18 folk
449 625 51 18 alltid
513 625 47 18 skall
568 630 43 13 vara
617 626 24 16 ett
647 624 112 18 främmande
766 624 63 23 spräks

82 654 39 22 träl,
135 653 79 18 särdeles
228 653 22 18 då
262 654 30 17 det
304 659 24 12 nu
340 654 56 17 redan
407 655 26 16 uti
446 654 36 17 alla
495 654 98 22 domsagor
605 654 57 17 finnes
675 653 105 22 tillräckligt
791 653 38 17 vice

82 683 169 22 häradshöfdingar,
264 688 40 12 som
316 683 66 17 besitta
394 683 98 22 tillräcklig
504 683 83 22 kunskap
599 683 6 16 i
618 683 59 16 finska
689 682 78 23 spräket.
792 683 37 16 Min

81 712 87 22 ödmjuka
186 712 78 21 begäran
283 717 49 16 vore,
351 713 25 16 att
387 711 116 18 Hedervärda
515 711 135 18 Bondeständet
661 711 59 17 skulle
732 711 97 22 godkänna

82 741 41 16 mitt
134 739 69 23 förslag
214 740 33 17 och
260 740 57 17 sända
329 740 100 17 detsamma
440 740 28 17 till
480 739 135 18 vederbörande
628 739 68 18 utskoit
708 741 25 16 att
742 739 87 23 granskas

81 769 34 17 och
128 769 27 17 till
168 769 48 16 Hans
228 768 102 23 Kejserliga
342 769 88 22 Majestät,
442 768 34 18 vär
484 768 99 23 regerande
590 768 97 17 Storfurste
693 770 26 16 att
725 768 103 18 stadfästas.

151 797 113 22 Helsingfors
277 797 35 18 den
324 797 10 18 6
347 797 87 18 Februari
446 797 51 18 1877.

594 826 61 18 Anton
668 826 94 19 Mäkelä.

83 891 159 26 (Öfversättning.)

190 935 99 22 vAktade
305 935 101 23 Talman,
420 936 144 17 Hedervärda
576 936 149 18 Bondeständ.

149 969 31 18 Då
191 969 39 18 vårt
242 970 52 17 lands
304 971 119 22 jernvägsnät
434 971 110 17 fortfarande
556 971 99 17 utsträckes
667 971 42 17 med
715 976 36 17 nya
757 970 74 18 maskor

81 999 35 18 och
134 999 102 22 dymedelst
254 1005 36 16 nya
307 1000 173 22 föreningspunkter
497 1000 27 17 tid
539 1001 44 16 efter
595 1005 59 12 annan
665 1000 72 23 uppstå,
751 1001 36 17 blir
798 1000 33 19 allt

81 1030 57 16 större
150 1028 126 23 noggrannhet
288 1029 20 16 af
317 1028 60 18 nöden
389 1029 29 17 för
430 1029 47 22 dem,
491 1035 40 12 som
543 1029 83 23 begagna
635 1029 53 18 dessa
697 1032 64 21 vägar,
771 1031 60 18 derest

82 1063 41 12 man
136 1057 31 17 vill
180 1057 24 17 nå
216 1057 27 17 sin
256 1063 49 11 resas
317 1056 42 19 mål.
384 1057 42 18 Men
437 1063 31 12 om
480 1058 22 17 de
514 1058 75 18 resande
601 1059 15 22 ej
630 1058 53 18 hafva
696 1059 27 16 till
735 1059 58 18 hands
800 1060 29 17 be-

82 1086 78 23 gripliga
178 1087 122 22 anvisningar,
321 1086 34 18 och
370 1087 231 22 jernvägstjenstemännen
617 1087 34 18 och
663 1088 115 22 betjeningen
790 1089 40 17 icke

81 1115 103 23 förpligtats
202 1117 26 16 att
245 1115 109 18 åtminstone
369 1115 30 18 vid
412 1116 195 23 föreningspunkterna
619 1117 50 22 gifva
680 1117 102 23 begripliga
794 1118 35 17 för-

81 1145 99 22 klaringar,
199 1146 12 16 t.
229 1150 27 11 ex.
270 1145 47 16 huru
330 1145 52 22 länge
395 1147 25 15 ett
431 1145 31 22 tåg
475 1145 60 23 dröjer
546 1145 31 18 vid
589 1146 96 21 stationen,
699 1146 33 17 och
745 1146 27 17 till
785 1146 44 18 hvil-

82 1174 35 17 ken
132 1174 42 17 stad
186 1173 30 18 det
228 1179 33 12 ena
273 1174 43 17 eller
328 1174 56 17 andra
396 1173 49 23 tåget
457 1174 38 22 går,
508 1175 45 22 följa
564 1175 55 17 bäraf
628 1175 84 22 ständiga
723 1176 106 17 förvecklin-

81 1207 33 18 gar
132 1201 48 19 både
198 1203 30 16 vid
246 1208 124 17 passagerare-
385 1203 34 17 och
431 1203 105 22 godstrafik.
562 1203 69 18 Största
643 1204 52 17 delen
707 1205 75 18 resande
794 1205 36 18 kan

82 1232 15 22 ej
116 1231 57 18 heller
190 1231 18 18 få
220 1231 60 22 någon
292 1231 74 23 ledning
378 1232 20 17 af
409 1232 21 17 de
443 1231 24 23 på
478 1233 144 17 stationshusens
635 1233 63 18 dörrar
709 1234 78 18 varande
800 1240 30 11 an-

81 1261 94 22 visningar
187 1261 43 16 eller
242 1261 20 16 af
274 1261 58 22 öfriga
344 1260 92 23 behöfliga
448 1261 70 22 anslag,
531 1261 62 18 hvilka
605 1264 84 20 nogsamt
701 1263 56 17 finnas
771 1263 23 22 på
800 1268 30 12 an-

83 1289 32 17 dra
133 1289 55 22 språk:
206 1291 49 15 utom
274 1289 24 22 på
314 1290 29 16 det
355 1290 65 17 finska.
445 1289 38 18 Och
496 1289 23 18 då
531 1290 58 17 finska
601 1290 73 22 språket
685 1291 90 18 förkofras
788 1291 43 18 eller

81 1317 109 18 åtminstone
202 1318 61 17 borde
270 1318 112 17 fortfarande
393 1318 91 17 förkofras
496 1319 50 17 inom
559 1318 36 18 alla
606 1319 93 22 offentliga
710 1320 121 23 inrättningar

81 1346 34 17 och
127 1346 50 21 verk,
191 1346 58 17 skulle
262 1346 30 17 det
301 1346 69 21 jemväl
382 1351 42 12 vara
436 1346 67 21 billigt,
517 1348 26 15 att
555 1347 40 16 med
607 1347 74 21 hänsigt
692 1347 28 17 till
732 1353 22 12 en
763 1348 25 17 för
797 1348 33 17 fol-

81 1374 30 17 ket
123 1373 21 18 så
155 1374 59 22 vigtig
224 1375 106 20 inrättning,
344 1379 40 12 som
395 1374 100 22 jernvägen
507 1374 41 17 med
561 1374 41 18 dess
615 1375 149 22 tjenstepersonal
771 1378 58 21 utgör,

81 1403 58 18 tidens
152 1402 102 23 fordringar
266 1402 34 17 och
313 1408 22 11 en
348 1402 52 22 billig
412 1402 120 23 likställighet
544 1402 55 19 måtte
610 1403 54 23 följas
677 1404 109 18 beträffande
799 1405 31 17 fin-

81 1432 34 17 ska
127 1431 78 24 språket.
230 1432 35 22 Jag
277 1432 56 22 vågar
344 1431 70 18 således
427 1431 33 18 hos
473 1432 116 18 Hedervärda
601 1433 74 18 Ståndet
687 1433 72 23 föreslå,
773 1436 26 16 att
809 1440 22 12 en

82 1461 75 23 petition
169 1461 59 18 skulle
240 1461 27 18 till
280 1461 49 18 Hans
342 1461 84 23 Majestät
437 1461 109 18 framställas
559 1462 68 22 derom,

152 1501 100 18 Allmänna
265 1501 179 18 Besvärsutskottets
456 1503 115 17 betänkande
583 1503 36 18 N:o
633 1503 31 18 18.
