1053 1706
229 174 27 21 14
359 167 322 25 Petitiousbetänkanvde
698 165 49 20 N:o
763 164 48 20 50.

201 248 26 13 en
249 237 91 23 revision
361 236 24 22 af
403 235 157 28 lagstiftningen
582 233 8 21 i
611 232 136 22 förevarande
769 230 97 22 afseende
881 228 62 23 erfor

200 274 71 28 derlig.

268 307 12 21 I
295 308 27 19 bn
335 304 97 30 pröfning
447 303 23 22 af
483 303 40 21 den
538 302 99 28 riktning,
652 302 87 22 hvilken
749 310 30 20 ny
792 301 130 29 lagstiftning
936 302 8 21 i

201 342 70 21 ämnet
292 340 63 22 borde
377 338 59 26 inslä,
459 338 38 21 har
519 337 103 22 utskottet
644 336 18 28 ej
685 338 68 20 ansett
772 336 31 28 sig
825 337 49 21 böra
888 336 55 28 ingä.

201 375 123 29 Uppenbart
338 378 23 17 är
375 374 31 20 att
423 372 113 28 begreppet
557 371 67 28 förlag
637 371 8 21 i
660 371 40 21 den
722 370 55 22 förra
798 370 112 30 meningen
926 371 22 34 ej

201 409 71 22 vidare
289 408 64 22 borde
373 407 85 21 komma
472 406 8 21 i
494 406 64 28 fråga.
573 408 1 2 '
587 404 180 28 Näringsidkaren
789 407 87 20 emottar
890 406 55 21 helst

201 443 88 28 förlaget
302 442 8 21 i
324 442 51 21 reda
387 440 128 29 penningar,
526 440 38 21 och
578 439 134 29 kapitalisten
727 444 22 17 är
759 439 46 22 icke
815 447 57 14 mera
887 441 59 20 tvun-

201 485 40 21 gen
256 479 36 23 att,
308 484 35 13 om
356 476 42 21 han
412 474 38 23 vill
468 479 50 23 göra
537 475 32 21 sin
588 473 143 28 förmögenhet
750 473 148 24 fruktbärande
914 483 32 20 ge

201 520 50 13 nom
265 513 31 20 att
309 511 78 21 insätta
401 509 121 22 densamma
536 509 8 20 i
559 516 26 13 en
599 509 89 20 lönande
703 508 57 26 affär,
776 509 65 22 inläta
855 509 31 30 sig
896 510 9 21 i
916 512 30 19 ett

201 545 133 30 förlagsaftal.
363 543 170 30 Lagstiftningen
555 551 34 14 om
610 543 191 29 kommanditbolag
818 544 38 22 har
870 553 29 13 nu
914 545 33 21 be-

201 581 47 22 redt
261 581 78 20 honom
354 586 25 13 en
394 577 49 23 vida
458 578 84 21 enklare
557 578 39 21 och
610 577 126 29 naturligare
747 580 64 27 utväg
821 578 75 22 dertill.
914 579 33 22 Ur

203 615 67 22 denna
285 612 107 30 synpunkt
407 613 67 21 skulle
489 612 35 22 det
539 611 79 22 således
633 612 32 21 till
680 612 39 21 och
733 613 49 21 med
796 613 72 22 kunna
883 615 63 20 sättas

202 650 8 21 i
224 649 58 28 fräga
295 647 105 22 huruvida
415 649 29 20 ett
459 647 73 22 sädant
546 647 89 25 institut,
644 655 45 14 som
703 647 36 22 det
752 647 142 27 förevarande,
911 656 36 13 ens

203 684 7 20 i
224 691 26 13 en
272 690 69 14 annan
362 681 54 22 form
437 681 63 22 borde
516 681 72 22 vidare
596 677 10 37 i
624 681 158 29 lagstiftningen
803 681 120 27 bibehällas,
940 682 6 21 i

203 717 114 29 synnerhet
331 723 44 15 som
390 716 35 21 det
433 716 87 21 innebär
535 715 40 22 den
586 715 129 29 väsendtliga
731 715 100 23 afvikelse
846 716 46 22 frän
906 717 41 28 gäl-

203 751 61 22 lande
286 750 130 29 lagstiftning
430 750 7 21 i
453 749 67 29 öfrigt,
536 752 30 19 att
580 749 77 28 bevilja
678 752 93 26 panträtt
785 751 8 20 i
808 751 138 28 lösegendom,

203 793 45 14 som
262 787 85 20 stannar
361 785 8 20 i
383 784 136 28 gäldenärens
535 783 65 29 värjo.
624 784 50 21 Men
690 783 25 22 då
731 784 34 22 det
781 785 54 22 visat
849 785 31 28 sig
895 787 31 20 att
940 785 6 21 i

203 819 58 28 fräga
276 818 90 23 varande
382 821 62 26 utväg
459 818 75 21 anlitas
549 818 39 21 och
602 818 36 21 det
651 820 52 19 utan
718 818 75 22 tvifvel
807 819 73 21 länder
889 819 59 22 indu-

204 853 52 22 strin
270 853 33 22 till
323 852 89 22 fromma
433 854 31 19 att
485 851 127 22 ätminstone
628 860 25 13 en
668 852 33 21 del
716 852 23 21 af
752 853 41 21 den
808 853 88 28 dyrbara
910 853 38 22 för-

204 888 117 28 mögenhet,
337 894 44 14 som
395 886 66 28 ligger
476 886 90 28 nedlagd
579 885 8 22 i
596 886 107 21 maskiner
713 886 39 22 och
762 887 134 26 inventarier,
907 887 41 22 kan

203 929 75 21 genom
292 921 98 27 belåning
404 924 59 24 göras
478 920 69 28 rörlig,
563 928 61 13 anser
638 921 101 21 utskottet
750 920 35 22 det
799 929 49 13 vara
858 921 46 22 skäl
919 924 30 19 att

204 955 72 29 frågan
291 955 95 21 kommer
401 954 66 22 under
482 959 95 17 närmare
592 954 102 28 pröfning.

271 989 66 22 Hvad
350 988 45 22 åter
409 988 98 22 beträffar
524 988 40 22 den
579 988 23 22 af
620 988 138 28 petitionären
773 988 8 22 i
796 990 63 21 slutet
873 989 24 22 af
909 998 40 13 me

204 1024 96 21 morialet
320 1023 87 22 berörda
429 1022 73 28 frågan
519 1022 105 22 huruvida
642 1022 18 28 ej
676 1022 21 22 ät
711 1022 238 29 inteckningsinstitutet

205 1058 70 22 kunde
297 1057 67 29 gifvas
379 1058 40 20 den
441 1057 150 28 utsträckning,
615 1058 30 20 att
664 1057 119 29 derigenom
805 1058 145 28 hypoteksrätt

205 1093 68 21 skulle
288 1092 72 21 kunna
374 1092 74 21 vinnas
461 1091 79 28 jemväl
555 1091 7 21 i
580 1091 74 28 fartyg,
673 1099 60 13 anser
751 1091 102 22 utskottet
872 1093 30 20 att
917 1100 33 20 pe

205 1126 72 22 tionen
299 1134 75 20 genom
389 1126 45 21 dess
457 1126 112 21 affattande
584 1126 8 20 i
607 1125 92 28 enlighet
720 1126 87 21 härmed
822 1126 83 21 komme
920 1127 31 20 att

206 1160 72 21 beröra
295 1160 62 21 äfven
375 1161 30 20 ett
429 1162 63 19 annat
507 1164 67 21 ämne,
592 1164 27 16 än
636 1160 35 20 det
685 1160 24 21 af
721 1160 139 28 petitionären
882 1162 69 26 egent-

206 1194 56 29 ligen
276 1194 91 26 afsedda,
383 1194 38 21 och
436 1201 44 14 som
495 1194 104 22 dessutom
614 1194 47 21 icke
671 1194 42 22 står
723 1194 48 22 med
785 1194 57 22 detta
855 1201 74 15 senare
943 1194 8 21 i

205 1228 128 28 nödvändigt
355 1228 155 28 sammanhang.
544 1228 12 20 I
576 1228 135 21 betraktande
734 1228 65 25 häraf,
819 1229 39 20 och
873 1228 26 22 då
913 1228 38 21 frä-

206 1269 40 20 gan
261 1269 34 14 om
317 1262 156 20 förmonsrätter
487 1261 7 20 i
508 1260 70 28 fartyg
594 1260 85 28 nyligen
694 1261 55 22 varit
763 1260 87 22 föremäl
864 1261 32 22 för
910 1263 41 27 lag-

206 1294 179 29 stiftningsätgärd
400 1294 7 21 i
416 1294 98 25 Finland,
530 1296 54 20 samt
598 1294 35 22 det
643 1294 8 21 i
661 1302 26 13 en
702 1294 34 22 del
745 1295 111 22 utländska
866 1296 86 28 lagstift-

207 1330 73 28 ningar
290 1329 82 22 införda
387 1337 15 13 s.
418 1329 19 21 k.
454 1328 105 22 maritima
566 1329 121 29 hypoteket,
705 1330 67 22 säsom
780 1329 62 23 äfven
849 1330 33 22 uti
893 1330 59 23 dessa

207 1364 23 22 af
242 1363 151 30 jemförelsevis
408 1371 64 21 nyare
494 1363 78 27 datum,
590 1364 46 21 icke
651 1368 57 17 ännu
722 1364 43 22 kan
780 1373 59 13 anses
854 1373 50 15 vara
918 1366 33 22 till

207 1399 45 22 sina
262 1398 127 29 verkningar
398 1398 12 22 å
420 1398 161 22 rederirörelsen
595 1398 23 22 af
626 1398 145 23 erfarenheten
786 1399 49 23 fullt
848 1400 103 29 pröfvadt,

206 1434 39 21 har
259 1433 102 22 utskottet
382 1434 50 20 trott
449 1432 31 29 sig
494 1433 56 26 böra,
565 1435 52 20 utan
631 1435 30 20 att
676 1434 86 21 dermed
776 1434 51 29 vilja
841 1435 66 22 uttala
922 1435 31 29 sig

209 1470 55 19 emot
277 1467 159 29 gagneligheten
450 1467 24 22 af
486 1475 27 14 en
527 1468 39 27 lag,
582 1475 44 14 som
641 1468 68 21 skulle
724 1469 122 28 möjliggöra
855 1469 98 28 belåning

276 1507 137 24 Lagutskottets
425 1507 112 19 betänkande
548 1507 37 19 N:o
596 1509 28 18 21.
