1042 1709
252 148 318 20 Petitionsbetänkande
585 148 47 21 N:o
647 149 27 20 6.
792 146 11 18 5

92 216 28 19 tid
144 216 86 20 förenad
253 216 47 20 med
323 216 103 27 störingar
448 217 7 19 i
473 217 145 25 intelligensen
638 216 40 20 och
693 215 63 20 oftast
772 214 60 20 äfven

92 250 47 20 med
155 257 43 13 mer
213 250 51 20 eller
279 251 80 19 mindre
375 251 60 19 svåra
450 251 120 25 kroppsliga
587 250 80 20 brister.
696 249 48 19 Men
760 248 27 20 då
802 254 30 13 er-

92 284 120 20 farenheten
239 285 64 20 likväl
331 286 59 23 visat,
413 287 30 18 att
461 286 7 19 i
488 285 25 20 de
536 284 98 21 moderna
652 282 181 21 idiotanstalterna

92 319 61 19 dessa
168 319 121 20 vanlottade
304 319 103 20 individer
423 326 73 19 genom
513 325 23 14 en
553 317 142 27 systematiskt
710 316 122 27 genomförd

92 353 66 26 fysisk
181 353 37 19 och
241 353 87 26 psykisk
347 353 127 26 behandling
495 353 6 19 i
519 353 25 19 de
560 353 60 19 flesta
635 351 36 20 fall
687 351 80 19 kunnat
782 357 50 19 upp-

91 387 81 26 hjelpas
189 387 84 26 derhän,
290 389 30 18 att
336 387 25 20 de
371 387 45 20 från
428 387 117 26 besvärliga
556 387 38 20 och
605 387 130 25 plågsamma
746 385 86 25 familje-

92 421 134 20 medlemmar
245 421 68 20 blifvit
328 421 81 26 nyttiga
426 421 93 20 biträden
535 421 7 19 i
557 419 175 26 hvardagslifvets
748 419 84 26 sysslor,

92 457 53 18 samt
167 461 75 20 genom
266 455 117 20 inlärandet
401 455 22 20 af
442 456 63 25 något
520 455 72 20 enkelt
605 454 53 26 yrke
672 452 76 27 sjelfva
763 452 70 19 kunna

92 490 89 26 förtjena
203 490 36 19 sitt
261 489 86 26 dagliga
367 489 58 26 bröd,
445 490 22 19 så
483 490 39 19 kan
540 489 59 20 äfven
614 490 36 24 jag
665 487 47 20 icke
728 489 64 18 annat
807 489 25 17 än

91 524 84 19 förorda
199 524 38 19 den
262 524 195 26 menniskovänliga
477 524 125 26 petitionens
625 522 61 26 syfte,
706 522 24 19 så
750 521 84 26 mycket

92 565 62 18 mera,
171 565 43 12 som
231 559 39 18 den
287 558 84 26 vanliga
386 558 127 20 hemvården
528 558 62 26 högst
604 557 67 20 sällan
683 557 64 25 något
758 555 75 20 förmår

92 593 31 18 till
138 593 114 19 idioternas
267 592 150 20 förbättrande.
447 592 117 26 Ingalunda
578 591 65 20 borde
659 590 54 20 dock
724 591 67 18 staten
802 589 32 20 för

92 626 121 20 ändamålet
233 627 78 19 inrätta
334 626 52 26 dyra
408 626 39 19 och
465 625 142 27 omfångsrika
626 625 119 23 internater,
761 623 73 20 hvilka

92 660 67 20 skulle
177 662 93 24 upptaga
291 667 24 12 en
331 662 43 17 stor
389 660 34 20 del
439 660 22 19 af
474 661 104 19 idioterna
592 659 7 19 i
614 659 83 24 landet;
713 665 25 12 en
754 657 79 20 mindre

93 694 168 20 mönsteranstalt
283 701 50 12 vore
355 701 41 19 nog
418 694 31 20 för
472 696 31 18 att
521 695 57 25 tjena
595 692 114 25 blifvande,
724 692 27 25 på
766 691 68 26 privat

92 728 137 27 välgörenhet
251 728 108 26 grundade
381 728 72 25 dylika
472 727 98 21 anstalter
586 727 32 20 till
634 726 88 20 förebild
738 726 39 19 och
794 725 39 20 den

92 762 96 20 enskilda
203 762 78 20 vården
296 763 7 18 i
318 762 95 20 hemmen
430 762 31 19 till
476 763 68 25 någon
559 761 92 26 ledning.
682 759 151 21 Föreståndare

92 797 39 19 och
147 796 67 20 lärare
229 797 7 19 i
252 803 24 13 en
293 797 65 19 sådan
373 797 132 19 idiotanstalt
520 797 51 19 böra
586 802 50 13 vara
652 795 55 20 båda
717 795 26 19 de
752 794 79 19 inhem-

92 831 38 20 ska
146 831 88 26 språken
250 831 44 19 lika
310 831 98 26 mägtiga,
424 831 23 19 så
462 833 30 18 att
507 831 31 19 till
554 837 26 13 en
595 830 72 26 början
678 829 7 19 i
696 836 25 13 en
733 828 54 20 enda
798 835 34 12 an-

93 865 49 21 stalt
157 865 58 20 såväl
230 865 68 20 finska
313 872 43 13 som
372 865 90 20 svenska
477 866 49 19 barn
544 865 32 20 må
592 865 70 19 kunna
677 865 109 24 upptagas.

565 921 22 22 J.
604 921 160 27 Pippingsköld.

268 1515 140 32 Helsingfors,
410 1539 3 3 J.
428 1515 65 27 Simelii
506 1511 90 41 arfvingar,
609 1515 50 28 1877.
