1045 1709
253 145 275 23 Petitionsbetänkande
542 146 46 22 N:o
602 146 39 22 22.
762 144 25 20 17

76 209 114 25 sionering,
215 215 46 15 som
283 210 109 20 förunnats
415 210 69 20 lärare
505 210 38 20 och
559 209 119 21 lärarinnor
693 208 28 26 pä
736 208 78 20 landet.

76 242 34 21 Då
133 243 118 21 emellertid
265 244 256 26 folkskoleförfattningen
536 244 33 20 för
584 243 135 21 närvarande
734 243 83 20 lemnar

77 277 102 25 styrelsen
199 278 98 26 rättighet
313 280 29 18 att
357 278 53 20 efter
424 278 100 26 pröfning
539 278 23 20 af
574 278 32 21 för
621 278 84 20 handen
722 276 95 21 varande

76 310 114 28 tillgångar
212 312 81 20 besluta
316 312 5 20 i
344 312 74 26 hvarje
433 312 99 20 särskildt
547 312 42 24 fall,
609 312 78 20 hvilket
703 312 74 26 anslag
793 318 25 14 ur

76 345 207 27 bevillningsmedel,
307 352 46 15 som
376 346 29 20 till
427 345 82 22 förmån
525 347 32 21 för
572 346 104 21 folkskola
691 346 5 20 i
713 346 45 20 stad
774 346 42 20 kan

76 380 66 20 varda
158 380 120 21 förunnadt,
296 380 78 21 medan
390 380 46 21 åter
450 380 98 28 bidraget
560 381 29 21 till
597 381 221 20 landskommunerna

77 420 27 14 en
119 412 58 29 gång
192 415 32 20 för
239 414 41 21 alla
296 417 24 18 är
334 415 7 19 i
356 416 149 26 författningen
522 415 113 22 bestämdt.
653 416 38 20 och
704 415 113 26 aflönings-

77 448 97 27 grunden
197 448 90 22 sålunda
310 452 24 18 är
356 450 56 20 olika
434 450 33 20 för
488 450 148 27 landsbygden
653 450 38 20 och
708 450 107 20 städerna,

77 483 40 20 har
136 483 99 21 utskottet
250 486 68 18 ansett
333 484 32 27 sig
380 484 79 21 handla
475 486 73 19 rättast
562 485 29 20 uti
607 486 30 19 att
651 484 50 20 med
717 484 101 21 afseende

78 516 13 22 &
106 517 69 21 denna
192 518 67 26 punkt
275 519 18 26 ej
311 517 78 23 föreslå
405 517 72 29 någon
492 519 131 27 förändring.
645 519 62 20 Hvad
723 518 95 21 deremot

77 552 81 20 lärares
177 552 39 21 och
231 552 130 22 lärarinnors
376 555 38 19 rätt
432 553 28 20 till
476 554 87 26 pension
580 553 108 27 beträffar,
706 553 60 21 torde
780 553 37 21 bil-

78 586 92 27 ligheten
190 586 51 22 böra
259 587 106 21 erkännas
380 587 79 25 fordra,
478 589 28 19 att
522 587 112 21 enahanda
651 586 165 28 förmånsrättig-

78 620 60 21 heter
150 620 66 22 måtte
231 621 101 21 förunnas
348 622 42 20 alla
405 622 161 21 folkskollärare
581 622 39 20 och
636 622 126 26 lärarinnor,
772 628 47 14 som

78 655 131 27 oförvitligen
226 656 118 27 tjenstgjort
358 656 6 20 i
380 656 27 20 30
423 655 33 21 års
472 656 36 26 tid,
525 662 52 15 vare
592 656 32 26 sig
639 655 28 28 på
682 656 72 20 landet
768 656 51 20 eller

78 689 6 20 i
100 690 52 20 stad.
693 705 5 7 ,

146 730 104 20 Utskottet
266 730 39 20 har
321 730 72 21 vidare
409 731 50 26 tagit
478 731 2 19 i
496 730 148 27 betraktande,
662 730 102 21 huruvida
782 729 36 21 nä-

78 771 41 21 gon
135 763 105 22 &tskilnad
257 765 49 19 med
322 764 102 21 afseende
439 764 12 21 &
467 766 140 26 pensionsrätt
620 765 66 21 borde
695 768 63 24 göras
767 765 52 20 mel-

78 799 34 21 Jan
135 798 71 21 lärare
223 799 6 20 i
246 799 66 27 högre
327 800 39 20 och
381 799 60 27 lägre
456 799 112 25 folkskola,
585 806 49 14 men
650 800 39 20 har
705 802 67 18 ansett
789 800 31 26 sig

79 833 52 22 böra
150 833 89 21 besvara
256 833 72 21 denna
342 832 60 29 fråga
418 834 106 21 nekande.
556 834 42 21 Det
613 837 24 18 är
652 834 122 27 visserligen
792 836 29 19 ett

79 870 69 19 större
164 868 168 27 kunskapsmått,
350 874 46 15 som
411 869 33 20 för
458 869 70 20 lärare
544 869 28 20 uti
588 869 41 20 den
646 869 66 26 högre
728 869 91 21 folksko-

79 902 34 20 lan
137 903 128 26 förutsättes,
285 909 49 14 men
352 902 27 21 då
394 903 118 21 emellertid
528 904 167 26 tjenstgöringen
712 904 62 20 äfven
791 904 29 20 uti

79 936 60 26 lägre
161 936 104 21 folkskola
289 939 24 18 är
334 939 75 24 ytterst
428 937 159 27 ansträngande
602 938 40 20 och
658 938 71 20 denna
744 938 77 20 anstalt

79 971 33 21 för
134 971 62 27 öfrigt
218 973 24 18 är
265 977 25 14 en
307 971 28 20 uti
352 971 235 27 folkbildningsarbetet
602 972 138 27 synnerligen
756 972 65 27 vigtig

79 1005 58 24 länk,
163 1006 41 20 kan
227 1005 99 21 utskottet
349 1006 19 26 ej
391 1005 59 21 finna
464 1006 80 20 rättvist
560 1006 51 20 eller
626 1006 49 20 med
691 1006 130 21 folkskolans

80 1046 67 14 sanna
162 1040 60 20 bästa
238 1040 241 26 öfverensstämmande,
497 1042 29 19 ait
542 1040 40 21 den
598 1041 33 20 för
647 1041 85 20 handen
745 1047 74 14 varan-

80 1074 27 20 de
129 1074 110 20 skilnaden
263 1074 6 20 i
286 1073 107 21 förmåner
408 1074 68 21 skulle
492 1075 122 27 ytterligare
630 1075 53 21 ökas
698 1081 78 21 genom
793 1077 28 18 att

80 1108 27 20 de
129 1108 6 20 i
158 1108 59 27 lägre
239 1108 118 21 folkskolan
378 1108 117 21 arbetande
510 1109 69 21 skulle
594 1110 68 19 sakna
678 1110 99 26 rättighet
793 1109 27 21 till

81 1141 125 22 erhållande
228 1143 23 19 af
267 1142 87 27 pension
370 1143 54 20 efter
438 1143 105 27 oförvitlig
557 1143 179 27 pligtuppfyllelse
752 1144 70 20 under

80 1176 135 21 föreskrifvet
229 1177 58 20 antal
302 1175 30 22 år.

147 1216 61 20 Hvad
228 1216 96 27 slutligen
342 1216 41 20 den
399 1216 61 27 fråga
475 1217 140 26 vidkommer,
634 1217 104 20 huruvida
753 1216 68 28 åtnju-

81 1251 63 20 tande
167 1251 24 19 af
210 1251 99 25 rättighet
325 1249 132 28 tilBpension
474 1251 39 21 bör
528 1254 62 24 göras
606 1251 138 27 ovilkorligen
760 1251 60 20 bero-

81 1284 56 21 ende
159 1285 24 20 af
196 1290 26 15 en
238 1284 6 20 i
259 1284 72 28 vanlig
346 1284 92 28 ordning
452 1284 164 28 genomgången
634 1285 51 21 kurs
700 1286 6 19 i
722 1284 65 28 något
803 1286 22 20 af

80 1318 83 21 landets
185 1319 126 20 seminarier
333 1319 32 21 för
383 1318 102 22 bildande
500 1320 23 19 af
536 1319 161 21 folkskollärare
713 1320 39 20 och
768 1320 53 20 lära-

80 1353 79 24 rinnor,
184 1352 63 20 hafva
262 1352 32 20 för
308 1352 100 20 utskottet
423 1352 56 21 olika
495 1352 134 26 synpunkter
643 1353 35 19 vid
695 1354 126 26 pröfningen

80 1386 84 21 företett
185 1386 32 26 sig
237 1385 28 21 till
285 1386 127 20 beaktande.
444 1386 41 20 Det
501 1385 67 21 måste
583 1386 34 20 väl
633 1392 61 14 anses
709 1392 46 15 som
773 1394 48 19 syn-

81 1420 95 27 nerligen
197 1420 99 27 önskligt,
313 1423 29 17 att
357 1419 68 22 såvidt
439 1420 82 28 möjligt
536 1420 42 20 alla
592 1420 70 21 lärare
677 1421 40 21 och
733 1421 87 21 lärarin-

81 1461 39 15 vor
142 1454 68 22 skulle
233 1456 6 19 i
261 1455 73 27 vanlig
352 1455 90 27 ordning
456 1455 64 21 hafva
536 1454 123 28 genomgått
674 1456 146 27 seminarium,

149 1494 98 18 Allmänna
260 1494 173 18 Besvärsutskottets
445 1494 111 18 betänkande
568 1494 36 18 N:o
619 1492 30 20 16.
