1048 1709
303 146 240 20 Petitionsbetänkande
555 147 38 19 N:o
606 147 32 19 23.
804 150 21 17 11

96 205 67 23 system
180 204 30 17 till
225 203 94 24 Uleäborg,
333 204 73 18 hvilken
420 204 57 19 banas
488 204 114 20 utförbarhet
613 206 72 18 erkänts
697 206 52 18 äfven
761 206 20 18 af
791 207 57 23 Rege-

96 232 63 23 ringen
171 232 7 17 i
190 232 39 18 dess
239 232 200 24 jernvägsproposition.

164 266 115 20 Beträffande
297 268 58 18 denna
369 268 57 18 banas
441 268 113 18 rentabilitet
569 269 33 17 och
614 270 52 22 nytta
677 269 28 19 för
716 269 67 21 landet,
795 270 52 18 torde

96 296 31 18 det
138 301 43 12 vara
192 297 49 17 utom
253 296 34 18 allt
299 296 62 18 tvifvel
373 298 28 16 att
413 297 54 23 sagde
478 297 48 18 bana
538 298 48 17 skall
597 298 24 22 pä
633 298 69 23 engäng
710 298 82 23 uppfylla
800 298 48 18 bäda

96 325 52 17 dessa
163 325 63 20 vilkor,
241 324 23 19 dä
276 325 101 18 densamma
389 330 36 13 mer
438 327 23 16 än
473 325 59 23 någon
545 332 59 12 annan
616 326 57 18 skulle
684 326 24 24 gå
720 326 45 18 midt
777 327 71 23 igenom

95 353 63 18 landet
175 354 33 17 och
226 353 63 19 beröra
306 353 66 19 sådane
389 354 69 18 trakter
476 354 20 18 af
511 355 103 21 detsamma,
633 360 37 12 som
688 357 34 21 äga
740 356 108 22 outtömliga

96 382 70 23 skogar,
187 388 38 12 som
242 382 87 18 särskildt
346 382 47 18 hvad
411 382 88 19 Savolaks
516 384 85 17 beträffar
619 386 31 15 äro
670 385 28 17 att
715 384 84 18 hänföras
817 384 31 18 till

96 410 22 19 de
144 410 103 24 bördigaste
274 411 33 18 och
332 412 103 22 isynnerhet
460 411 27 18 för
510 412 178 23 ladugårdsskötseln
711 414 46 16 mest
781 412 67 24 egnade

95 439 62 23 nejder
176 440 7 17 i
200 439 63 19 landet
277 440 34 18 och
329 445 38 13 som
384 440 7 17 i
407 440 87 18 närheten
512 441 20 17 af
548 440 34 18 den
600 440 79 24 antydda
694 441 153 23 jernvägssträck-

95 468 66 23 ningen
185 468 75 18 emellan
284 469 28 17 S:t
337 468 66 18 Michel
428 469 33 18 och
484 469 96 18 Idensalmi
604 471 35 21 äga
662 475 21 13 en
703 469 33 19 rad
755 469 93 23 betydliga

95 497 107 18 industriela
216 497 125 23 inrättningar,
357 497 156 23 hufvudsakligast
528 498 91 23 grundade
634 498 24 22 på
675 498 50 18 dessa
738 498 109 18 landsorters

94 526 67 23 rikliga
173 526 79 18 förråder
263 526 24 24 på
297 526 99 23 jernmalm.
421 526 116 19 Oberäknadt
549 527 33 18 den
595 528 49 16 stora
656 528 141 22 varutransport,
810 532 37 12 som

95 554 77 19 sålunda
188 555 55 18 redan
259 555 41 18 från
317 556 34 18 den
368 557 81 17 närmast
465 556 61 18 banan
544 556 112 23 omgifvande
670 556 104 18 landsorten
788 556 59 18 kunde

95 584 95 24 påräknas,
202 584 78 18 kommer
295 584 14 22 ej
325 584 77 18 allenast
417 584 33 18 den
465 584 92 24 betydliga
572 586 89 22 importen
676 585 33 17 och
722 586 84 22 exporten
818 585 30 17 till

96 612 33 18 och
143 612 41 18 från
198 613 84 18 städerna
295 612 95 24 Uleåborg,
403 612 74 24 Kajana,
489 613 105 21 Idensalmi,
604 613 75 23 Kuopio,
693 614 28 17 S:t
733 612 71 22 Michel,
816 612 31 24 Jy-

95 641 75 23 väskylä
182 641 34 17 och
226 641 79 23 Nyslott,
317 641 62 18 hvilka
391 642 58 17 skulle
461 647 43 12 vara
516 642 84 18 anvisade
609 642 27 17 att
644 642 113 18 uteslutande
765 642 82 22 begagna

96 670 28 22 sig
136 670 20 18 af
164 670 97 23 jernvägen
272 670 56 18 under
340 670 21 17 de
374 670 27 23 sju
412 670 85 18 månader
509 670 19 18 af
539 670 43 21 året,
592 676 37 12 som
638 670 51 18 deras
697 670 150 23 sjökommunika-

94 698 59 18 tioner
171 700 31 16 äro
217 698 112 23 tillstängda,
344 700 45 16 utan
403 698 52 18 äfven
470 699 34 17 den
518 698 24 23 på
554 699 58 17 denna
624 699 103 23 sträckning
739 698 58 23 lifliga
808 704 40 18 per-

96 727 114 21 sontrafiken,
227 727 77 18 förutom
322 728 27 16 att
367 727 58 18 denna
440 727 47 18 bana
503 728 57 18 skulle
574 728 62 18 förena
647 728 40 18 med
699 728 64 17 kusten
776 727 21 17 de
809 727 38 17 vid-

96 756 80 18 sträckta
194 756 94 18 områdena
305 756 31 18 vid
355 756 85 20 Saimens,
459 762 21 12 en
498 756 30 18 del
545 756 19 18 af
580 756 82 22 Päijänes
679 756 33 18 och
728 756 45 18 Uleä
788 756 59 18 träsks

94 786 154 22 vattensystemer.
271 784 43 19 Med
327 784 19 18 fä
361 784 37 21 ord,
413 784 64 18 endast
489 790 22 12 en
522 784 64 24 flyktig
598 784 49 18 blick
659 784 23 24 pä
693 784 88 18 Finlands
793 784 53 18 karta

95 818 32 18 ger
144 813 92 23 tillfyllest
252 812 31 19 vid
297 812 76 22 handen,
389 814 28 17 att
432 812 58 19 denna
501 813 48 18 bana
562 813 58 18 skulle
632 813 79 18 medföra
722 818 48 18 gagn
783 812 19 18 ät
813 812 34 18 och

96 842 24 23 pä
131 842 81 18 kortaste
222 844 35 21 väg
268 842 84 18 förbinda
363 842 40 18 med
415 842 30 18 det
457 842 109 23 Europeiska
574 842 135 23 jernvägsnätet
717 842 131 19 vidsträektare

95 872 34 17 och
144 871 28 18 för
187 877 22 12 en
223 871 7 17 i
245 871 37 18 alla
293 871 102 23 riktningar
406 870 68 24 gäende
487 870 61 24 odling
560 876 48 12 mera
620 870 67 24 egnade
698 870 70 18 trakter
780 870 20 18 af
809 870 39 18 lan-

96 900 30 18 det
139 902 22 16 än
174 900 22 18 de
208 900 51 17 flesta
271 900 56 18 andra
338 899 57 18 banor
406 900 7 17 i
425 899 83 21 Finland,
521 901 46 17 samt
579 899 101 23 derigenom
689 899 99 23 tillskynda
797 899 51 17 äfven

96 930 22 17 de
135 929 7 17 i
159 929 63 18 landet
238 928 48 18 förut
301 928 94 23 befintliga
408 928 95 23 jernvägar
519 934 21 12 en
555 928 91 23 betydligt
659 928 76 18 förökad
749 928 54 17 trafik
815 928 34 17 och

96 958 84 18 inkomst.
194 968 20 2 —
226 957 44 18 Man
284 958 34 17 har
333 957 7 17 i
352 956 99 19 allmänhet
463 962 21 12 en
496 956 68 24 oriktig
575 957 125 23 föreställning
713 962 28 12 om
755 956 92 22 Savolaks,

96 986 88 18 anseende
201 986 50 18 detta
268 986 89 22 landskap
372 991 43 12 vara
430 991 22 12 en
465 986 83 17 ödemark
561 986 44 17 utan
616 985 112 23 betydligare
740 984 107 18 industriela

96 1014 122 24 inrättningar
235 1014 33 18 och
286 1016 44 16 utan
345 1016 26 16 ett
382 1019 49 13 mera
442 1014 114 18 framskridet
566 1014 92 22 jordbruk,
671 1019 40 13 men
724 1014 72 22 bilagde
811 1012 36 18 siff-

95 1049 30 12 ror
142 1044 56 20 torde,
216 1043 19 18 sä
250 1043 111 23 bristfälliga
376 1043 21 17 de
413 1043 32 18 ock
457 1044 36 19 äro,
505 1048 43 12 vara
560 1042 110 23 tillräckliga
683 1044 28 16 att
723 1042 54 18 häfva
789 1042 58 18 denna

94 1071 70 19 fördom
176 1072 33 17 och
221 1071 112 24 ädagalägga
345 1071 33 18 den
390 1072 81 22 verkliga
483 1071 103 23 betydelsen
600 1071 20 18 af
631 1072 87 17 Savolaks
731 1070 116 19 såväl
787 1066 9 33 i
805 1070 42 19 han-

96 1100 29 18 del
137 1100 33 18 och
182 1100 77 18 industri
270 1101 47 17 samt
326 1100 92 23 jordbruk,
441 1100 27 18 En
479 1100 59 18 likaså
550 1100 67 22 oriktig
628 1100 125 22 föreställning
765 1101 32 22 gör
805 1105 42 12 man

96 1130 28 22 sig
143 1135 27 12 om
189 1130 59 17 Saima
266 1129 60 20 kanal,
344 1129 23 18 dä
381 1134 42 12 man
439 1134 51 12 anser
505 1130 49 16 östra
568 1128 79 18 Finland
658 1134 43 12 vara
712 1134 65 17 genom
789 1129 57 17 denna

96 1158 55 18 kanal
164 1158 116 19 afundsvärdt
291 1158 30 18 väl
332 1157 121 24 tillgodosedd
465 1158 91 22 gentemot
564 1159 60 17 vestra
632 1157 77 19 Finland
718 1157 33 18 och
760 1156 87 19 särskildt

96 1183 122 23 Österbotten.
241 1188 28 17 En
283 1187 60 23 kanal,
358 1192 37 12 som
410 1187 36 17 kan
459 1187 93 17 trafikeras
568 1186 64 18 endast
644 1186 20 18 af
673 1186 43 21 små,
730 1186 19 18 af
760 1186 87 17 kanalens

96 1215 48 23 djup,
156 1215 56 24 längd
224 1216 32 18 och
269 1215 56 18 bredd
336 1215 30 17 till
378 1215 39 17 sina
429 1214 118 18 dimensioner
558 1214 88 18 beroende
658 1215 59 22 fartyg
730 1214 33 18 och
774 1214 73 18 hvarest

96 1244 86 23 sjöfarten
199 1246 20 16 är
236 1244 40 18 med
293 1244 48 23 höga
358 1243 72 23 afgifter
447 1243 92 23 betungad
557 1244 33 17 och
607 1243 39 18 icke
658 1244 62 22 längre
733 1244 58 22 öppen
805 1244 22 16 än
841 1242 6 18 i

96 1272 111 24 nordligaste
222 1273 50 17 delen
287 1272 20 18 af
319 1272 97 18 Bottniska
430 1272 53 18 viken
497 1272 55 18 borde
568 1272 45 18 dock
627 1271 44 22 icke,
687 1277 28 12 om
731 1271 53 19 också
795 1271 52 18 fallet

96 1303 20 16 är
128 1302 28 17 att
168 1301 58 18 denna
237 1301 55 18 kanal
304 1302 20 16 är
336 1306 22 12 en
368 1300 75 18 lifsådra
455 1300 27 18 för
493 1300 87 18 Savolaks
592 1300 34 18 och
637 1300 81 21 Karelen,
727 1300 56 18 väcka
791 1300 55 18 afund

96 1330 33 17 hos
147 1330 112 20 kustboerne,
277 1329 62 18 hvilka
355 1329 54 18 hafva
427 1329 61 17 hafvet
505 1330 29 16 att
544 1328 54 23 tillgå
610 1329 33 17 och
654 1329 61 17 kunna
726 1328 41 18 fritt
778 1328 68 18 inrätta

97 1356 28 18 sin
140 1356 63 24 sjöfart
217 1357 44 17 efter
275 1356 28 18 sin
319 1362 44 17 egen
374 1356 133 23 beqvämlighet
519 1356 33 17 och
563 1356 57 18 fördel
632 1357 43 17 utan
687 1355 64 19 hinder
763 1356 20 17 af
793 1356 54 17 sluss-

97 1385 119 18 dimensioner
226 1385 33 17 och
271 1384 132 23 kanalafgifter.

165 1420 9 18 I
191 1420 119 18 betraktande
327 1420 20 18 af
362 1419 21 19 de
399 1419 151 23 omständigheter
564 1419 34 18 här
613 1418 52 19 ofvan
680 1418 68 18 anförts
763 1418 54 18 hafva
828 1418 18 18 vi

97 1449 61 19 blifvit
175 1449 20 17 af
210 1449 71 18 valmän
298 1449 7 18 i
319 1448 70 24 Kuopio
403 1448 42 18 stad
459 1447 98 19 anmodade
572 1448 28 18 att
611 1447 28 19 för
650 1446 97 25 Vällofliga
759 1447 88 24 Borgare-

166 1479 90 32 Jernvägs-
260 1479 87 32 Utskottets
358 1483 103 19 betänkande
473 1484 35 16 N:o
520 1484 17 16 2.
