1053 1709
262 163 12 21 6

234 224 62 28 nådig
317 222 133 30 proposition,
470 222 62 22 hafve
547 223 29 21 Vi
595 222 31 21 för
640 222 45 22 Vår
700 222 33 21 del
753 222 80 28 antagit
846 222 41 22 den
902 222 75 21 förord-

235 258 56 29 ning,
310 257 106 29 angående
438 256 121 22 lösdrifvare
578 257 38 21 och
632 257 58 21 deras
705 256 132 29 behandling,
852 264 45 14 som
911 257 66 20 finnes

234 294 85 27 intagen
341 292 8 21 i
367 292 45 22 Vår
434 292 40 20 den
495 292 26 21 31
545 291 110 23 nästvikne
670 290 42 30 Maj
736 292 32 21 till
783 292 60 21 Hans
858 290 119 30 Kejserliga

236 327 97 29 Majestät
348 326 70 22 derom
433 326 75 22 aflåtna
523 325 141 29 underdåniga
679 326 115 26 skrifvelse,
809 326 61 22 hvari
884 325 33 22 Vi
926 325 51 29 jem-

235 362 34 22 väl
288 360 119 23 förbehållit
421 360 40 22 Oss
481 363 36 23 att,
533 365 38 17 när
590 360 63 28 några
668 360 111 28 ändringar
793 360 23 21 af
828 359 149 29 författningen

234 397 8 21 i
257 398 70 20 ämnet
341 396 92 21 befinnas
448 395 80 28 nödiga,
544 394 40 22 Oss
599 395 78 21 lemnas
692 394 82 22 tillfälle
789 397 31 19 att
835 395 8 21 i
858 395 118 28 grundlags-

235 430 56 28 enlig
306 429 87 28 ordning
408 429 7 21 i
430 429 86 21 ärendet
531 428 87 29 deltaga.

574 492 14 26 8
606 492 30 20 18.

304 534 12 20 I
335 532 213 22 öfverensstämmelse
570 532 49 21 med
636 532 55 21 hvad
705 531 61 22 Hans
781 531 119 29 Kejserliga
914 531 63 29 Maje-

238 571 40 19 stät
292 568 32 21 uti
338 566 63 29 nådig
415 566 126 28 proposition
556 566 111 28 föreslagit,
683 565 62 23 hafve
760 566 36 26 Vi,
811 566 27 28 på
852 568 41 20 sätt
907 566 70 21 derom

236 602 32 22 uti
290 600 129 28 underdånig
440 600 109 22 skrifvelse
564 600 23 22 af
600 600 38 22 den
655 600 25 21 31
697 600 94 22 sistlidne
806 600 42 29 Maj
864 601 37 21 hos
916 600 61 22 Hans

236 636 120 32 Kejserliga
369 635 99 29 Majestät
482 634 23 22 af
518 635 39 22 Oss
572 635 94 25 anmälts,
682 635 91 26 beslutit,
785 638 31 19 att
830 635 80 22 inlösen
921 635 22 21 af
951 635 26 21 de

238 670 164 28 donationsgods,
417 666 75 25 hvilka
505 674 55 16 ännu
571 669 122 22 innehafvas
704 669 23 22 af
735 670 122 26 donatorier,
869 669 34 22 må
912 669 65 28 fortgå

236 706 8 20 i
258 706 41 21 den
318 704 88 26 ordning
423 704 38 21 och
477 704 66 27 enligt
562 704 24 21 de
601 704 90 27 grunder
706 704 61 21 Hans
781 703 119 29 Kejserliga
914 703 63 28 Maje-

236 742 41 20 stät
291 739 38 21 och
345 738 101 21 Finlands
462 738 89 21 Ständer
565 738 7 20 i
588 737 72 22 sådant
675 737 96 22 afseende
786 738 136 21 härförinnan
931 737 46 22 fast-

236 773 54 26 stält,
306 776 53 18 samt
373 775 30 19 att
417 772 32 21 till
464 772 132 21 bestridande
610 772 21 21 af
644 772 140 22 kostnaderna
798 772 32 22 för
844 773 68 21 denna
927 772 50 21 inlö-

236 815 43 17 sen,
295 807 22 21 så
331 807 46 21 vidt
396 806 139 28 tilläfventyrs
556 806 127 29 uppstående
698 807 133 28 besparingar
845 806 13 22 å
872 807 106 22 statsmed-

236 842 34 20 len
286 840 64 22 blifva
365 840 68 22 dertill
453 840 142 29 otillräckliga,
611 841 34 21 må
659 842 106 20 användas
781 842 35 21 det
829 846 56 16 ännu
900 841 77 28 odispo-

235 876 77 21 nerade
330 876 98 28 beloppet
445 874 23 22 af
481 875 25 21 de
522 875 47 21 utaf
582 874 115 22 Ständerna
712 875 35 22 vid
763 876 54 21 1867
833 875 32 22 års
880 875 98 29 landtdag

234 910 33 21 för
282 910 117 21 ändamålet
413 910 134 27 garanterade
562 910 127 26 lånemedel;
705 909 118 29 hvarjemte
837 910 30 22 Vi
882 910 8 21 i
904 910 74 22 under-

236 944 98 28 dånighet
349 943 93 26 anhällit,
458 944 34 21 det
507 944 105 28 behagade
626 944 61 21 Hans
702 944 120 29 Kejserliga
834 944 97 29 Majestät
945 945 33 21 till

235 978 172 22 nästkommande
422 978 98 28 landtdag
534 978 42 21 låta
590 977 76 29 afgifva
682 978 110 22 berättelse
807 986 33 14 om
855 978 122 30 fortgången

235 1012 23 22 af
271 1012 196 28 donationsgodsens
482 1012 81 21 inlösen
578 1014 59 24 samt,
652 1012 8 21 i
675 1012 36 22 fall
727 1013 35 21 det
776 1013 75 22 hittills
865 1013 64 29 följda
939 1013 39 21 för-

235 1047 94 21 farandet
349 1046 48 21 icke
418 1046 44 22 ledt
483 1046 33 22 till
538 1046 34 22 det
594 1046 83 22 afsedda
695 1046 69 27 målet,
780 1047 68 22 tillika
862 1047 76 22 föreslå
952 1048 25 21 de

236 1081 100 29 åtgärder,
355 1088 44 14 som
421 1080 45 22 från
482 1080 126 22 Ständernas
631 1081 44 21 sida
696 1082 121 28 ytterligare
831 1082 71 22 kunde
918 1081 60 23 erfor-

235 1116 47 21 dras
297 1114 32 22 för
343 1115 199 28 inlösningsverkets
557 1115 83 28 slutliga
655 1115 166 28 genomförande.

576 1178 13 26 8
606 1178 31 21 19.

302 1218 12 20 I
329 1217 113 28 anledning
457 1216 22 22 af
492 1217 60 21 Hans
567 1217 118 29 Kejserliga
700 1218 108 28 Majestäts
824 1219 39 21 Oss
874 1218 103 29 förelagda

234 1252 76 27 nådiga
328 1251 133 28 proposition,
477 1251 106 27 angående
606 1252 71 27 anslag
696 1252 33 21 till
743 1252 142 22 förbättrande
900 1252 23 21 af
936 1253 42 20 dår-

235 1285 77 21 vården
335 1284 8 20 i
365 1284 75 25 landet,
456 1284 62 21 hafve
538 1284 35 26 Vi,
589 1284 48 22 med
658 1286 151 26 godkännande
825 1286 23 20 af
868 1286 39 21 den
923 1286 8 20 i
945 1286 33 21 be-

234 1319 62 21 rörda
310 1318 75 28 nådiga
399 1318 127 29 proposition
541 1318 116 29 föreslagna
675 1320 48 28 plan
738 1319 32 22 för
785 1319 127 23 dårvårdens
926 1328 53 14 reor-

234 1352 122 31 ganisation,
375 1352 32 22 till
426 1352 46 23 €ess
493 1352 160 29 genomförande
676 1354 81 22 anvisat
773 1354 18 28 ej
807 1354 80 22 mindre
903 1354 40 22 den
958 1354 23 22 af

236 1389 55 21 1872
306 1387 32 22 års
354 1386 90 23 Ständer
458 1387 103 29 beviljade
576 1395 81 14 summa
673 1388 22 22 af
707 1388 190 30 fyrahundratusen
912 1390 64 26 mark,

236 1430 44 15 som
302 1422 31 22 för
355 1421 117 23 ändamälet
491 1423 66 21 finnes
576 1424 125 26 reserverad,
719 1428 26 17 än
760 1424 39 21 ock
815 1426 29 20 ett
859 1424 119 29 ytterligare

235 1458 75 28 belopp
325 1456 22 22 af
360 1456 186 22 femhundratusen
561 1457 66 26 mark,
644 1458 110 22 hvarutom
770 1458 29 22 Vii
836 1459 56 21 detta
902 1462 75 19 ärende
