1042 1703
229 154 11 18 2
360 153 318 25 Petitionsbetänkande
694 153 50 19 N:o
759 153 27 19 6.

199 218 57 17 redan
269 223 26 11 nu
307 218 37 16 fem
357 217 67 21 skiljda
436 217 96 22 idiothem,
542 217 34 17 och
588 217 58 17 kändt
658 219 26 20 är,
698 219 27 15 att
733 218 40 16 icke
782 222 32 12 ens
823 217 52 17 dessa
883 216 60 18 förmä

199 248 94 15 motsvara
304 246 94 21 behofvet,
412 245 86 17 hvarföre
511 248 50 14 ännu
574 245 45 17 flera
631 245 73 17 komma
717 246 26 16 att
755 245 93 17 derstädes
857 246 86 16 inrättas.

267 274 53 17 Huru
333 274 64 17 talrikt
409 273 68 17 idioter
490 274 5 16 i
507 273 41 17 värt
560 274 43 16 land
616 274 116 16 förekomma
743 274 34 16 har
789 274 30 17 väl
832 275 48 15 ännu
893 274 48 22 icke,

199 302 20 18 sä
237 302 115 22 nödvändigt
370 302 30 17 det
415 303 24 15 än
455 307 49 17 vore,
518 302 64 17 blifvit
594 302 100 17 statistiskt
706 302 66 17 utredt.
797 302 41 17 Men
851 304 26 15 att
890 302 53 18 deras

199 332 50 15 antal
263 330 47 17 dock
323 331 15 21 ej
353 332 20 14 är
384 331 60 20 ringa,
452 330 80 22 framgår
544 330 51 17 såväl
608 330 56 21 deraf,
676 332 28 15 att
714 330 57 17 bland
784 331 22 16 de
818 331 6 16 i
839 330 105 17 Medicinal-

199 358 156 23 Ofverstyrelsens
374 357 129 18 ärsberättelse
522 359 29 16 för
562 358 46 17 1870
620 358 28 17 till
662 360 25 15 ett
700 358 49 17 antal
762 359 20 16 af
792 358 50 21 3,143
853 364 90 16 personer

199 390 94 20 upptagne
306 387 119 22 sinnessjuke
437 391 23 12 en
473 388 38 15 stor
524 387 28 16 del
566 387 121 17 tvifvelsutan
700 388 75 21 utgöres
788 387 20 16 af
818 387 73 22 idioter,
902 392 39 11 som

199 416 35 16 ock
252 415 57 22 deraf,
323 416 27 15 att
367 415 31 16 vid
414 414 143 23 folkräkningen
570 414 21 17 är
603 415 45 16 1870
659 415 22 17 de
694 415 102 17 blödsintes
808 415 51 17 antal
871 417 72 15 ensamt

199 445 5 15 i
217 444 118 22 Helsingfors
347 443 82 22 uppgick
443 443 28 16 till
484 443 22 16 64
518 439 92 26 personer.
630 443 38 17 Och
677 443 51 17 detta
736 444 83 22 sorgliga
827 443 116 18 förhällande

199 472 94 17 bekräftas
306 471 109 23 ytterligare
428 476 66 17 genom
509 471 21 17 de
542 476 97 17 personers
652 472 123 21 enstämmiga
788 473 72 22 utsago,
868 471 74 18 hvilkas

198 499 186 23 tjensteverksamhet
403 499 51 17 ställt
470 499 41 17 dem
526 500 6 15 i
549 505 23 11 en
584 501 84 15 närmare
681 500 34 16 och
728 499 114 18 allmännare
854 500 88 23 beröring

200 528 40 16 med
253 528 64 17 folket.

267 557 49 16 Enär
328 555 33 17 hos
377 561 29 11 oss
418 555 89 18 hitintills
519 557 47 16 intet
577 555 64 17 blifvit
653 557 62 21 gjordt
723 556 28 17 till
761 557 118 22 afhjelpande
888 557 20 16 af
915 558 26 15 of-

199 585 124 22 vanantydda,
337 584 6 16 i
357 583 66 23 högsta
431 584 46 22 grad
486 585 96 16 ömmande
592 583 61 24 behof,
664 584 57 23 vågar
727 585 33 22 jag
771 585 99 17 tillitsfullt
882 585 60 16 vända

199 613 38 22 mig
250 613 28 16 till
292 613 30 16 det
334 612 117 22 högvördiga
462 612 136 17 Prestaständet
610 612 42 16 med
665 613 76 22 ödmjuk
754 613 92 23 anhällan,
858 614 30 16 det
896 613 46 17 ville

199 640 75 17 Ständet
293 641 65 16 förena
374 641 28 21 sig
415 645 30 12 om
458 642 49 15 samt
519 641 77 22 inbjuda
609 640 22 17 de
643 641 61 22 öfriga
717 641 80 17 Ständen
810 643 26 15 att
849 641 73 22 deltaga
934 642 6 15 i

199 674 21 12 en
240 668 115 22 underdänig
373 669 78 20 petition
471 673 29 12 om
518 668 114 17 inrättandet
644 669 20 16 af
675 671 67 15 tvänne
754 669 187 22 bildningsanstalter

199 698 29 15 för
245 696 156 22 förständssvage,
421 696 35 16 den
472 701 35 12 ena
518 696 41 17 med
572 696 62 21 finskt,
648 696 35 17 den
696 697 58 17 andra
766 697 42 17 med
820 697 76 17 svenskt
908 702 35 11 un-

199 723 179 23 dervisningsspräk,

301 758 117 21 Helsingfors
431 758 35 16 den
480 758 9 16 7
502 758 88 17 Februari
602 758 50 18 1877.

613 797 49 17 JOH.
675 797 72 18 GABR.
760 798 111 17 GEITLIN.»

267 878 106 20 Utskottet
396 878 37 20 har
455 878 6 19 i
478 878 154 26 öfvervägande
647 879 53 25 tagit
715 879 39 19 den
770 879 66 25 fråga,
852 886 42 13 som
911 880 29 19 uti

199 914 61 19 ofvan
276 912 82 20 införda
373 912 88 26 petition
476 913 90 25 beröres,
576 912 38 20 och
630 913 102 19 erkänner
748 920 70 19 gerna,
830 915 31 17 att
871 914 36 19 det
917 917 23 16 är

199 953 25 13 en
241 946 78 20 vacker
335 946 38 20 och
389 948 62 18 sannt
465 946 82 26 kristlig
562 947 69 24 tanke,
648 953 43 13 som
707 946 67 26 ligger
790 947 30 19 till
832 948 64 24 grund
909 948 32 19 för

199 980 130 20 sträfvandet
344 981 30 18 att
389 980 22 19 sä
427 980 44 19 vidt
486 980 80 26 möjligt
581 980 101 20 förbättra
698 980 39 20 och
748 980 70 20 lindra
828 981 39 19 den
879 982 61 19 svåra

199 1014 106 25 ställning,
328 1014 82 19 hvaruti
433 1014 26 19 de
474 1014 31 19 till
521 1015 115 19 förständet
651 1014 122 20 vanlottade
789 1017 48 17 utan
854 1015 29 18 sin
900 1015 39 19 för-

200 1048 83 25 skyllan
299 1047 84 20 befinna
398 1048 37 25 sig.
466 1047 45 20 Men
528 1048 100 19 utskottet
644 1048 37 19 har
696 1048 18 25 ej
731 1048 80 19 kunnat
826 1048 69 26 undgå
911 1051 30 17 att

200 1082 67 19 tillika
283 1081 97 24 betänka,
400 1081 51 19 huru
471 1081 74 26 mänga
560 1081 39 19 och
614 1083 76 23 ytterst
704 1081 78 26 vigtiga
799 1081 65 20 andra
879 1082 60 19 önsk-

200 1114 102 27 ningsmäl
318 1115 98 19 särskildt
431 1115 27 25 pä
473 1115 270 25 undervisningsväsendets
759 1115 85 20 område
852 1116 43 25 just
906 1116 35 19 vid

200 1149 68 19 denna
291 1148 29 19 tid
341 1149 77 25 jemväl
439 1148 60 19 skola
515 1149 135 20 underkastas
666 1149 94 25 offentlig
776 1149 102 26 pröfning.
909 1149 31 20 Nu

199 1189 34 12 om
255 1182 101 26 någonsin
380 1183 65 19 måste
467 1182 81 19 således
571 1182 60 20 äfven
652 1183 25 18 de
694 1183 58 18 bästa
768 1183 39 19 och
822 1183 119 25 principielt

200 1218 51 18 mest
265 1216 132 25 berättigade
414 1215 133 20 siräfvanden
563 1217 167 24 samvetsgrannut
745 1216 86 26 afvägas
847 1218 42 18 mot
905 1223 35 12 an-

201 1250 37 19 dra
259 1250 44 18 lika
326 1249 55 23 ädla,
397 1256 46 12 men
460 1249 31 19 för
508 1250 90 18 tillfället
613 1250 103 18 mähända
732 1252 55 16 ännu
804 1256 56 12 mera
875 1252 66 23 magt-

200 1282 127 26 päliggande
347 1281 104 25 syftemäl,
470 1282 23 18 sä
508 1282 48 19 vida
572 1288 46 13 man
635 1283 18 24 ej
669 1282 37 19 vill
722 1282 107 26 samtidigt
845 1283 96 25 begynna

200 1316 45 19 med
263 1316 37 19 allt
315 1316 32 18 för
363 1315 74 25 mänga
453 1315 81 26 företag
549 1316 38 19 och
604 1315 87 20 sälunda
708 1316 64 19 blifva
787 1316 108 20 nödsakad
911 1319 30 17 att

199 1352 74 17 stanna
295 1350 36 19 vid
353 1349 151 26 omöjligheter.
541 1349 61 20 Hvad
622 1350 98 19 särskildt
738 1350 130 19 vidkommer
883 1350 58 19 detta

198 1383 160 26 ifrägavarande
381 1383 43 25 fall,
444 1383 65 20 mäste
528 1383 101 20 utskottet
647 1390 56 19 anse,
719 1385 31 18 att
764 1385 78 18 statens
857 1384 83 25 tillgän-

199 1424 37 19 gar
251 1419 18 25 ej
291 1417 31 20 för
341 1417 130 20 närvarande
490 1417 58 20 torde
563 1417 105 27 medgifva
682 1418 130 20 nämnvärda
829 1417 113 27 uppoffrin-

199 1459 38 19 gar
260 1452 28 19 uti
311 1451 112 26 föreslaget
445 1451 61 26 syfte.
542 1451 28 20 Så
589 1452 62 26 länge
667 1452 34 19 det
717 1455 54 16 ännu
792 1455 23 16 är
830 1452 64 25 fallet,
911 1454 30 17 att

199 1486 138 19 hundradetal
360 1485 66 20 fader-
446 1485 39 20 och
504 1485 116 20 moderlösa
637 1487 49 19 barn
702 1486 7 19 i
724 1486 89 19 Finland
828 1489 55 16 växa
899 1492 41 20 upp

266 1525 101 17 Allmänna
378 1524 184 18 Besvärs-utskottets
574 1525 110 18 betänkande
696 1525 35 18 N:o
744 1525 15 17 6.
