1045 1714
221 130 13 19 8
401 129 235 21 Petitionsbetänkande
650 129 39 20 N:o
706 128 33 20 10.

194 184 34 20 vid
245 184 178 28 föredragningen
439 186 23 20 af
475 185 77 27 nådiga
568 186 158 26 propositionen
738 191 34 14 om
786 184 73 26 anslag
873 184 23 19 af
909 183 35 20 be-

195 218 171 27 villningsmedel
381 218 33 20 för
429 219 209 21 folkskoleväsendet
652 219 7 19 i
675 218 78 20 landet.

262 286 73 20 Såsom
352 287 5 19 i
373 287 152 20 ufvanstående
540 287 134 20 memorialer
689 287 96 27 antydes,
806 286 86 20 väcktes
907 285 34 20 vid

178 313 70 27 "1872
256 321 33 19 åré
302 320 102 27 landtdag
419 321 57 20 inom
486 321 59 20 såväl
554 321 80 20 Preste-
650 328 44 13 som
710 320 178 27 Borgareståndet
903 326 39 20 pe-

195 355 152 27 titionsförslag
363 355 110 27 angående
488 355 119 21 inrättande
623 356 23 19 af
658 357 30 19 ett
704 357 46 25 nytt
767 354 176 21 folkskollärare-

195 389 39 20 och
251 390 243 20 lärarinneseminarium
511 390 48 20 med
577 390 83 20 finskan
679 390 69 20 såsom
768 388 176 27 undervisnings-

195 423 70 27 språk.
284 418 9 36 —
301 424 143 20 Petitionären
466 425 57 20 inom
542 424 158 20 Presteståndet
719 424 92 26 föreslog
826 423 28 20 då
868 422 76 25 tillika,

196 460 30 18 att
241 458 35 20 det
291 464 42 20 nya
348 458 123 21 seminariet
486 458 65 21 borde
567 459 106 26 förläggas
688 458 33 20 till
737 459 69 26 någon
821 461 33 17 ort
867 458 8 19 i
891 458 55 19 östra

196 492 98 25 Finland,
315 492 56 21 helst
384 493 33 20 till
431 492 75 21 staden
521 493 90 26 Nyslott,
634 499 44 14 som
694 498 76 21 genom
793 491 126 28 billigheten
935 492 13 19 ä

197 529 59 18 orten
273 527 39 20 och
321 527 46 20 sina
375 527 55 26 goda
446 527 210 21 kommunikationer
671 533 49 14 vore
731 526 88 21 framför
833 526 67 20 andra
916 532 32 14 or-

197 563 32 18 ter
243 561 95 27 lämplig,
355 561 111 20 hvaremot
481 561 40 21 den
537 561 66 20 andra
618 558 141 29 petitionären
779 560 113 21 förordade
907 567 41 13 an-

198 595 87 20 staltens
300 595 110 26 placering
426 596 6 19 i
447 596 90 26 Kuopio.
550 595 40 20 Det
606 595 34 20 vid
656 602 81 13 samma
752 595 103 26 landtdag
870 595 78 20 tillsat-

199 632 19 17 ia
236 628 114 21 Allmänna
366 629 199 26 Besvärsutskottet,
582 629 30 20 till
629 629 62 20 hvars
710 629 132 27 behandling
862 628 88 21 ärendet

198 663 108 25 hänsköts,
322 663 100 20 framhöll
438 664 6 19 i
459 664 89 27 afgifvet
561 663 143 25 betänkande,
720 663 31 21 till
768 663 82 20 hvilket
870 663 79 20 utskot-

199 700 29 17 tet
242 699 7 19 i
265 698 100 21 afseende
381 700 11 18 ä
408 699 38 20 der
455 699 126 20 meddelade
590 699 153 27 upplysningar
758 699 31 19 fär
805 697 93 25 hänvisa,
914 697 37 20 det

201 732 46 21 med
263 732 74 27 hvarje
353 733 23 19 är
391 733 97 27 stigande
505 733 99 21 behofvet
618 734 23 19 af
651 733 68 20 lärare
737 733 39 21 och
788 733 118 20 lärarinnor
918 732 32 19 för

198 767 27 20 de
241 767 68 20 finska
324 766 147 22 folkskolorna
485 768 39 20 och
541 767 187 27 nödvändigheten
744 769 30 18 att
790 767 47 20 med
853 767 37 20 det
904 773 46 13 sna-

200 803 55 18 raste
263 801 114 26 tillgodose
385 801 124 20 detsamma.
526 801 72 27 Enligt
606 801 93 20 nämnda
709 802 90 20 utskotts
807 801 64 20 tanke
879 800 72 20 kunde

199 835 76 20 sädant
290 835 125 27 lämpligare
431 835 37 20 ske
483 842 77 20 genom
576 835 118 21 inrättande
710 835 24 20 af
742 837 29 18 ett
782 837 47 25 nytt
839 835 112 20 seminari-

201 876 34 13 um
252 872 26 17 än
294 875 76 21 genom
389 869 125 28 utvidgning
529 870 23 19 af
565 870 35 19 det
614 870 7 19 i
636 869 121 28 Jyväskylä
765 869 116 27 befintliga,
896 869 57 20 helst

201 903 113 26 utgifterna
332 903 32 20 för
379 903 132 20 sistnämada
525 903 99 20 ändamål
640 905 68 19 måste
722 904 104 19 bestridas
848 903 48 20 med
912 903 40 19 be-

200 937 179 27 villningsmedel,
386 937 111 21 hvaremot
505 938 26 20 de
539 938 139 26 erforderliga
686 938 153 27 byggnaderna
847 938 27 26 på
882 943 70 14 annan

201 974 33 18 ort
248 972 85 20 komme
342 973 31 18 att
389 971 98 21 bekostas
495 972 24 19 af
531 972 41 20 den
585 972 109 25 kommun,
710 972 32 20 till
758 972 88 20 hvilken
863 972 35 20 det
911 978 41 20 nya

202 1006 123 20 seminariet
347 1006 99 21 förlades,
482 1005 45 21 Och
543 1006 89 21 emedan
656 1006 74 20 staden
750 1006 91 27 Nyslott,
865 1006 31 20 för
912 1006 41 20 den

203 1040 100 20 händelse
319 1042 30 18 att
364 1042 28 18 ett
412 1040 133 28 fullständigt
562 1040 287 21 folskollärareseminarium
866 1040 37 20 der
918 1040 35 20 in-

202 1074 98 25 rättades,
317 1074 92 26 erbjudit
424 1075 31 27 sig
471 1077 31 18 att
519 1075 30 20 till
570 1075 47 20 dess
636 1075 131 27 anläggning
788 1075 71 19 lemna
875 1076 34 22 ett
920 1075 33 19 bi-

204 1109 52 26 drag
271 1109 23 19 af
315 1108 75 25 50,000
406 1109 59 19 mark
488 1109 40 19 och
543 1108 146 20 kostnadsfritt
707 1109 54 19 afstä
777 1108 78 26 nödiga
871 1110 82 18 tomter,

204 1142 115 26 tillstyrkte
335 1142 106 24 utskottet,
466 1142 46 20 med
529 1142 100 20 afseende
642 1142 81 25 jemväl
739 1142 12 19 å
767 1143 70 19 ortens
852 1142 102 26 lämpliga

202 1176 48 26 läge
266 1176 5 19 i
288 1175 35 20 det
337 1176 46 19 inre
399 1176 23 19 af
435 1176 77 24 landet,
528 1176 47 20 dess
591 1176 55 26 goda
657 1176 242 25 sjökommunikationer
914 1176 40 19 och

203 1210 126 20 framförallt
344 1209 26 20 de
386 1210 48 26 låga
449 1209 227 21 lefnadskostnaderna
684 1209 115 25 derstädes,
815 1211 31 18 att
857 1209 36 21 det
900 1209 54 20 före-

204 1244 74 26 slagna
293 1244 123 19 seminariet
431 1244 64 19 mätte
510 1244 106 25 förläggas
631 1244 33 18 till
680 1243 91 25 Nyslott.

272 1276 9 20 I
296 1276 151 26 hufvudsaklig
463 1276 209 20 öfverenstämmelse
681 1275 48 21 med
741 1275 145 21 betänkandet
900 1276 54 20 aflä-

204 1310 58 21 toStä
273 1310 87 24 nderna,
377 1316 44 13 som
438 1309 67 20 likväl
519 1310 79 26 ansägo
614 1310 32 26 sig
661 1310 48 19 ieke
724 1309 53 21 böra
796 1309 80 27 afgifva
892 1310 65 26 något

205 1344 98 28 yttrande
319 1350 34 14 om
369 1345 66 23 orten,
451 1343 38 20 der
503 1343 41 21 den
560 1343 149 28 ifrägakomna
724 1344 105 20 anstalten
841 1344 68 21 skulle
925 1344 31 20 in-

205 1381 71 22 rättas,
299 1385 26 14 en
346 1377 133 28 underdänig
502 1379 88 26 petition
613 1386 34 13 om
666 1379 74 27 åtgärd
763 1378 90 26 derhän,
875 1381 31 18 att
928 1381 30 18 ett

207 1415 64 21 finskt
286 1413 136 20 seminarium
438 1413 31 19 för
484 1412 110 21 hlifvande
608 1413 163 20 folkskollärare
784 1413 39 20 och
839 1413 118 22 lärarinnor

208 1450 69 20 blefve
292 1447 46 21 med
355 1447 36 20 det
410 1449 93 18 snaraste
519 1447 105 25 inrättadt,
641 1447 81 20 hvilket
738 1448 136 20 seminarium
894 1448 63 25 dock,

334 1487 95 20 Allmänna
443 1487 186 18 Besvärs-utskotteis
642 1487 111 20 beränkande
766 1493 31 12 n:o
809 1488 18 18 8.
