<?xml version="1.0" encoding="UTF-8"?>
<alto xmlns="http://www.loc.gov/standards/alto/ns-v3#" xmlns:xlink="http://www.w3.org/1999/xlink" xmlns:xsi="http://www.w3.org/2001/XMLSchema-instance" xsi:schemaLocation="http://www.loc.gov/standards/alto/ns-v3# http://www.loc.gov/alto/v3/alto-3-0.xsd">
	<Description>
		<MeasurementUnit>pixel</MeasurementUnit>
		<sourceImageInformation>
			<fileName>/tmp/tess_ud_0soi__input.PNG</fileName>
		</sourceImageInformation>
		<OCRProcessing ID="OCR_0">
			<ocrProcessingStep>
				<processingSoftware>
					<softwareName>tesseract 5.3.4</softwareName>
				</processingSoftware>
			</ocrProcessingStep>
		</OCRProcessing>
	</Description>
	<Layout>
		<Page WIDTH="1045" HEIGHT="1709" PHYSICAL_IMG_NR="0" ID="page_0">
			<PrintSpace HPOS="0" VPOS="0" WIDTH="1045" HEIGHT="1709">
				<ComposedBlock ID="cblock_0" HPOS="245" VPOS="148" WIDTH="426" HEIGHT="19">
					<TextBlock ID="block_0" HPOS="245" VPOS="148" WIDTH="426" HEIGHT="19">
						<TextLine ID="line_0" HPOS="245" VPOS="148" WIDTH="426" HEIGHT="19">
							<String ID="string_0" HPOS="245" VPOS="148" WIDTH="315" HEIGHT="19" WC="0.86" CONTENT="Petitionsbetänkande"/><SP WIDTH="15" VPOS="148" HPOS="560"/>
							<String ID="string_1" HPOS="575" VPOS="149" WIDTH="47" HEIGHT="18" WC="0.96" CONTENT="N:o"/><SP WIDTH="15" VPOS="149" HPOS="622"/>
							<String ID="string_2" HPOS="637" VPOS="150" WIDTH="34" HEIGHT="16" WC="0.96" CONTENT="31."/>
						</TextLine>
					</TextBlock>
				</ComposedBlock>
				<ComposedBlock ID="cblock_1" HPOS="292" VPOS="461" WIDTH="536" HEIGHT="268">
					<TextBlock ID="block_1" HPOS="292" VPOS="461" WIDTH="536" HEIGHT="268">
						<TextLine ID="line_1" HPOS="357" VPOS="461" WIDTH="470" HEIGHT="28">
							<String ID="string_3" HPOS="357" VPOS="461" WIDTH="256" HEIGHT="27" WC="0.85" CONTENT="Ekonomiutskottets"/><SP WIDTH="8" VPOS="461" HPOS="613"/>
							<String ID="string_4" HPOS="621" VPOS="462" WIDTH="155" HEIGHT="27" WC="0.96" CONTENT="betänkande"/><SP WIDTH="8" VPOS="462" HPOS="776"/>
							<String ID="string_5" HPOS="784" VPOS="463" WIDTH="43" HEIGHT="26" WC="0.96" CONTENT="N:o"/>
						</TextLine>
						<TextLine ID="line_2" HPOS="293" VPOS="501" WIDTH="534" HEIGHT="36">
							<String ID="string_6" HPOS="293" VPOS="501" WIDTH="27" HEIGHT="25" WC="0.92" CONTENT="12"/><SP WIDTH="19" VPOS="501" HPOS="320"/>
							<String ID="string_7" HPOS="339" VPOS="501" WIDTH="8" HEIGHT="25" WC="0.92" CONTENT="i"/><SP WIDTH="19" VPOS="501" HPOS="347"/>
							<String ID="string_8" HPOS="366" VPOS="501" WIDTH="132" HEIGHT="34" WC="0.92" CONTENT="anledning"/><SP WIDTH="21" VPOS="501" HPOS="498"/>
							<String ID="string_9" HPOS="519" VPOS="502" WIDTH="27" HEIGHT="25" WC="0.96" CONTENT="af"/><SP WIDTH="15" VPOS="502" HPOS="546"/>
							<String ID="string_10" HPOS="561" VPOS="504" WIDTH="37" HEIGHT="24" WC="0.96" CONTENT="ett"/><SP WIDTH="20" VPOS="504" HPOS="598"/>
							<String ID="string_11" HPOS="618" VPOS="502" WIDTH="66" HEIGHT="26" WC="0.93" CONTENT="inom"/><SP WIDTH="21" VPOS="502" HPOS="684"/>
							<String ID="string_12" HPOS="705" VPOS="503" WIDTH="122" HEIGHT="34" WC="0.92" CONTENT="Borgare-"/>
						</TextLine>
						<TextLine ID="line_3" HPOS="292" VPOS="541" WIDTH="535" HEIGHT="36">
							<String ID="string_13" HPOS="292" VPOS="541" WIDTH="98" HEIGHT="26" WC="0.93" CONTENT="ständet"/><SP WIDTH="10" VPOS="541" HPOS="390"/>
							<String ID="string_14" HPOS="400" VPOS="542" WIDTH="141" HEIGHT="25" WC="0.92" CONTENT="framstäldt"/><SP WIDTH="10" VPOS="542" HPOS="541"/>
							<String ID="string_15" HPOS="551" VPOS="542" WIDTH="215" HEIGHT="35" WC="0.90" CONTENT="petitionsförslag"/><SP WIDTH="18" VPOS="542" HPOS="766"/>
							<String ID="string_16" HPOS="784" VPOS="552" WIDTH="43" HEIGHT="17" WC="0.92" CONTENT="an-"/>
						</TextLine>
						<TextLine ID="line_4" HPOS="293" VPOS="582" WIDTH="535" HEIGHT="35">
							<String ID="string_17" HPOS="293" VPOS="582" WIDTH="92" HEIGHT="33" WC="0.96" CONTENT="gående"/><SP WIDTH="19" VPOS="582" HPOS="385"/>
							<String ID="string_18" HPOS="404" VPOS="591" WIDTH="30" HEIGHT="17" WC="0.93" CONTENT="en"/><SP WIDTH="24" VPOS="591" HPOS="434"/>
							<String ID="string_19" HPOS="458" VPOS="583" WIDTH="262" HEIGHT="26" WC="0.68" CONTENT="öfverensstämmande"/><SP WIDTH="26" VPOS="583" HPOS="720"/>
							<String ID="string_20" HPOS="746" VPOS="584" WIDTH="82" HEIGHT="33" WC="0.87" CONTENT="regle-"/>
						</TextLine>
						<TextLine ID="line_5" HPOS="293" VPOS="622" WIDTH="535" HEIGHT="35">
							<String ID="string_21" HPOS="293" VPOS="622" WIDTH="56" HEIGHT="34" WC="0.96" CONTENT="ring"/><SP WIDTH="9" VPOS="622" HPOS="349"/>
							<String ID="string_22" HPOS="358" VPOS="623" WIDTH="27" HEIGHT="25" WC="0.89" CONTENT="af"/><SP WIDTH="7" VPOS="623" HPOS="385"/>
							<String ID="string_23" HPOS="392" VPOS="622" WIDTH="96" HEIGHT="27" WC="0.89" CONTENT="landets"/><SP WIDTH="15" VPOS="622" HPOS="488"/>
							<String ID="string_24" HPOS="503" VPOS="623" WIDTH="126" HEIGHT="34" WC="0.88" CONTENT="indelning"/><SP WIDTH="17" VPOS="623" HPOS="629"/>
							<String ID="string_25" HPOS="646" VPOS="623" WIDTH="8" HEIGHT="26" WC="0.93" CONTENT="i"/><SP WIDTH="19" VPOS="623" HPOS="654"/>
							<String ID="string_26" HPOS="673" VPOS="624" WIDTH="155" HEIGHT="25" WC="0.92" CONTENT="administra-"/>
						</TextLine>
						<TextLine ID="line_6" HPOS="292" VPOS="663" WIDTH="536" HEIGHT="34">
							<String ID="string_27" HPOS="292" VPOS="663" WIDTH="54" HEIGHT="31" WC="0.93" CONTENT="tivt,"/><SP WIDTH="21" VPOS="663" HPOS="346"/>
							<String ID="string_28" HPOS="367" VPOS="663" WIDTH="119" HEIGHT="34" WC="0.56" CONTENT="judieielt"/><SP WIDTH="18" VPOS="663" HPOS="486"/>
							<String ID="string_29" HPOS="504" VPOS="663" WIDTH="47" HEIGHT="26" WC="0.93" CONTENT="och"/><SP WIDTH="19" VPOS="663" HPOS="551"/>
							<String ID="string_30" HPOS="570" VPOS="664" WIDTH="172" HEIGHT="26" WC="0.90" CONTENT="ecklesiastikt"/><SP WIDTH="22" VPOS="664" HPOS="742"/>
							<String ID="string_31" HPOS="764" VPOS="665" WIDTH="64" HEIGHT="25" WC="0.93" CONTENT="afse-"/>
						</TextLine>
						<TextLine ID="line_7" HPOS="293" VPOS="703" WIDTH="69" HEIGHT="26">
							<String ID="string_32" HPOS="293" VPOS="703" WIDTH="69" HEIGHT="26" WC="0.95" CONTENT="ende."/>
						</TextLine>
					</TextBlock>
				</ComposedBlock>
				<ComposedBlock ID="cblock_2" HPOS="91" VPOS="784" WIDTH="740" HEIGHT="97">
					<TextBlock ID="block_2" HPOS="91" VPOS="784" WIDTH="740" HEIGHT="97">
						<TextLine ID="line_8" HPOS="158" VPOS="784" WIDTH="673" HEIGHT="29">
							<String ID="string_33" HPOS="158" VPOS="784" WIDTH="81" HEIGHT="22" WC="0.93" CONTENT="Genom"/><SP WIDTH="22" VPOS="784" HPOS="239"/>
							<String ID="string_34" HPOS="261" VPOS="785" WIDTH="199" HEIGHT="28" WC="0.88" CONTENT="protokollsutdrag"/><SP WIDTH="22" VPOS="785" HPOS="460"/>
							<String ID="string_35" HPOS="482" VPOS="787" WIDTH="23" HEIGHT="20" WC="0.96" CONTENT="af"/><SP WIDTH="19" VPOS="787" HPOS="505"/>
							<String ID="string_36" HPOS="524" VPOS="787" WIDTH="40" HEIGHT="21" WC="0.96" CONTENT="den"/><SP WIDTH="16" VPOS="787" HPOS="564"/>
							<String ID="string_37" HPOS="580" VPOS="787" WIDTH="13" HEIGHT="20" WC="0.93" CONTENT="9"/><SP WIDTH="20" VPOS="787" HPOS="593"/>
							<String ID="string_38" HPOS="613" VPOS="787" WIDTH="99" HEIGHT="20" WC="0.92" CONTENT="sistlidne"/><SP WIDTH="16" VPOS="787" HPOS="712"/>
							<String ID="string_39" HPOS="728" VPOS="787" WIDTH="103" HEIGHT="21" WC="0.96" CONTENT="Februari"/>
						</TextLine>
						<TextLine ID="line_9" HPOS="93" VPOS="818" WIDTH="738" HEIGHT="28">
							<String ID="string_40" HPOS="93" VPOS="819" WIDTH="40" HEIGHT="21" WC="0.92" CONTENT="har"/><SP WIDTH="22" VPOS="819" HPOS="133"/>
							<String ID="string_41" HPOS="155" VPOS="818" WIDTH="115" HEIGHT="28" WC="0.90" CONTENT="Vällofliga"/><SP WIDTH="17" VPOS="818" HPOS="270"/>
							<String ID="string_42" HPOS="287" VPOS="819" WIDTH="183" HEIGHT="26" WC="0.92" CONTENT="Borgareståndet"/><SP WIDTH="14" VPOS="819" HPOS="470"/>
							<String ID="string_43" HPOS="484" VPOS="821" WIDTH="34" HEIGHT="20" WC="0.93" CONTENT="till"/><SP WIDTH="15" VPOS="821" HPOS="518"/>
							<String ID="string_44" HPOS="533" VPOS="821" WIDTH="213" HEIGHT="21" WC="0.92" CONTENT="Ekonomiutskottet"/><SP WIDTH="14" VPOS="821" HPOS="746"/>
							<String ID="string_45" HPOS="760" VPOS="821" WIDTH="71" HEIGHT="21" WC="0.92" CONTENT="remit-"/>
						</TextLine>
						<TextLine ID="line_10" HPOS="91" VPOS="853" WIDTH="494" HEIGHT="28">
							<String ID="string_46" HPOS="91" VPOS="854" WIDTH="58" HEIGHT="21" WC="0.92" CONTENT="terat"/><SP WIDTH="20" VPOS="854" HPOS="149"/>
							<String ID="string_47" HPOS="169" VPOS="855" WIDTH="32" HEIGHT="20" WC="0.96" CONTENT="ett"/><SP WIDTH="15" VPOS="855" HPOS="201"/>
							<String ID="string_48" HPOS="216" VPOS="853" WIDTH="23" HEIGHT="22" WC="0.96" CONTENT="så"/><SP WIDTH="15" VPOS="853" HPOS="239"/>
							<String ID="string_49" HPOS="254" VPOS="853" WIDTH="93" HEIGHT="28" WC="0.93" CONTENT="lydande"/><SP WIDTH="15" VPOS="853" HPOS="347"/>
							<String ID="string_50" HPOS="362" VPOS="854" WIDTH="223" HEIGHT="27" WC="0.90" CONTENT="petitionsmemorial:"/>
						</TextLine>
					</TextBlock>
				</ComposedBlock>
				<ComposedBlock ID="cblock_3" HPOS="247" VPOS="936" WIDTH="430" HEIGHT="24">
					<TextBlock ID="block_3" HPOS="247" VPOS="936" WIDTH="430" HEIGHT="24">
						<TextLine ID="line_11" HPOS="247" VPOS="936" WIDTH="430" HEIGHT="24">
							<String ID="string_51" HPOS="247" VPOS="936" WIDTH="60" HEIGHT="18" WC="0.89" CONTENT="«Till"/><SP WIDTH="13" VPOS="936" HPOS="307"/>
							<String ID="string_52" HPOS="320" VPOS="937" WIDTH="134" HEIGHT="23" WC="0.91" CONTENT="Vällofliga"/><SP WIDTH="13" VPOS="937" HPOS="454"/>
							<String ID="string_53" HPOS="467" VPOS="937" WIDTH="210" HEIGHT="23" WC="0.91" CONTENT="Borgareståndet."/>
						</TextLine>
					</TextBlock>
				</ComposedBlock>
				<ComposedBlock ID="cblock_4" HPOS="92" VPOS="994" WIDTH="748" HEIGHT="515">
					<TextBlock ID="block_4" HPOS="92" VPOS="994" WIDTH="743" HEIGHT="167">
						<TextLine ID="line_12" HPOS="159" VPOS="994" WIDTH="675" HEIGHT="24">
							<String ID="string_54" HPOS="159" VPOS="995" WIDTH="9" HEIGHT="16" WC="0.96" CONTENT="I"/><SP WIDTH="12" VPOS="995" HPOS="168"/>
							<String ID="string_55" HPOS="180" VPOS="994" WIDTH="35" HEIGHT="18" WC="0.96" CONTENT="den"/><SP WIDTH="13" VPOS="994" HPOS="215"/>
							<String ID="string_56" HPOS="228" VPOS="994" WIDTH="41" HEIGHT="18" WC="0.93" CONTENT="mån"/><SP WIDTH="14" VPOS="994" HPOS="269"/>
							<String ID="string_57" HPOS="283" VPOS="995" WIDTH="146" HEIGHT="18" WC="0.92" CONTENT="samfundslifvet"/><SP WIDTH="17" VPOS="995" HPOS="429"/>
							<String ID="string_58" HPOS="446" VPOS="995" WIDTH="120" HEIGHT="18" WC="0.96" CONTENT="framskrider"/><SP WIDTH="12" VPOS="995" HPOS="566"/>
							<String ID="string_59" HPOS="578" VPOS="996" WIDTH="6" HEIGHT="17" WC="0.96" CONTENT="i"/><SP WIDTH="12" VPOS="996" HPOS="584"/>
							<String ID="string_60" HPOS="596" VPOS="995" WIDTH="105" HEIGHT="23" WC="0.93" CONTENT="utveckling"/><SP WIDTH="12" VPOS="995" HPOS="701"/>
							<String ID="string_61" HPOS="713" VPOS="995" WIDTH="78" HEIGHT="18" WC="0.92" CONTENT="sträfvar"/><SP WIDTH="12" VPOS="995" HPOS="791"/>
							<String ID="string_62" HPOS="803" VPOS="995" WIDTH="31" HEIGHT="18" WC="0.96" CONTENT="det"/>
						</TextLine>
						<TextLine ID="line_13" HPOS="93" VPOS="1023" WIDTH="740" HEIGHT="24">
							<String ID="string_63" HPOS="93" VPOS="1023" WIDTH="53" HEIGHT="18" WC="0.96" CONTENT="äfven"/><SP WIDTH="12" VPOS="1023" HPOS="146"/>
							<String ID="string_64" HPOS="158" VPOS="1025" WIDTH="27" HEIGHT="16" WC="0.93" CONTENT="att"/><SP WIDTH="12" VPOS="1025" HPOS="185"/>
							<String ID="string_65" HPOS="197" VPOS="1023" WIDTH="83" HEIGHT="23" WC="0.91" CONTENT="aflägsna"/><SP WIDTH="13" VPOS="1023" HPOS="280"/>
							<String ID="string_66" HPOS="293" VPOS="1024" WIDTH="36" HEIGHT="17" WC="0.95" CONTENT="alla"/><SP WIDTH="11" VPOS="1024" HPOS="329"/>
							<String ID="string_67" HPOS="340" VPOS="1025" WIDTH="74" HEIGHT="22" WC="0.96" CONTENT="former,"/><SP WIDTH="13" VPOS="1025" HPOS="414"/>
							<String ID="string_68" HPOS="427" VPOS="1029" WIDTH="46" HEIGHT="18" WC="0.95" CONTENT="som,"/><SP WIDTH="12" VPOS="1029" HPOS="473"/>
							<String ID="string_69" HPOS="485" VPOS="1027" WIDTH="43" HEIGHT="16" WC="0.96" CONTENT="utan"/><SP WIDTH="13" VPOS="1027" HPOS="528"/>
							<String ID="string_70" HPOS="541" VPOS="1027" WIDTH="27" HEIGHT="16" WC="0.95" CONTENT="att"/><SP WIDTH="12" VPOS="1027" HPOS="568"/>
							<String ID="string_71" HPOS="580" VPOS="1024" WIDTH="19" HEIGHT="19" WC="0.93" CONTENT="af"/><SP WIDTH="7" VPOS="1024" HPOS="599"/>
							<String ID="string_72" HPOS="606" VPOS="1024" WIDTH="87" HEIGHT="18" WC="0.91" CONTENT="behofvet"/><SP WIDTH="8" VPOS="1024" HPOS="693"/>
							<String ID="string_73" HPOS="701" VPOS="1024" WIDTH="90" HEIGHT="23" WC="0.93" CONTENT="påkallas,"/><SP WIDTH="13" VPOS="1024" HPOS="791"/>
							<String ID="string_74" HPOS="804" VPOS="1029" WIDTH="29" HEIGHT="12" WC="0.92" CONTENT="en-"/>
						</TextLine>
						<TextLine ID="line_14" HPOS="93" VPOS="1052" WIDTH="742" HEIGHT="24">
							<String ID="string_75" HPOS="93" VPOS="1052" WIDTH="41" HEIGHT="18" WC="0.91" CONTENT="dast"/><SP WIDTH="12" VPOS="1052" HPOS="134"/>
							<String ID="string_76" HPOS="146" VPOS="1054" WIDTH="31" HEIGHT="16" WC="0.96" CONTENT="äro"/><SP WIDTH="13" VPOS="1054" HPOS="177"/>
							<String ID="string_77" HPOS="190" VPOS="1052" WIDTH="29" HEIGHT="17" WC="0.96" CONTENT="för"/><SP WIDTH="13" VPOS="1052" HPOS="219"/>
							<String ID="string_78" HPOS="232" VPOS="1052" WIDTH="59" HEIGHT="18" WC="0.96" CONTENT="denna"/><SP WIDTH="12" VPOS="1052" HPOS="291"/>
							<String ID="string_79" HPOS="303" VPOS="1053" WIDTH="106" HEIGHT="22" WC="0.93" CONTENT="utveckling"/><SP WIDTH="18" VPOS="1053" HPOS="409"/>
							<String ID="string_80" HPOS="427" VPOS="1053" WIDTH="108" HEIGHT="22" WC="0.92" CONTENT="hinderliga."/><SP WIDTH="24" VPOS="1053" HPOS="535"/>
							<String ID="string_81" HPOS="559" VPOS="1053" WIDTH="36" HEIGHT="23" WC="0.96" CONTENT="Jag"/><SP WIDTH="12" VPOS="1053" HPOS="595"/>
							<String ID="string_82" HPOS="607" VPOS="1053" WIDTH="83" HEIGHT="18" WC="0.92" CONTENT="anhåller"/><SP WIDTH="13" VPOS="1053" HPOS="690"/>
							<String ID="string_83" HPOS="703" VPOS="1053" WIDTH="93" HEIGHT="18" WC="0.92" CONTENT="vördsamt"/><SP WIDTH="12" VPOS="1053" HPOS="796"/>
							<String ID="string_84" HPOS="808" VPOS="1055" WIDTH="27" HEIGHT="15" WC="0.95" CONTENT="att"/>
						</TextLine>
						<TextLine ID="line_15" HPOS="93" VPOS="1080" WIDTH="740" HEIGHT="24">
							<String ID="string_85" HPOS="93" VPOS="1081" WIDTH="60" HEIGHT="18" WC="0.96" CONTENT="såsom"/><SP WIDTH="14" VPOS="1081" HPOS="153"/>
							<String ID="string_86" HPOS="167" VPOS="1083" WIDTH="26" HEIGHT="15" WC="0.96" CONTENT="ett"/><SP WIDTH="12" VPOS="1083" HPOS="193"/>
							<String ID="string_87" HPOS="205" VPOS="1080" WIDTH="66" HEIGHT="19" WC="0.96" CONTENT="sådant"/><SP WIDTH="12" VPOS="1080" HPOS="271"/>
							<String ID="string_88" HPOS="283" VPOS="1081" WIDTH="70" HEIGHT="22" WC="0.95" CONTENT="hinder,"/><SP WIDTH="14" VPOS="1081" HPOS="353"/>
							<String ID="string_89" HPOS="367" VPOS="1087" WIDTH="39" HEIGHT="12" WC="0.96" CONTENT="som"/><SP WIDTH="12" VPOS="1087" HPOS="406"/>
							<String ID="string_90" HPOS="418" VPOS="1081" WIDTH="57" HEIGHT="18" WC="0.92" CONTENT="borde"/><SP WIDTH="13" VPOS="1081" HPOS="475"/>
							<String ID="string_91" HPOS="488" VPOS="1082" WIDTH="98" HEIGHT="22" WC="0.90" CONTENT="aflägsnas,"/><SP WIDTH="13" VPOS="1082" HPOS="586"/>
							<String ID="string_92" HPOS="599" VPOS="1082" WIDTH="18" HEIGHT="17" WC="0.96" CONTENT="få"/><SP WIDTH="12" VPOS="1082" HPOS="617"/>
							<String ID="string_93" HPOS="629" VPOS="1081" WIDTH="99" HEIGHT="18" WC="0.96" CONTENT="framhålla"/><SP WIDTH="7" VPOS="1081" HPOS="728"/>
							<String ID="string_94" HPOS="735" VPOS="1081" WIDTH="40" HEIGHT="18" WC="0.88" CONTENT="vårt"/><SP WIDTH="6" VPOS="1081" HPOS="775"/>
							<String ID="string_95" HPOS="781" VPOS="1081" WIDTH="52" HEIGHT="18" WC="0.88" CONTENT="lands"/>
						</TextLine>
						<TextLine ID="line_16" HPOS="93" VPOS="1109" WIDTH="742" HEIGHT="24">
							<String ID="string_96" HPOS="93" VPOS="1109" WIDTH="50" HEIGHT="18" WC="0.96" CONTENT="olika"/><SP WIDTH="12" VPOS="1109" HPOS="143"/>
							<String ID="string_97" HPOS="155" VPOS="1109" WIDTH="35" HEIGHT="18" WC="0.96" CONTENT="och"/><SP WIDTH="12" VPOS="1109" HPOS="190"/>
							<String ID="string_98" HPOS="202" VPOS="1109" WIDTH="113" HEIGHT="23" WC="0.95" CONTENT="invecklade,"/><SP WIDTH="19" VPOS="1109" HPOS="315"/>
							<String ID="string_99" HPOS="334" VPOS="1109" WIDTH="28" HEIGHT="18" WC="0.96" CONTENT="för"/><SP WIDTH="13" VPOS="1109" HPOS="362"/>
							<String ID="string_100" HPOS="375" VPOS="1112" WIDTH="27" HEIGHT="16" WC="0.96" CONTENT="att"/><SP WIDTH="12" VPOS="1112" HPOS="402"/>
							<String ID="string_101" HPOS="414" VPOS="1110" WIDTH="40" HEIGHT="18" WC="0.96" CONTENT="icke"/><SP WIDTH="14" VPOS="1110" HPOS="454"/>
							<String ID="string_102" HPOS="468" VPOS="1112" WIDTH="44" HEIGHT="21" WC="0.96" CONTENT="säga"/><SP WIDTH="12" VPOS="1112" HPOS="512"/>
							<String ID="string_103" HPOS="524" VPOS="1110" WIDTH="113" HEIGHT="18" WC="0.96" CONTENT="förvirrande"/><SP WIDTH="19" VPOS="1110" HPOS="637"/>
							<String ID="string_104" HPOS="656" VPOS="1110" WIDTH="93" HEIGHT="23" WC="0.96" CONTENT="indelning"/><SP WIDTH="12" VPOS="1110" HPOS="749"/>
							<String ID="string_105" HPOS="761" VPOS="1110" WIDTH="6" HEIGHT="17" WC="0.93" CONTENT="i"/><SP WIDTH="13" VPOS="1110" HPOS="767"/>
							<String ID="string_106" HPOS="780" VPOS="1110" WIDTH="55" HEIGHT="17" WC="0.92" CONTENT="admi-"/>
						</TextLine>
						<TextLine ID="line_17" HPOS="92" VPOS="1138" WIDTH="504" HEIGHT="23">
							<String ID="string_107" HPOS="92" VPOS="1138" WIDTH="98" HEIGHT="23" WC="0.92" CONTENT="nistrativt,"/><SP WIDTH="10" VPOS="1138" HPOS="190"/>
							<String ID="string_108" HPOS="200" VPOS="1138" WIDTH="85" HEIGHT="23" WC="0.91" CONTENT="judicielt"/><SP WIDTH="12" VPOS="1138" HPOS="285"/>
							<String ID="string_109" HPOS="297" VPOS="1139" WIDTH="34" HEIGHT="17" WC="0.93" CONTENT="och"/><SP WIDTH="13" VPOS="1139" HPOS="331"/>
							<String ID="string_110" HPOS="344" VPOS="1139" WIDTH="128" HEIGHT="18" WC="0.90" CONTENT="ecklesiastikt"/><SP WIDTH="12" VPOS="1139" HPOS="472"/>
							<String ID="string_111" HPOS="484" VPOS="1139" WIDTH="112" HEIGHT="18" WC="0.92" CONTENT="hänsennde."/>
						</TextLine>
					</TextBlock>
					<TextBlock ID="block_5" HPOS="94" VPOS="1167" WIDTH="746" HEIGHT="342">
						<TextLine ID="line_18" HPOS="161" VPOS="1167" WIDTH="676" HEIGHT="24">
							<String ID="string_112" HPOS="161" VPOS="1167" WIDTH="38" HEIGHT="18" WC="0.95" CONTENT="För"/><SP WIDTH="19" VPOS="1167" HPOS="199"/>
							<String ID="string_113" HPOS="218" VPOS="1167" WIDTH="31" HEIGHT="18" WC="0.95" CONTENT="det"/><SP WIDTH="17" VPOS="1167" HPOS="249"/>
							<String ID="string_114" HPOS="266" VPOS="1167" WIDTH="114" HEIGHT="18" WC="0.95" CONTENT="närvarande"/><SP WIDTH="18" VPOS="1167" HPOS="380"/>
							<String ID="string_115" HPOS="398" VPOS="1167" WIDTH="59" HEIGHT="19" WC="0.96" CONTENT="finnas"/><SP WIDTH="13" VPOS="1167" HPOS="457"/>
							<String ID="string_116" HPOS="470" VPOS="1168" WIDTH="6" HEIGHT="17" WC="0.96" CONTENT="i"/><SP WIDTH="12" VPOS="1168" HPOS="476"/>
							<String ID="string_117" HPOS="488" VPOS="1168" WIDTH="62" HEIGHT="18" WC="0.96" CONTENT="landet"/><SP WIDTH="17" VPOS="1168" HPOS="550"/>
							<String ID="string_118" HPOS="567" VPOS="1169" WIDTH="21" HEIGHT="17" WC="0.95" CONTENT="51"/><SP WIDTH="13" VPOS="1169" HPOS="588"/>
							<String ID="string_119" HPOS="601" VPOS="1168" WIDTH="84" HEIGHT="23" WC="0.96" CONTENT="härader,"/><SP WIDTH="19" VPOS="1168" HPOS="685"/>
							<String ID="string_120" HPOS="704" VPOS="1169" WIDTH="23" HEIGHT="18" WC="0.96" CONTENT="59"/><SP WIDTH="13" VPOS="1169" HPOS="727"/>
							<String ID="string_121" HPOS="740" VPOS="1168" WIDTH="97" HEIGHT="23" WC="0.96" CONTENT="domsagor"/>
						</TextLine>
						<TextLine ID="line_19" HPOS="95" VPOS="1196" WIDTH="741" HEIGHT="24">
							<String ID="string_122" HPOS="95" VPOS="1196" WIDTH="34" HEIGHT="18" WC="0.96" CONTENT="och"/><SP WIDTH="12" VPOS="1196" HPOS="129"/>
							<String ID="string_123" HPOS="141" VPOS="1197" WIDTH="23" HEIGHT="16" WC="0.92" CONTENT="45"/><SP WIDTH="12" VPOS="1197" HPOS="164"/>
							<String ID="string_124" HPOS="176" VPOS="1196" WIDTH="105" HEIGHT="23" WC="0.91" CONTENT="prosterier."/><SP WIDTH="25" VPOS="1196" HPOS="281"/>
							<String ID="string_125" HPOS="306" VPOS="1197" WIDTH="29" HEIGHT="17" WC="0.95" CONTENT="En"/><SP WIDTH="13" VPOS="1197" HPOS="335"/>
							<String ID="string_126" HPOS="348" VPOS="1199" WIDTH="38" HEIGHT="16" WC="0.96" CONTENT="stor"/><SP WIDTH="13" VPOS="1199" HPOS="386"/>
							<String ID="string_127" HPOS="399" VPOS="1197" WIDTH="30" HEIGHT="18" WC="0.96" CONTENT="del"/><SP WIDTH="13" VPOS="1197" HPOS="429"/>
							<String ID="string_128" HPOS="442" VPOS="1197" WIDTH="20" HEIGHT="18" WC="0.96" CONTENT="af"/><SP WIDTH="10" VPOS="1197" HPOS="462"/>
							<String ID="string_129" HPOS="472" VPOS="1197" WIDTH="55" HEIGHT="18" WC="0.96" CONTENT="dessa"/><SP WIDTH="11" VPOS="1197" HPOS="527"/>
							<String ID="string_130" HPOS="538" VPOS="1198" WIDTH="46" HEIGHT="18" WC="0.96" CONTENT="bära"/><SP WIDTH="12" VPOS="1198" HPOS="584"/>
							<String ID="string_131" HPOS="596" VPOS="1203" WIDTH="69" HEIGHT="12" WC="0.96" CONTENT="samma"/><SP WIDTH="12" VPOS="1203" HPOS="665"/>
							<String ID="string_132" HPOS="677" VPOS="1203" WIDTH="60" HEIGHT="17" WC="0.96" CONTENT="namn,"/><SP WIDTH="12" VPOS="1203" HPOS="737"/>
							<String ID="string_133" HPOS="749" VPOS="1203" WIDTH="41" HEIGHT="12" WC="0.93" CONTENT="men"/><SP WIDTH="9" VPOS="1203" HPOS="790"/>
							<String ID="string_134" HPOS="799" VPOS="1203" WIDTH="37" HEIGHT="12" WC="0.91" CONTENT="om-"/>
						</TextLine>
						<TextLine ID="line_20" HPOS="94" VPOS="1225" WIDTH="742" HEIGHT="24">
							<String ID="string_135" HPOS="94" VPOS="1225" WIDTH="47" HEIGHT="18" WC="0.95" CONTENT="fatta"/><SP WIDTH="16" VPOS="1225" HPOS="141"/>
							<String ID="string_136" HPOS="157" VPOS="1225" WIDTH="41" HEIGHT="18" WC="0.95" CONTENT="icke"/><SP WIDTH="13" VPOS="1225" HPOS="198"/>
							<String ID="string_137" HPOS="211" VPOS="1225" WIDTH="43" HEIGHT="18" WC="0.96" CONTENT="dess"/><SP WIDTH="12" VPOS="1225" HPOS="254"/>
							<String ID="string_138" HPOS="266" VPOS="1225" WIDTH="69" HEIGHT="18" WC="0.96" CONTENT="mindre"/><SP WIDTH="13" VPOS="1225" HPOS="335"/>
							<String ID="string_139" HPOS="348" VPOS="1225" WIDTH="40" HEIGHT="18" WC="0.96" CONTENT="helt"/><SP WIDTH="12" VPOS="1225" HPOS="388"/>
							<String ID="string_140" HPOS="400" VPOS="1225" WIDTH="50" HEIGHT="19" WC="0.95" CONTENT="olika"/><SP WIDTH="17" VPOS="1225" HPOS="450"/>
							<String ID="string_141" HPOS="467" VPOS="1226" WIDTH="108" HEIGHT="18" WC="0.95" CONTENT="territorier."/><SP WIDTH="24" VPOS="1226" HPOS="575"/>
							<String ID="string_142" HPOS="599" VPOS="1226" WIDTH="37" HEIGHT="18" WC="0.96" CONTENT="Det"/><SP WIDTH="12" VPOS="1226" HPOS="636"/>
							<String ID="string_143" HPOS="648" VPOS="1231" WIDTH="32" HEIGHT="18" WC="0.96" CONTENT="ges"/><SP WIDTH="12" VPOS="1231" HPOS="680"/>
							<String ID="string_144" HPOS="692" VPOS="1226" WIDTH="85" HEIGHT="23" WC="0.96" CONTENT="härader,"/><SP WIDTH="20" VPOS="1226" HPOS="777"/>
							<String ID="string_145" HPOS="797" VPOS="1231" WIDTH="39" HEIGHT="13" WC="0.96" CONTENT="som"/>
						</TextLine>
						<TextLine ID="line_21" HPOS="95" VPOS="1253" WIDTH="741" HEIGHT="26">
							<String ID="string_146" HPOS="95" VPOS="1255" WIDTH="32" HEIGHT="17" WC="0.96" CONTENT="äro"/><SP WIDTH="6" VPOS="1255" HPOS="127"/>
							<String ID="string_147" HPOS="133" VPOS="1253" WIDTH="96" HEIGHT="20" WC="0.96" CONTENT="fördelade"/><SP WIDTH="6" VPOS="1253" HPOS="229"/>
							<String ID="string_148" HPOS="235" VPOS="1254" WIDTH="24" HEIGHT="23" WC="0.96" CONTENT="på"/><SP WIDTH="7" VPOS="1254" HPOS="259"/>
							<String ID="string_149" HPOS="266" VPOS="1254" WIDTH="47" HEIGHT="18" WC="0.96" CONTENT="ända"/><SP WIDTH="12" VPOS="1254" HPOS="313"/>
							<String ID="string_150" HPOS="325" VPOS="1255" WIDTH="28" HEIGHT="17" WC="0.96" CONTENT="till"/><SP WIDTH="12" VPOS="1255" HPOS="353"/>
							<String ID="string_151" HPOS="365" VPOS="1255" WIDTH="41" HEIGHT="22" WC="0.96" CONTENT="fyra"/><SP WIDTH="11" VPOS="1255" HPOS="406"/>
							<String ID="string_152" HPOS="417" VPOS="1255" WIDTH="103" HEIGHT="23" WC="0.96" CONTENT="domsagor,"/><SP WIDTH="14" VPOS="1255" HPOS="520"/>
							<String ID="string_153" HPOS="534" VPOS="1255" WIDTH="35" HEIGHT="18" WC="0.93" CONTENT="och"/><SP WIDTH="13" VPOS="1255" HPOS="569"/>
							<String ID="string_154" HPOS="582" VPOS="1255" WIDTH="85" HEIGHT="18" WC="0.91" CONTENT="omvändt"/><SP WIDTH="12" VPOS="1255" HPOS="667"/>
							<String ID="string_155" HPOS="679" VPOS="1255" WIDTH="105" HEIGHT="24" WC="0.95" CONTENT="domsagor,"/><SP WIDTH="13" VPOS="1255" HPOS="784"/>
							<String ID="string_156" HPOS="797" VPOS="1261" WIDTH="39" HEIGHT="12" WC="0.96" CONTENT="som"/>
						</TextLine>
						<TextLine ID="line_22" HPOS="94" VPOS="1283" WIDTH="743" HEIGHT="23">
							<String ID="string_157" HPOS="94" VPOS="1285" WIDTH="75" HEIGHT="21" WC="0.96" CONTENT="utgöras"/><SP WIDTH="15" VPOS="1285" HPOS="169"/>
							<String ID="string_158" HPOS="184" VPOS="1283" WIDTH="20" HEIGHT="18" WC="0.96" CONTENT="af"/><SP WIDTH="12" VPOS="1283" HPOS="204"/>
							<String ID="string_159" HPOS="216" VPOS="1283" WIDTH="50" HEIGHT="18" WC="0.96" CONTENT="delar"/><SP WIDTH="12" VPOS="1283" HPOS="266"/>
							<String ID="string_160" HPOS="278" VPOS="1283" WIDTH="20" HEIGHT="18" WC="0.96" CONTENT="af"/><SP WIDTH="12" VPOS="1283" HPOS="298"/>
							<String ID="string_161" HPOS="310" VPOS="1285" WIDTH="28" HEIGHT="16" WC="0.96" CONTENT="tre"/><SP WIDTH="12" VPOS="1285" HPOS="338"/>
							<String ID="string_162" HPOS="350" VPOS="1283" WIDTH="80" HEIGHT="19" WC="0.96" CONTENT="härader"/><SP WIDTH="14" VPOS="1283" HPOS="430"/>
							<String ID="string_163" HPOS="444" VPOS="1285" WIDTH="34" HEIGHT="17" WC="0.96" CONTENT="och"/><SP WIDTH="7" VPOS="1285" HPOS="478"/>
							<String ID="string_164" HPOS="485" VPOS="1284" WIDTH="84" HEIGHT="19" WC="0.92" CONTENT="stundom"/><SP WIDTH="7" VPOS="1284" HPOS="569"/>
							<String ID="string_165" HPOS="576" VPOS="1284" WIDTH="62" HEIGHT="18" WC="0.91" CONTENT="dertill"/><SP WIDTH="7" VPOS="1284" HPOS="638"/>
							<String ID="string_166" HPOS="645" VPOS="1286" WIDTH="47" HEIGHT="16" WC="0.96" CONTENT="ännu"/><SP WIDTH="7" VPOS="1286" HPOS="692"/>
							<String ID="string_167" HPOS="699" VPOS="1284" WIDTH="20" HEIGHT="18" WC="0.96" CONTENT="af"/><SP WIDTH="11" VPOS="1284" HPOS="719"/>
							<String ID="string_168" HPOS="730" VPOS="1284" WIDTH="59" HEIGHT="18" WC="0.96" CONTENT="skilda"/><SP WIDTH="11" VPOS="1284" HPOS="789"/>
							<String ID="string_169" HPOS="800" VPOS="1285" WIDTH="37" HEIGHT="17" WC="0.96" CONTENT="län."/>
						</TextLine>
						<TextLine ID="line_23" HPOS="94" VPOS="1312" WIDTH="743" HEIGHT="24">
							<String ID="string_170" HPOS="94" VPOS="1312" WIDTH="44" HEIGHT="18" WC="0.96" CONTENT="Man"/><SP WIDTH="12" VPOS="1312" HPOS="138"/>
							<String ID="string_171" HPOS="150" VPOS="1312" WIDTH="37" HEIGHT="18" WC="0.96" CONTENT="kan"/><SP WIDTH="11" VPOS="1312" HPOS="187"/>
							<String ID="string_172" HPOS="198" VPOS="1312" WIDTH="41" HEIGHT="18" WC="0.96" CONTENT="icke"/><SP WIDTH="12" VPOS="1312" HPOS="239"/>
							<String ID="string_173" HPOS="251" VPOS="1312" WIDTH="49" HEIGHT="19" WC="0.96" CONTENT="finna"/><SP WIDTH="12" VPOS="1312" HPOS="300"/>
							<String ID="string_174" HPOS="312" VPOS="1315" WIDTH="27" HEIGHT="15" WC="0.96" CONTENT="att"/><SP WIDTH="11" VPOS="1315" HPOS="339"/>
							<String ID="string_175" HPOS="350" VPOS="1313" WIDTH="29" HEIGHT="17" WC="0.96" CONTENT="för"/><SP WIDTH="13" VPOS="1313" HPOS="379"/>
							<String ID="string_176" HPOS="392" VPOS="1313" WIDTH="51" HEIGHT="18" WC="0.96" CONTENT="detta"/><SP WIDTH="15" VPOS="1313" HPOS="443"/>
							<String ID="string_177" HPOS="458" VPOS="1313" WIDTH="51" HEIGHT="18" WC="0.93" CONTENT="olika"/><SP WIDTH="11" VPOS="1313" HPOS="509"/>
							<String ID="string_178" HPOS="520" VPOS="1313" WIDTH="143" HEIGHT="23" WC="0.91" CONTENT="indelningssätt"/><SP WIDTH="12" VPOS="1313" HPOS="663"/>
							<String ID="string_179" HPOS="675" VPOS="1313" WIDTH="60" HEIGHT="18" WC="0.96" CONTENT="skulle"/><SP WIDTH="12" VPOS="1313" HPOS="735"/>
							<String ID="string_180" HPOS="747" VPOS="1313" WIDTH="50" HEIGHT="23" WC="0.96" CONTENT="ligga"/><SP WIDTH="12" VPOS="1313" HPOS="797"/>
							<String ID="string_181" HPOS="809" VPOS="1313" WIDTH="28" HEIGHT="18" WC="0.95" CONTENT="till"/>
						</TextLine>
						<TextLine ID="line_24" HPOS="95" VPOS="1341" WIDTH="742" HEIGHT="22">
							<String ID="string_182" HPOS="95" VPOS="1341" WIDTH="59" HEIGHT="22" WC="0.96" CONTENT="grund"/><SP WIDTH="6" VPOS="1341" HPOS="154"/>
							<String ID="string_183" HPOS="160" VPOS="1341" WIDTH="61" HEIGHT="22" WC="0.96" CONTENT="någon"/><SP WIDTH="6" VPOS="1341" HPOS="221"/>
							<String ID="string_184" HPOS="227" VPOS="1341" WIDTH="62" HEIGHT="22" WC="0.95" CONTENT="tanke,"/><SP WIDTH="6" VPOS="1341" HPOS="289"/>
							<String ID="string_185" HPOS="295" VPOS="1341" WIDTH="57" HEIGHT="22" WC="0.96" CONTENT="enligt"/><SP WIDTH="6" VPOS="1341" HPOS="352"/>
							<String ID="string_186" HPOS="358" VPOS="1342" WIDTH="74" HEIGHT="17" WC="0.92" CONTENT="hvilken"/><SP WIDTH="8" VPOS="1342" HPOS="432"/>
							<String ID="string_187" HPOS="440" VPOS="1343" WIDTH="12" HEIGHT="15" WC="0.92" CONTENT="t."/><SP WIDTH="8" VPOS="1343" HPOS="452"/>
							<String ID="string_188" HPOS="460" VPOS="1347" WIDTH="27" HEIGHT="12" WC="0.96" CONTENT="ex."/><SP WIDTH="9" VPOS="1347" HPOS="487"/>
							<String ID="string_189" HPOS="496" VPOS="1342" WIDTH="22" HEIGHT="17" WC="0.96" CONTENT="de"/><SP WIDTH="7" VPOS="1342" HPOS="518"/>
							<String ID="string_190" HPOS="525" VPOS="1341" WIDTH="145" HEIGHT="18" WC="0.96" CONTENT="administrativa"/><SP WIDTH="5" VPOS="1341" HPOS="670"/>
							<String ID="string_191" HPOS="675" VPOS="1341" WIDTH="98" HEIGHT="18" WC="0.96" CONTENT="områdena"/><SP WIDTH="6" VPOS="1341" HPOS="773"/>
							<String ID="string_192" HPOS="779" VPOS="1341" WIDTH="58" HEIGHT="18" WC="0.96" CONTENT="borde"/>
						</TextLine>
						<TextLine ID="line_25" HPOS="95" VPOS="1368" WIDTH="742" HEIGHT="23">
							<String ID="string_193" HPOS="95" VPOS="1373" WIDTH="44" HEIGHT="13" WC="0.96" CONTENT="vara"/><SP WIDTH="12" VPOS="1373" HPOS="139"/>
							<String ID="string_194" HPOS="151" VPOS="1370" WIDTH="58" HEIGHT="16" WC="0.96" CONTENT="större"/><SP WIDTH="17" VPOS="1370" HPOS="209"/>
							<String ID="string_195" HPOS="226" VPOS="1370" WIDTH="22" HEIGHT="16" WC="0.96" CONTENT="än"/><SP WIDTH="15" VPOS="1370" HPOS="248"/>
							<String ID="string_196" HPOS="263" VPOS="1368" WIDTH="22" HEIGHT="19" WC="0.93" CONTENT="de"/><SP WIDTH="10" VPOS="1368" HPOS="285"/>
							<String ID="string_197" HPOS="295" VPOS="1369" WIDTH="91" HEIGHT="22" WC="0.90" CONTENT="judiciela."/><SP WIDTH="19" VPOS="1369" HPOS="386"/>
							<String ID="string_198" HPOS="405" VPOS="1369" WIDTH="108" HEIGHT="18" WC="0.92" CONTENT="Häraderna"/><SP WIDTH="9" VPOS="1369" HPOS="513"/>
							<String ID="string_199" HPOS="522" VPOS="1371" WIDTH="32" HEIGHT="16" WC="0.96" CONTENT="äro"/><SP WIDTH="8" VPOS="1371" HPOS="554"/>
							<String ID="string_200" HPOS="562" VPOS="1369" WIDTH="28" HEIGHT="18" WC="0.96" CONTENT="till"/><SP WIDTH="13" VPOS="1369" HPOS="590"/>
							<String ID="string_201" HPOS="603" VPOS="1374" WIDTH="22" HEIGHT="13" WC="0.96" CONTENT="en"/><SP WIDTH="10" VPOS="1374" HPOS="625"/>
							<String ID="string_202" HPOS="635" VPOS="1369" WIDTH="29" HEIGHT="18" WC="0.96" CONTENT="del"/><SP WIDTH="7" VPOS="1369" HPOS="664"/>
							<String ID="string_203" HPOS="671" VPOS="1371" WIDTH="65" HEIGHT="20" WC="0.93" CONTENT="större,"/><SP WIDTH="7" VPOS="1371" HPOS="736"/>
							<String ID="string_204" HPOS="743" VPOS="1369" WIDTH="28" HEIGHT="18" WC="0.96" CONTENT="till"/><SP WIDTH="8" VPOS="1369" HPOS="771"/>
							<String ID="string_205" HPOS="779" VPOS="1374" WIDTH="22" HEIGHT="13" WC="0.96" CONTENT="en"/><SP WIDTH="7" VPOS="1374" HPOS="801"/>
							<String ID="string_206" HPOS="808" VPOS="1369" WIDTH="29" HEIGHT="18" WC="0.96" CONTENT="del"/>
						</TextLine>
						<TextLine ID="line_26" HPOS="95" VPOS="1396" WIDTH="743" HEIGHT="19">
							<String ID="string_207" HPOS="95" VPOS="1396" WIDTH="90" HEIGHT="19" WC="0.92" CONTENT="likastora"/><SP WIDTH="20" VPOS="1396" HPOS="185"/>
							<String ID="string_208" HPOS="205" VPOS="1397" WIDTH="35" HEIGHT="18" WC="0.95" CONTENT="och"/><SP WIDTH="18" VPOS="1397" HPOS="240"/>
							<String ID="string_209" HPOS="258" VPOS="1397" WIDTH="29" HEIGHT="18" WC="0.96" CONTENT="till"/><SP WIDTH="17" VPOS="1397" HPOS="287"/>
							<String ID="string_210" HPOS="304" VPOS="1402" WIDTH="23" HEIGHT="13" WC="0.96" CONTENT="en"/><SP WIDTH="18" VPOS="1402" HPOS="327"/>
							<String ID="string_211" HPOS="345" VPOS="1397" WIDTH="30" HEIGHT="18" WC="0.95" CONTENT="del"/><SP WIDTH="18" VPOS="1397" HPOS="375"/>
							<String ID="string_212" HPOS="393" VPOS="1397" WIDTH="71" HEIGHT="18" WC="0.95" CONTENT="mindre"/><SP WIDTH="18" VPOS="1397" HPOS="464"/>
							<String ID="string_213" HPOS="482" VPOS="1399" WIDTH="23" HEIGHT="16" WC="0.96" CONTENT="än"/><SP WIDTH="19" VPOS="1399" HPOS="505"/>
							<String ID="string_214" HPOS="524" VPOS="1397" WIDTH="21" HEIGHT="18" WC="0.92" CONTENT="de"/><SP WIDTH="13" VPOS="1397" HPOS="545"/>
							<String ID="string_215" HPOS="558" VPOS="1397" WIDTH="38" HEIGHT="18" WC="0.92" CONTENT="lika"/><SP WIDTH="12" VPOS="1397" HPOS="596"/>
							<String ID="string_216" HPOS="608" VPOS="1397" WIDTH="102" HEIGHT="18" WC="0.91" CONTENT="benämnda"/><SP WIDTH="13" VPOS="1397" HPOS="710"/>
							<String ID="string_217" HPOS="723" VPOS="1397" WIDTH="45" HEIGHT="18" WC="0.96" CONTENT="eller"/><SP WIDTH="13" VPOS="1397" HPOS="768"/>
							<String ID="string_218" HPOS="781" VPOS="1397" WIDTH="57" HEIGHT="18" WC="0.96" CONTENT="delvis"/>
						</TextLine>
						<TextLine ID="line_27" HPOS="96" VPOS="1426" WIDTH="743" HEIGHT="24">
							<String ID="string_219" HPOS="96" VPOS="1431" WIDTH="69" HEIGHT="13" WC="0.95" CONTENT="samma"/><SP WIDTH="22" VPOS="1431" HPOS="165"/>
							<String ID="string_220" HPOS="187" VPOS="1426" WIDTH="107" HEIGHT="18" WC="0.92" CONTENT="kommuner"/><SP WIDTH="21" VPOS="1426" HPOS="294"/>
							<String ID="string_221" HPOS="315" VPOS="1426" WIDTH="112" HEIGHT="19" WC="0.91" CONTENT="omfattande"/><SP WIDTH="22" VPOS="1426" HPOS="427"/>
							<String ID="string_222" HPOS="449" VPOS="1426" WIDTH="123" HEIGHT="24" WC="0.90" CONTENT="domsagorna"/><SP WIDTH="19" VPOS="1426" HPOS="572"/>
							<String ID="string_223" HPOS="591" VPOS="1426" WIDTH="34" HEIGHT="19" WC="0.93" CONTENT="och"/><SP WIDTH="18" VPOS="1426" HPOS="625"/>
							<String ID="string_224" HPOS="643" VPOS="1427" WIDTH="130" HEIGHT="22" WC="0.90" CONTENT="prosterierna."/><SP WIDTH="24" VPOS="1427" HPOS="773"/>
							<String ID="string_225" HPOS="797" VPOS="1426" WIDTH="42" HEIGHT="18" WC="0.95" CONTENT="Fall"/>
						</TextLine>
						<TextLine ID="line_28" HPOS="99" VPOS="1455" WIDTH="740" HEIGHT="25">
							<String ID="string_226" HPOS="99" VPOS="1455" WIDTH="58" HEIGHT="23" WC="0.93" CONTENT="gifvas"/><SP WIDTH="18" VPOS="1455" HPOS="157"/>
							<String ID="string_227" HPOS="175" VPOS="1456" WIDTH="94" HEIGHT="18" WC="0.96" CONTENT="dessutom"/><SP WIDTH="18" VPOS="1456" HPOS="269"/>
							<String ID="string_228" HPOS="287" VPOS="1458" WIDTH="53" HEIGHT="21" WC="0.96" CONTENT="ännu,"/><SP WIDTH="19" VPOS="1458" HPOS="340"/>
							<String ID="string_229" HPOS="359" VPOS="1456" WIDTH="24" HEIGHT="18" WC="0.96" CONTENT="dä"/><SP WIDTH="12" VPOS="1456" HPOS="383"/>
							<String ID="string_230" HPOS="395" VPOS="1462" WIDTH="22" HEIGHT="12" WC="0.96" CONTENT="en"/><SP WIDTH="13" VPOS="1462" HPOS="417"/>
							<String ID="string_231" HPOS="430" VPOS="1456" WIDTH="34" HEIGHT="19" WC="0.96" CONTENT="och"/><SP WIDTH="16" VPOS="1456" HPOS="464"/>
							<String ID="string_232" HPOS="480" VPOS="1461" WIDTH="70" HEIGHT="14" WC="0.93" CONTENT="samma"/><SP WIDTH="17" VPOS="1461" HPOS="550"/>
							<String ID="string_233" HPOS="567" VPOS="1456" WIDTH="168" HEIGHT="24" WC="0.91" CONTENT="kyrkoförsamling"/><SP WIDTH="18" VPOS="1456" HPOS="735"/>
							<String ID="string_234" HPOS="753" VPOS="1458" WIDTH="20" HEIGHT="16" WC="0.93" CONTENT="är"/><SP WIDTH="13" VPOS="1458" HPOS="773"/>
							<String ID="string_235" HPOS="786" VPOS="1456" WIDTH="53" HEIGHT="18" WC="0.93" CONTENT="delad"/>
						</TextLine>
						<TextLine ID="line_29" HPOS="97" VPOS="1484" WIDTH="743" HEIGHT="25">
							<String ID="string_236" HPOS="97" VPOS="1484" WIDTH="24" HEIGHT="23" WC="0.91" CONTENT="pä"/><SP WIDTH="18" VPOS="1484" HPOS="121"/>
							<String ID="string_237" HPOS="139" VPOS="1485" WIDTH="30" HEIGHT="18" WC="0.96" CONTENT="två"/><SP WIDTH="20" VPOS="1485" HPOS="169"/>
							<String ID="string_238" HPOS="189" VPOS="1485" WIDTH="79" HEIGHT="19" WC="0.96" CONTENT="härader"/><SP WIDTH="12" VPOS="1485" HPOS="268"/>
							<String ID="string_239" HPOS="280" VPOS="1486" WIDTH="34" HEIGHT="18" WC="0.93" CONTENT="och"/><SP WIDTH="17" VPOS="1486" HPOS="314"/>
							<String ID="string_240" HPOS="331" VPOS="1486" WIDTH="102" HEIGHT="22" WC="0.96" CONTENT="domsagor."/><SP WIDTH="24" VPOS="1486" HPOS="433"/>
							<String ID="string_241" HPOS="457" VPOS="1486" WIDTH="37" HEIGHT="23" WC="0.96" CONTENT="Jag"/><SP WIDTH="11" VPOS="1486" HPOS="494"/>
							<String ID="string_242" HPOS="505" VPOS="1486" WIDTH="33" HEIGHT="18" WC="0.96" CONTENT="ber"/><SP WIDTH="13" VPOS="1486" HPOS="538"/>
							<String ID="string_243" HPOS="551" VPOS="1488" WIDTH="27" HEIGHT="16" WC="0.96" CONTENT="att"/><SP WIDTH="13" VPOS="1488" HPOS="578"/>
							<String ID="string_244" HPOS="591" VPOS="1486" WIDTH="109" HEIGHT="22" WC="0.93" CONTENT="exempelvis"/><SP WIDTH="13" VPOS="1486" HPOS="700"/>
							<String ID="string_245" HPOS="713" VPOS="1486" WIDTH="19" HEIGHT="18" WC="0.96" CONTENT="få"/><SP WIDTH="13" VPOS="1486" HPOS="732"/>
							<String ID="string_246" HPOS="745" VPOS="1487" WIDTH="95" HEIGHT="17" WC="0.95" CONTENT="omnämna"/>
						</TextLine>
					</TextBlock>
				</ComposedBlock>
				<ComposedBlock ID="cblock_5" HPOS="167" VPOS="1526" WIDTH="376" HEIGHT="19">
					<TextBlock ID="block_6" HPOS="167" VPOS="1526" WIDTH="376" HEIGHT="19">
						<TextLine ID="line_30" HPOS="167" VPOS="1526" WIDTH="376" HEIGHT="19">
							<String ID="string_247" HPOS="167" VPOS="1526" WIDTH="171" HEIGHT="18" WC="0.91" CONTENT="Ekonomiutskottets"/><SP WIDTH="14" VPOS="1526" HPOS="338"/>
							<String ID="string_248" HPOS="352" VPOS="1527" WIDTH="104" HEIGHT="17" WC="0.91" CONTENT="betänkande"/><SP WIDTH="12" VPOS="1527" HPOS="456"/>
							<String ID="string_249" HPOS="468" VPOS="1527" WIDTH="34" HEIGHT="18" WC="0.96" CONTENT="N:o"/><SP WIDTH="14" VPOS="1527" HPOS="502"/>
							<String ID="string_250" HPOS="516" VPOS="1528" WIDTH="27" HEIGHT="17" WC="0.94" CONTENT="12."/>
						</TextLine>
					</TextBlock>
				</ComposedBlock>
			</PrintSpace>
		</Page>
	</Layout>
</alto>
