1045 1706
270 182 14 20 2
445 176 235 26 Petitionsbetänkande
694 182 38 20 N:o
747 177 33 25 10.

310 239 27 16 Alt
353 237 44 17 detta
416 242 30 18 nya
461 237 107 17 seminarium
582 237 24 17 till
618 236 67 24 språket
697 237 31 17 bör
740 236 50 18 blifva
804 236 49 18 finskt
865 239 42 15 samt
919 236 69 24 organi-

240 267 54 18 seradt
312 267 4 16 i
331 265 115 21 hufvudsaklig
464 266 173 17 öfvevensstämmelse
654 266 37 16 med
708 266 26 17 det
747 268 116 15 sammansatta
877 267 93 17 seminariet
983 267 5 16 i

240 296 83 24 Jyväskylä
337 295 84 17 äfvensom
435 296 22 16 att
470 295 89 17 detsamma
576 295 29 17 bör
621 295 73 23 placeras
709 295 4 17 i
729 298 42 14 östra
787 295 48 17 delen
852 296 17 16 af
884 296 61 22 landet,
961 302 27 11 om

240 326 29 16 allt
282 325 44 17 detta
338 324 46 18 torde
397 324 54 23 någon
464 324 83 24 synnerlig
560 324 185 23 meningsskiljaktighet
759 324 35 18 icke
807 324 96 19 förefinnas.

307 356 77 16 Deremot
398 353 53 18 kunna
467 354 31 17 och
513 353 52 18 måste
581 353 83 24 åsigterna
678 360 26 11 om
718 354 31 17 den
762 356 27 15 ort
802 354 5 16 i
819 355 43 17 östra
876 354 74 24 Finland,
966 355 22 17 dit

240 384 49 24 sagde
305 383 106 18 seminarium
426 384 89 22 rätteligen
531 383 29 17 bör
577 383 89 23 förläggas,
682 389 69 11 numera
763 389 38 11 vara
815 383 54 22 andra,
882 387 20 13 än
916 383 20 17 de
948 390 40 11 vora

242 415 49 21 4872,
303 413 21 17 då
336 413 74 24 Nyslotts
424 413 34 16 stad
471 413 55 16 hörtill
538 413 17 16 af
567 412 49 24 några
630 412 127 23 aktningsvärda
770 416 53 14 röster
839 412 35 17 blef
889 414 99 22 föreslagen.

239 443 61 18 Alltför
313 443 58 22 mänga
383 442 19 23 pä
415 444 54 15 denna
482 441 23 18 tid
517 441 37 18 dels
566 441 96 23 obeaktade,
676 442 34 17 dels
724 445 43 14 ännu
775 442 62 17 okända
845 441 35 18 skäl
888 442 32 17 tala
927 441 62 20 härför.

306 471 71 19 Sålunda
389 471 54 17 kände
457 477 38 11 man
509 471 34 17 icke
556 471 26 22 då,
594 471 41 17 hvad
648 477 38 11 man
700 477 67 11 numera
780 474 33 20 vet,
825 474 24 15 att
859 472 85 23 nemligen
954 472 36 17 stif-

238 505 57 15 tarene
307 501 17 18 af
334 502 13 17 1.
361 500 69 17 Siitoins
442 499 82 19 folkskola
537 500 5 17 i
555 500 93 23 Sordavala,
662 500 43 17 Herr
716 501 79 17 Assessor
805 501 72 17 Herman
889 501 100 17 Hallonblad

238 532 32 18 och
283 531 36 18 dess
332 531 26 16 fru
372 530 38 17 Lilli
422 530 65 23 Siitoin,
504 529 52 18 hvilka
572 535 84 18 personer,
670 529 54 18 såsom
738 529 59 18 bekant
809 533 24 19 är,
846 530 25 17 för
884 530 104 23 folkupplys-

240 562 69 22 ningens
324 560 29 17 sak
369 560 42 23 gjort
428 563 51 14 större
492 559 92 17 materiella
600 558 41 18 offer
653 563 20 13 än
686 559 54 23 någon
752 565 53 12 aonan
819 559 63 18 enskild
895 559 42 18 finsk
951 565 37 12 man

241 591 42 17 eller
295 590 66 24 gvinna,
374 589 30 17 hos
417 589 64 17 landets
494 589 77 23 regering
585 589 66 22 anmält,
664 591 23 15 att
700 588 26 23 de,
740 589 25 16 för
778 588 31 18 den
822 589 76 17 händelse
912 588 26 18 det
951 589 38 17 till-

240 620 61 18 ernade
313 619 97 17 seminariet
425 618 53 17 skulle
492 618 83 23 förläggos
590 617 26 18 till
630 618 94 22 Sordavala,
736 621 28 14 äro
777 618 57 23 villiga
847 622 22 13 att
882 618 106 24 understödja

240 650 80 22 företaget
334 648 37 17 med
384 647 38 18 hela
436 647 32 18 den
481 647 83 24 betydliga
577 647 85 23 donation,
675 647 68 18 hvilken
755 648 20 16 de
788 647 128 24 ursprungligen
928 648 60 17 visser-

240 680 43 22 ligen
296 678 47 17 afsett
355 677 26 18 till
394 683 21 11 en
428 677 47 18 läro-
488 677 31 17 och
533 676 173 23 uppfostringsanstalt
719 677 41 17 blott
772 677 25 17 för
809 677 87 18 Sordavala
903 676 85 24 kommun,

240 714 38 11 men
290 707 65 18 hvilken
368 711 44 12 ännu
426 710 17 13 är
455 706 91 23 dispönibel
560 706 26 17 för
599 705 27 18 det
639 711 21 12 nu
674 705 119 24 ifrågavarande
806 706 94 17 ändamålet
913 707 17 16 af
942 712 45 12 mera

239 738 69 17 allmänt
320 736 112 17 fosterländsk
446 738 48 21 nyttä.
515 731 6 32 =
524 735 221 24 Anläggningskostnaderna
758 735 25 17 for
795 735 50 23 sagde
859 736 60 17 anstalt
932 736 5 17 i
950 737 38 16 dess

239 766 101 19 närvarande
359 765 45 18 skick
424 765 58 23 helöpa
501 765 24 22 sig
544 765 16 17 in
580 770 63 11 summa
659 765 26 16 till
698 765 71 17 emellan
783 767 10 15 5
805 765 31 17 och
849 766 75 21 600,000
937 766 50 17 mark.

240 797 31 17 Om
285 802 19 11 nu
319 795 29 18 ock
362 795 107 18 donationens
487 794 94 17 nuvarande
595 794 130 23 penningevärde
741 793 52 18 måste
807 793 79 19 beräknas
899 795 26 17 till
937 795 49 23 något

238 827 51 22 lögre,
301 829 21 13 än
335 825 190 23 anläggningssumman,
537 823 31 18 kan
581 823 41 18 dock
636 823 49 23 sagde
698 823 84 23 donation,
796 823 89 18 bestående
894 824 17 17 af
920 824 66 23 Kymolä

235 855 115 24 jordlägenhet
362 854 46 17 invid
421 853 89 18 Sordavala
523 853 35 17 stad
571 853 37 17 med
622 853 55 17 dertill
690 853 71 17 hörande
775 853 100 18 inventarier
888 853 99 18 och
930 848 10 35 ä
945 853 42 18 den-

237 890 63 12 samma
313 883 80 24 uppförda
406 883 85 24 ansenliga
498 883 93 23 byggnader
603 882 30 17 och
646 883 25 16 för
684 882 111 18 skoländamäi
808 883 60 17 enkom
881 883 66 17 afsedda
959 884 27 16 1o-

237 914 45 17 kaler
300 915 41 16 samt
354 915 23 15 ett
395 913 68 16 kontant
482 912 142 24 penningebelopp
640 912 16 17 af
668 913 74 22 200,000
755 911 51 24 mark,
818 919 36 10 som
867 912 16 17 af
895 913 91 22 stiftarene,

238 945 43 15 emot
294 942 64 23 nädigst
370 941 111 17 tilforsäkrad
494 941 33 23 69/,
539 944 52 19 ränta,
609 941 53 17 finnes
682 940 50 18 insatt
749 941 8 17 &
774 941 126 23 Statskontoret,
913 952 23 2 —
948 944 38 15 utan

238 972 22 17 all
274 972 32 16 fara
319 971 24 17 för
357 970 92 23 öfverdrift,
463 970 3 17 i
479 971 53 17 denna
545 971 31 22 dag
590 970 78 18 beräknas
681 971 53 23 uppgå
746 971 25 17 till
786 972 22 16 ett
821 971 48 17 värde
883 971 17 17 af
911 972 75 18 400.000

238 1002 51 16 mark,

305 1030 37 18 Med
355 1030 62 22 hänsyn
431 1029 24 17 till
468 1030 20 16 de
501 1029 25 17 för
538 1031 53 15 staten
603 1029 48 23 högst
664 1029 80 17 kännbara
757 1028 95 24 kostnader,
865 1030 77 17 hvarmed
952 1036 33 11 an-

236 1060 88 22 läggandet
342 1059 30 17 och
391 1058 104 18 underhållet
511 1059 16 17 af
538 1060 23 16 ett
577 1058 103 23 fullständigt
692 1058 234 18 folkskollärareseminarium
939 1059 45 17 alltid

237 1088 53 18 måste
305 1094 38 12 vara
362 1088 81 23 förenadt,
456 1093 39 12 Vore
509 1089 4 16 i
526 1088 70 23 sanning
609 1090 23 14 ett
648 1087 107 23 ringaktande
768 1088 41 17 eller
821 1086 135 20 tillbakavisande
970 1089 16 17 af

235 1120 23 15 ett
276 1118 17 16 sä
311 1117 93 23 betydande
421 1117 82 17 materielt
514 1116 66 24 bidrag,
594 1122 34 12 som
641 1117 27 17 det
681 1117 77 22 nämnda,
775 1117 36 23 föga
825 1117 77 24 förenligt
915 1118 37 17 med
963 1124 21 10 en

234 1147 24 17 vis
272 1146 152 23 statshushällning.

302 1175 61 18 Sådant
376 1176 53 17 kunde
442 1176 26 17 väl
483 1175 36 17 icke
535 1175 52 18 heller
600 1175 66 17 komma
679 1176 5 16 i
697 1175 44 23 fråga
754 1175 53 18 under
819 1176 54 23 någon
885 1181 53 12 annan
951 1176 33 17 för-

234 1206 99 22 utsättning,
345 1208 21 14 än
379 1206 23 16 att
414 1208 47 14 orten
473 1205 5 17 i
492 1204 31 18 och
536 1204 25 18 för
578 1206 24 22 sig
614 1204 35 18 icke
662 1204 53 18 skulle
729 1205 51 23 lämpa
794 1205 25 23 sig
831 1205 25 17 till
870 1205 41 23 plats
923 1205 26 17 for
960 1208 24 14 ett

234 1234 113 22 seminarium,
360 1234 5 16 i
377 1234 63 17 hvilket
452 1234 30 17 fall
494 1234 97 22 visserligen
610 1236 22 15 ett
648 1234 46 22 lägre
707 1234 70 17 intresse
790 1234 53 17 skulle
857 1234 39 17 böra
908 1234 37 18 vika
958 1234 26 18 för

234 1264 22 15 ett
269 1262 56 22 högre.
357 1262 39 16 Men
414 1261 49 18 söker
479 1268 38 11 man
529 1264 22 15 ett
564 1262 80 22 opartiskt
658 1262 32 17 och
704 1261 81 23 derjemte
799 1262 19 23 pä
832 1262 100 24 bekantskap
944 1263 39 17 med

233 1290 158 18 ortsförhällandena
404 1291 82 23 grondadt
500 1296 35 12 svar
548 1290 21 24 pä
581 1291 33 17 den
628 1290 62 23 frågan:
704 1290 8 18 &
725 1290 66 18 hvilken
805 1292 26 16 ortaf
837 1291 67 18 östra
912 1292 70 16 Finland

232 1321 30 16 hör
275 1322 22 15 ett
310 1320 107 17 seminarium
430 1326 47 11 anses
491 1326 37 12 vara
541 1319 155 24 ändamälsenligast
708 1320 96 23 placeradt?
818 1330 21 4 —
852 1320 17 17 sä
881 1327 49 17 synes
938 1320 44 19 detta

232 1356 37 10 svar
284 1350 35 17 icke
335 1349 53 17 kunna
404 1349 56 18 utfalla
474 1349 108 23 annorlunda,
595 1353 19 13 än
626 1352 31 20 att,
670 1355 26 11 om
710 1349 48 17 också
770 1349 39 24 inga
822 1350 81 18 särskilda
916 1350 66 18 ekono-

232 1378 52 18 miska
298 1378 71 18 fördelar
383 1384 37 13 vore
434 1379 78 17 förenade
525 1378 38 18 med
576 1379 36 17 dess
625 1378 107 24 förläggande
745 1379 25 17 till
778 1379 95 23 Sordavala,
880 1380 52 18 denna
940 1381 42 22 stad,

230 1408 44 17 säväl
286 1414 61 17 genom
361 1409 27 17 sitt
400 1408 43 24 läge,
456 1414 37 12 som
505 1408 37 18 med
555 1408 63 24 hänsyn
631 1408 24 18 till
668 1408 143 24 omkringboende
824 1409 105 23 befolknings
936 1410 45 18 bild-

232 1437 99 23 ningsbehof
348 1438 31 17 och
396 1437 204 25 bildningsmottaglighet,
620 1438 56 17 dertill
695 1444 51 17 egnar
762 1438 25 23 sig
803 1439 69 18 framför
885 1439 33 18 alla
930 1440 51 17 andra

230 1470 44 14 orter
287 1467 4 16 i
304 1467 53 18 denna
369 1467 26 17 del
408 1467 18 17 af
436 1467 60 18 landet.
520 1467 72 24 Belägen
605 1467 5 17 i
623 1467 60 23 hjertat
696 1468 17 17 af
724 1467 70 18 Karelen
807 1469 27 16 och
847 1479 11 2 —
870 1469 54 18 såsom
931 1470 48 17 önsk-

226 1497 31 23 ligt
269 1500 19 13 ar
301 1506 20 4 —
335 1495 35 19 icke
384 1496 24 18 för
422 1500 37 15 nära
472 1497 26 18 till
510 1497 27 18 det
550 1497 43 18 förut
607 1497 79 18 inrättade
703 1491 94 24 seminariet
814 1498 4 17 i
831 1499 91 24 Jyväskylä,
942 1499 36 18 med

294 1532 95 19 Allmänna
403 1532 187 19 Besvärs-utskottets
602 1533 111 19 betänkande
725 1539 29 13 n:o
767 1533 18 19 8.
