1042 1698
242 136 317 19 Petitlonsbetänkande
575 135 50 20 N:o
643 133 40 21 19.
791 133 11 19 3

620 176 12 11 e

87 200 104 18 understödd
205 200 21 18 af
235 200 102 23 regeringen
348 201 56 16 under
415 200 22 17 de
449 200 66 17 femton
527 200 41 17 sista
580 200 48 21 åren,
641 199 37 18 dels
689 205 64 17 genom
765 200 28 17 det
801 206 29 11 an-

86 229 36 22 slag
134 229 20 16 af
160 229 105 21 statsmedel,
275 229 11 16 8
298 229 11 17 &
318 230 62 20 12,000
392 229 20 17 F.
422 229 55 21 mark,
488 234 37 11 som
538 229 56 16 blifvit
606 228 83 22 beviljadt
697 228 134 17 Konstförenin-

86 263 42 16 gens
140 257 88 21 ritskolor,
243 257 33 16 och
287 256 22 17 de
320 257 83 17 likaledes
415 256 20 17 af
445 256 97 22 Kejserliga
558 256 75 17 Senaten
653 256 86 22 beviljade
755 257 76 22 täflings-

85 285 59 22 prisen
156 285 6 16 i
174 285 22 17 de
208 285 47 18 olika
270 285 166 22 konstbrancherna,
450 284 37 17 dels
502 290 63 16 genom
582 284 21 17 de
618 285 93 21 frikostiga
728 285 103 22 resestipen-

87 313 43 20 dier,
143 313 59 17 hvilka
219 313 99 22 bortgifvits
338 313 18 16 ät
370 319 54 16 yngre
442 313 108 22 konstnärer,
565 313 17 16 ät
594 313 81 22 omkring
691 313 60 17 trettio
767 314 65 17 mälare

87 342 32 17 och
132 342 98 22 skulptörer
242 341 20 17 af
272 342 55 21 begge
344 341 58 18 könen
418 341 54 18 under
484 341 50 18 dessa
550 341 67 17 femton
629 341 24 17 &r.
678 337 58 22 Äfven
748 342 33 17 bör
792 342 39 17 med

87 371 108 17 tacksamhet
207 372 101 16 omnämnas
320 370 21 17 de
353 370 149 22 penningegäfvor
510 369 161 23 Konstföreningen
682 370 25 17 tid
720 370 44 17 efter
775 376 56 11 annan

86 399 40 17 med
138 399 81 17 afseende
231 399 10 17 &
252 398 40 18 dess
303 399 70 22 knappa
384 399 94 22 tillgångar
489 399 33 16 fått
535 400 87 21 emottaga
633 399 21 16 af
663 399 26 17 sin
701 399 45 22 höge
757 399 74 22 beskyd-

86 427 47 22 dare,
147 427 23 18 H.
184 427 22 17 K.
223 427 23 18 H.
260 427 108 17 Storfursten
379 427 140 22 Thronföljaren.
545 427 55 17 Dessa
614 427 94 18 understöd
724 427 52 18 hafva
787 428 6 16 i
805 428 27 17 sin

86 456 41 16 män
139 456 44 17 varit
194 456 70 21 mycket
280 455 98 22 hugnande,
392 462 41 11 men
450 456 22 22 pä
488 455 48 18 detta
551 457 33 15 sätt
595 455 36 17 kan
644 455 29 18 det
689 456 39 17 icke
739 456 6 16 i
757 456 74 22 längden

87 484 77 17 fortfara.
184 484 35 18 Det
227 486 19 15 är
254 491 24 11 nu
286 484 34 22 hög
332 484 25 17 tid
365 485 23 21 pä
400 485 39 19 och,
449 485 53 22 enligt
514 484 36 17 min
561 483 51 23 åsigt,
622 483 27 18 för
657 486 56 16 staten
721 491 22 11 en
752 484 80 22 oafvislig

87 513 44 22 pligt
142 515 26 15 att
179 515 41 20 taga
231 513 56 17 finska
298 512 75 18 konsten
384 513 7 17 i
402 513 28 17 sin
441 513 67 17 direkta
520 512 48 23 värd,
581 512 28 18 för
624 515 25 15 att
661 513 66 22 skydda
738 513 34 17 den
784 516 48 14 emot

86 542 34 16 alla
132 541 124 23 oberäkneliga
267 541 131 23 tillfälligheter,
410 542 27 17 för
448 544 26 15 att
485 542 64 18 bereda
561 542 22 17 de
594 542 63 22 många
665 542 167 22 konstnärsanlagen

87 570 67 16 tillfälle
166 572 26 14 att
203 570 31 16 här
246 570 69 17 hemma
327 570 65 16 erhälla
404 576 22 11 en
438 571 110 22 grundligare
560 570 33 17 och
605 576 49 12 mera
665 571 98 22 mängsidig
771 570 61 18 under-

88 598 86 22 byggnad,
188 598 53 17 innan
253 598 21 17 de
287 598 69 22 begifva
368 598 26 22 sig
406 599 98 17 utomlands
518 599 29 17 för
558 599 27 17 sin
596 598 59 18 vidare
671 599 104 22 utbildning,
788 601 45 15 samt

87 628 28 17 för
126 629 26 15 att
164 629 58 20 öppna
234 628 18 16 åt
264 627 104 17 åtminstone
379 627 55 21 några
450 627 20 17 af
480 628 40 16 våra
532 629 45 16 mest
591 627 116 17 framstående
719 627 68 18 artister
799 630 33 14 sta-

86 656 106 23 digvarande
210 656 70 22 platser,
293 656 31 16 der
344 655 22 17 de
384 655 5 17 i
401 656 27 16 sin
448 656 111 17 mannaålder
579 661 48 11 mera
639 656 117 21 obekymrade
773 656 60 17 kunna

88 684 52 18 verka
152 684 5 17 i
170 684 29 17 sitt
211 684 45 17 fack.
281 684 10 17 I
302 684 30 17 det
343 684 54 21 högre
409 684 85 22 läroverk,
506 684 31 22 jag
552 690 24 11 nu
591 684 72 17 föreslår
674 686 25 15 att
711 684 77 22 inrättas,
802 684 31 18 har

85 714 31 21 jag
128 712 50 18 tänkt
189 712 37 22 mig
242 712 105 17 åtminstone
359 712 33 16 fem
408 712 56 17 lärare
476 713 39 17 med
531 713 55 22 skälig
601 712 80 23 aflöning,
695 719 22 11 en
729 713 5 17 i
746 713 86 22 figurmål-

87 742 43 21 ning
142 740 32 18 och
186 740 88 22 teckning,
289 746 21 12 en
322 740 6 17 i
339 740 172 23 landskapsmålning
522 741 34 17 och
567 740 88 22 teckning,
665 747 22 11 en
698 741 6 17 i
712 741 79 23 skulptur
800 742 34 17 och

88 769 119 22 modellering,
222 774 20 12 en
258 769 5 16 i
280 766 54 25 högre
350 769 41 17 eller
407 770 118 16 monumental
541 769 149 23 byggnadskonst,
703 770 34 17 och
749 776 22 11 en
782 770 6 16 i
800 770 33 17 den

88 797 81 19 bildande
181 797 83 17 konstens
276 797 72 17 historia
360 797 33 17 och
410 797 157 23 konsttheorierna,
585 798 96 21 hvarjemte
697 800 25 14 ett
738 804 31 16 par
781 798 52 17 biträ-

88 826 57 17 dande
156 826 56 17 lärare
224 826 50 17 torde
286 826 42 16 böra
346 826 81 17 anställas
442 826 3 16 i
457 832 47 11 mera
521 826 82 23 speciella
620 826 28 17 för
664 826 107 17 konstnären
782 826 52 18 likväl

89 855 109 22 nödvändiga
209 855 140 22 kunskapsarter.
375 855 9 17 I
395 855 63 17 sådant
470 855 29 18 fall
511 855 58 18 kunde
577 856 79 22 anslaget
666 855 26 17 till
700 855 134 18 Konstförenin-

88 889 43 16 gens
143 883 73 18 ritskola
227 883 5 17 i
244 883 58 17 denna
313 883 38 18 stad
364 883 86 23 indragas,
466 885 33 16 och
511 891 22 10 en
545 885 28 16 del
585 884 20 17 af
615 885 21 17 de
652 884 67 21 utgifna
730 884 103 23 resestipen-

88 912 61 17 dierna
160 911 58 18 blefve
234 912 27 16 väl
278 911 54 18 också
350 912 102 22 obehöfliga.
478 913 26 17 De
522 913 53 17 ofvan
585 913 99 22 föreslagna
695 913 67 17 lärarne
780 913 55 17 skulle

89 940 79 18 deremot
179 940 49 18 bilda
236 943 22 14 ett
271 940 79 22 lämpligt
358 941 95 22 kollegium
461 941 28 17 för
500 944 25 14 att
534 942 143 17 rekommendera
686 942 81 17 lofvande
775 942 59 17 konst-

89 971 103 15 närsämnen
205 968 25 18 till
243 968 99 18 erhållande
357 969 21 17 af
386 969 133 22 resestipendier
531 970 28 18 för
577 970 27 18 sin
616 970 87 18 artistiska
719 970 100 22 utveckling
831 970 5 17 i

89 998 84 17 konstens
185 997 107 22 hemländer,
306 998 58 17 såsom
379 998 64 18 hittils:
461 998 95 23 Danmark,
570 998 93 22 Tyskland,
677 999 79 21 Belgien,
770 998 65 17 Frank-

90 1026 37 18 rike
136 1026 32 18 och
178 1026 66 18 Italien.
264 1026 34 22 Jag
310 1028 71 15 nämner
393 1026 39 18 icke
445 1027 4 17 i
458 1027 48 17 detta
514 1027 124 22 sammanhang
647 1027 70 21 Sverige
725 1027 42 17 eller
775 1027 61 17 Stock-

92 1055 53 22 holm,
160 1054 30 18 der
202 1054 52 18 likväl
267 1054 41 17 Fria
319 1054 108 18 Konsternas
437 1055 79 19 akademi
529 1056 6 16 i
545 1056 53 21 långa
609 1055 46 17 tider
666 1055 40 17 med
721 1055 76 17 utmärkt
809 1056 28 16 be-

91 1084 109 22 redvillighet
212 1084 65 16 lemnat
289 1083 123 23 undervisning
424 1084 18 16 åt
454 1090 22 11 en
488 1086 36 15 stor
536 1084 28 17 del
576 1084 20 17 af
605 1084 42 17 våra
658 1084 70 22 målare,
742 1084 95 17 arkitekter

90 1112 34 17 och
136 1112 120 22 bildhuggare.

159 1140 40 17 Men
211 1140 29 17 det
252 1142 19 15 är
283 1140 39 17 icke
334 1140 72 17 allenast
422 1140 34 17 den
468 1140 81 18 bildande
567 1140 81 21 konsten,
661 1146 39 12 som
709 1141 32 21 jag
759 1140 77 17 önskade

91 1171 25 14 att
128 1170 57 16 staten
196 1175 24 10 nu
232 1169 54 17 måtte
302 1170 40 20 taga
354 1168 6 17 i
372 1169 30 17 sitt
416 1169 51 22 hägn,
481 1172 41 14 utan
535 1169 34 17 ock
579 1168 34 18 den
625 1169 113 17 musikaliska
754 1169 81 21 konsten,

91 1202 38 12 som
140 1197 68 17 kanske
220 1197 5 16 i
238 1199 46 15 ännu
299 1196 54 22 högre
368 1197 42 21 grad
428 1199 18 15 är
462 1197 51 17 deraf
528 1197 73 22 förtjent
612 1197 34 17 och
657 1197 6 17 i
675 1197 59 18 behof.
759 1197 26 21 Ty
802 1197 36 16 lika

93 1231 37 11 som
149 1225 29 17 det
195 1225 44 17 visat
256 1225 32 22 sig,
309 1226 26 16 att
346 1225 6 16 i
364 1226 38 16 vårt
413 1225 40 17 land
466 1226 54 17 finnas
532 1225 80 23 afgjorda
625 1225 52 22 anlag
687 1225 29 17 för
733 1225 60 17 måleri
805 1225 33 17 och

92 1254 86 22 skulptur,
192 1253 36 17 lika
240 1254 58 17 säkert
309 1253 35 17 kan
356 1253 56 17 finska
424 1253 64 18 folkets
500 1254 95 22 begåfning
606 1253 28 17 för
646 1254 43 22 sång
701 1254 33 17 och
745 1253 58 17 musik
814 1253 24 17 le-

92 1282 30 18 das
134 1282 6 17 i
151 1282 54 17 bevis.
234 1282 34 22 Jag
281 1282 83 18 behöfver
375 1282 46 17 blott
438 1282 56 17 erinra
506 1288 30 12 om
548 1282 21 17 de
587 1282 63 24 många
661 1282 90 17 inhemska
769 1282 69 21 sånger-

92 1311 47 21 skor,
153 1310 59 18 hvilka
224 1310 22 18 de
258 1310 72 18 sednare
343 1310 41 17 åren
396 1310 89 22 uppträdt,
499 1317 29 11 om
543 1311 34 17 den
593 1310 68 22 hastiga
672 1310 100 22 utveckling
783 1310 56 17 finska

92 1344 66 17 operan
170 1339 62 21 ernått,
246 1344 29 11 om
287 1338 33 17 den
332 1338 54 17 sedan
398 1339 82 20 gammalt
492 1339 63 21 kända,
573 1338 5 16 i
591 1338 29 17 sitt
637 1338 36 21 slag
685 1338 87 17 utmärkta
783 1338 56 17 finska

93 1367 147 22 gardesmusiken,
254 1367 33 16 och
305 1373 29 10 om
346 1366 21 17 de
384 1366 30 16 allt
425 1366 41 17 flere
482 1367 33 16 och
532 1367 41 16 flere
585 1366 5 17 i
602 1366 56 21 dagen
674 1366 83 17 trädande
774 1366 64 17 musik-

93 1395 167 22 kompositionerna.
287 1395 39 17 Den
344 1394 112 18 musikaliska
471 1395 72 17 smaken
558 1393 33 19 och
603 1393 101 23 bildningen
721 1394 6 17 i
739 1394 58 17 landet
808 1393 32 18 har

94 1425 55 17 under
161 1424 21 17 de
194 1424 79 17 sednaste
286 1423 62 22 fyratio
361 1423 41 18 åren
420 1423 33 17 ock
466 1423 46 22 gjort
531 1426 47 15 stora
595 1422 86 23 framsteg,
695 1423 145 22 hufvudsakligen

95 1459 64 17 genom
171 1459 22 11 en
205 1453 38 16 från
255 1452 87 17 musikens
351 1451 97 18 förlofvade
459 1451 41 18 land
518 1452 108 17 hitkommen
638 1453 45 15 ännu
701 1451 80 18 lefvande
793 1458 46 16 man,

166 1486 102 19 Allmänna
280 1485 183 20 Besvärs-utskottets
475 1486 110 18 betänkande
597 1485 36 19 N:o
645 1486 26 17 14.
