1048 1703
243 153 13 19 2
357 151 320 22 Petittonsbetänkande
692 152 48 21 N:o
755 153 45 19 33.

214 219 44 17 delst
269 218 6 17 i
287 218 102 22 ödmjukhet
407 217 28 18 för
451 217 29 17 det
495 217 115 22 Högvördiga
621 217 129 18 Prestaständet
762 217 133 22 tillkännagifva
906 218 57 17 denna

214 247 42 18 våra
266 246 125 23 medborgares
402 246 53 23 lifliga
467 245 72 18 önskan.
564 245 34 23 Jag
610 248 31 20 gör
652 245 30 18 det
693 245 40 18 med
745 246 51 17 desto
803 248 55 16 större
866 245 95 23 tillförsigt,

214 276 22 17 dä
253 275 39 18 hela
310 275 56 17 finska
384 274 56 18 folket
457 274 128 22 otvifvelaktigt
601 274 71 17 förenar
688 274 28 22 sig
728 275 5 16 i
746 280 22 11 en
786 275 47 22 dylik
848 275 67 17 önskan
928 275 33 17 och

214 304 50 17 äfven
276 303 6 18 i
294 304 48 17 detta
354 303 29 17 fall
395 302 74 18 framför
480 303 54 17 andra
546 303 68 22 hoppas
625 303 23 22 pä
661 303 104 17 medverkan
777 303 18 18 af
803 303 29 18 sitt
839 303 120 22 Presterskap.

282 331 96 23 Medgifvas
390 332 61 21 måste,
465 333 25 15 att
501 331 30 17 det
542 333 19 15 är
573 331 75 17 särdeles
660 331 46 18 svårt
718 334 26 14 att
755 332 83 22 uppfinna
850 332 65 17 sådana
926 332 35 22 lag-

214 361 135 21 bestämningar,
363 366 63 16 genom
437 360 60 17 hvilka
508 359 140 18 bränvinsfloden
660 360 22 21 på
695 362 25 15 ett
731 360 79 22 lämpligt
820 362 34 16 sätt
868 360 56 18 skulle
934 360 29 17 fås

213 389 81 17 hämmad
306 389 35 17 och
353 388 101 23 begränsad.
474 388 41 17 Men
527 388 95 22 uppställer
633 394 40 10 man
685 394 37 12 som
731 388 68 23 princip
807 389 34 17 den
848 389 114 22 obestridliga

213 418 79 22 sanning,
308 420 26 14 att
344 417 21 22 ju
376 417 67 17 mindre
455 417 73 17 bränvin
545 416 95 21 tillverkas,
659 416 50 18 desto
720 417 69 17 mindre
800 417 93 18 förbrukas
905 417 55 22 deraf,

214 448 19 15 är
244 446 102 22 derigenom
358 446 106 17 åtminstone
475 445 34 17 den
520 444 78 23 rigtning
609 444 64 23 gifven,
687 445 5 17 i
704 444 71 18 hvilken
786 445 132 23 lagstiftningen
930 446 32 17 bör

213 474 69 18 sträfva.
314 474 35 17 Det
365 474 118 22 grundligaste
501 474 65 17 medlet
583 479 42 12 vore
642 473 109 23 naturligtvis
763 476 25 15 att
800 474 82 22 förbjuda
894 474 22 17 all
928 474 33 17 till-

213 503 90 22 verkning.
335 502 40 18 Men
393 508 29 12 om
440 504 25 15 ett
481 502 62 18 sådant
558 502 75 18 radikalt
644 501 158 19 förstörelsemedel
813 504 19 15 är
844 502 80 22 omöjligt
936 504 26 16 att

213 531 108 22 genomföra,
335 531 32 22 går
379 530 30 18 det
420 530 52 18 likväl
485 536 23 11 an
520 532 26 15 att
557 530 54 18 delvis
623 530 97 18 förminska
731 530 30 18 det
772 531 100 18 nuvarande
885 531 20 18 af
911 531 51 22 lagen

213 559 89 24 medgifna
314 559 211 22 tillverkningsbeloppet,
538 559 67 18 hvilket
616 559 28 17 vid
656 562 68 15 senaste
735 559 83 22 landtdag
830 559 98 18 bestämdes
936 560 25 17 till

212 588 51 22 högst
274 588 38 22 fyra
324 587 81 23 miljoner
417 587 145 18 trehundratusen
574 588 73 17 kannor.

280 617 61 21 Enligt
352 617 36 16 min
399 616 46 22 åsigt
456 622 41 12 vore
509 616 30 17 det
550 617 80 22 lämpligt
641 619 27 14 att
679 617 27 17 för
718 616 35 18 fem
762 617 20 17 år
790 617 76 22 försöka,
876 617 85 18 huruvida

212 645 30 18 det
253 645 57 18 finska
321 645 56 17 folket
388 645 39 17 icke
439 645 56 18 skulle
506 645 72 17 komma
589 645 26 17 till
623 647 45 15 rätta
676 645 39 17 med
723 646 29 17 två
760 645 82 22 miljoner
850 645 111 18 femhundra-

211 676 50 16 tusen
272 674 78 20 kannor;
364 673 67 17 kanske
443 673 56 18 skulle
511 679 40 12 man
563 674 98 17 sedermera
672 674 47 17 finna
730 677 26 14 att
768 676 24 15 ett
801 676 46 15 ännu
855 674 68 17 mindre
930 675 30 17 be-

210 702 43 23 lopp
265 704 19 16 är
295 702 106 22 tillräckligt.

280 731 86 17 Häremot
382 731 35 17 kan
435 730 92 18 invändas:
548 737 29 11 om
593 730 83 23 beloppet
687 730 78 18 minskas
777 731 34 17 och
822 737 62 11 varans
896 731 36 22 pris
943 731 21 17 af

210 759 57 19 denna
278 760 54 18 orsak
343 760 58 22 stiger,
415 759 66 18 erhålla
492 759 213 20 bränvinsfabrikanterna
716 765 22 12 en
750 760 80 22 omåttlig
842 760 50 18 vinst.
924 760 35 17 Ob-

211 793 78 13 serveras
306 788 33 18 bör
355 788 52 18 likväl
419 790 31 18 att,
462 788 22 17 då
496 788 227 22 tillverkningsrättigheten
734 788 53 22 säljes
799 789 22 21 på
833 788 79 23 auktion,
926 788 33 18 för-

212 820 48 16 utom
278 817 34 17 den
329 816 90 18 bestämda
437 817 69 17 skatten
523 817 59 17 kunde
600 817 18 17 åt
635 817 68 17 kronan
715 817 82 22 erbjudas
809 823 22 12 en
842 818 51 17 desto
905 820 56 16 större

212 846 84 19 >särskild
307 845 118 23 förhöjning»,
436 846 21 22 ju
468 846 55 22 högre
534 846 36 23 pris
581 846 27 17 för
620 851 54 12 varan
686 851 40 12 man
738 846 59 17 kunde
808 846 84 22 päräkna.
918 847 42 17 Vin-

211 878 38 15 sten
261 874 56 18 skulle
333 874 72 18 sålunda
417 874 54 18 blifva
482 874 77 18 kronans
571 874 39 18 icke
621 874 125 18 tillverkarens.
777 874 39 18 Den
828 874 131 24 förevändning,

212 910 36 12 som
267 903 37 18 ofta
319 905 57 21 göres,
389 905 26 15 att
426 903 87 22 nemligen
526 906 24 15 ett
562 903 78 22 förhöjdt
650 903 37 23 pris
698 903 56 18 skulle
766 903 78 23 upplifva
854 904 106 22 lurendreje-

211 932 39 22 riet,
269 934 19 15 är
300 937 22 13 en
330 931 64 23 onödig
402 932 76 17 fruktan.
497 932 40 18 Med
551 932 73 22 tillhjelp
633 932 20 17 af
659 932 152 17 bränvinsskatten
818 932 66 18 förmår
892 933 68 17 kronan

212 960 101 18 underhålla
325 966 22 12 en
355 960 100 22 tillräckligt
463 960 71 18 vaksam
542 960 137 22 tullbevakning,
689 963 25 15 att
722 960 90 18 förhindra
820 960 60 23 oloflig
887 962 70 22 import.

280 988 40 18 Mitt
337 988 84 22 ödmjuka
439 988 66 23 förslag
516 991 20 15 är
546 988 74 22 således,
634 989 28 17 att
673 988 234 24 bränvinstillverkningen,
920 989 41 18 med

206 1016 131 24 förändrande
355 1016 25 23 af
393 1017 12 22 $
423 1018 10 16 1
450 1017 8 17 i
475 1022 26 12 nu
517 1017 86 22 gällande
620 1016 122 23 Förordning,
761 1017 32 18 bör
810 1017 109 19 bestämmas
931 1018 31 18 till

212 1045 52 24 högst
280 1045 95 22 2,500,000
392 1045 71 18 kannor
474 1045 51 22 öfver
536 1045 42 18 hela
590 1045 72 21 landet;
674 1045 32 18 och
717 1046 34 20 att,
764 1045 40 18 med
811 1045 117 24 förändring
938 1047 26 22 af

213 1074 11 23 8
239 1075 11 17 7
258 1073 8 18 i
278 1079 72 12 samma
361 1073 122 22 Förordning,
495 1073 45 23 ifall
551 1071 55 26 något
617 1073 32 18 län
660 1073 38 18 icke
706 1073 96 18 tillverkar
809 1074 29 18 det
846 1074 66 23 belopp,
922 1080 39 13 som

211 1103 8 17 i
226 1100 121 25 förhållande
359 1101 29 18 till
392 1101 133 24 folkmängden
533 1101 68 24 belöper
609 1101 28 23 sig
648 1099 21 25 på
670 1099 113 25 detsamma,
792 1102 29 18 det
828 1100 81 21 sålunda
916 1109 44 17 upp-

212 1131 107 19 kommande
330 1130 115 23 öfverskottet
456 1129 38 18 icke
500 1129 52 24 finge
563 1129 102 24 öfverföras
673 1129 28 24 på
712 1131 25 17 ett
748 1132 60 17 annat
818 1131 38 18 län.

280 1160 42 18 Men
338 1159 73 18 emedan
426 1159 141 23 Förordningens
578 1159 41 19 sista
632 1159 12 22 &
655 1159 102 23 innehåller,
770 1162 26 15 att
808 1166 66 12 samma
885 1161 75 17 Förord-

213 1188 42 23 ning
273 1195 41 16 eger
326 1188 39 22 laga
377 1188 46 18 kraft
435 1188 45 18 intill
492 1188 44 18 1883
550 1188 28 18 års
590 1188 72 22 utgång,
677 1188 47 18 »ifall
735 1188 49 18 Hans
796 1189 98 23 Kejserliga
906 1190 53 22 Maje-

212 1219 34 16 stät
265 1218 34 17 och
314 1216 98 18 Ständerna
423 1216 113 18 derförinnan
548 1217 61 17 härom
621 1216 39 18 icke
671 1217 110 17 annorlunda
792 1218 77 17 besluta»
883 1218 78 18 anhåller

211 1245 136 21 undertecknad,
365 1246 30 16 det
410 1245 112 21 Högvördiga
539 1245 131 17 Prestaständet
685 1246 40 16 ville
742 1246 77 16 inlemna
831 1252 22 11 en
864 1247 55 17 sädan
930 1253 31 11 un-

211 1273 85 23 derdänig
312 1273 74 22 petition
397 1274 30 16 att
437 1272 56 18 Hans
505 1272 103 24 Kejserliga
619 1272 89 23 Majestät
719 1272 43 19 ville
779 1273 3 17 i
796 1272 57 20 nåder
864 1274 57 18 redan
933 1274 28 23 pä

212 1301 60 19 denna
283 1300 88 24 landtdag
378 1298 73 26 föreslå
463 1300 104 20 Ständerna
578 1300 138 24 ofvannämnda
722 1300 140 24 förändringar
873 1303 6 17 i
891 1304 34 16 den
936 1310 24 10 m

211 1330 80 22 gällande
302 1330 225 26 brännvinsförordningen.

280 1364 111 23 Helsingfors
402 1364 34 18 den
449 1366 10 16 8
470 1364 85 19 Februari
568 1365 50 18 1877.

708 1406 22 19 EF.
746 1406 27 19 W.
786 1406 106 24 Bergroth.”

280 1518 186 22 Ekonomiutskottets
477 1519 112 22 betänkande
601 1523 37 20 N:o
649 1523 28 19 15.
