1045 1711
239 135 307 18 Petitionshetänkande
558 135 42 18 N:o
613 135 38 18 46.
765 134 12 20 5

83 204 119 28 undvikligt
225 204 73 21 arbete
313 205 12 20 å
340 203 66 22 sådan
422 204 46 27 dag.
498 204 10 20 I
522 204 66 21 likhet
601 204 49 21 med
664 203 142 28 petitionären

81 245 62 15 anser
161 238 61 22 äfven
236 238 108 21 Utskottet
358 238 162 21 föreskrifterna
533 238 7 20 i
555 239 12 20 3
582 238 47 27 kap.
645 237 162 28 Missgernings-

81 273 78 21 balken
174 279 51 14 vara
240 273 5 20 i
261 273 59 20 detta
334 272 99 21 afseende
448 272 148 27 otillräckliga,
611 274 56 18 samt
681 273 32 20 att
728 279 80 14 samma

81 306 79 28 kapitel
182 307 7 20 i
207 306 62 28 lagen
283 306 78 28 jemväl
375 306 118 20 innehåller
508 306 80 20 sådana
601 306 160 28 bestämningar
775 305 34 21 för

82 340 188 28 upprätthällande
281 340 23 21 af
316 340 113 21 sabbatens
440 339 69 28 helgd,
516 347 45 14 som
572 347 88 14 numera
671 340 68 21 mäste
747 347 62 14 anses

82 382 51 14 vara
148 375 133 27 otidsenliga.
312 375 48 21 Men
376 374 27 22 dä
415 374 77 28 ifråga
500 374 92 22 varande
603 374 206 28 lagstiftningsämne

81 410 73 21 tillhör
177 409 137 27 strafflagens
332 408 95 27 område;
444 408 26 22 dä
485 410 31 20 ett
528 408 80 28 förslag
623 408 33 22 till
670 416 28 21 ny
712 408 99 28 strafflag

81 444 34 22 för
137 443 90 22 Finland
251 443 65 21 redan
338 445 24 19 är
380 443 23 21 af
416 450 25 14 eu
457 443 79 21 komit&
550 443 123 21 utarbetadt
687 443 40 21 och
741 442 70 22 blifvit

82 478 124 28 hänskjutet
224 478 33 21 till
272 478 129 28 granskning
416 478 27 26 af,
460 478 63 22 bland
539 478 72 26 andra,
625 477 186 22 öfverdomstolar-

82 520 26 14 ne
130 513 7 21 i
158 512 82 26 landet;
263 513 28 20 dä
310 512 58 21 detta
382 512 81 28 förslag
478 512 117 21 innehäller
609 512 7 20 i
631 513 36 20 tvä
680 512 81 28 kapitel
775 512 36 20 be-

83 547 131 26 stämningar
237 546 44 21 dels
302 549 43 18 "om
361 546 161 27 religionsbrott
536 546 40 21 och
591 546 58 21 brott
663 548 57 19 emot
736 545 76 28 kyrko-

83 582 44 27 lag*
143 581 38 21 och
198 580 44 21 dels
257 583 44 18 "om
316 580 156 22 sabbatsbrott*
488 582 54 19 samt
558 580 61 21 dessa
633 579 80 28 kapitel
722 579 90 21 innefat-

83 619 23 18 ta
120 615 80 22 sädana
215 615 133 21 föreskrifter
364 615 7 21 i
386 616 76 24 ämnet,
478 621 46 15 som
539 615 141 26 petitionären
694 613 65 22 afsett
773 613 40 21 och

84 650 71 21 hvilka
178 649 73 21 kunna
273 649 8 20 i
303 649 59 21 detta
375 649 121 21 hänseende
510 648 191 27 förfullständigas,
717 650 55 19 samt
787 648 27 21 dä

85 684 36 21 det
135 685 24 20 är
174 683 104 28 antagligt
293 685 31 19 att
338 683 120 22 Ständerna
471 683 130 28 härigenom,
612 683 80 20 kanske
701 682 66 21 redan
779 683 35 20 vid

86 717 193 21 nästinstundande
301 717 108 27 landtdag,
430 717 88 21 beredes
541 716 85 21 tillfälle
645 718 32 19 att
691 716 124 28 sysselsätta

85 752 33 27 sig
133 751 47 21 med
197 751 25 20 de
236 751 78 27 frägor,
330 751 71 21 hvilka
414 751 142 27 petitionären
572 751 7 20 i
592 751 37 20 sitt
638 750 81 28 förslag
728 750 87 26 vidrört,

87 787 24 20 sä
126 785 67 22 häller
208 785 150 28 Lagutskottet
372 786 52 25 före,
440 787 31 19 att
485 785 93 21 hvarken
587 791 25 14 en
621 784 100 21 anhällan
732 791 34 15 om
773 785 42 20 till-

87 820 98 21 sättande
201 819 22 22 af
237 819 40 21 den
293 820 84 25 komitö,
392 819 142 28 petitionären
549 819 102 26 förordat,
667 819 53 21 eller
734 826 25 14 en
780 819 35 21 be-

87 856 65 26 gäran
168 854 109 27 angäende
292 854 92 20 särskild
398 853 134 27 proposition
546 853 34 21 till
594 855 63 18 nästa
666 853 102 27 landtdag
782 860 34 13 om

88 888 181 28 sabbatslagarne,
293 888 66 20 borde
380 888 24 21 af
424 887 118 21 Ständerna
562 894 29 14 nu
614 886 84 26 aflätas;
719 886 98 22 hvarföre

89 923 110 21 Utskottet
213 923 32 19 får
262 922 108 20 vördsamt
383 921 89 21 föreslå:

275 993 30 19 alt
326 992 6 20 i
353 992 62 26 fråga
440 992 89 20 varande
549 990 169 27 petitionsförslag
742 992 20 25 ej
785 992 34 20 mä

221 1026 28 21 till
268 1028 66 24 någon
352 1026 72 25 åtgärd
440 1025 50 27 från
510 1025 125 21 Ständernas
650 1025 43 20 sida
706 1024 113 27 föranleda.

146 1077 32 21 En
193 1076 131 22 reservation
338 1076 102 27 bilägges.

149 1173 140 27 Helsingfors,
306 1172 38 22 den
364 1173 24 20 14
402 1172 119 21 November
537 1173 59 21 1877.

167 1511 138 23 Lagutskottets
317 1509 116 20 betänkande
445 1509 33 18 N:o
493 1510 29 17 25.
