1053 1700
295 155 80 23 Ständ.
391 156 105 22 Petition
512 156 40 22 N:o
567 156 37 22 50.

298 468 130 25 Finlands
455 469 137 24 Ständers
624 468 199 32 underdåniga

210 515 137 30 petition,
365 513 113 31 angående
498 515 96 24 revision
613 515 26 23 af
654 515 167 30 lagstiftningen

211 567 32 17 om
262 559 230 32 förlags-inteckning,

136 633 220 28 Stormäktigste,
372 633 208 29 Allernådigste
596 634 115 28 Kejsare
727 635 47 20 och

367 667 164 23 Storfurste!

144 730 37 22 Uti
196 733 30 19 ett
243 731 57 21 inom
315 730 175 28 Borgareständet
510 731 34 21 vid
559 731 69 21 denna
646 731 98 29 landtdag
763 731 60 21 fram-

73 764 62 22 stäldt
147 764 174 29 petitionsförslag
337 770 22 16 är
374 764 88 27 anfördt,
478 766 99 20 hurusom
592 764 8 22 i
614 765 159 29 lagskipningen
787 766 32 21 för

75 800 128 20 närvarande
218 799 60 21 råder
292 800 90 27 mycken
397 799 92 22 ovisshet
505 799 127 22 beträffande
647 800 40 20 den
703 799 22 22 sä
739 800 82 21 kallade

74 834 83 27 förlags-
179 834 51 20 eller
253 833 235 29 fabriksinteeckningen,
504 833 23 21 sä
549 835 30 19 att
598 842 26 12 en
643 834 33 20 del
691 833 84 22 domare
790 834 32 21 till

75 868 37 20 och
132 868 47 20 med
198 870 50 18 trott
268 868 91 20 nämnda
373 867 137 22 rättsinstitut
528 875 50 13 vara
592 875 74 21 genom
682 875 29 14 nu
725 868 96 27 gällande

74 901 75 28 nädiga
170 901 120 28 förordning
313 902 39 21 den
371 903 13 19 9
404 902 120 21 November
544 902 60 25 1868,
621 901 106 29 angäende
743 902 78 21 inteck-

74 936 50 28 ning
139 935 7 21 i
161 936 40 21 fast
216 936 105 27 egendom,
339 935 121 29 upphäfvet,
477 936 74 21 medan
570 936 89 21 flertalet
679 936 93 21 deremot
787 944 34 13 an-

75 972 41 20 sett
138 969 114 22 detsamma
275 969 62 23 hafva
359 969 102 22 förblifvit
483 969 24 22 af
526 969 40 22 den
585 978 64 20 nyare
664 970 156 28 lagstiftningen

76 1004 101 26 oberördt,
194 1006 54 20 samt
261 1007 31 19 att
304 1004 79 28 jemväl
398 1004 62 22 bland
471 1004 58 21 desse
543 1004 86 22 sednare
639 1004 121 29 skiljaktiga
770 1004 51 28 äsig-

74 1042 31 18 ter
120 1038 55 29 gjort
189 1038 31 28 sig
234 1038 95 28 gällande
345 1038 7 21 i
368 1038 25 21 de
409 1038 110 28 vigtigaste
534 1038 123 22 dithörande
668 1038 74 28 frågor,
754 1038 66 22 såsom

74 1072 87 22 rörande
176 1077 58 17 arten
249 1072 23 22 af
285 1072 25 22 de
326 1072 138 29 inrättningar
478 1073 39 21 och
532 1073 51 28 ting,
594 1080 44 14 som
648 1072 110 28 rätteligen
769 1072 51 22 kun-

74 1114 27 14 na
122 1106 66 22 blifva
207 1106 86 22 föremål
315 1106 31 22 för
364 1107 40 21 slik
422 1107 128 28 inteckning,
570 1106 171 22 beskaffenheten
759 1106 24 22 af
795 1108 26 20 de

74 1141 142 25 förbindelser,
232 1141 32 21 för
279 1141 72 22 hvilka
366 1141 58 28 dylik
439 1141 97 22 säkerhet
547 1141 41 21 kan
599 1141 111 26 meddelas,
723 1141 40 21 den
774 1144 46 23 rätt,

73 1183 44 13 som
132 1183 76 20 genom
223 1175 149 28 inteckningen
388 1175 79 25 vinnes,
483 1175 39 20 och
536 1174 105 22 huruvida
656 1175 40 20 den
711 1179 22 17 är
747 1175 73 21 under-

74 1209 73 22 kastad
166 1209 140 28 preskription
325 1209 51 21 eller
391 1209 25 28 ej,
432 1213 54 17 samt
504 1209 87 21 hvilken
607 1209 87 21 domstol
709 1209 37 21 bör
761 1216 60 14 anses

75 1251 48 13 vara
139 1242 85 28 behörig
238 1245 31 19 att
284 1243 95 21 meddela
393 1242 199 28 förlagsinteckning
606 1242 7 21 i
626 1242 63 22 sädan
700 1242 121 29 inrättning,

74 1284 44 14 som
133 1280 23 17 är
170 1276 87 28 belägen
272 1276 26 28 pä
317 1276 75 21 landet.
423 1276 34 21 Då
477 1275 156 29 ifrågavarande
655 1276 85 21 institut
759 1276 62 21 emel-

74 1310 61 21 lertid
155 1310 37 21 allt
214 1310 56 22 detta
293 1310 84 22 oaktadt
392 1310 7 21 i
415 1314 41 18 stor
475 1310 143 27 utsträckning
638 1310 129 28 begagnades
781 1310 39 21 och

75 1343 119 28 derigenom
210 1343 96 21 bevisade
319 1343 32 21 sin
363 1343 160 28 nödvändighet,
534 1344 38 20 har
582 1343 115 28 föreslagits
708 1351 26 13 en
745 1344 74 20 under-

75 1377 62 29 dänig
161 1376 88 29 petition
272 1384 33 14 om
328 1376 121 29 fullständig
471 1376 144 29 omarbetning
630 1377 22 21 af
665 1376 156 29 lagstiftningen

75 1411 87 22 rörande
177 1410 82 30 förlags-
275 1412 50 20 eller
340 1411 206 29 fabriksinteckning.

143 1445 62 22 Efter
218 1446 128 28 granskning
361 1446 22 21 af
396 1446 25 21 de
437 1446 133 28 stadganden,
586 1454 45 14 som
645 1446 32 21 för
691 1446 129 22 närvarande

75 1482 50 21 böra
147 1488 60 14 anses
228 1480 96 29 gällande
348 1480 87 22 rörande
455 1480 204 29 förlagsinteckning,
674 1480 73 22 kunna
762 1480 59 23 Stän-
