1050 1711
236 123 13 21 4
427 121 80 24 Ständ.
523 122 107 23 Petition
647 122 40 22 N:o
701 121 28 22 47

208 187 46 23 rätt,
270 185 76 21 medan
361 185 8 20 i
384 192 79 14 samma
477 185 91 21 ärenden
583 193 35 17 nu,
630 184 26 21 då
671 183 181 29 afgöranderätten
868 183 8 22 i
890 184 67 21 länets

208 219 206 28 förvaltningsfrägor
429 219 122 21 ankommer
565 219 13 21 &
593 226 25 14 en
634 218 53 21 enda
697 226 81 20 person,
789 218 124 21 hemställan
923 217 33 22 till

208 253 134 28 Regeringen
357 252 46 21 icke
419 252 42 21 kan
476 252 110 22 undvikas.

276 286 123 26 Ständerna,
415 294 44 14 som
473 286 8 21 i
496 286 120 22 hufvudsak
631 285 81 23 förenat
722 286 31 28 sig
763 293 34 14 om
807 285 149 22 ofvanstående

208 320 182 29 petitionsförslag,
406 320 22 22 få
442 320 7 22 i
453 318 104 31 enlighet
571 320 87 22 härmed
673 320 150 28 underdånigst
837 319 84 23 anhålla

344 357 33 19 att
399 354 85 22 Eders
507 355 162 27 Kejserliga
692 354 137 28 Majestät
851 354 80 21 täcktes
949 355 9 19 i

277 390 69 20 nåder
362 392 51 25 taga
429 390 8 19 i
451 389 163 28 öfvervägande,
635 388 105 22 huruvida
764 389 36 21 det
818 388 46 21 icke
887 388 71 21 kunde

278 423 67 21 lända
361 423 74 21 landet
451 424 35 20 till
501 424 87 24 bätnad,
604 426 33 18 att
652 430 25 14 en
692 423 170 28 representation
876 422 82 22 länsvis

276 457 30 28 af
316 457 63 21 valde
394 460 49 19 män
455 458 57 27 frän
527 458 72 21 stads-
615 457 37 21 och
664 457 216 21 landskommunerna
892 456 65 28 blefve

278 492 106 25 inrättad,
400 491 83 22 hvilken
500 492 84 28 ärligen
600 492 69 21 skulle
684 491 182 22 sammankomma
873 491 41 27 för
925 494 32 18 att

277 526 46 21 dels
338 526 83 21 besluta
437 526 38 21 och
490 526 45 21 dels
551 526 85 28 afgifva
657 526 117 28 yttranden
790 526 8 20 i
808 525 89 29 frägor,
913 532 43 14 som

276 562 52 19 röra
345 560 69 21 länets
433 560 114 21 allmänna
566 560 148 27 hushållning,
730 560 100 27 ordning,
845 560 112 21 undervis-

277 594 161 27 ningsväsende,
449 594 138 27 samfärdsel,
599 594 66 21 helso-
681 593 38 22 och
730 593 138 28 fattigvärd;
882 593 76 28 äfven-

277 635 44 14 som
343 629 9 20 i
373 628 102 21 händelse
498 628 29 27 af
545 628 77 28 nådigt
638 628 64 23 bifall
724 627 84 26 härtill,
823 631 33 18 att
870 627 87 22 Eders

276 662 133 28 Majestät
424 662 81 21 täcktes
521 663 44 20 låta
581 662 99 22 utarbeta
695 665 56 18 samt
768 661 118 29 förelägga
910 663 46 20 lan-

277 697 45 21 dets
337 697 92 21 härnäst
444 697 206 22 sammanträdande
667 697 93 21 Ständer
775 697 68 28 nådig
855 697 101 27 proposi-

278 731 44 21 tion
339 732 8 20 i
363 734 77 19 ämnet.

277 794 102 22 Finlands
395 794 90 23 Ständer
500 795 119 22 framhärda
635 797 37 20 etc.

276 857 139 29 Helsingfors,
431 857 40 21 den
487 858 27 21 29
529 858 118 21 December
663 858 61 21 1877.

371 1465 122 23 Helsingfors,
505 1465 16 17 J.
536 1465 71 18 Simelii
621 1465 102 22 arfvingar,
738 1465 49 17 1878.
