1039 1700
263 143 277 22 Petitionsbetänkande
554 144 50 22 N:o
614 130 46 36 22.
790 142 12 20 5

154 206 27 17 En
194 206 79 18 särskild
284 206 98 22 anledning
394 211 53 12 anser
458 207 28 21 sig
497 206 134 18 undertecknad
642 206 55 18 hafva
708 207 26 16 att
746 206 47 17 fästa
802 206 30 17 det

86 235 115 17 Hedervärda
217 234 144 18 Bondeständets
374 234 160 22 uppmärksamhet
544 234 31 17 vid
587 235 59 17 denna
658 234 39 22 sak,
710 234 24 17 dä
745 239 43 12 man
800 234 30 22 pä-

86 263 48 21 stått,
154 263 33 17 och
205 264 69 17 kanske
290 264 40 16 icke
341 265 44 15 utan
397 264 45 20 skäl,
456 265 25 16 att
490 264 32 22 jag
534 262 61 18 såsom
607 263 81 17 ledamot
699 263 7 16 i
718 262 112 18 folkskolko-

85 292 56 18 mitén
159 292 20 17 år
190 292 44 17 1861
248 292 27 17 till
287 292 129 22 hafvudsaklig
428 292 30 17 del
469 297 32 12 var
513 291 82 18 vållande
608 291 27 18 till
648 293 25 16 att
684 290 147 18 folkskollärare-

85 326 32 12 nes
135 320 108 22 lönebidrag
259 322 54 16 sattes
326 320 20 18 sä
359 320 43 23 lägt,
416 326 40 12 som
468 320 27 18 till
506 320 35 18 600
552 320 56 18 Mark.
634 321 106 20 Motiverna,
754 325 40 12 som
806 319 24 18 dd

85 350 53 18 ledde
153 350 38 17 min
203 349 48 23 äsigt
262 349 33 17 har
303 350 34 22 jag
349 350 48 17 ännu
408 350 40 16 icke
459 349 60 18 funnit
528 349 74 23 jäfvade
614 349 20 17 af
644 349 131 20 erfarenheten;
788 354 41 12 men

87 378 22 18 de
127 378 78 18 ändrade
217 378 173 18 tidsförhällandena
402 380 44 21 göra
458 378 105 21 emellertid,
576 380 26 15 att
613 380 25 16 ett
648 378 107 22 löneanslag
767 377 19 17 af
796 377 34 17 800

85 408 52 17 Mark
147 408 29 17 för
187 408 111 17 närvarande
309 407 42 17 icke
363 408 19 16 är
393 407 56 22 högre
462 409 22 15 än
496 406 34 18 600
542 407 52 17 Mark
604 407 29 17 för
644 406 22 18 16
678 407 20 17 år
706 406 82 21 tillbaka,
796 406 34 17 och

87 436 23 18 då
122 437 59 17 dertill
193 437 88 19 kommer,
294 437 26 16 att
331 435 22 18 de
366 435 89 19 enskildta
466 436 74 23 yrkena,
554 435 60 18 såsom
621 435 31 18 vid
659 435 169 23 skogsafverkning,

85 466 80 17 fabriker
182 471 25 11 m.
226 465 26 21 fl.,
272 466 6 16 i
296 465 76 17 sednare
384 465 47 18 tider
442 465 60 22 börjat
512 465 61 17 lemna
584 464 40 19 vårt
634 465 52 17 lands
698 465 98 22 ynglingar
808 470 22 11 en

86 494 132 22 mångdubbelt
227 495 57 16 större
296 494 80 17 inkomst
388 495 23 16 än
421 493 23 18 de
455 493 55 18 hafva
521 495 25 16 att
558 493 81 24 päräkna
650 493 180 23 päfolkskolebanan

87 523 34 17 och
134 523 29 17 det
175 523 27 16 till
215 523 45 22 följd
272 523 52 16 deraf
334 522 64 18 blifver
410 528 22 11 en
443 523 135 21 nödvändighet
588 524 25 16 att
618 523 44 22 höja
669 523 161 17 folkskollärarens

87 551 38 22 lön,
145 551 58 18 derest
219 551 40 18 icke
277 551 30 17 det
325 551 79 23 sorgliga
422 551 47 18 skall
480 551 77 22 inträffa,
575 553 25 15 att
611 551 39 18 värt
661 551 53 18 lands
726 551 105 18 seminarier

87 580 54 18 skola
157 580 74 18 komma
248 581 26 17 att
291 579 28 18 stä
334 582 68 15 tomma
417 580 33 17 och
462 580 104 18 folkskolan
577 580 75 18 komma
663 582 26 16 att
700 580 38 18 lida
750 580 46 17 brist
807 579 24 23 pä

87 609 131 21 lärarekrafter,
237 608 33 18 har
285 609 32 21 jag
334 608 47 18 velat
398 608 28 18 till
442 609 30 17 det
485 608 111 18 hedervärda
607 608 135 18 Bondeständet
753 609 45 21 göra
810 614 22 11 en

87 637 108 18 hemställan
207 642 30 13 om
249 639 26 15 att
287 636 81 22 Ständet,
380 638 6 16 i
398 637 88 17 händelse
498 637 56 17 saken
566 642 52 13 anses
630 638 74 22 förtjent
715 638 20 17 af
744 636 87 24 nägotaf-

87 666 72 22 seende,
178 666 43 17 ville
231 666 7 16 i
251 666 94 22 sedvanlig
357 666 77 22 ordning
446 666 27 17 till
485 666 48 18 Hans
545 666 102 22 Kejserliga
658 666 84 22 Majestät
753 666 79 17 inlemna

87 701 22 11 en
121 694 112 23 underdänig
245 695 75 22 petition
333 700 36 16 om,
382 696 26 16 att
420 694 30 18 det
461 694 113 22 lönebidrag,
588 700 40 12 som
640 695 20 17 af
670 694 91 18 allmänna
773 694 59 18 medel

87 724 53 23 utgår
151 724 28 17 till
190 724 70 17 landets
272 722 145 23 folkskollärare,
430 723 59 17 blefve
500 723 52 22 höjdt
560 722 41 18 från
607 723 103 17 sexhundra
716 723 26 18 till
750 722 82 19 ättahun-

87 754 33 17 dra
137 754 58 21 mark,
214 753 41 17 med
273 753 22 17 de
313 752 247 22 löneförhöjningsförmäner
575 752 45 18 efter
632 753 35 17 viss
680 752 98 22 tjenstetid,
791 757 40 12 som

86 782 50 18 Hans
154 782 101 22 Kejserliga
271 782 92 22 Majestäts
374 781 67 23 nädiga
450 781 107 22 förordning
569 786 31 12 om
612 780 168 18 folkskolväsendet
792 782 39 16 när-

87 816 50 13 mare
148 812 115 16 bestämmer.

154 839 113 23 Helsingfors
280 839 34 17 den
325 839 24 17 10
360 838 87 18 Februari
459 838 50 18 1877.

623 867 21 17 A.
658 866 106 24 Svedberg.

89 922 143 25 (Öfversättning
238 926 8 20 )

195 960 95 22 vAktade
302 959 102 22 Talman,
418 960 141 17 Hedervärda
570 958 153 18 Bondeständ!

155 995 30 17 Då
195 995 132 17 kommunerna
338 994 26 18 uti
376 994 42 17 flere
430 994 68 18 trakter
509 995 20 16 af
538 993 40 18 vårt
590 993 43 18 land
645 995 49 16 ännu
705 995 31 15 äro
743 994 89 17 motsträf-

87 1025 42 22 viga
147 1025 26 17 att
190 1024 67 17 inrätta
268 1023 107 22 folkskolor,
389 1023 34 17 och
434 1023 68 23 följden
515 1022 51 18 deraf
576 1023 53 21 varit,
642 1024 25 16 att
678 1022 91 18 lärarenas
782 1022 52 18 löner

88 1054 109 17 bestämmas
216 1053 115 23 synnerligen
345 1051 38 23 lågt
394 1052 35 17 och
440 1052 21 17 så
472 1054 26 15 att
510 1052 22 18 de
543 1052 40 17 icke
596 1052 56 17 under
663 1051 112 17 närvarande
787 1051 48 23 dyra

87 1082 46 18 tider
151 1081 56 18 förslå
225 1082 26 17 till
270 1081 29 17 det
317 1081 73 23 dagliga
404 1081 60 17 lifvets
480 1081 72 22 vanliga
563 1080 87 20 nödtorft,
663 1080 69 17 hvilket
743 1080 52 22 ringa
807 1080 24 17 lö-

88 1111 90 22 nebelopp
196 1110 71 22 tvungit
284 1110 34 17 och
332 1110 72 22 tvingar
415 1110 58 16 lärare
485 1110 40 17 med
539 1110 58 17 bättre
609 1109 116 22 naturgäfvor
736 1111 26 15 att
773 1109 59 17 vända

88 1141 29 22 sig
135 1139 28 18 till
181 1139 56 18 andra
249 1139 34 17 och
295 1138 128 23 förmånligare
435 1138 164 23 sysselsättningar,
612 1138 56 23 vågar
677 1139 33 22 jag
721 1137 73 23 föreslå,
807 1140 26 17 att

89 1169 30 17 det
129 1167 40 18 från
181 1167 169 23 bevillningsmedel
363 1167 87 23 utgående
462 1167 125 22 lönebidraget
595 1167 29 17 för
629 1167 139 18 folkskollärare
774 1167 59 18 skulle

88 1197 52 22 höjas
157 1197 30 17 för
204 1196 57 18 lärare
279 1196 28 17 till
322 1195 34 18 800
368 1195 33 18 och
413 1195 29 18 för
453 1196 100 17 lärarinnor
564 1195 28 18 till
603 1195 35 18 600
650 1195 55 18 Mark.
730 1195 26 18 På
768 1195 65 18 sådant

88 1228 36 15 sätt
140 1228 37 15 tror
192 1225 38 22 jag,
249 1226 26 16 att
292 1225 30 16 det
339 1224 78 17 nämnda
431 1224 167 18 missförhällandet
609 1224 59 18 skulle
680 1224 57 18 blifva
749 1224 83 23 afhjelpt,

89 1255 33 18 och
140 1254 40 17 vårt
195 1259 53 17 unga,
261 1254 29 17 för
301 1253 62 17 landet
374 1253 20 18 så
405 1254 70 21 vigtiga
486 1253 170 18 folkskoleväsende
668 1254 6 17 i
686 1253 90 18 materielt
788 1253 44 18 afse-

88 1282 45 18 ende
145 1282 56 18 blifva
213 1282 58 17 bättre
283 1281 96 23 skyddadt.

156 1310 113 23 Helsingfors
282 1310 34 18 den
329 1311 10 16 7
351 1310 86 18 Februari
448 1310 51 17 1877.

561 1339 19 16 €.
596 1339 22 17 G.
633 1338 131 24 Hegerström.

90 1392 158 26 (Öfversättning.)

194 1431 101 22 vAktade
307 1430 102 22 Talman,
422 1430 143 18 Hedervärda
577 1430 153 18 Bondeständ!

158 1460 29 18 Då
205 1460 26 18 till
249 1460 52 17 löner
313 1460 19 17 åt
343 1460 137 17 folkskollärare
493 1460 33 17 och
538 1460 101 17 lärarinnor
650 1460 30 17 för
691 1460 111 20 närvarande
814 1466 21 13 ur

158 1494 101 18 Allmänna
272 1494 177 18 Besvärsutskottets:
462 1494 112 18 betänkande
586 1493 37 21 N:o
636 1492 34 19 16.
