1059 1703
251 180 279 23 Petitionsketänkande:
541 181 48 22 N:o
603 181 39 22 25.
763 179 32 22 25

75 243 44 21 mål
136 244 34 20 för
181 243 153 28 förordningar
348 238 50 38 med:
409 244 145 27 förpligtelser
569 244 39 21 och
624 242 124 28 päbud'om
763 243 55 20 hvad

76 285 46 14 som
144 278 55 21 dock
222 277 69 28 aldrig
312 278 29 20 till
357 278 50 29 fullo
422 279 43 20 kan
481 278 94 27 regleras
591 283 79 21 genom
685 276 90 27 sådana,
792 277 28 20 de

76 314 58 18 ännu
155 310 143 28 gvarstäende:
319 312 196 27 anstötligheterna,
539 311 26 21 så
585 313 30 18 att
630 310 95 21 nämnda
740 310 79 27 grund-

76 347 46 19 sats
133 344 175 24 oförbehällsamt
322 346 107 21 erkännes
445 346 40 20 och
501 346 98 20 kommer
614 345 29 20 till
659 344 120 26 utförande;
797 343 24 21 sä

76 374 54 37 skall
149 374 41 37 ur;
200 380 72 23 denna
285 378 142 29 gvarstäende
443 380 109 26 obillighet
567 385 55 16 vexa
637 386 44 20 upp
697 385 26 15 en
739 378 81 21 .animo-

76 414 54 26 sitet,.
155 414 144 27 som'.Jängre
319 414 55 21 fram
388 414 49 21 icke
453 419 60 16 mera
527 414 56 20 skall
596 412 67 22 tillåta
678 412 143 22 förhållandet

76 450 30 19 att
128 448 77 21 ordnas
227 454 79 21 genom
324 447 223 28 billighets-ätgärder,
565 450 51 18 utan
631 448 52 20 blott
698 453 80 22 genom
793 453 28 14 en

77 482 95 28 spräklig
187 482 134 28 ombildning
335 483 24 20 af
371 483 108 21 nationen.

145 522 110 27 Förslaget
269 529 66 19 synes
350 522 45 27 mig
408 523 63 20 äfven
488 523 104 20 innebära
608 522 28 21 all
651 522 42 21 den
702 521 117 27 möjlighet,

77 563 46 15 som
138 564 29 13 nu
183 563 59 14 mera
258 557 43 19 kan
317 557 124 25 förefinnas,
458 557 29 20 till
503 556 105 28 stäfjande
623 557 24 19 af
661 555 160 28 spräklidelser-

77 597 36 20 na,
136 591 73 20 hvilka:
228 591 38 21 hos
285 597 34 15 oss
338 591 81 27 antagit
433 597 84 15 samma
531 591 108 26 karakter,
657 596 45 15 som
717 589 83 21 fordom
815 589 7 20 i

78 625 68 21 andra
164 625 76 21 länder
250 625 83 27 :oviljan
348 625 80 21 mellan
444 625 57 21 olika
516 625 98 27 religiösa
630 625 72 21 sekter
717 624 40 22 och
771 623 50 27 kyr-

78 660 46 25 kor;
141 654 91 36 :hvilkas
263 654 134 36 medlemmar
419 659 56 22 'dock
496 666 99 18 numera,
615 659 68 21 sedan
701 659 60 27 billig
775 658 46 21 reli-

78 693 125 27 gionsfrihet
217 694 92 25 vunnits,
326 693 56 21 lefva
393 693 86 27 fredligt
489 694 40 21 och
537 693 285 27 fördragsamt
686 689 63 36 jemte
761 689 63 36 hvar-

79 727 75 22 andra.
185 727 34 26 Ty
233 726 29 28 pä
277 733 83 15 samma
375 724 58 31 gång
447 728 101 27 förslaget
562 728 7 20 i
584 727 46 21 fullt
641 726 53 22 mått
702 727 122 27 tillgodoser

79 762 27 21 de
121 761 70 21 finska
205 762 87 20 talande
307 762 182 27 medborgarenes
505 761 138 28 anspråk
611 756 30 38 på
657 760 166 28 tillmötesgåen-

80 795 27 22 de
122 795 50 22 från:
183 796 174 27 embetsverken,
374 796 105 21 bortvisar
493 796 35 21 det
543 797 67 20 tillika
625 796 42 21 den
683 797 33 20 för
726 796 26 21 de
762 795 60 22 sven-

80 831 39 21 ska
141 830 86 21 talande
249 831 172 26 :-medborgarené
441 830 24 21 så
485 831 98 21 stötande
599 831 137 27 möjligheten
752 832 31 19 att
796 829 29 28 pä

80 865 70 27 grund
173 865 23 20 af
213 865 126 26 pluralitets-
355 865 53 21 eller
425 865 70 21 andra
509 865 105 21 likartade
629 865 47 21 skäl
690 864 65 21 blifva
770 865 8 20 i
792 865 31 20 sin

80 902 34 18 tur
136 899 125 21 förmenade
284 899 36 21 det
340 900 113 20 enahanda
472 899 184 28 tillmötesgående
670 898 47 22 från
733 899 91 21 embets-

81 934 89 25 verken,
194 933 81 21 hvilket
293 933 28 21 de
335 933 148 22 förstnämnde
498 934 69 21 alltför
581 934 88 26 mycket
683 933 71 21 hittills
769 932 56 22 måst

82 968 78 21 sakna.
285 976 2 3 d
428 974 3 3 i

133 1007 2 2 *
149 1003 113 26 Förslaget
281 1008 66 20 synes
369 1003 44 26 mig
432 1003 98 26 slutligen
546 1003 63 20 äfven
624 1003 109 26 praktiskt,
751 1003 31 25 ity
797 1003 29 20 att

83 1036 36 22 det.
140 1036 49 21 icke
210 1036 114 21 fastställer
345 1038 66 19 annat
423 1039 37 18 än
483 1037 174 21 embetsverkens
673 1036 151 29 skyldigheter,

83 1077 51 15 men
155 1071 52 20 icke
227 1070 62 28 ingår
307 1070 28 28 pä
350 1071 207 27 reglementeringar
571 1077 36 15 om
622 1071 161 27 kunskapsprof
795 1077 29 14 m.

83 1112 29 14 m.
137 1105 74 27 dylikt,
235 1105 97 21 hörande
351 1105 30 20 till
395 1104 277 29 verkställighetsätgärder.
704 1101 123 25 Likasom
812 1097 18 40 i

84 1140 66 26 öfriga
173 1139 43 26 fall,
240 1139 143 21 öfverlemnar
403 1139 36 21 det
454 1140 63 20 äfven
532 1140 6 20 i
555 1139 93 21 detta
626 1135 26 36 åt
663 1140 162 20 administratio-

84 1180 42 14 nen
149 1175 55 19 samt
226 1172 89 28 ålägger
334 1174 42 20 den
392 1176 29 18 att
436 1174 85 27 vidtaga
537 1174 27 20 de
579 1176 184 25 arrangementer;
781 1180 45 14 som

85 1208 106 21 erfordras
213 1208 32 20 för
267 1209 30 19 -att
314 1208 181 21 embetsverkens'
505 1208 108 21 faststälda
629 1208 147 29 skyldigheter
790 1206 37 22 mä

84 1238 59 36 varda
158 1238 128 36 fullgjorda,
304 1248 49 15 men
369 1242 67 27 gifver
451 1242 144 22 allmänheten
608 1243 38 20 och
656 1242 171 28 medborgarene

84 1276 85 26 tillfälle
179 1278 31 22 att
224 1276 56 22 vaka
295 1277 60 21 öfver
369 1276 48 22 sina
432 1277 104 21 intressen
553 1283 79 21 genom
648 1278 29 20 att
691 1276 71 22 såsom
773 1277 53 27 tjen-

84 1311 61 21 stefel
160 1310 124 28 öfverklaga
298 1311 89 27 positiva
402 1311 39 21 och
457 1311 122 27 otvetydiga
590 1311 90 27 lagbuds
689 1310 138 22 äsidosättan-

84 1345 36 25 de,
137 1344 42 21 ifall
195 1343 78 21 sädant
287 1344 70 21 skulle
373 1350 40 21 ega
428 1350 55 15 rum.
507 1345 61 20 Huru
583 1345 175 20 embetsverkens
766 1345 61 20 skrif-

84 1378 70 21 velser
172 1377 28 28 pä
215 1377 28 21 de
257 1378 128 21 föreskrifna
401 1377 93 28 spräken
510 1378 125 26 tillkomma,
653 1379 100 26 antingen
771 1379 57 20 detta

85 1413 50 21 sker
150 1411 125 22 förmedelst
290 1412 88 27 tillhjelp
393 1413 24 20 af
429 1412 136 21 translatorer
580 1412 53 21 eller
647 1419 80 20 genom
736 1413 92 21 embets-

84 1449 94 19 männen
202 1446 75 27 sjelfva
296 1457 22 3 --
335 1447 40 21 och
397 1452 79 21 genom
498 1446 144 21 användande
665 1447 23 20 af
707 1447 122 28 tillräckligt

86 1482 49 21 med
159 1481 153 27 öfversättning
331 1481 44 20 kan
391 1481 35 21 det
441 1480 154 22 ofvanstäende
611 1483 144 26 programmet
771 1488 56 15 ome-

155 1526 98 18 Allmänna
266 1525 175 18 Besvärsutskottets
452 1526 112 17 betänkande
575 1526 40 18 N:o
625 1525 32 19 18.
