1031 1709
228 142 322 21 Petitionsbetänkande
564 142 50 22 N:o
628 144 28 20 4.
776 142 12 20 3

71 212 29 20 ägt
114 210 36 22 håg
165 210 33 18 och
209 210 34 17 lust
254 209 28 19 för
293 210 120 22 vetenskaplig
424 210 115 18 verksamhet.
564 211 28 17 En
603 211 47 22 gång
661 210 40 18 inne
713 210 23 22 pä
747 210 70 22 tjenste-

71 238 127 22 mannabanan,
211 238 50 17 träda
272 238 46 17 dock
329 238 119 22 mångfaldiga
459 239 35 17 och
505 238 27 18 för
546 238 22 18 de
579 238 49 18 flesta
640 238 129 23 oöfverstigliga
780 239 38 16 hin-

70 267 31 16 der
112 267 6 16 i
130 269 56 20 vägen
197 266 27 17 för
236 268 24 15 ett
272 266 116 22 sjelfständigt
396 267 127 22 vetenskapligt
534 267 65 18 arbete.
620 267 42 18 Men
670 269 25 15 ett
702 267 114 21 förhållande,

70 300 37 11 som
120 295 73 16 sålunda
205 296 100 21 utestänger
316 301 47 16 unga
374 295 164 22 vetenskapsidkare
550 295 39 18 från
600 295 113 22 möjligheten
725 295 25 17 till
764 295 55 22 högre

71 323 119 22 vetenskaplig
206 323 105 22 utveckling,
330 323 55 18 måste
401 323 95 22 nedtrycka
513 323 127 18 universitetets
656 323 89 22 betydelse
761 324 57 17 såsom

70 351 62 22 högsta
148 351 155 22 bildningsanstalt.
328 351 35 18 Det
379 351 66 18 förmår
460 351 38 18 icke
513 352 55 17 under
579 352 66 17 sådana
657 352 120 17 förhållanden
789 357 28 16 ge-

70 386 41 11 nom
126 379 93 23 tillräcklig
230 379 119 23 vetenskaplig
361 379 108 22 produktion
480 380 53 17 häfda
544 380 27 18 sin
582 380 82 22 ställning
675 380 47 17 inför
733 380 83 21 utlandet,

70 409 34 17 och
120 409 34 17 den
170 408 86 17 allmänna
270 408 131 23 vetenskapliga
415 408 130 23 ståndpunkten
561 409 48 17 inom
622 411 39 21 eget
672 409 41 17 land
725 409 43 18 lider
780 409 37 17 der-

70 437 54 17 under
137 437 90 22 betänklig
238 436 59 18 skada.

138 465 26 18 Ur
175 465 30 17 det
216 465 73 18 anförda
301 465 75 22 framgår
387 465 152 23 nödvändigheten
550 465 20 18 af
579 471 22 12 en
612 465 93 23 tillökning
717 466 5 17 i
734 466 22 17 de
763 471 55 16 yngre

69 494 77 17 lärarnes
157 493 47 18 antal
216 493 28 18 vid
256 493 123 23 universitetet,
393 493 67 18 hvilket
471 494 67 18 säkrast
549 494 51 18 torde
611 494 60 17 kunna
678 495 68 21 uppnås
754 499 63 17 genom

69 522 105 18 inrättandet
188 522 21 17 af
221 521 44 18 fasta
276 521 126 24 lärareplatser.
427 522 125 23 Ungefärligen
563 528 66 12 samma
640 522 104 23 proportion
755 522 63 17 mellan

70 552 47 17 äldre
129 551 34 18 och
174 557 55 16 yngre
240 551 61 22 lärare,
314 556 38 13 som
364 551 28 17 för
404 553 25 15 ett
440 551 44 17 halft
496 551 47 18 sekel
555 551 53 18 sedan
620 557 31 12 var
661 551 78 17 rådande
750 551 28 17 vid
789 551 30 17 det

70 580 56 18 finska
138 580 123 22 universitetet,
275 579 32 18 har
319 579 51 18 äfven
381 579 81 18 herrskat
473 579 28 18 vid
514 579 118 23 högskolorna
643 580 6 17 i
661 579 76 23 Sverige,
750 579 68 18 hvarest

69 615 40 12 man
121 609 46 18 dock
179 608 44 17 varit
234 608 73 17 betänkt
318 609 23 21 på
352 608 56 22 några
418 607 141 18 modifikationer
571 608 40 17 med
623 608 81 18 afseende
716 609 11 16 å
739 608 21 17 de
769 613 48 12 sena-

69 644 27 12 res
112 637 87 23 ställning,
217 637 33 18 och
264 639 25 16 ett
304 637 82 17 liknande
401 637 97 17 numeriskt
512 636 108 19 förhållande
632 637 51 18 råder
694 637 28 17 vid
735 637 22 17 de
768 636 50 18 flesta

69 667 20 18 af
101 666 97 23 Tysklands
209 665 62 18 talrika
283 665 125 18 universiteter.
433 665 61 18 Ehuru
505 665 89 18 derstädes
606 665 21 18 de
639 671 14 12 s.
665 666 18 17 k.
697 665 120 23 privatdocen-

68 698 50 15 terna
128 701 64 17 genom
204 695 22 18 de
237 695 32 18 der
279 694 52 22 öfliga
343 694 74 23 drygare
428 694 72 22 kollegii
512 694 92 23 afgifterna
615 694 81 18 stundom
707 695 60 16 kunna
782 693 35 18 för-

69 724 55 18 skaffa
139 724 28 23 sig
181 723 67 23 ganska
261 723 99 22 betydande
371 723 102 22 inkomster,
486 723 81 18 anställer
579 729 40 11 man
631 723 53 17 likväl
695 723 6 16 i
713 723 34 17 den
759 725 58 15 veten-

70 753 79 23 skapliga
163 752 110 23 bildningens
288 751 33 18 och
337 751 154 23 undervisningens
504 752 72 17 intresse
588 751 28 18 vid
629 751 22 18 de
662 751 49 18 flesta
722 751 95 23 högskolor

70 788 22 10 en
103 781 98 22 betydande
213 780 63 23 mängd
287 786 55 17 yngre
353 780 56 18 lärare
421 780 57 18 såsom
491 782 49 16 extra
551 780 87 18 ordinarie
651 780 112 22 professorer.
782 780 35 17 En-

69 810 32 22 ligt
112 809 71 23 uppgift
194 809 38 17 från
244 811 25 15 ett
281 808 20 18 af
311 809 22 17 de
344 810 68 16 senaste
424 809 41 17 åren
476 815 31 11 var
518 808 117 18 förhållandet
646 809 30 17 vid
687 809 54 22 några
750 808 67 18 univer-

70 840 40 17 sitet
121 838 85 23 följande:

327 865 41 18 Ord.
382 866 46 22 prof.
452 867 21 16 E.
487 872 16 12 o.
517 866 45 23 prof.
587 866 94 18 Docenter.

207 891 51 31 Basel
361 896 27 15 83.
493 895 27 17 13.
622 895 28 17 20.

206 919 60 32 Berlin
360 924 27 16 58.
493 924 28 17 52,
624 923 28 18 67.

206 952 87 23 Erlangen
361 952 28 17 32.
494 953 26 16 12.
634 952 17 17 9.

207 977 95 31 Göttingen
359 981 27 16 58.
490 981 28 17 28.
623 981 27 16 19.

206 1005 102 32 Greifswald
357 1009 28 17 29.
491 1010 26 17 10.
634 1008 16 18 T:

205 1038 111 23 Königsberg
333 1033 11 33 =
358 1037 27 17 45.
502 1038 16 17 8.
624 1036 26 18 16.

205 1063 73 31 Leipzig
357 1067 27 16 56.
488 1067 28 16 49.
620 1065 28 17 30.

207 1091 88 31 Miinchen
358 1090 27 31 67.
488 1095 28 16 20.
620 1093 28 17 21.

136 1123 36 18 Det
186 1123 55 18 finska
255 1123 120 18 universitetet
387 1122 33 18 har
434 1123 100 20 visserligen
549 1127 63 17 genom
626 1121 65 22 nädiga
701 1120 117 22 kungörelsen

68 1153 21 17 af
98 1153 23 16 30
132 1152 35 22 Maj
182 1152 42 17 1871
238 1152 68 17 erhållit
317 1151 87 22 rättighet,
418 1153 25 15 att
454 1151 27 17 till
492 1153 49 15 extra
553 1149 87 19 ordinarie
652 1149 108 22 professorer
772 1149 45 17 före-

69 1182 25 16 slå
109 1181 65 17 sådana
187 1180 89 22 docenter,
293 1186 36 11 som
345 1179 51 18 deraf
410 1179 66 17 kunnat
488 1181 42 20 göra
541 1179 27 22 sig
579 1178 88 22 förtjenta.
692 1177 41 18 Men
745 1177 30 17 det
785 1177 32 22 lig-

70 1215 30 16 ger
110 1209 6 16 i
128 1209 62 17 sakens
202 1211 56 17 natur,
271 1210 26 15 att
307 1208 30 17 det
349 1208 61 17 endast
421 1207 123 23 undantagsvis
556 1207 43 18 skall
611 1207 80 22 begagna
702 1205 27 23 sig
736 1205 21 17 af
762 1205 57 18 denna

69 1237 87 22 rättighet,
170 1237 20 17 så
201 1237 50 22 länge
263 1237 82 22 anslagen
356 1236 26 17 till
396 1236 140 18 docentarvoden
548 1235 68 23 gvarstä
628 1235 55 17 under
695 1239 66 12 samma
772 1233 46 18 form

70 1272 38 11 som
124 1265 67 18 hittills.
216 1258 17 24 Ä
249 1265 54 17 andra
319 1265 49 17 sidan
383 1265 51 17 skola
448 1270 45 17 unge
508 1263 170 23 vetenskapsidkare,
696 1263 63 17 osäkra
773 1262 45 17 både

70 1300 29 12 om
111 1294 63 18 vidden
185 1294 21 17 af
215 1294 26 17 sin
253 1294 79 22 förmåga
344 1293 32 17 och
389 1293 30 17 det
431 1293 109 17 erkännande
552 1292 106 20 densamma,
672 1292 58 17 såsom
742 1293 46 15 ännu
800 1291 15 21 ej

70 1322 101 22 tillräckligt
185 1322 76 22 bevisad,
278 1322 67 18 kunnat
357 1322 79 17 tillvinna
447 1322 31 22 sig,
492 1322 44 18 afstå
548 1321 38 18 från
598 1321 79 18 försöket
687 1322 26 15 att
725 1326 21 11 en
757 1320 60 22 längre

70 1350 25 17 tid
111 1352 104 20 gvarstanna
231 1350 29 17 vid
276 1350 123 20 universitetet,
418 1355 38 11 som
470 1355 64 16 genom
549 1350 50 16 deras
611 1349 64 21 afgäng
686 1349 55 16 mäste
753 1348 65 16 förlora

70 1379 6 16 i
92 1378 91 22 möjlighet
197 1379 25 16 att
236 1380 48 15 snart
299 1378 60 16 kunna
369 1377 40 17 med
420 1383 54 16 yngre
486 1376 66 18 krafter
564 1378 63 16 ersätta
639 1376 84 22 afgäende
735 1375 47 17 äldre
794 1376 23 16 lä-

70 1412 50 12 rare."
139 1406 41 18 Med
195 1406 31 17 full
239 1405 90 23 tillförsigt
340 1407 25 15 att
376 1405 60 22 vigten
446 1405 21 17 af
476 1405 57 18 denna
544 1405 96 22 angelägna
652 1403 137 23 bildningsfräga
801 1403 20 17 af

70 1434 107 24 högvördiga
193 1434 129 18 Presteständet
337 1434 44 18 skall
395 1434 40 17 med
450 1436 86 16 varmaste
550 1432 103 23 deltagande
667 1432 94 22 hbehjertas,
775 1432 44 22 våga

70 1465 17 17 vi
102 1463 69 19 derföre
187 1464 31 17 hos
233 1463 107 23 högvördiga
353 1462 69 19 ståndet
436 1462 87 18 vördsamt
539 1462 64 18 föreslä
615 1468 22 11 en
649 1460 107 23 underdänig
767 1460 52 18 fram-

72 1493 83 23 ställning
166 1492 66 23 derom,

138 1520 102 20 Allmänna
251 1520 185 20 Besvärs-utskottets
448 1519 110 19 betänkande
569 1518 36 19 N:o
616 1519 17 17 4.
