1048 1714
276 102 287 25 Petitionsbetänkande
577 104 47 23 N:o
636 104 36 23 48.
803 106 13 20 5

98 169 107 28 nemligen
226 175 51 16 vara
297 170 140 28 obestridligt,
453 172 33 21 att
499 172 118 27 penningar
631 172 39 21 äro
684 176 27 18 en
726 177 56 21 vara,
798 176 46 17 som

98 207 24 20 är
143 204 146 22 underkastad
309 204 27 22 de
347 200 47 39 för.
404 204 211 30 varuomsättningen
635 206 8 22 i
662 205 116 23 allmänhet
799 205 45 28 gäl-

96 239 64 22 lande
183 238 138 23 ekonomiska
342 240 63 27 lagar
422 240 40 22 och
485 240 103 22 särskildt
609 240 48 26 den,
680 242 32 20 att
728 240 70 27 priset
811 239 34 23 för

97 279 27 15 en
146 280 51 15 vara
218 273 64 23 beror
304 274 119 28 aftillgång
440 275 41 22 och
491 274 135 28 efterfrågan.
651 274 48 22 Den
714 276 68 25 ränta,
798 280 47 16 som

96 307 35 22 vid
152 307 158 29 försträckning
334 309 97 28 erlägges
454 309 33 23 för
507 304 124 33 penningar,
654 310 64 27 utgör
738 308 106 28 nemligen

96 343 24 21 så
140 344 33 20 att
188 345 52 25 säga
259 343 76 23 dessas
350 344 51 28 pris,
416 344 59 28 eller,
492 350 35 16 om
540 350 50 16 man
604 344 26 22 så
643 344 43 26 vill,
702 344 42 22 den
758 344 24 22 af
794 350 50 16 ena-

95 376 72 23 handa
192 378 60 27 Jagar
278 378 108 22 beroende
410 378 57 28 hyra,
493 385 46 16 som
562 378 90 23 erhålles
676 378 34 23 för
732 378 111 28 kapitalet,

95 411 42 23 och
150 412 131 28 pennigarne
296 412 54 23 söka
365 413 33 27 sig
412 413 84 23 derföre
511 413 61 23 alltid
586 413 33 23 till
633 413 43 23 den
685 414 109 27 marknad,
806 414 38 22 der

94 446 79 28 högsta
187 448 63 21 ränta
263 447 50 27 kan,
328 448 49 22 med
391 448 95 22 bevarad
500 448 101 23 säkerhet
614 448 33 22 för
660 448 116 28 kapitalets
786 449 58 21 åter-

94 480 85 28 fående,
195 481 99 23 erhållas.
323 478 69 26 Äfven
411 482 122 23 oberoende
548 482 22 23 af
587 482 181 29 guldmyntfotens
788 482 54 23 infö-

93 516 68 22 rande
178 516 8 22 i
208 516 89 22 Finland
316 516 64 23 hafva
393 518 86 22 landets
494 518 106 27 kapitaler
613 518 57 22 varit
683 518 159 22 underkastade

93 552 144 28 nyssnämnda
252 552 139 23 ekonomiska
405 553 60 28 lagar
480 553 41 22 och
535 553 67 22 redan
615 553 91 27 mången
716 553 56 28 gång
778 552 64 23 hafva

92 587 28 22 de
135 586 126 23 förmedelst
279 587 73 22 vexlar
365 587 52 22 eller
432 588 26 22 så
471 587 86 23 kallade
573 589 137 27 statspapper
724 588 33 22 till
771 588 70 27 någon

93 621 35 23 del
142 621 75 22 vunnit
238 621 111 28 placering
363 624 59 21 utom
436 622 80 27 landet,
534 623 17 27 ej
567 624 54 21 utan
635 622 115 28 olägenhet
763 622 33 22 för
811 621 30 23 af-

91 656 143 23 färsrörelsen
254 656 8 22 i
277 656 38 23 det
333 663 55 21 egna
402 657 78 22 landet.
512 653 147 32 Öfvergången
673 657 33 22 till
721 657 120 28 guldmynt-

91 691 33 22 fot
145 691 91 22 bereder
256 691 74 22 härtill
351 691 135 28 naturligtvis
505 694 57 20 ännu
581 692 42 22 den
637 693 67 26 utväg
717 693 33 20 att
764 697 76 22 genom

92 726 91 22 utförsel
197 725 24 22 af
233 726 57 27 guld,
305 726 115 23 lättare
397 721 27 37 än
434 727 26 22 så
474 727 63 27 länge
552 726 68 23 silfret
633 733 38 16 var
685 727 155 26 värdemätare,

91 761 118 22 verkställa
228 761 112 22 enahanda
357 761 116 28 placering.
502 762 40 21 Att
555 760 161 23 affärsrörelsen
729 761 9 21 i
751 760 90 23 Finland

92 795 69 23 under
179 795 82 23 sådana
282 795 148 23 förhållanden
448 796 66 22 likväl
528 797 81 21 kunnat
622 795 69 22 hållas
706 801 57 22 uppe
776 795 9 22 i
799 795 42 22 den

94 830 153 28 utsträckning,
270 830 61 22 hvari
353 830 123 23 densamma
492 831 68 22 under
575 836 75 17 senare
665 829 57 23 tider
735 831 37 26 egt
786 836 53 21 rum,

92 866 64 22 beror
177 865 34 22 till
233 865 19 28 ej
268 865 61 28 ringa
347 865 35 22 del
398 865 65 27 deraf,
480 867 33 20 att
527 866 73 27 lagens
614 864 136 27 bestämning
764 871 35 16 om
813 871 28 16 en

91 901 150 21 maximiränta
262 899 69 23 blifvit
350 900 9 21 i
380 900 71 23 vexel-
474 900 40 22 och
535 899 146 22 länerörelsen
701 899 9 22 i
724 899 117 23 allmänhet

92 935 148 27 kringgången
263 935 128 27 derigenom,
415 936 32 21 att
468 935 67 27 högre
556 935 67 26 ränta,
645 936 27 19 än
686 940 38 16 sex
738 934 34 22 för
786 934 54 22 hun-

92 969 67 23 drade
181 975 35 16 om
238 969 53 26 året,
315 969 113 28 uppburits
451 975 77 22 genom
549 969 93 22 tillskott
659 969 69 22 under
742 975 62 16 namn
818 968 24 22 af

94 1003 134 29 »provision"
244 1003 41 23 och
301 1003 147 28 ,strafiränta*
465 1005 57 21 samt
535 1003 125 23 förmedelst
669 1003 171 28 räntebetalning

91 1038 146 23 förskottsvis.
266 1038 51 22 Men
337 1039 27 21 dä
382 1038 84 27 sådant,
480 1039 46 27 just
540 1039 7 21 i
561 1038 52 28 följd
627 1038 24 22 af
663 1038 113 27 orubbliga
789 1038 51 22 eko-

91 1073 100 23 nomiska
205 1073 66 27 lagar,
286 1073 49 23 icke
349 1073 57 23 blott
414 1073 18 28 ej
448 1074 42 21 kan
500 1073 110 27 undvikas,
622 1075 51 19 utan
683 1074 57 20 tvärt
747 1079 35 15 om
791 1072 50 23 med

91 1107 161 28 nödvändighet
271 1107 95 29 framgär
379 1114 27 16 ur
420 1108 131 28 penningens
566 1108 114 27 egenskap,
696 1107 26 22 sä
736 1113 62 21 synes
814 1107 26 22 ti-

93 1143 42 22 den
157 1142 42 22 ock
220 1149 51 15 vara
290 1142 49 22 inne
362 1144 33 20 att
411 1142 107 29 upphäfva
533 1143 42 22 den
589 1141 109 23 föreskrift
711 1142 8 22 i
734 1148 27 16 en
774 1142 67 22 redan

92 1176 111 23 föräldrad
217 1177 41 27 lag,
275 1183 46 16 som
331 1177 80 22 strider
426 1179 58 21 emot
498 1177 55 22 hvad
568 1176 102 23 förnuftet
683 1176 89 22 fordrar.

161 1211 36 21 Då
214 1211 160 22 affärsrörelsen
392 1212 66 21 likväl
473 1210 139 24 öfverhufvud
626 1210 48 23 icke
688 1210 97 28 päkallar
798 1210 42 22 för-

91 1246 151 27 sträckningar
256 1246 28 27 pä
298 1246 73 27 längre
385 1246 34 22 tid
433 1246 41 22 och
487 1246 78 27 mänga
576 1246 106 26 kapitaler
696 1244 54 24 söka
764 1251 26 15 en
805 1246 35 20 sä-

92 1281 40 22 ker
153 1280 110 28 placering
282 1280 40 22 hos
342 1280 80 22 sädane
441 1280 118 28 läntagare,
577 1280 73 22 hvilka
663 1280 73 21 kunna
752 1279 88 28 erbjuda

93 1321 27 17 en
136 1314 97 23 orubbad
247 1314 133 28 förräntning
394 1315 68 22 under
472 1321 27 16 en
513 1314 50 28 läng
575 1313 52 28 följd
641 1314 23 22 af
674 1314 30 27 är,
716 1314 25 21 sä
750 1314 39 22 har
798 1314 42 21 vis-

94 1349 92 26 serligen
201 1350 56 20 satts
272 1349 8 20 i
293 1348 67 27 fräga,
376 1354 35 15 om
425 1348 47 22 icke
487 1350 77 19 räntan
577 1348 72 20 kunde
664 1347 93 27 frigifvas
768 1348 72 20 blott
830 1343 13 37 i

93 1382 102 22 afseende
218 1382 13 21 &
252 1382 182 26 försträckningar
454 1382 30 26 pä
503 1382 88 21 kortare
610 1381 37 21 tid.
677 1381 11 21 I
700 1380 52 22 flera
766 1381 75 22 länder

92 1418 41 22 har
154 1423 50 16 man
226 1416 72 28 ocksä,
321 1416 129 22 ätminstone
472 1417 34 21 att
524 1415 61 29 börja
600 1415 55 27 med,
670 1415 86 28 inslagit
772 1415 69 22 denna

161 1461 136 24 Lagutskottets
310 1459 113 19 betänkande
437 1459 35 19 N:o
487 1457 34 21 26.
