1042 1706
225 143 13 19 2
350 144 321 20 Petitionsbetänkande
686 143 51 20 N:o
754 144 42 19 19.

198 213 37 11 nan
253 207 34 18 och
305 207 56 17 frälse
376 208 145 17 skattehemman
540 210 32 14 äro
584 208 6 16 i
603 207 109 22 åtnjutande
725 207 20 17 af
755 207 86 23 betydlig
852 206 89 22 lindring.

199 237 9 16 I
220 236 102 22 anledning
336 236 21 16 af
370 236 61 18 denna
446 236 80 21 olikhet,
539 241 38 12 som
590 235 66 23 tyckes
667 240 45 12 vara
724 235 73 23 obillig,
810 236 34 16 har
856 235 39 17 ofta
907 235 36 16 för-

200 267 60 20 sports
277 264 182 23 meningsyttringar
476 266 28 16 att
518 264 23 18 de
556 264 103 22 lyckligare
675 264 80 17 lottades
767 264 109 22 privilegier
887 263 58 17 borde

200 292 85 18 afskaffas
304 293 34 17 och
356 293 37 17 alla
407 293 152 23 jordlägenheter
573 292 104 18 likaställas
692 292 113 18 beträffande
818 292 53 17 deras
883 297 61 13 onera.

199 321 32 18 Ett
248 321 65 18 sådant
326 321 132 18 likaställande
470 327 45 12 vore
527 321 110 23 visserligen
651 321 74 23 mycket
738 321 107 23 önskvärdt,
859 326 44 12 men
915 326 29 12 om

200 350 30 18 det
241 350 63 18 skulle
316 351 120 22 genomföras
447 351 7 16 i
466 350 35 17 den
514 350 85 22 rigtning
611 351 27 16 att
651 350 21 16 de
685 350 104 22 lyckligare
801 349 71 18 lottade
883 350 62 22 lägen-

200 379 77 19 heterna
289 378 61 18 skulle
362 378 19 18 få
393 384 70 12 samma
475 378 124 21 skattebörda,
612 383 40 13 som
665 378 67 18 krono-
745 378 35 17 och
792 378 152 22 skattehemman,

200 407 62 17 blefve
280 409 26 16 ett
324 407 65 17 sådant
406 407 147 22 genomförande
568 407 86 17 förenadt
668 407 42 17 med
723 409 50 15 stora
785 406 115 23 svårigheter
912 406 36 17 och

200 436 56 17 äfven
274 436 95 22 orättvisa,
389 435 39 18 dels
446 435 24 18 då
487 435 108 23 derigenom
609 435 109 23 privilegier
734 435 42 17 med
788 434 159 23 grundlagshelgd

201 463 59 18 måste
271 465 71 22 brytas,
356 464 39 17 dels
408 464 108 23 derigenom
529 466 27 15 att
568 464 54 17 äfven
635 463 35 17 den
683 464 90 17 orättvisa
783 463 38 17 icke
829 463 64 16 kunde
901 463 46 16 und-

202 493 58 22 vikas,
280 494 28 16 att
324 492 24 17 då
366 492 52 18 dessa
436 493 108 22 lägenheter
560 493 90 22 antingen
663 492 93 23 öfvergått
767 493 8 16 i
787 492 30 17 arf
828 491 45 18 eller
885 491 64 18 blifvit

201 520 126 23 tillhandlade,
339 520 30 18 till
381 521 48 22 följd
441 521 21 16 af
472 521 41 17 sina
524 521 116 22 privilegier,
653 521 29 16 för
695 522 26 16 ett
731 521 46 22 högt
785 521 44 22 pris,
837 530 22 3 —
868 525 23 12 en
900 520 47 17 oför-

202 549 55 22 skyld
276 549 35 17 och
326 549 88 23 derjemte
431 550 78 16 orättvis
522 549 110 18 ekonomisk
644 549 73 20 förlust,
729 554 68 17 genom
810 548 53 18 dessa
874 548 75 22 privile-

202 579 49 21 giers
260 577 138 23 upphäfvande,
409 577 61 18 skulle
479 577 113 23 tillskyndas
601 577 20 18 så
630 577 30 18 väl
669 578 123 21 arfvingarne,
801 583 40 12 som
850 577 53 17 deras
912 581 38 18 nya

202 611 61 18 egare.
276 616 20 3 —
308 605 44 18 Icke
363 605 59 18 heller
434 605 36 18 kan
483 605 32 18 det
527 611 45 12 vara
584 605 61 23 någon
658 607 50 16 vinst
718 606 29 17 för
756 606 64 17 landet
829 608 26 15 att
864 605 87 18 åhvälfva

203 634 51 18 detta
262 634 137 23 jemförelsevis
412 634 31 17 till
454 634 98 23 samteliga
561 634 152 23 jordlägenheter
725 635 55 22 ringa
788 635 50 16 antal
847 635 35 17 den
892 636 59 21 tunga

202 663 60 17 börda
273 663 67 17 krono-
353 663 34 17 och
400 663 147 17 skattehemman
560 669 26 10 nu
597 661 20 18 få
629 662 112 23 vidkännas,
750 665 45 15 utan
805 664 77 17 fastmer
889 663 62 23 ligger

202 691 73 18 landets
287 692 51 16 vinst
350 691 39 18 deri
402 693 28 16 att
441 691 64 18 kunna
516 691 45 23 höja
573 691 25 17 all
608 691 43 22 jord
664 691 29 17 till
703 692 34 17 den
747 691 56 18 frihet
811 691 35 18 och
855 691 35 18 den
899 691 52 22 lyck-

203 719 39 24 liga
254 719 92 22 ställning
357 720 102 17 säterierna
470 725 26 12 nu
508 720 71 22 intaga.
603 719 65 18 Blefve
680 720 25 17 all
715 720 44 22 jord
771 719 30 23 fri,
812 720 61 17 skulle
882 725 69 17 uppen-

204 749 42 16 bart
262 749 26 16 ett
304 749 59 16 större
374 747 87 18 välstånd
473 748 72 23 spridas
558 748 56 17 bland
627 748 35 17 den
673 749 142 22 jordbrukande
827 749 124 17 allmänheten

205 781 68 18 genom
286 776 35 17 den
334 775 81 24 tillgång
425 777 137 22 jordbrukaren
575 777 63 17 kunde
651 777 57 17 vinna
716 777 30 18 till
755 777 127 18 förbättrande
891 777 20 17 af
915 778 38 22 jor-

206 805 44 17 dens
269 805 105 22 växtlighet
392 805 35 17 och
444 805 114 24 afkastning,
571 805 76 18 hvilken
661 805 86 24 välmåga
757 805 123 24 fördelaktigt
892 806 61 17 skulle

206 833 79 18 inverka
302 833 24 23 på
344 833 22 18 de
382 834 62 23 öfriga
459 834 113 23 näringarne
585 834 34 17 och
631 835 128 17 industrierna
769 835 7 16 i
788 835 65 18 landet
864 835 35 18 och
911 835 42 23 följ-

205 861 84 24 aktligen
302 863 7 16 i
321 862 29 17 sin
362 863 32 16 tur
406 861 44 24 höja
461 862 180 19 statsinkomsterna.

274 890 29 18 En
321 891 46 17 hvar
384 891 72 17 känner
474 891 65 18 hvilka
554 891 111 22 bekymmer
679 892 36 17 den
730 893 105 17 stundande
846 892 107 23 kronoupp-

206 920 70 18 börden
292 919 78 23 medför,
387 919 77 17 hvilken
480 921 137 22 ansträngning
632 921 29 16 till
674 921 94 17 vinnande
780 921 21 17 af
811 921 62 17 dertill
885 921 70 23 nödiga

208 948 65 24 medel,
292 948 81 17 särdeles
388 948 30 17 för
435 948 34 18 den
485 949 87 22 fattigare
584 948 141 24 landtmannen,
739 949 65 17 dervid
816 950 58 17 måste
887 952 67 15 använ-

208 978 38 22 das,
260 977 34 18 och
306 977 34 17 allt
352 977 52 17 detta
414 977 77 17 oaktadt
503 977 31 17 det
546 977 107 23 tarfligaste,
668 978 39 17 ofta
719 978 106 23 torftigaste
833 978 119 24 lednadssätt,

208 1006 78 18 hvarvid
299 1006 35 17 den
346 1006 71 22 tjenare
430 1006 46 17 eller
484 1006 91 22 dagakarl
583 1006 38 17 han
630 1006 58 18 måste
696 1006 62 18 aflöna
766 1008 40 16 ofta
813 1007 34 17 har
856 1007 30 17 det
894 1008 61 17 bättre

209 1034 34 18 och
257 1034 107 23 sorgfriare.
389 1033 29 17 Då
430 1034 63 17 dertill
504 1034 86 17 kommer
601 1034 58 17 andra
671 1040 62 17 onera,
747 1040 40 12 som
799 1037 60 21 tynga
867 1036 87 22 jordbru-

209 1062 63 23 karen,
292 1062 55 18 hvem
362 1062 36 17 kan
414 1062 24 16 då
450 1064 44 21 säga
506 1064 27 15 att
545 1062 31 18 det
587 1063 66 17 endast
665 1065 20 15 är
697 1063 36 17 den
744 1064 61 16 finska
816 1064 87 23 flegman,
915 1070 38 12 som

210 1096 43 12 man
265 1090 21 18 så
297 1091 40 17 ofta
348 1090 34 16 vill
394 1090 86 22 åberopa,
495 1096 40 12 som
547 1090 59 18 vållar
619 1093 27 15 att
655 1091 112 21 jordbruket
775 1092 7 16 i
791 1092 101 17 allmänhet
904 1094 51 16 ännu

211 1119 38 17 står
260 1118 24 23 på
296 1124 22 12 en
330 1118 32 23 låg
374 1118 120 22 ståndpunkt.
514 1118 40 24 Nej,
568 1120 32 16 det
612 1121 20 15 är
640 1119 179 23 öfverhufvudtaget
826 1120 85 18 bondens
919 1127 36 11 me-

211 1148 97 22 dellöshet,
324 1147 46 17 hans
387 1146 55 18 svåra
456 1148 96 22 ställning,
566 1153 39 12 som
617 1147 42 17 icke
671 1148 72 17 lemnar
754 1148 69 18 honom
835 1148 58 24 något
904 1150 51 22 kapi-

212 1176 25 17 tal
256 1176 58 22 öfrigt
331 1177 27 16 att
376 1175 84 17 använda
476 1175 24 23 på
516 1181 23 12 en
556 1176 131 23 förnuftigare,
699 1176 60 18 bättre
771 1177 70 17 skötsel
853 1178 21 17 af
881 1178 74 24 jorden,

212 1206 45 16 men
265 1210 41 11 som
318 1204 48 18 dock
378 1204 63 17 kunde
452 1206 73 21 vinnas,
537 1210 30 11 om
579 1204 46 18 hans
638 1204 40 18 små
689 1206 197 23 penningetillgångar
894 1208 62 17 kunde

212 1233 94 17 användas
318 1232 30 18 till
360 1232 70 18 sådant.

280 1260 38 17 Till
336 1262 26 15 ett
380 1260 65 17 sädent
462 1260 79 18 resultat
558 1260 63 18 kunde
636 1261 145 22 grundskattens
793 1262 103 22 aflyftande
907 1264 8 16 i
927 1265 30 15 vä-

214 1288 82 22 sendtlig
310 1292 44 12 mon
366 1288 82 22 bidraga.
472 1287 139 19 Grundskatten
623 1289 101 17 innefattar
735 1290 96 23 nemligen
843 1290 35 18 den
891 1291 66 24 dryga-

214 1317 27 16 ste
253 1315 142 18 beståndsdelen
406 1314 25 24 på
442 1316 124 21 debetsedeln,
579 1316 34 18 och
624 1317 63 17 kunde
699 1317 61 18 denna
771 1318 24 22 på
807 1320 26 16 ett
845 1319 44 18 eller
901 1322 57 16 annat

214 1346 37 16 sätt
263 1344 93 23 bortfalla,
370 1348 44 13 vore
426 1344 56 17 redan
494 1346 26 16 ett
530 1346 47 16 stort
585 1346 40 22 steg
633 1348 71 15 vunnet
713 1346 31 18 till
749 1347 122 22 jordbrukets
878 1348 80 23 höjande

214 1373 35 17 och
263 1373 144 18 landtmannens
421 1372 30 18 till
462 1372 46 23 följe
520 1374 53 17 deraf
583 1374 114 18 förbättrade
709 1376 117 22 belägenhet.
838 1386 19 4 —
870 1376 39 18 Min
921 1383 37 11 me-

215 1402 47 22 ning
278 1403 20 15 är
313 1401 48 17 dock
372 1401 41 17 icke
425 1403 27 15 att
464 1403 60 16 staten
537 1402 61 18 skulle
609 1402 65 18 kunna
686 1404 120 18 efterskänka
817 1406 62 17 denna
890 1406 68 22 grund-

215 1430 54 18 skatt.
293 1430 36 18 För
346 1430 161 18 statsbehofverna
524 1433 33 15 äro
573 1432 22 17 de
608 1432 59 17 medel
679 1438 39 11 som
730 1434 68 22 inflyta
809 1440 67 17 genom
888 1435 69 22 grund-

216 1458 73 18 skatten.
301 1458 77 18 alldeles
390 1459 124 23 nödvändiga,
526 1460 76 17 emedan
616 1460 34 18 den
663 1463 20 15 är
695 1467 22 12 en
731 1462 20 17 af
761 1462 162 23 hufvudposterna
930 1465 30 16 för

284 1492 148 19 Statsutskottets
444 1493 111 19 betänkande
566 1500 32 13 n:o
608 1496 17 17 5.
