1045 1703
260 169 308 21 Petitionsbetänkande
580 173 45 18 N:o
638 173 41 18 42%.

278 437 174 27 Lagutskottets
466 438 146 23 betänkande
627 438 42 23 N:o
685 440 27 21 22
724 440 97 22 ianled-

221 472 57 26 ning
300 472 27 21 af
346 472 35 22 ett
402 472 64 22 inom
486 472 175 23 Bondeständet
683 473 138 23 framstäldt

222 505 206 28 petitionsförslag
449 506 117 28 angäende
588 507 162 27 upphäfvande
764 509 29 21 af
804 509 13 21 5

221 539 15 28 $
251 539 12 21 2
279 539 54 28 kap.
348 538 27 23 G.
390 540 28 22 B.

144 608 83 21 Genom
252 608 200 29 protokollsutdrag
467 610 25 21 af
504 610 40 21 den
561 611 25 20 13
601 610 98 22 sistlidne
713 611 105 22 Februari

87 641 40 22 har
146 641 140 22 Hedervärda
311 643 162 22 Bondeständet
486 644 33 21 till
534 644 150 28 Lagutskottet
698 645 121 22 remitterat

86 677 31 20 ett
132 676 214 26 petitionsmemorial
361 677 23 21 af
396 677 96 28 följande
506 677 100 22 innehåll:

244 744 55 18 «Till
312 744 149 19 Hedervärda
476 745 181 18 Bondeständet!

137 784 31 18 Uti
185 786 10 17 5
208 786 9 22 &
231 786 10 16 2
253 785 42 23 kap.
309 786 21 17 G.
343 786 21 17 B.
376 786 95 22 förhjudes
484 785 102 23 äktenskap
597 786 7 17 i
616 786 106 23 ,svägerlag
733 786 12 18 å
756 787 63 21 sidan,

85 814 83 22 sålunda,
182 816 27 16 att
223 819 21 12 en
257 820 40 11 man
316 814 42 17 icke
371 814 36 17 kan
421 814 59 22 bygga
492 814 102 22 äktenskap
605 814 41 17 med
659 814 28 17 sin
699 814 76 18 broders
788 819 30 13 en-

85 844 33 21 ka,
129 842 61 18 likaså
202 842 41 18 icke
255 843 61 18 heller
328 843 41 17 med
382 843 28 17 sin
423 843 68 17 aflidna
503 842 75 18 hustrus
591 844 64 22 syster,
669 842 92 19 äfvensom
775 849 43 12 ena-

85 872 61 17 handa
159 872 100 22 stadgande
272 871 28 18 för
313 872 67 22 qvinna
392 872 123 17 förekommer
527 872 5 16 i
544 872 10 17 7
567 871 10 23 $
590 871 19 18 af
620 876 69 13 samma
700 872 76 22 kapitel.
789 872 28 18 De

85 900 66 23 många
169 900 124 22 ansökningar
312 906 27 12 om
353 900 87 18 tillåtelse
456 903 27 15 att
494 900 20 17 få
525 900 43 22 ingå
582 900 102 22 äktenskap
698 900 26 17 uti
736 900 81 23 antydde

85 928 178 24 svägerskapsleder,
276 934 38 12 som
327 929 6 17 i
346 929 44 17 våra
402 929 47 17 tider
456 929 28 17 till
496 928 137 18 vederbörande
645 930 29 16 ort
685 928 95 22 inlemnas,
787 934 30 17 sy-

84 963 33 12 nas
136 958 82 22 häntyda
235 958 29 22 på,
281 960 27 15 att
320 957 51 17 detta
382 957 69 23 lagbud
463 962 75 13 numera
551 957 41 18 icke
603 957 92 23 uppbäres
709 958 20 17 af
739 958 31 17 det
783 958 34 18 all-

83 988 67 16 männa
168 986 181 21 rättsmedvetandet,
369 986 35 17 och
420 986 41 17 skäl
473 986 28 17 till
514 986 41 17 dess
569 985 129 19 bibehållande
710 986 52 18 torde
774 986 42 18 icke

83 1015 60 17 heller
154 1014 105 21 förefinnas,
277 1014 23 17 då
312 1014 56 23 något
380 1014 21 17 så
412 1014 104 18 beskaffadt
528 1014 102 17 blodsband
642 1014 41 17 icke
694 1015 5 16 i
712 1014 51 18 detta
775 1016 42 16 svå-

83 1043 80 22 gerskap
184 1043 11 17 å
213 1042 53 18 sidan
284 1043 104 20 förefinnes,
402 1048 38 12 som
452 1042 62 18 kunde
526 1044 45 21 göra
583 1042 138 23 upphäfvandet
733 1043 21 18 af
765 1043 50 18 detta

83 1071 68 23 lagbud
170 1071 109 22 betänkligt.
311 1071 85 18 Tvertom
415 1077 53 16 synes
488 1071 34 21 det,
542 1076 38 12 som
592 1070 29 18 väl
634 1071 54 22 ingen
702 1071 56 18 borde
771 1077 44 12 vara

82 1100 109 22 lämpligare
209 1100 34 17 och
262 1099 40 18 med
316 1101 78 16 ömmare
407 1100 48 17 band
467 1099 57 18 redan
536 1099 24 22 på
572 1099 79 18 förhand
664 1099 73 18 bunden
748 1100 31 17 vid
792 1101 22 17 de

84 1129 85 17 värnlösa
187 1128 39 18 små
244 1128 47 18 efter
310 1133 22 13 en
350 1128 67 18 afliden
434 1128 53 18 fader
502 1128 45 17 eller
559 1127 66 22 moder,
639 1129 22 16 än
676 1128 53 18 deras
742 1129 72 18 moders

83 1159 59 20 syster
159 1156 44 18 eller
216 1157 61 17 faders
290 1157 71 20 broder,
374 1157 34 17 och
421 1159 28 15 att
460 1157 54 22 ingen
526 1156 117 23 följaktligen
656 1161 42 13 vore
711 1157 102 22 passligare

81 1187 28 15 att
126 1185 63 22 intaga
207 1185 34 17 den
256 1185 69 17 aflidne
337 1185 75 18 fadrens
424 1185 45 18 eller
482 1185 84 17 modrens
579 1184 58 21 ställe,
651 1186 24 15 än
687 1185 35 16 den
735 1191 38 11 som
785 1191 28 12 re-

82 1213 36 18 dan
131 1213 50 17 förut
194 1214 20 16 är
226 1218 65 17 genom
304 1213 35 18 den
352 1213 67 18 aflidne
431 1213 41 18 med
485 1213 40 18 dem
538 1213 20 18 så
570 1214 45 16 nära
626 1212 101 23 beslägtad.
740 1223 21 2 —
778 1213 37 22 Jag

82 1242 29 18 får
129 1242 72 17 derföre
220 1242 73 21 föreslå,
313 1244 27 15 att
358 1242 31 17 det
404 1242 114 18 hedervärda
531 1241 136 18 Bondeståndet
680 1241 48 22 ville,
741 1247 28 12 om
783 1242 31 17 det

80 1271 63 17 finner
154 1270 58 17 saken
224 1270 82 23 förtjena
318 1270 91 22 afseende,
422 1271 34 17 och
469 1271 47 17 efter
528 1270 59 18 skedd
598 1269 109 23 inbjudning
719 1270 35 17 hos
764 1271 50 16 med-

80 1298 78 18 stånden
177 1303 28 13 om
227 1298 109 23 deltagande
352 1299 44 21 deri,
409 1299 33 18 hos
455 1299 51 18 Hans
518 1299 103 23 Kejserliga
634 1298 87 23 Majestät
732 1299 81 18 inlemna

81 1333 23 11 en
116 1326 114 22 underdånig
242 1327 77 21 petition
331 1332 29 12 om
373 1329 27 15 att
411 1327 9 21 $
433 1328 11 17 5
455 1328 6 16 i
476 1329 10 15 2
498 1327 79 21 kapitlet
584 1327 173 18 Giftermålsbalken
767 1327 46 17 blef-

81 1360 22 12 ve
121 1353 111 23 upphäfven,
251 1354 87 22 antingen
350 1354 31 18 hel
394 1355 34 16 och
440 1355 62 18 hållen
515 1355 45 18 eller
573 1355 6 16 i
592 1355 21 17 de
624 1354 50 17 delar
687 1354 34 17 den
733 1354 80 18 innefat-

80 1385 29 15 tar
127 1381 67 19 förbud
213 1381 28 18 för
254 1387 119 18 mansperson
386 1385 28 15 att
426 1383 46 22 gifta
484 1383 28 22 sig
524 1383 41 18 med
578 1383 27 17 sin
618 1383 75 17 broders
707 1383 48 17 enka
766 1383 47 17 eller

81 1412 41 18 med
135 1412 28 18 sin
175 1411 67 18 aflidne
255 1411 75 18 hustrus
344 1414 64 20 syster,
421 1413 93 18 äfvensom
527 1413 9 22 $
549 1414 10 16 7
572 1412 5 17 i
590 1417 68 13 samma
669 1411 75 23 kapitel,
751 1411 61 18 såvidt

81 1442 30 17 det
123 1443 30 16 rör
166 1441 79 22 qvinnan
259 1441 6 17 i
279 1441 95 18 enahanda
387 1441 179 23 svågerskapsleder.

127 1470 115 23 Helsingfors
255 1470 35 18 den
303 1471 11 17 9
326 1470 89 18 Februari
428 1471 51 17 1877.

560 1499 21 17 A.
594 1497 107 24 Svedberg."

148 1534 140 22 Lagutskottets
301 1534 115 18 betänkande
428 1535 33 17 N:o
474 1533 27 18 22.
