1048 1706
196 118 13 20 8
362 118 253 23 Petitionsbetänkande
631 118 39 22 N:o
685 117 39 23 30.

168 183 59 21 delse
249 183 7 21 i
279 183 65 27 öfrigt
358 184 72 20 träder
452 183 84 21 klarare
552 184 6 20 i
575 184 67 26 dagen
663 190 37 14 om
717 190 47 13 man
778 182 77 27 jemför
871 181 48 21 dem

169 217 47 21 med
231 217 299 28 folkmängdsförhållandena
544 217 7 21 i
567 224 56 20 resp.
639 216 78 22 städer.

236 249 42 24 För
293 251 23 22 år
333 252 53 21 1876
402 251 98 28 utgjorde

420 304 22 18 de
456 304 108 18 uttaxerade
638 304 70 18 antalet
727 298 15 33 —
754 303 90 23 beloppet
856 302 19 18 af
887 302 26 18 bi-

444 333 91 23 bidragen
626 332 87 18 invånare
744 332 69 22 dragen
828 332 93 18 fördeladt

744 362 24 22 på
778 361 63 23 hvarje
848 366 67 18 person

248 397 7 21 i
271 397 149 28 Helsingfors
419 392 10 37 ,
443 398 84 24 94,000.
621 392 84 34 25,080.
806 397 47 25 3,76.

240 449 8 8 »
267 431 89 28 Wiborg
445 427 82 34 64,666.
635 427 70 34 8,800.
807 432 45 25 7,36.

239 484 8 9 »
266 466 130 22 Tavastehus
421 462 13 35 =
444 468 83 24 18,000.
635 462 70 35 2,836.
807 467 46 24 6,84.

240 519 8 9 »
267 501 165 22 Fredrikshamn
446 502 82 26 15,625.
637 501 69 25 2,600.
808 501 46 26 6,00.

240 553 8 10 »
254 536 180 22 Willmanstrand
458 537 69 26 2,952.
638 537 68 24 1,093.
807 537 47 25 2,70.

242 583 29 21 Af
294 583 64 21 dessa
382 583 225 28 sammanställningar
629 583 61 21 torde
720 589 45 14 mer
794 583 27 20 än
846 581 78 28 tydligt

170 616 83 29 framgä
267 617 55 21 huru
337 620 59 19 svärt
411 617 117 28 tryckande
543 610 238 35 ingvarteringstungan
795 616 68 22 mäste
874 623 51 14 vara

170 652 6 20 i
201 652 62 21 dessa
286 651 78 26 städer,
388 654 55 19 samt
466 653 31 20 att
516 654 82 19 statens
613 651 77 29 bidrag
704 651 48 22 icke
767 650 29 29 pä
810 651 60 29 långt
885 652 40 20 när

171 687 54 20 varit
246 687 130 27 tillräckliga
394 688 32 20 att
440 687 70 21 lindra
526 687 35 22 det
575 685 62 23 svåra
652 686 7 21 i
674 687 26 22 de
717 687 48 21 med
779 686 146 28 ingvartering

171 721 133 28 betungades
319 721 139 29 belägenhet;
473 722 40 21 och
529 729 49 14 man
593 721 102 22 behöfver
711 721 84 22 derföre
810 721 47 22 icke
873 728 52 14 anse

172 756 36 21 det
228 756 34 22 för
283 756 57 21 blott
354 758 80 20 tomma
450 757 44 25 ord,
511 755 27 23 dä
553 756 82 22 mindre
651 756 155 22 handtverkare
821 755 106 22 förklarat

172 791 33 28 sig
220 791 138 28 nödtvungna
373 793 32 20 att
420 793 98 26 uppsäga
532 791 95 27 burskap
643 791 40 22 och
698 791 61 28 flytta
774 798 26 14 ur
815 791 54 25 stad,
888 791 38 20 der

173 825 264 29 kommunaluuppbörden
460 826 73 21 slukar
555 833 44 21 upp
615 833 26 14 en
656 825 95 29 betydlig
767 825 35 22 del
817 825 23 22 af
863 825 63 22 deras

171 861 125 21 inkomster.

243 901 40 22 Det
298 901 61 22 torde
374 901 33 22 till
418 902 77 21 sakens
505 902 124 28 ytterligare
641 902 112 28 belysning
762 901 92 28 förtjena
861 901 65 22 fram-

173 935 75 27 hållas,
266 939 31 19 att
312 937 158 28 ingvarterings
484 936 147 22 kostnaderna
645 937 34 21 för
689 936 102 22 städerna
801 936 31 22 S:t
842 936 85 22 Peters-

172 971 55 28 burg
243 971 40 22 och
299 971 105 25 Moskwa,
423 972 49 20 med
487 978 27 14 en
529 971 124 28 folkmängd
671 972 23 21 af
707 978 56 21 resp.
780 972 92 24 667,000
886 972 41 20 och

174 1006 92 25 399,000
274 1012 104 21 personer
386 1005 24 22 är
419 1007 55 21 1869
481 1007 86 26 (senare
575 1006 109 28 uppgifter
691 1006 40 21 har
738 1006 19 28 ej
766 1006 82 22 kunnat
856 1006 72 22 ästad-

173 1040 113 28 kommas),
301 1041 109 28 uppgingo
425 1041 33 21 för
474 1040 32 22 S:t
520 1040 130 28 Petersburg
665 1040 32 22 till
714 1041 90 25 134,000
814 1040 62 22 rubel
887 1041 39 21 och

173 1075 33 20 för
228 1074 96 22 Moskwa
344 1075 33 21 till
401 1076 91 25 108,000
506 1075 69 27 rubel,
590 1076 68 21 under
673 1076 37 20 det
724 1076 44 21 alla
782 1075 88 29 utgifter
885 1076 43 21 till-

174 1116 107 15 sammans
296 1109 87 27 belöpte
398 1110 32 28 sig
444 1111 34 20 för
494 1110 41 21 den
550 1110 58 21 förra
623 1110 76 21 staden
715 1108 34 23 till
763 1110 114 26 3,474,000
887 1110 41 21 och

173 1144 35 20 för
222 1144 40 21 den
282 1151 76 15 senare
373 1144 33 22 till
422 1144 113 26 2,784,000
550 1144 68 26 rubel,
634 1145 110 21 hvaremot
761 1144 167 28 ingvarterings-

173 1178 120 22 kostnaden
315 1179 33 20 för
370 1178 141 28 Helsingfors,
532 1186 45 14 som
593 1178 56 22 dock
664 1178 47 22 icke
726 1180 25 20 är
766 1180 41 20 den
822 1181 55 19 mest
892 1179 35 21 be-

173 1214 95 27 tungade
284 1213 23 21 af
319 1213 102 22 Finlands
438 1214 78 25 städer,
527 1214 201 27 öfrerhufvudtaget
738 1213 91 29 uppgått
838 1214 34 21 till
880 1214 47 22 icke

173 1248 82 20 mindre
271 1249 28 19 än
314 1256 26 12 en
355 1248 101 28 tredjedel
471 1249 29 27 af
512 1249 136 20 kommunens
663 1248 46 21 hela
725 1248 150 28 skattebelopp.

243 1287 49 21 Men
315 1294 34 14 om
372 1287 41 22 ock
436 1288 27 20 de
486 1294 100 20 summor,
606 1295 46 14 som
667 1288 173 28 ingvarteringen
855 1288 75 22 kostar

175 1322 101 22 städerna
295 1322 9 21 i
326 1320 67 30 fråga,
418 1323 37 21 äro
478 1318 117 33 tryckande
611 1323 39 21 och
666 1322 63 23 deras
744 1323 73 22 städse
832 1323 98 29 stigande

174 1358 79 28 belopp
276 1358 124 28 ytterligare
422 1357 151 29 bekymrande,
599 1365 37 22 ges
659 1358 36 22 det
717 1365 25 15 en
765 1358 163 29 omständighet,

174 1400 53 18 som,
249 1392 142 22 tillsammans
415 1393 48 22 med
482 1393 26 22 de
523 1394 100 26 nämnda,
638 1394 25 21 är
678 1394 69 29 egnad
761 1397 32 19 att
807 1394 80 28 ingifva
902 1396 27 20 än

176 1428 174 22 allvarsammare
364 1427 115 30 farhågor:
495 1429 34 21 det
537 1430 73 27 finnes
621 1430 61 28 ingen
691 1432 68 27 gräns
764 1430 41 29 för
813 1430 38 21 den
863 1434 67 29 tunga

243 1472 179 19 Ekonomiutskottets
437 1473 114 18 betänkande
567 1473 36 18 N:o
618 1472 26 22 11,
