1056 1709
776 136 26 20 19

85 197 30 21 las
134 197 47 21 icke
202 197 35 21 hel
258 197 96 26 årsklass,
370 197 48 21 sker
439 197 136 29 uttagningen
592 198 48 21 med
654 197 85 29 ledning
753 197 24 22 af
789 198 40 21 den

85 232 64 21 redan
172 231 146 29 försiggångna
338 231 117 29 lottningen
477 234 53 19 samt
549 232 62 21 äfven
625 232 8 21 i
648 231 62 29 öfrigt
725 232 65 28 enligt
804 232 25 22 de

85 265 31 21 för
131 266 81 21 inträde
229 266 33 20 vid
278 266 71 21 aktiva
363 270 114 24 trupperna
491 266 97 28 stadgade
602 266 96 28 grunder.

422 318 13 24 8
454 317 30 20 19.

152 356 62 21 Efter
233 356 90 22 afslutad
342 356 107 28 tjenstetid
471 356 36 21 vid
521 364 97 14 reserven
632 356 112 22 inskrifves
758 361 71 17 värne-

85 390 74 29 pligtig
174 390 36 22 vid
224 390 134 22 landtvärnet
372 390 37 22 och
425 390 94 28 gvarstär
534 390 35 21 vid
584 390 114 21 detsamma
707 390 55 22 intill
772 390 58 29 fylda

85 424 76 28 fyratio
176 424 29 22 är.

426 464 13 26 $
455 464 34 21 20.

148 505 40 26 De,
198 504 73 22 hvilka
278 505 84 21 tillhöra
371 504 138 26 landtvärnet,
518 504 66 22 kallas
592 509 112 17 värnemän
712 505 39 21 och
758 506 72 20 kunna

85 539 73 21 endast
173 539 35 21 vid
223 539 104 28 fiendtligt
341 538 59 22 infall
414 538 8 22 i
437 539 71 21 landet
523 538 104 29 uppbådas
637 538 34 22 till
681 539 45 21 dess
741 538 86 23 försvar.

150 573 113 29 Uppbädet
278 574 48 21 sker
341 574 88 20 medelst
443 572 116 29 Kejserligt
574 572 104 22 Manifest.

151 607 34 21 De
200 612 76 24 yngsta
290 607 174 22 äldersklasserna
479 607 88 21 inkallas
582 607 33 21 till
629 606 57 23 först.

152 641 44 22 Det
210 641 145 22 mobiliserade
377 641 132 21 landtvärnet
531 641 104 22 användes
650 642 47 20 icke
711 641 33 22 till
758 642 72 21 aktiva

85 678 124 26 truppernas
228 676 166 29 komplettering,
410 677 51 20 utan
482 676 67 21 bildas
570 675 60 22 deraf
649 676 101 22 särskilda
764 676 66 22 landt-

85 710 183 28 värnsbataljoner.

154 745 145 21 Landtvärnet
313 743 147 23 hemförlofvas
475 744 36 22 vid
526 744 78 29 krigets
619 745 42 21 slut
673 744 51 22 eller
733 744 39 22 ock
781 744 47 22 tidi-

85 787 54 21 gare,
155 780 27 22 dä
196 780 98 21 behofvet
309 779 23 21 af
345 779 115 21 detsamma
474 779 97 29 upphört.

418 832 13 26 8
448 832 46 20 120.

96 902 4 4 =
127 868 14 42 =
152 872 35 22 De
202 872 33 22 till
249 872 68 22 finska
335 874 113 26 trupperna
462 872 92 22 hörande
570 872 120 30 Generaler,
707 872 68 22 Stabs-
789 873 39 21 och

87 903 169 25 Öfverofficerare
280 909 54 19 samt
355 906 60 22 civile
437 906 125 29 tjenstemän
581 906 107 23 äfvensom
707 907 123 22 underbefäl

86 942 38 20 och
139 941 101 28 manskap
256 943 84 25 utgöras
355 940 23 21 af
390 940 66 22 finske
471 941 138 27 medborgare.

421 993 13 25 8
451 992 46 21 121.

154 1033 74 21 Under
235 1032 88 22 fredstid
330 1032 114 28 uppställer
452 1032 200 22 Storfurstendömet
659 1039 26 14 en
692 1032 59 22 aktiv
758 1034 71 26 trupp-

87 1067 71 29 styrka
173 1066 23 22 af
209 1067 53 21 ända
276 1067 32 21 till
318 1066 105 22 femtusen
434 1074 48 14 man
492 1066 122 22 underbefäl
624 1066 38 21 och
672 1066 106 28 manskap,
789 1066 39 22 för-

87 1101 72 22 delade
173 1101 27 28 pä
216 1101 55 21 olika
286 1109 68 21 vapen
370 1101 52 22 efter
435 1101 65 22 behof
513 1095 38 27 och
565 1100 93 29 förlagda
672 1101 8 21 i
694 1101 62 21 länen
771 1101 57 21 inom

86 1136 76 21 landet.

152 1170 170 28 Truppstyrkans
333 1169 188 28 sammansättning
530 1169 38 21 och
578 1169 117 28 fördelning
705 1169 26 29 pä
739 1169 25 21 de
772 1169 56 21 olika

87 1212 83 20 vapnen
186 1203 107 22 äfvensom
309 1204 46 20 dess
370 1203 124 21 dislokation
509 1203 111 21 fastställas
635 1202 24 22 af
669 1203 106 28 Kejsaren
789 1204 39 21 och

87 1237 130 23 Storfursten
234 1237 26 29 pä
275 1237 152 27 framställning
442 1237 23 21 af
478 1237 98 22 Senaten.

420 1288 13 26 $
450 1288 47 29 122,

152 1329 172 20 Bestämmandet
339 1328 24 20 af
381 1331 122 24 truppernas
525 1328 119 27 utrustning
665 1328 39 20 och
718 1328 110 21 underhäll

88 1362 121 22 ankommer
223 1362 27 27 pä
264 1361 105 28 Kejsaren
384 1362 38 20 och
438 1361 128 22 Storfursten
582 1361 73 21 allena.
679 1361 148 23 Kostnaderna

87 1395 71 23 härför
176 1396 51 28 utgå
246 1396 23 22 af
287 1396 104 22 allmänna
405 1395 162 23 militiefondens
582 1394 116 29 disponibla
711 1395 116 29 tillgångar,

88 1431 38 22 och
144 1430 56 22 hvad
218 1430 120 22 derutöfver
356 1430 105 26 erfordras,
477 1430 96 22 betäckes
591 1430 48 21 med
654 1430 25 21 de
693 1430 74 26 medel,
783 1438 45 15 som

88 1466 32 22 för
134 1464 118 24 ändamålet
266 1464 70 23 blifvit
350 1464 24 23 af
386 1464 117 23 Ständerna
517 1464 104 22 anvisade.
