1039 1709
222 150 22 20 78
404 148 242 20 Petitionsbetänkande
657 148 38 19 N:o
706 148 35 19 20.

200 214 24 22 af
240 214 90 22 allmänt
350 213 92 22 vetande
465 213 58 22 förut
543 218 53 16 vore
618 212 127 28 förbanden,
766 212 62 22 torde
847 212 19 27 ej
885 212 70 22 heller

198 254 53 16 vara
266 248 59 22 svårt
339 250 32 20 att
385 247 62 23 fatta.

266 300 38 22 Att
321 299 135 23 latinstudiet
474 300 19 26 ej
514 299 69 22 skulle
597 299 82 22 förlora
693 299 74 27 derpå,
782 300 33 21 att
830 298 37 22 det
882 298 72 22 blefve

198 334 136 28 framskjutet
351 334 34 22 till
404 334 110 27 lyceernas
532 334 67 27 högre
618 334 91 26 klasser,
729 333 56 22 skall
798 334 65 26 högst
878 339 76 16 sanno-

197 369 41 21 likt
252 368 100 23 betviflas
372 368 23 22 af
413 368 55 27 dem,
486 368 74 22 hvilka
578 368 9 22 i
602 368 41 22 den
657 368 123 22 nuvarande
796 368 158 27 skolorganisa-

196 404 74 21 tionen
285 409 24 16 se
324 404 32 20 ett
369 403 86 27 uttryck
469 415 28 4 —
512 402 82 23 kanske
608 404 81 20 rättare
697 402 37 22 det
749 403 55 21 enda
817 402 89 28 möjliga
920 404 34 20 ut-

196 438 85 28 trycket
299 450 27 3 —
341 437 25 22 af
382 438 36 22 det
436 437 85 22 absolut
539 438 57 21 rätta
618 437 39 22 och
679 437 190 27 ändamålsenliga.
903 436 51 23 Men

197 472 67 22 saken
282 474 24 20 är
326 472 54 22 dock
398 472 61 27 långt
477 472 56 22 ifrån
550 472 44 22 viss
614 472 40 21 och
669 471 96 28 afgjord;
779 473 93 20 tvärtom
887 471 67 22 borde

196 512 50 16 man
265 506 73 22 kunna
357 508 85 26 antaga,
461 508 33 20 att
512 507 81 21 studiet
611 506 24 22 af
647 506 53 22 latin
716 506 70 22 skulle
800 506 65 22 vinna
880 506 73 27 derpå,

197 543 33 20 att
244 542 61 21 detta
324 541 65 27 språk
407 542 48 21 icke
473 541 73 22 vidare
565 548 51 15 vore
635 540 150 28 obligatoriskt
803 540 34 22 för
855 540 45 22 alla
914 540 40 22 och

195 575 109 22 bestämdt
319 576 32 21 att
364 575 29 27 på
407 576 27 21 de
448 576 71 26 lägsta
532 575 113 23 klasserna
659 577 78 25 tuggas
751 575 25 21 af
788 575 72 27 piltar,
876 580 46 16 som
933 574 20 28 ej

197 611 58 20 ännu
272 609 66 22 hafva
355 610 105 21 tänderna
477 610 127 27 tillräckligt
621 609 96 22 härdade
735 608 35 22 för
788 610 31 20 ett
838 610 24 21 så
879 609 75 27 benigt

196 643 97 27 föremål,
308 644 139 26 hvarigenom
462 644 41 21 hos
517 643 99 27 flertalet,
632 645 51 25 säge
698 650 49 14 man
761 643 57 22 hvad
833 650 47 15 som
889 643 64 27 helst,

196 678 78 22 skräck
288 678 41 22 och
344 677 84 22 afsmak
442 678 77 22 väckes
534 678 35 21 för
582 678 51 22 hela
647 678 67 21 saken
729 690 27 4 —
771 678 52 21 utan
837 677 57 28 finge
908 678 45 22 vid-

195 714 51 26 taga
268 712 55 22 först
342 712 27 22 då
387 712 112 28 förmågan
517 714 32 20 att
566 713 66 21 tänka
651 712 40 22 och
709 712 90 27 tillegna
817 712 34 27 sig
866 712 87 22 svårare

196 749 78 20 ämnen
292 753 52 16 vore
362 746 117 28 behörigen
496 747 141 27 upparbetad.
666 746 142 28 Naturligtvis
827 746 125 22 förutsättes

196 781 78 22 härvid
289 783 32 20 att
335 781 101 21 förökadt
450 781 59 23 antal
523 781 85 22 timmar
623 782 34 21 för
671 781 135 22 latinstudiet
820 781 72 23 blefve
903 781 13 22 å
926 781 27 23 de

194 816 68 27 högre
281 816 113 21 klasserna
412 816 105 26 anvisadt,
535 816 83 22 hvilket
635 816 41 21 lätt
690 816 72 22 kunde
777 815 38 22 ske
830 816 28 22 då
872 816 80 22 känne-

196 851 78 21 domen
292 849 24 23 af
333 850 37 22 det
387 850 68 22 andra
469 850 112 22 inhemska
595 849 88 29 språket
697 851 68 21 redan
778 856 53 16 vore
846 850 107 28 nöjaktigt

196 885 116 26 inhemtad,
328 885 25 21 så
367 886 32 20 att
412 884 35 22 för
462 885 59 22 detta
535 885 48 22 icke
597 886 75 21 vidare
687 885 104 22 behöfdes
801 884 68 28 några
879 886 73 26 egent-

194 920 45 27 liga
267 920 174 26 undervisnings-
466 921 52 20 utan
547 920 76 22 endast
655 920 177 27 öfningstimmar.
876 920 76 22 Denna

195 954 39 22 sak
248 954 44 22 kan
305 954 35 21 till
355 954 87 22 evidens
456 954 91 27 bevisas,
563 960 49 16 men
626 954 40 22 här
681 954 62 22 torde
758 954 25 22 sä
798 954 85 28 mycket
897 954 54 22 min-

196 989 38 21 dre
251 995 53 16 vara
322 989 73 21 stället
409 988 34 22 för
458 995 26 15 en
499 989 67 22 sädan
581 989 138 27 bevisföring,
735 995 47 16 som
796 989 34 21 till
846 988 40 22 och
901 989 50 22 med

196 1023 36 22 det
249 1023 67 22 redan
335 1023 90 22 anförda
442 1024 58 21 lärer
517 1024 23 21 af
557 1023 92 27 mängen
667 1029 64 16 anses
745 1030 53 15 vara
812 1023 91 23 alldeles
918 1024 34 22 för

196 1058 90 28 mycket.
304 1069 30 5 —
351 1053 69 27 Äfven
442 1064 78 20 genom
541 1058 90 28 ryskans
654 1058 146 22 reducerande
821 1058 35 22 till
875 1058 76 22 endast

194 1092 87 22 valbart
297 1092 117 27 läroämne,
434 1092 70 22 säsom
523 1093 36 21 det
577 1093 56 21 varit
652 1092 138 22 härförinnan
809 1092 39 22 och
862 1092 89 23 hvilken

196 1126 76 28 åtgärd
290 1126 46 22 helt
354 1127 54 21 visst
425 1127 84 22 komme
528 1128 32 21 att
577 1127 8 21 i
599 1127 122 27 gvalitativt
738 1127 123 22 hänseende
879 1127 71 23 lemna

196 1160 70 22 bättre
285 1161 116 22 resultater
415 1162 27 20 än
461 1161 26 21 de
502 1168 29 15 nu
549 1161 104 27 erhällna,
669 1162 28 21 dä
711 1162 79 27 ryskan
805 1164 25 19 är
845 1161 104 28 obligato-

195 1195 51 27 risk,
262 1195 71 22 kunde
347 1195 87 22 timmar
448 1195 75 23 vinnas
537 1196 34 22 för
581 1196 167 27 genomförande
758 1196 24 22 af
789 1196 159 27 förändringen.

263 1247 35 20 Då
316 1246 42 21 den
375 1247 62 20 lärda
454 1246 186 28 bildningsliniens
655 1247 99 27 förening
768 1248 49 20 med
832 1248 42 21 den
888 1248 62 20 reala

194 1280 29 26 pä
242 1280 36 21 det
296 1280 60 27 lägre
376 1280 84 27 stadiet,
475 1280 67 28 enligt
556 1281 44 21 min
615 1280 140 28 oförgripliga
769 1281 92 27 mening,
876 1281 72 22 blefve

194 1314 24 22 af
235 1315 80 21 största
333 1314 110 27 betydelse
462 1314 60 22 säväl
536 1314 35 22 för
585 1314 47 23 värt
647 1314 152 24 skolväsendes
814 1315 112 29 framgäng
940 1316 8 21 i

193 1349 117 22 allmänhet
328 1348 41 22 och
386 1349 103 22 särskildt
507 1349 34 22 för
559 1350 27 22 de
604 1350 69 27 bägge
692 1350 167 22 modersmälens
882 1351 65 21 ända-

194 1383 128 27 mälsenliga
337 1383 109 23 ordnande
460 1384 35 21 vid
510 1384 133 27 läroverken,
659 1390 46 16 som
721 1385 40 22 ock
774 1384 34 22 för
817 1384 130 28 befrämjan-

195 1418 37 22 det
246 1418 24 22 af
284 1424 26 16 en
325 1417 106 23 önskvärd
446 1420 69 20 större
527 1419 113 27 jemlikhet
655 1419 7 21 i
678 1420 21 21 de
709 1419 171 29 medborgerliga
891 1426 55 16 sam-

193 1452 236 27 fundsförhällandena;

260 1492 97 18 Allmänna
368 1492 159 19 Besvärsutskotteis
539 1493 104 19 betänkande
655 1494 35 18 N:o
702 1494 30 18 17.
