1039 1700
288 126 238 20 Petitionsbetänkande
537 126 37 19 N:o
585 126 31 19 18.

318 360 198 31 Lagutskottets
533 360 163 25 betänkande
713 360 47 24 N:o
777 361 27 23 11
819 360 10 24 i

251 400 139 31 anledning
408 400 28 24 af
452 402 39 23 ett
507 400 68 25 inom
592 400 131 31 vällofliga
735 400 94 31 Borga-

248 441 133 23 reståndet
397 440 81 25 väckt
495 440 218 31 petitionsförslag
730 447 41 18 om
788 442 41 23 ut-

249 480 152 31 sträckning
418 481 29 23 af
462 481 97 24 valrätt
576 481 48 24 och
636 480 137 24 valbarhet
784 481 44 24 vid

250 520 44 23 val
312 520 29 24 af
356 520 197 31 landtdagsman
570 521 9 23 i
596 527 99 18 samma
711 521 82 24 stånd.

147 593 113 27 Vällofliga
274 594 182 27 Borgareståndet
469 595 40 21 har
523 601 76 21 genom
613 594 78 28 utdrag
701 594 23 22 af
733 595 38 21 sitt
779 601 49 21 pro-

78 627 69 21 tokoll
162 627 33 22 för
210 628 41 21 den
268 628 27 22 13
311 628 97 22 sistlidne
422 628 103 22 Februari
539 629 33 21 till
586 629 161 27 Lagutskottets
757 629 71 21 förbe-

78 662 94 21 redande
190 662 159 28 handläggning
368 663 139 22 öfverlemnat
526 664 93 26 följande
634 663 194 27 petitionsförslag:

125 718 54 22 »Till
190 718 124 24 Vällofliga
326 719 189 23 Borgareståndet
527 720 35 17 vid
574 720 137 22 landtdagen
723 720 59 18 1877.

145 753 29 17 Då
185 753 32 17 vår
228 754 84 22 gällande
324 754 186 23 Landtdagsordning,
522 754 60 23 gifven
594 754 34 18 den
639 755 22 18 15
669 754 53 22 April
730 755 50 20 1869,
789 754 39 18 stif-

77 782 56 20 tades,
149 782 46 18 hade
211 782 34 18 den
257 788 35 17 nya
304 782 127 23 förordningen
444 782 90 24 angående
545 782 212 23 kommunalförvaltning
769 782 6 18 i
788 782 40 18 stad

79 810 20 18 af
109 810 34 18 den
155 812 11 18 8
178 811 97 17 December
288 812 45 18 1873
345 812 47 17 ännu
404 811 39 17 icke
456 811 63 18 skådat
531 811 62 23 dagen.
604 811 65 17 Likväl
681 811 46 18 hade
740 811 30 18 det
781 812 48 17 varit

78 838 6 18 i
95 839 36 23 hög
143 840 44 22 grad
199 840 79 22 önskligt
290 845 28 12 om
331 839 31 18 vid
375 840 135 18 fastställandet
517 840 20 17 af
542 840 89 18 valrätten
639 840 30 17 till
677 839 152 24 Borgareståndet

77 867 70 23 hänsyn
160 868 70 18 kunnat
241 870 52 21 tagas
308 868 30 18 till
353 874 24 12 nu
392 868 83 23 gällande
490 868 110 23 stadganden
615 868 92 23 angående
721 868 107 23 rättigheter

78 897 33 17 och
123 897 136 23 skyldigheter
254 893 10 32 i
268 897 181 18 stadskommunerna.
473 897 28 18 Då
509 898 57 17 skulle
575 897 33 18 den
616 897 125 23 utsträckning
753 897 20 17 af
778 902 50 18 nyss-

77 924 76 19 berörda
167 926 72 21 valrätt,
256 931 37 12 som
309 927 21 17 12
346 927 10 21 $
367 926 7 18 i
385 926 114 18 förenämnde
510 926 77 22 grunlag
597 925 60 21 infört,
669 926 44 17 utan
725 925 62 18 tvifvel
798 931 30 17 ge-

77 954 65 17 staltat
153 954 29 23 sig
193 954 42 18 vida
246 960 48 12 mera
306 954 115 22 omfattande,
434 954 32 18 och
478 960 47 12 mera
537 954 6 17 i
555 954 128 23 motsvarighet
690 954 31 18 till
728 954 48 18 hvad
783 955 45 17 rätt-

77 983 40 17 visa
129 983 32 17 och
172 982 86 24 billighet
269 983 70 17 kräfva.

146 1011 36 17 Vid
199 1012 102 17 nuvarande
318 1011 112 17 förhållande
449 1012 29 16 äro
496 1010 140 23 uppenbarligen
652 1010 62 18 alltför
727 1010 66 23 många
810 1011 19 17 af

78 1039 164 18 stadskommunens
257 1040 115 17 medlemmar
386 1039 7 17 i
405 1039 68 18 saknad
487 1039 20 18 af
513 1040 66 17 valrätt
588 1039 33 17 och
629 1039 94 18 valbarhet
730 1039 31 19 till
768 1039 59 18 landt-

77 1068 41 22 dag.
141 1068 59 18 Bland
212 1068 72 21 sådana,
296 1068 41 18 från
350 1068 57 18 denna
418 1068 69 22 vigtiga
499 1068 86 22 politiska
592 1068 89 22 rättighet
688 1068 92 17 uteslutna
788 1073 38 17 per-

77 1101 51 13 soner
140 1096 68 18 känner
219 1098 69 16 ensamt
297 1097 32 22 jag
341 1098 7 16 i
360 1096 33 18 den
405 1097 88 21 kommun,
505 1102 37 12 som
554 1096 53 18 sändt
618 1096 37 23 mig
666 1096 30 18 till
708 1096 51 18 detta
767 1096 59 21 stånd,

77 1124 41 19 flere
130 1124 162 24 landtdagsmanna
303 1125 57 18 kallet
374 1125 43 18 fullt
428 1131 57 12 vuxne
500 1125 31 18 och
544 1125 72 23 värdige
627 1126 47 20 män,
686 1124 62 19 hvilka
759 1124 65 24 många

77 1153 70 18 valmän
160 1155 64 17 önskat
234 1155 61 17 kunna
306 1155 92 22 uppställa
411 1154 58 18 såsom
481 1154 39 17 sina
531 1153 111 19 kandidater.

145 1182 49 18 Utan
208 1182 63 18 tvifvel
282 1183 59 18 kunde
354 1183 94 18 enahanda
460 1183 99 18 erfarenhet
571 1182 85 23 åberopas
668 1182 40 18 från
719 1182 77 18 flertalet
808 1182 19 17 af

77 1210 70 19 landets
160 1211 64 18 städer.
242 1211 35 23 Jag
288 1212 39 17 tror
340 1212 27 17 att
378 1212 18 17 vi
408 1211 42 20 alla,
463 1217 36 12 som
511 1216 23 13 nu
546 1211 24 18 ha
579 1211 33 17 den
621 1212 42 16 äran
673 1211 28 17 att
709 1210 59 17 sitta
761 1205 10 33 i
777 1209 49 19 detta

77 1239 58 21 stånd,
150 1245 55 18 gerna
220 1241 36 16 sett
268 1241 28 16 att
308 1240 17 17 vi
337 1239 41 18 haft
389 1239 41 18 flere
445 1239 102 18 medtäflare
560 1239 29 18 vid
601 1239 53 20 valet,
665 1240 20 21 ty
697 1239 7 16 i
715 1238 65 18 sådant
790 1238 35 17 fall

77 1267 46 19 hade
135 1268 85 23 antingen
232 1268 105 22 lämpligare
349 1273 83 17 personer
444 1268 67 22 intagit
522 1268 42 17 våra
575 1268 73 22 platser,
661 1267 43 17 eller
713 1267 32 17 ock
753 1266 46 18 hade
806 1267 19 17 vi

76 1296 40 18 med
129 1297 56 17 större
196 1296 95 23 tillförsigt
303 1296 69 18 kunnat
383 1297 44 22 taga
439 1296 31 18 vår
482 1296 28 18 del
522 1296 6 17 i
540 1295 58 18 finska
605 1295 66 18 folkets
679 1295 146 22 representation.

145 1324 39 18 När
194 1324 61 18 vidare
267 1325 6 17 i
284 1324 119 18 betraktande
415 1326 56 20 tages,
484 1325 32 19 att,
529 1330 27 12 om
569 1324 34 17 den
615 1323 66 23 nådiga
692 1323 134 23 propositionen

78 1352 91 23 angående
180 1358 25 17 ny
216 1352 104 23 näringslag
332 1352 63 18 varder
408 1354 82 21 antagen,
501 1351 214 23 burskapsinstitutionen
727 1351 99 18 försvinner

77 1381 33 18 och
123 1381 67 18 således
205 1381 98 24 begreppet
316 1382 71 21 borgare
402 1380 39 18 icke
452 1385 48 13 mera
511 1380 78 18 kommer
601 1380 28 17 att
639 1385 44 12 vara
694 1384 23 14 en
729 1379 55 18 sådan
796 1379 30 17 be-

77 1410 59 18 stämd
147 1410 87 24 kategori,
246 1416 38 12 som
296 1410 100 23 åberopade
411 1410 22 18 12
445 1412 9 20 $
467 1410 6 17 i
485 1409 20 18 L.
518 1409 20 18 O.
550 1409 111 21 förutsätter,
673 1409 33 17 och
719 1410 28 16 att
758 1408 68 18 således

77 1445 21 13 en
105 1440 102 24 förklaring
221 1440 20 18 af
254 1440 51 18 detta
320 1440 69 23 lagrum
401 1439 6 18 i
420 1439 36 17 alla
467 1438 33 18 fall
511 1438 36 18 blir
559 1438 108 24 erforderlig,
680 1443 51 18 synes
743 1440 22 16 än
777 1442 49 14 mera

146 1476 122 22 Lagutskottets
280 1475 104 18 betänkande
396 1474 34 18 N:o
444 1475 25 17 11.
