1045 1700
342 149 78 23 Ständ.
435 150 102 23 Petition
553 150 39 22 N:o
607 151 23 22 9.

332 450 132 25 Finlands
496 451 136 24 Ständers
659 451 194 30 underdäniga

246 489 121 31 petition
389 497 33 16 om
445 490 135 25 tillsättande
599 491 26 24 af
640 497 27 18 en
686 491 167 30 statsarkeolog

247 536 26 17 m.
292 536 26 17 m.

182 602 206 28 Stormäktigste,
404 602 194 29 Allernädigste
613 604 108 28 Kejsare
736 605 46 21 och

404 643 154 22 Storfurste!

176 694 61 20 Inom
259 694 159 21 Presteständet
440 694 40 21 har
501 694 34 21 vid
556 694 70 22 denna
645 694 103 28 landtdag
763 696 89 22 föresla-

108 728 42 26 gits
166 728 108 21 aflätande
289 728 23 20 af
326 734 26 15 en
367 728 134 27 underdänig
515 728 91 26 petition
619 728 79 26 derom,
709 731 33 19 att
752 736 25 14 en
789 732 64 20 stats-

109 762 102 27 arkeolog
226 762 48 21 med
284 762 44 21 fast
337 762 37 21 lön
385 762 66 22 måtte
461 762 106 22 anställas
577 765 56 19 samt
643 764 37 24 att,
692 762 71 22 derest
773 764 78 21 Eders

108 796 148 28 Kejserliga
275 796 121 27 Majestät
416 796 17 28 ej
454 796 66 21 funne
540 796 47 21 skäl
606 798 33 20 att
658 796 107 22 stadfästa
780 797 35 22 det
830 798 24 21 af

109 830 122 22 Ständerna
249 830 35 21 vid
306 832 84 20 senaste
412 830 105 28 landtdag
532 832 95 26 antagna
641 830 104 28 förslaget
760 831 34 21 till
809 832 44 21 för-

108 864 94 28 fattning
217 864 111 28 angående
342 864 96 22 forntida
453 865 182 21 minnesmärkens
650 865 102 21 fredande
766 866 40 21 och
816 866 36 21 be-

107 899 101 26 varande,
224 898 65 28 nådig
303 898 135 28 proposition
452 899 7 21 i
475 900 71 20 ämnet
561 900 72 24 måtte,
648 906 34 14 om
693 899 89 28 möjligt,
794 901 59 21 ännu

107 934 34 22 vid
163 933 146 22 innevarande
330 933 105 27 landtdag
454 933 121 21 Ständerna
594 933 128 27 föreläggas,
742 934 7 20 i
764 934 87 22 hvilken

108 968 44 22 alla
168 968 26 20 de
209 968 129 26 åligganden
354 967 133 21 beträffande
503 968 94 21 forntida
612 968 183 21 minnesmärkens
810 969 42 21 fre-

108 1002 69 21 dande
191 1002 40 22 och
243 1001 127 25 bevarande,
381 1008 46 14 som
438 1002 35 20 det
484 1001 58 22 förra
552 1001 104 28 förslaget
666 1002 65 20 afsett
742 1003 32 19 att
784 1002 67 22 öfver-

107 1037 72 21 lemna
195 1037 22 20 åt
232 1036 121 27 Kejserliga
368 1036 306 21 Alexanders-Universitetets
689 1036 162 25 Consistorium,

108 1070 70 22 blefve
197 1069 148 28 öfverflyttade
364 1070 28 26 på
412 1077 26 13 en
458 1070 24 20 af
500 1069 108 29 Styrelsen
623 1070 77 20 utsedd
715 1069 137 28 arkeologisk

107 1104 146 25 kommission,
263 1104 8 20 i
281 1103 86 22 hvilken
380 1104 184 26 statsarkeologen
575 1104 83 21 komme
668 1105 33 20 att
711 1104 71 20 såsom
792 1104 59 21 verk-

108 1138 107 22 ställande
230 1137 92 22 medlem
336 1137 57 27 ingå.

177 1172 126 26 Ständerna,
319 1171 73 22 hvilka
406 1172 76 21 erfarit
497 1173 33 20 att
548 1171 79 22 Eders
641 1171 148 28 Kejserliga
803 1171 48 22 Ma-

103 1207 90 28 jestät,
208 1206 54 21 efter
276 1206 138 21 inhemtande
429 1206 24 21 af
468 1206 54 21 1872
536 1207 36 20 års
588 1205 101 22 Ständers
705 1205 149 28 underdåniga

109 1248 49 15 svar
175 1241 29 26 på
221 1240 81 21 Eders
320 1239 136 28 Majestäts
472 1240 51 21 dem
535 1239 111 28 förelagda
661 1239 79 27 nådiga
754 1240 97 27 proposi-

109 1276 46 20 tion
170 1282 35 14 om
220 1274 122 27 antagande
356 1274 25 21 af
394 1281 26 13 en
435 1274 129 27 författning
575 1273 110 27 angående
695 1273 95 21 forntida
800 1273 52 20 min-

108 1308 139 22 nesmärkens
265 1307 102 22 fredande
382 1308 40 21 och
437 1307 128 26 bevarande,
580 1307 49 21 låtit
644 1307 77 27 frågan
736 1314 34 14 om
786 1306 68 21 utfär-

109 1342 70 20 dande
201 1340 25 22 af
246 1341 66 21 sådan
336 1340 128 27 författning
484 1340 94 25 förfalla,
597 1340 65 21 hafva
677 1340 7 20 i
699 1340 117 26 anledning
831 1340 24 20 af

109 1376 36 20 det
164 1374 128 21 framstälda
311 1374 207 26 petitionsförslaget
538 1375 46 19 åter
603 1373 68 21 riktat
689 1372 33 21 sin
737 1373 116 26 uppmärk-

110 1410 84 20 samhet
212 1409 29 27 på
260 1415 82 15 samma
361 1410 63 19 ämne
439 1408 39 21 och
494 1408 32 20 för
542 1408 32 20 sin
590 1406 35 22 del
640 1406 72 22 funnit
727 1414 25 14 en
768 1406 86 21 författ-

109 1444 59 27 ning,
188 1442 75 22 afsedd
278 1444 32 20 att
330 1444 66 20 värna
416 1443 39 21 och
474 1443 78 21 bevara
570 1441 83 22 landets
667 1441 118 22 historiska
800 1441 53 21 min-

110 1478 134 26 nesmärken,
261 1484 51 15 vara
327 1478 21 21 af
364 1478 99 20 behofvet
478 1477 112 27 högeligen
605 1475 109 28 påkallad.
