1028 1703
228 117 12 19 8
393 113 250 29 Petitiogsbetänkande
659 113 40 23 N:o
714 113 39 22 44.

199 185 46 16 som
260 181 68 20 under
343 180 69 21 denna
426 179 101 27 landtdag
540 179 92 26 vunnits,
648 178 124 27 visserligen
783 179 18 26 ej
812 178 82 21 kunnat
903 176 43 22 för-

199 213 51 27 bise,
266 213 57 22 hvad
338 214 61 21 äfven
414 213 142 27 petitionären
570 212 120 27 framhållit,
705 212 116 27 nemligen:

266 249 33 21 att
314 254 27 16 en
356 247 34 22 del
405 247 216 28 lagstiftningsfrägor
636 247 18 28 ej
671 249 36 20 äro
723 246 22 23 af
758 245 136 24 brädskande
909 245 37 22 be-

199 282 131 27 skaffenhet
321 278 12 36 ;

267 318 33 21 att
310 317 77 27 många
410 315 22 23 af
446 317 64 22 dessa
520 316 95 23 erfordra
625 322 26 16 en
661 316 74 27 längre
745 315 183 27 förberedelsetid,
939 315 8 21 i

199 350 51 24 flera
272 350 35 22 fall
330 350 83 22 derföre
438 353 32 19 att
493 351 26 21 de
533 356 108 22 personer,
660 356 46 16 som
721 350 33 22 för
768 349 179 28 lagberedningen

199 386 68 22 mäste
283 385 83 27 anlitas,
382 385 19 27 ej
416 385 72 22 kunna
502 385 106 23 undvaras
622 385 35 22 vid
668 391 69 16 annan
747 384 137 23 verksamhet
890 384 57 22 inom

199 420 117 27 samhället,
333 421 56 21 samt

266 456 33 21 att
313 454 107 23 måhända
435 455 61 22 äfven
510 454 145 23 kostnaderna
669 455 8 21 i
687 454 114 28 synnerhet
810 453 33 23 för
852 454 93 22 valmän-

199 496 40 16 nen
254 490 57 21 inom
326 490 91 25 Preste-,
439 490 105 26 Borgare-
560 490 40 21 och
614 489 166 22 Bondeständen
793 489 84 21 komme
893 490 32 20 att
938 488 8 22 i

198 525 70 27 nägon
283 524 49 21 män
347 524 53 22 ökas
415 530 76 22 genom
506 526 71 20 tätare
592 524 133 27 landtdagar.

266 559 83 21 Jemväl
370 558 43 22 kan
436 559 70 21 säsom
530 560 32 20 ett
584 558 47 22 skäl
653 560 59 20 emot
734 565 26 15 en
775 558 67 22 sädan
856 558 91 27 petition

198 593 128 27 framhällas,
343 594 32 21 att
391 594 27 21 dä
431 594 88 27 lagtima
533 593 108 28 landtdag,
658 593 65 28 enligt
737 592 209 28 Landtdagsordnin-

198 635 48 21 gen,
265 635 29 15 nu
308 628 40 22 bör
364 629 70 21 hållas
451 645 9 10 ,
464 629 125 26 diminstone
603 629 63 21 hvart
679 628 66 22 femte
761 628 44 27 år",
821 629 69 21 denna
904 627 42 22 for-

199 663 103 27 mulering
325 662 23 22 af
369 665 13 19 2
403 664 13 25 &
436 663 7 21 i
460 663 22 21 L.
503 663 25 21 O.
547 663 117 27 medgifver
683 663 117 21 Monarken
815 662 84 22 tillfälle
914 663 33 20 att

199 699 52 21 utan
266 697 89 28 ändring
370 697 23 22 af
401 698 131 27 grundlagen
542 697 96 23 förkorta
647 698 241 27 landtdagsperioderna
899 697 47 21 der-

199 732 89 28 igenom,
312 735 32 19 att
366 732 120 22 Ständerna
508 732 70 23 blefve
600 732 32 22 till
649 733 103 27 landtdag
767 732 180 22 sammankallade

200 767 67 23 oftare
282 770 27 19 än
323 768 63 22 hvart
401 767 64 22 femte
480 768 30 20 är.

266 802 42 22 För
323 808 26 16 en
370 802 92 28 petition
476 801 23 22 af
512 802 124 22 omförmäld
650 801 150 23 beskaffenhet
815 808 62 16 anser
891 801 56 27 Lag-

199 837 107 22 utskottet
322 837 95 22 deremot
431 836 92 28 följande
538 837 47 22 skäl
600 836 50 27 tala,
666 836 119 28 nemligen:

266 874 34 20 att
319 871 62 23 äfven
396 871 76 27 många
491 870 216 29 lagstiftningsfrägor
722 873 37 20 äro
775 870 23 22 af
810 871 25 21 sä
849 870 97 28 maktpä-

198 906 100 28 liggande
318 906 40 22 och
378 906 136 22 brådskande
533 906 154 27 beskaffenhet,
704 908 32 20 att
752 906 61 22 deras
828 906 85 26 lösning
928 905 18 28 ej

199 942 30 21 täl
244 943 32 21 ett
290 941 95 28 uppskof
399 940 21 22 af
433 940 51 23 flera
500 942 35 26 är;

266 978 32 20 att
321 976 60 22 detta
402 976 122 27 isynnerhet
547 976 67 27 gäller
629 974 77 29 frågor,
721 976 72 22 hvilka
808 982 40 21 ega
862 981 86 22 gemen-

199 1011 53 28 skap
266 1010 49 23 med
330 1010 84 22 landets
430 1010 191 27 statshushällning
637 1010 39 21 och
691 1010 207 27 finansförvaltning
891 1006 11 37 ;

268 1047 32 20 att
316 1045 36 22 det
366 1044 167 27 uppenbarligen
549 1045 73 21 länder
638 1044 64 22 dessa
717 1045 32 21 till
763 1044 69 22 fördel
845 1046 32 19 att
886 1044 64 22 hafva

199 1080 68 23 blifvit
281 1079 128 23 förberedda
422 1079 50 22 kort
486 1079 46 22 före
546 1079 142 27 landtdagens
703 1079 135 28 begynnelse,
850 1079 40 22 och
900 1079 48 22 icke

199 1121 26 16 en
246 1115 73 26 längre
340 1113 31 22 tid
386 1113 62 28 förut,
466 1113 88 22 emedan
569 1113 7 21 i
592 1119 74 17 senare
681 1113 61 22 fallet
759 1113 187 28 omständigheter,

199 1155 46 16 som
268 1148 117 23 emellertid
408 1147 90 28 inträffa,
518 1148 72 21 kunna
609 1148 85 27 påkalla
709 1147 127 23 förändrade
852 1148 94 23 bestäm-

199 1184 86 27 ningar;

266 1219 33 21 att
320 1217 132 22 inrättandet
473 1217 23 22 af
513 1223 26 16 en
558 1217 161 28 lagberedning,
734 1217 88 22 hvarom
837 1217 61 23 äfven
912 1217 36 22 vid

200 1252 69 22 denna
286 1251 103 27 landtdag
410 1251 75 22 väckts
504 1250 66 27 fråga,
586 1251 67 21 borde
669 1251 6 21 i
691 1251 65 21 dessa
770 1251 37 21 fall
821 1251 127 28 möjliggöra

200 1292 26 15 en
241 1285 172 28 skyndsammare
428 1284 144 22 förberedelse
586 1285 32 21 till
632 1285 161 27 landtdagarne,
809 1285 77 22 medan
901 1285 47 21 der-

199 1322 57 20 emot
271 1319 132 22 beredandet
418 1318 22 23 af
453 1318 81 22 sådana
547 1318 223 28 lagstiftningsfrågor,
786 1325 46 16 som
847 1319 18 29 ej
882 1321 37 20 äro
927 1318 24 23 af

199 1355 134 23 brådskande
341 1357 34 19 art
385 1355 51 21 eller
444 1356 68 20 större
524 1354 166 28 föränderlighet
697 1355 164 27 underkastade,
869 1356 78 27 kunde,

199 1390 90 22 likasom
302 1389 82 27 hittills,
400 1389 86 28 vidtaga
500 1389 60 27 långt
576 1388 45 23 före
637 1389 41 23 den
693 1389 38 28 tid,
748 1389 27 22 då
785 1390 26 23 de
821 1391 83 22 komme
915 1392 33 20 att

200 1425 119 22 Ständerna
333 1424 132 28 föreläggas;

266 1468 134 23 Lagutskottets
414 1467 113 18 betänkande
542 1467 36 18 N:o
592 1465 35 21 23.
