1048 1717
274 164 13 20 2
404 151 312 31 Petitionsbetänkande
728 164 44 18 N:o
784 164 38 17 45.

246 232 31 18 det
295 232 58 18 andra
371 233 20 17 af
402 238 44 18 nyss
458 233 82 23 antydda
552 234 143 22 förfaringssätt.
720 234 36 18 Det
770 234 58 23 gäller
842 234 23 18 dä
878 236 27 16 att
918 234 20 18 af
950 233 34 19 den

246 262 61 22 gamla
319 262 63 23 lagens
394 262 92 24 fragment
501 263 34 17 och
548 263 20 17 af
577 263 22 17 de
606 262 76 23 spridda
689 263 119 23 stadganden,
816 263 64 21 hvilka
886 263 98 18 efterhand

247 293 98 20 emanerat,
363 291 41 18 äter
420 292 50 18 bilda
488 294 26 16 ett
532 292 43 21 helt,
589 298 21 12 en
623 292 77 22 ordnad,
712 292 50 18 klart
775 288 125 27 öfverskädlig
912 298 24 18 ny
949 292 35 23 lag,

247 320 130 18 innehällande
398 321 86 23 samtliga
502 323 121 16 rättsnormer
641 322 29 17 för
690 322 30 18 det
738 322 55 23 gebit,
812 322 29 18 till
859 322 72 18 hvilket
949 322 35 18 den

246 349 67 18 hänför
325 349 34 23 sig.

314 378 33 18 Ett
365 378 67 19 sådant
450 380 62 17 arbete
533 380 64 18 vinner
609 380 117 22 naturligtvis
740 380 48 18 ökad
800 380 95 24 betydelse
907 381 30 17 för
949 381 34 17 den

246 407 103 23 legislativa
361 408 135 23 utvecklingen,
510 414 29 12 om
552 408 32 18 det
595 408 42 18 icke
649 408 112 19 inskränker
774 410 28 22 sig
815 410 27 17 till
855 415 22 13 en
883 410 48 17 blott
938 415 46 13 sam-

246 436 132 23 manställning
397 437 34 18 och
447 438 158 25 systematisering
617 437 46 18 eller
675 443 14 13 s.
702 438 18 17 k.
732 438 122 18 kodifikation
867 439 20 17 af
898 439 86 22 gällande

248 465 119 24 stadganden,
387 468 45 15 utan
448 457 62 41 tillika
528 468 54 21 utgör
601 472 21 12 en
640 467 80 17 revision
738 467 20 18 af
773 467 93 18 desamma
879 467 5 18 i
897 468 48 23 syfte
957 470 27 15 att

247 493 46 24 fylla
309 495 76 22 möjliga
403 495 66 18 luckor
483 492 19 21 i
512 495 141 23 lagstiftningen
664 495 35 18 och
711 498 28 15 att
750 496 70 23 bringa,
833 496 49 19 hvad
894 497 40 18 deri
947 497 36 18 kan

245 529 45 12 vara
302 523 108 22 föräldradt,
423 524 28 17 till
464 523 133 24 motsvarighet
609 526 48 16 emot
669 525 61 18 tidens
742 525 48 18 kraf.

313 553 41 19 Den
372 553 114 18 omfattande
504 553 250 24 lagstiftningsverksamhet,
767 560 38 12 som
818 555 5 17 i
837 555 41 18 värt
890 555 44 18 land
947 556 35 17 för-

237 582 76 26 "Siggätt
331 583 56 18 sedan
406 583 49 21 1863,
471 583 35 19 har
514 583 45 20 icke
572 583 47 18 blott
631 583 47 22 tagit
690 583 28 18 till
731 584 74 23 uppgift
818 586 26 16 att
856 585 92 17 förbättra
961 585 22 18 de

245 611 61 22 gamla
323 611 77 23 lagarne
418 611 78 19 medelst
513 611 100 23 ändringar
627 611 34 18 och
674 612 70 22 tillägg,
756 613 35 17 den
804 613 34 17 har
850 613 35 18 ock
897 614 29 17 för
939 613 44 18 flere

245 636 87 21 områden
345 640 67 23 skapat
424 646 40 17 nya,
478 640 122 23 fullständiga
612 640 81 23 lagverk.
719 641 24 17 Sä
755 641 56 18 hafva
824 642 16 17 vi
851 642 21 22 ju
885 648 25 11 nu
923 648 22 12 en
958 648 23 17 ny

245 668 95 23 kyrkölag,
353 675 23 12 en
388 675 24 17 ny
426 669 63 23 sjölag,
502 671 27 16 ett
541 671 41 21 nytt
594 671 67 21 system
676 670 20 17 af
706 670 130 19 förordningar
848 671 4 16 i
864 671 118 22 obligations-

245 699 70 16 rättens
327 697 97 23 vigtigaste
437 696 75 25 grenar;
526 698 53 17 äfven
592 698 70 22 förslag
673 698 28 17 till
713 704 24 17 ny
750 699 85 22 strafflag
842 701 20 15 är
869 700 112 17 utarbetadt.

246 725 39 18 Och
304 726 98 18 tillitsfullt
420 727 37 18 kan:
478 733 42 12 man
539 729 74 19 emotse,
627 729 26 15 att
667 727 71 17 arbetet
750 727 29 18 för
791 727 41 18 värt
844 728 137 18 rättsväsendes

243 755 115 18 fortfarande
376 755 106 24 utveckling
499 756 41 18 icke
559 755 47 18 skall
625 756 86 17 afstanna
730 756 46 17 eller
793 757 88 22 afbrytas,
895 760 44 14 utan
953 757 28 17 till

245 783 158 18 fäderneslandets
423 785 77 20 fromma
511 785 60 22 jemnt
583 785 34 17 och
630 785 69 22 stadigt
712 785 65 22 fortgå,
791 788 18 20 ty
822 785 79 18 vilkoret
914 786 66 21 derför,

245 818 22 12 en
280 812 70 19 ordnad
363 813 34 18 och
410 809 125 27 regelbunden
547 813 109 18 samverkan
670 813 67 18 mellan
750 816 64 20 regent
826 814 33 17 och
873 815 80 21 ständer,
961 816 20 16 är

243 841 54 22 gifvit
309 847 64 17 genom
386 842 215 23 Landtdagsordningen,
614 842 81 21 hvilken,
708 842 54 18 äfven
775 843 35 17 den
824 843 87 23 framgått
925 849 22 12 ur
959 849 22 12 en

243 870 80 18 revision
342 871 21 18 af
380 871 85 23 samtliga
476 871 5 18 i
494 873 61 16 ämnet
568 871 50 18 förut
630 871 91 22 gällande,
734 877 39 13 mer
785 872 45 18 eller
842 873 71 18 mindre
925 873 56 18 förål-

243 899 62 22 drade,
318 899 112 24 bristfälliga
442 900 34 18 och
489 900 98 23 splittrade
599 900 137 23 författningar.

312 929 8 17 I
339 929 91 18 anseende
444 929 27 18 till
484 929 150 18 beskaffenheten
647 929 20 17 af
678 929 113 18 sistberörda
803 930 132 23 författningar
949 937 31 11 var

243 957 31 18 det
293 960 43 15 utan
357 958 63 18 tvifvel
433 959 20 17 af
464 958 181 22 omständigheterna
658 958 96 22 påkalladt
766 961 32 19 att,
812 959 56 18 sedan
880 960 6 17 i
899 960 81 22 enlighet

243 987 42 18 med
303 987 51 17 Hans
373 987 104 22 Kejserliga
496 987 96 22 Majestäts
611 986 67 23 nådiga
696 987 97 17 föreskrift
805 987 174 23 beredningsarbete

243 1017 64 20 egnats
319 1015 146 18 reformerandet
477 1015 21 18 af
509 1015 44 18 våra
565 1015 117 23 grundlagar,
696 1015 34 18 den
744 1015 94 23 afdelning
850 1016 20 17 af
880 1016 47 21 dem,
941 1022 37 12 som

243 1044 87 17 omfattar
348 1043 126 24 stadgandena
492 1043 94 24 angående
601 1043 111 18 ständernas
732 1044 153 22 sammanträden,
904 1045 75 23 tidigast

243 1073 39 18 blef
297 1073 77 18 föremål
387 1073 29 18 för
429 1073 66 18 sådant
507 1073 64 22 nådigt
583 1072 79 18 initiativ
675 1073 21 17 af
706 1073 51 17 Hans
770 1073 104 22 Kejserliga
886 1074 93 22 Majestät,

242 1104 27 15 att
282 1102 68 17 reform
362 1102 113 17 härutinnan
488 1102 62 17 kunde
563 1102 73 17 komma
650 1101 28 17 till
692 1101 58 18 stånd.

309 1130 43 17 Men
365 1136 28 11 om
406 1136 23 17 ny
442 1130 177 22 landtdagsordning
627 1129 61 18 kunde
698 1129 66 22 stiftas,
772 1130 58 17 ehuru
837 1131 141 18 förhållandena

241 1159 41 18 icke
294 1159 97 22 medgåfvo
404 1161 27 15 att
443 1159 56 18 redan
512 1158 95 23 samtidigt
619 1158 63 17 skrida
695 1158 27 17 till
736 1159 63 22 slutlig
811 1159 78 18 revision
904 1160 20 17 af
936 1161 42 16 1772

241 1188 30 17 års
287 1187 149 24 Regeringsform
450 1187 57 23 jemte
520 1187 109 22 Förenings-
643 1187 33 17 och
690 1187 157 18 Säkerhetsakten
858 1189 20 16 af
890 1189 49 21 1789,
952 1189 26 17 in-

241 1217 57 17 nebär
317 1217 52 17 detta
386 1216 46 18 dock
444 1217 23 22 ej,
479 1218 27 16 att
522 1216 31 17 det
565 1216 29 17 för
606 1216 89 17 Finlands
708 1217 70 17 statslif
790 1222 42 13 vore
842 1217 135 22 jemförelsevis

239 1245 94 22 likgiltigt,
346 1247 34 16 när
392 1245 35 18 den
440 1245 59 17 såsom
513 1244 80 23 behöflig
607 1244 78 18 erkända
695 1245 126 22 utbildningen
828 1245 20 18 af
856 1247 122 18 nästnämnda

240 1273 151 23 grundlagsgebit
404 1273 29 17 må
446 1273 58 17 varda
516 1273 100 21 företagen.
641 1273 35 16 Det
686 1273 52 17 torde
745 1275 78 15 tvärtom
831 1276 84 20 nogsamt
922 1274 55 18 hafva

240 1302 47 17 visat
301 1302 27 22 sig
341 1306 44 12 vara
398 1306 21 12 en
432 1301 5 17 i
450 1301 66 22 många
528 1300 118 18 hänseenden
657 1301 102 22 angelägen
772 1301 35 17 och
815 1302 162 22 maktpåliggande

239 1329 38 22 sak,
291 1332 27 16 att
330 1329 146 23 ifrågavarande,
488 1328 30 18 för
530 1328 37 18 alla
580 1329 132 23 statsrättsliga
725 1329 97 23 spörjsmål
834 1330 20 17 så
861 1330 115 24 väsendtliga

238 1360 121 16 rättsnormer
371 1360 52 16 snart
435 1358 56 18 måtte
504 1358 71 18 erhålla
588 1358 34 17 den
635 1358 95 22 tydlighet,
743 1358 130 24 tillämplighet
886 1360 33 18 och
934 1360 42 17 full-

239 1387 110 23 ständighet,
362 1392 38 13 som
414 1387 22 18 de
448 1387 28 17 för
489 1386 115 18 närvarande
617 1387 64 17 sakna.

307 1416 63 18 Redan
388 1422 66 17 genom
472 1416 109 22 Förenings-
599 1415 34 18 och
651 1416 157 18 Säkerhetsakten
820 1417 48 18 hade
882 1418 93 22 åtskilliga

238 1446 20 17 af
275 1446 183 22 Regeringsformens
476 1444 114 23 stadganden
609 1444 61 18 blifvit
686 1444 112 19 förändrade
816 1446 45 18 eller
874 1447 100 22 upphäfna,

237 1474 34 18 och
285 1474 50 18 detta
347 1474 24 22 på
384 1477 26 15 ett
423 1476 42 20 sätt,
478 1479 37 12 som
529 1474 41 17 icke
582 1474 6 16 i
601 1473 35 17 allo
649 1473 27 17 lät
688 1474 126 22 lagstiftarens
825 1476 73 21 mening
904 1478 69 20 otvety-

237 1502 38 23 digt
287 1503 82 17 framstå.
393 1502 34 22 Då,
439 1502 30 18 vid
482 1502 90 18 Finlands
585 1502 85 22 förening
682 1502 40 18 med
736 1502 134 23 Kejsardömet,
884 1504 35 17 den
930 1504 44 18 kon-

236 1532 89 21 stitution,
344 1537 39 12 som
400 1537 32 12 var
444 1532 29 17 för
485 1531 63 18 landet
560 1530 91 24 gällande,
664 1531 113 23 högtidligen
790 1532 123 22 bekräftades,
926 1532 47 19 hade

303 1565 141 24 Lagutskottets
456 1565 117 19 betänkande
586 1565 34 19 N:o
633 1567 28 16 24.
