<?xml version="1.0" encoding="UTF-8"?>
<alto xmlns="http://www.loc.gov/standards/alto/ns-v3#" xmlns:xlink="http://www.w3.org/1999/xlink" xmlns:xsi="http://www.w3.org/2001/XMLSchema-instance" xsi:schemaLocation="http://www.loc.gov/standards/alto/ns-v3# http://www.loc.gov/alto/v3/alto-3-0.xsd">
	<Description>
		<MeasurementUnit>pixel</MeasurementUnit>
		<sourceImageInformation>
			<fileName>/tmp/tess_hqesp_qs_input.PNG</fileName>
		</sourceImageInformation>
		<OCRProcessing ID="OCR_0">
			<ocrProcessingStep>
				<processingSoftware>
					<softwareName>tesseract 5.3.4</softwareName>
				</processingSoftware>
			</ocrProcessingStep>
		</OCRProcessing>
	</Description>
	<Layout>
		<Page WIDTH="1028" HEIGHT="1709" PHYSICAL_IMG_NR="0" ID="page_0">
			<PrintSpace HPOS="0" VPOS="0" WIDTH="1028" HEIGHT="1709">
				<ComposedBlock ID="cblock_0" HPOS="237" VPOS="138" WIDTH="560" HEIGHT="23">
					<TextBlock ID="block_0" HPOS="237" VPOS="138" WIDTH="560" HEIGHT="23">
						<TextLine ID="line_0" HPOS="237" VPOS="138" WIDTH="560" HEIGHT="23">
							<String ID="string_0" HPOS="237" VPOS="140" WIDTH="320" HEIGHT="20" WC="0.87" CONTENT="Petitionsbetänkande"/><SP WIDTH="15" VPOS="140" HPOS="557"/>
							<String ID="string_1" HPOS="572" VPOS="140" WIDTH="50" HEIGHT="21" WC="0.95" CONTENT="N:o"/><SP WIDTH="15" VPOS="140" HPOS="622"/>
							<String ID="string_2" HPOS="637" VPOS="139" WIDTH="26" HEIGHT="20" WC="0.94" CONTENT="4."/><SP WIDTH="112" VPOS="139" HPOS="663"/>
							<String ID="string_3" HPOS="775" VPOS="138" WIDTH="22" HEIGHT="19" WC="0.96" CONTENT="13"/>
						</TextLine>
					</TextBlock>
				</ComposedBlock>
				<ComposedBlock ID="cblock_1" HPOS="368" VPOS="269" WIDTH="179" HEIGHT="25">
					<TextBlock ID="block_1" HPOS="368" VPOS="269" WIDTH="179" HEIGHT="25">
						<TextLine ID="line_1" HPOS="368" VPOS="269" WIDTH="179" HEIGHT="25">
							<String ID="string_4" HPOS="368" VPOS="269" WIDTH="179" HEIGHT="25" WC="0.94" CONTENT="Reservationer."/>
						</TextLine>
					</TextBlock>
				</ComposedBlock>
				<ComposedBlock ID="cblock_2" HPOS="81" VPOS="325" WIDTH="749" HEIGHT="640">
					<TextBlock ID="block_2" HPOS="81" VPOS="325" WIDTH="749" HEIGHT="640">
						<TextLine ID="line_2" HPOS="151" VPOS="325" WIDTH="676" HEIGHT="27">
							<String ID="string_5" HPOS="151" VPOS="325" WIDTH="32" HEIGHT="20" WC="0.96" CONTENT="Då"/><SP WIDTH="23" VPOS="325" HPOS="183"/>
							<String ID="string_6" HPOS="206" VPOS="325" WIDTH="146" HEIGHT="20" WC="0.96" CONTENT="konsistorium"/><SP WIDTH="21" VPOS="325" HPOS="352"/>
							<String ID="string_7" HPOS="373" VPOS="325" WIDTH="67" HEIGHT="27" WC="0.92" CONTENT="enligt"/><SP WIDTH="18" VPOS="325" HPOS="440"/>
							<String ID="string_8" HPOS="458" VPOS="328" WIDTH="9" HEIGHT="22" WC="0.92" CONTENT="$"/><SP WIDTH="19" VPOS="328" HPOS="467"/>
							<String ID="string_9" HPOS="486" VPOS="327" WIDTH="23" HEIGHT="18" WC="0.96" CONTENT="16"/><SP WIDTH="16" VPOS="327" HPOS="509"/>
							<String ID="string_10" HPOS="525" VPOS="327" WIDTH="7" HEIGHT="18" WC="0.96" CONTENT="i"/><SP WIDTH="15" VPOS="327" HPOS="532"/>
							<String ID="string_11" HPOS="547" VPOS="325" WIDTH="138" HEIGHT="26" WC="0.95" CONTENT="kungörelsen"/><SP WIDTH="20" VPOS="325" HPOS="685"/>
							<String ID="string_12" HPOS="705" VPOS="325" WIDTH="23" HEIGHT="20" WC="0.96" CONTENT="af"/><SP WIDTH="18" VPOS="325" HPOS="728"/>
							<String ID="string_13" HPOS="746" VPOS="325" WIDTH="38" HEIGHT="20" WC="0.96" CONTENT="den"/><SP WIDTH="17" VPOS="325" HPOS="784"/>
							<String ID="string_14" HPOS="801" VPOS="326" WIDTH="26" HEIGHT="19" WC="0.96" CONTENT="30"/>
						</TextLine>
						<TextLine ID="line_3" HPOS="82" VPOS="359" WIDTH="745" HEIGHT="27">
							<String ID="string_15" HPOS="82" VPOS="360" WIDTH="41" HEIGHT="26" WC="0.96" CONTENT="Maj"/><SP WIDTH="18" VPOS="360" HPOS="123"/>
							<String ID="string_16" HPOS="141" VPOS="360" WIDTH="52" HEIGHT="19" WC="0.96" CONTENT="1871"/><SP WIDTH="18" VPOS="360" HPOS="193"/>
							<String ID="string_17" HPOS="211" VPOS="359" WIDTH="37" HEIGHT="20" WC="0.96" CONTENT="har"/><SP WIDTH="16" VPOS="359" HPOS="248"/>
							<String ID="string_18" HPOS="264" VPOS="359" WIDTH="130" HEIGHT="26" WC="0.96" CONTENT="obegränsad"/><SP WIDTH="16" VPOS="359" HPOS="394"/>
							<String ID="string_19" HPOS="410" VPOS="361" WIDTH="42" HEIGHT="18" WC="0.96" CONTENT="rätt"/><SP WIDTH="15" VPOS="361" HPOS="452"/>
							<String ID="string_20" HPOS="467" VPOS="361" WIDTH="30" HEIGHT="18" WC="0.95" CONTENT="att"/><SP WIDTH="15" VPOS="361" HPOS="497"/>
							<String ID="string_21" HPOS="512" VPOS="359" WIDTH="32" HEIGHT="20" WC="0.93" CONTENT="till"/><SP WIDTH="15" VPOS="359" HPOS="544"/>
							<String ID="string_22" HPOS="559" VPOS="359" WIDTH="174" HEIGHT="20" WC="0.90" CONTENT="extra-ordinarie"/><SP WIDTH="16" VPOS="359" HPOS="733"/>
							<String ID="string_23" HPOS="749" VPOS="359" WIDTH="78" HEIGHT="26" WC="0.91" CONTENT="profes-"/>
						</TextLine>
						<TextLine ID="line_4" HPOS="82" VPOS="393" WIDTH="745" HEIGHT="26">
							<String ID="string_24" HPOS="82" VPOS="400" WIDTH="57" HEIGHT="14" WC="0.91" CONTENT="sorer"/><SP WIDTH="22" VPOS="400" HPOS="139"/>
							<String ID="string_25" HPOS="161" VPOS="393" WIDTH="47" HEIGHT="21" WC="0.96" CONTENT="med"/><SP WIDTH="20" VPOS="393" HPOS="208"/>
							<String ID="string_26" HPOS="228" VPOS="393" WIDTH="41" HEIGHT="25" WC="0.96" CONTENT="lön,"/><SP WIDTH="16" VPOS="393" HPOS="269"/>
							<String ID="string_27" HPOS="285" VPOS="400" WIDTH="44" HEIGHT="13" WC="0.96" CONTENT="som"/><SP WIDTH="16" VPOS="400" HPOS="329"/>
							<String ID="string_28" HPOS="345" VPOS="394" WIDTH="6" HEIGHT="19" WC="0.93" CONTENT="i"/><SP WIDTH="16" VPOS="394" HPOS="351"/>
							<String ID="string_29" HPOS="367" VPOS="394" WIDTH="61" HEIGHT="19" WC="0.91" CONTENT="hvart"/><SP WIDTH="14" VPOS="394" HPOS="428"/>
							<String ID="string_30" HPOS="442" VPOS="393" WIDTH="37" HEIGHT="20" WC="0.96" CONTENT="fall"/><SP WIDTH="16" VPOS="393" HPOS="479"/>
							<String ID="string_31" HPOS="495" VPOS="394" WIDTH="41" HEIGHT="19" WC="0.93" CONTENT="kan"/><SP WIDTH="16" VPOS="394" HPOS="536"/>
							<String ID="string_32" HPOS="552" VPOS="393" WIDTH="65" HEIGHT="20" WC="0.91" CONTENT="varda"/><SP WIDTH="16" VPOS="393" HPOS="617"/>
							<String ID="string_33" HPOS="633" VPOS="393" WIDTH="101" HEIGHT="26" WC="0.94" CONTENT="bestämd,"/><SP WIDTH="17" VPOS="393" HPOS="734"/>
							<String ID="string_34" HPOS="751" VPOS="393" WIDTH="76" HEIGHT="21" WC="0.96" CONTENT="föreslå"/>
						</TextLine>
						<TextLine ID="line_5" HPOS="81" VPOS="427" WIDTH="744" HEIGHT="28">
							<String ID="string_35" HPOS="81" VPOS="435" WIDTH="67" HEIGHT="20" WC="0.96" CONTENT="yngre"/><SP WIDTH="15" VPOS="435" HPOS="148"/>
							<String ID="string_36" HPOS="163" VPOS="428" WIDTH="180" HEIGHT="26" WC="0.95" CONTENT="vetenskapsmän,"/><SP WIDTH="17" VPOS="428" HPOS="343"/>
							<String ID="string_37" HPOS="360" VPOS="427" WIDTH="72" HEIGHT="20" WC="0.96" CONTENT="hvilka"/><SP WIDTH="16" VPOS="427" HPOS="432"/>
							<String ID="string_38" HPOS="448" VPOS="428" WIDTH="53" HEIGHT="20" WC="0.96" CONTENT="visat"/><SP WIDTH="14" VPOS="428" HPOS="501"/>
							<String ID="string_39" HPOS="515" VPOS="428" WIDTH="31" HEIGHT="26" WC="0.96" CONTENT="sig"/><SP WIDTH="16" VPOS="428" HPOS="546"/>
							<String ID="string_40" HPOS="562" VPOS="434" WIDTH="50" HEIGHT="13" WC="0.96" CONTENT="vara"/><SP WIDTH="16" VPOS="434" HPOS="612"/>
							<String ID="string_41" HPOS="628" VPOS="427" WIDTH="103" HEIGHT="20" WC="0.96" CONTENT="utmärkte"/><SP WIDTH="15" VPOS="427" HPOS="731"/>
							<String ID="string_42" HPOS="746" VPOS="427" WIDTH="39" HEIGHT="20" WC="0.93" CONTENT="och"/><SP WIDTH="11" VPOS="427" HPOS="785"/>
							<String ID="string_43" HPOS="796" VPOS="428" WIDTH="29" HEIGHT="19" WC="0.92" CONTENT="ni-"/>
						</TextLine>
						<TextLine ID="line_6" HPOS="83" VPOS="461" WIDTH="742" HEIGHT="27">
							<String ID="string_44" HPOS="83" VPOS="462" WIDTH="53" HEIGHT="20" WC="0.91" CONTENT="tiske"/><SP WIDTH="20" VPOS="462" HPOS="136"/>
							<String ID="string_45" HPOS="156" VPOS="462" WIDTH="74" HEIGHT="25" WC="0.71" CONTENT="lärare,"/><SP WIDTH="15" VPOS="462" HPOS="230"/>
							<String ID="string_46" HPOS="245" VPOS="462" WIDTH="39" HEIGHT="20" WC="0.96" CONTENT="och"/><SP WIDTH="17" VPOS="462" HPOS="284"/>
							<String ID="string_47" HPOS="301" VPOS="461" WIDTH="68" HEIGHT="20" WC="0.96" CONTENT="denna"/><SP WIDTH="15" VPOS="461" HPOS="369"/>
							<String ID="string_48" HPOS="384" VPOS="461" WIDTH="131" HEIGHT="27" WC="0.96" CONTENT="bestämning"/><SP WIDTH="16" VPOS="461" HPOS="515"/>
							<String ID="string_49" HPOS="531" VPOS="461" WIDTH="55" HEIGHT="20" WC="0.96" CONTENT="varit"/><SP WIDTH="14" VPOS="461" HPOS="586"/>
							<String ID="string_50" HPOS="600" VPOS="462" WIDTH="23" HEIGHT="19" WC="0.96" CONTENT="sä"/><SP WIDTH="15" VPOS="462" HPOS="623"/>
							<String ID="string_51" HPOS="638" VPOS="461" WIDTH="48" HEIGHT="20" WC="0.96" CONTENT="kort"/><SP WIDTH="14" VPOS="461" HPOS="686"/>
							<String ID="string_52" HPOS="700" VPOS="461" WIDTH="30" HEIGHT="20" WC="0.93" CONTENT="tid"/><SP WIDTH="17" VPOS="461" HPOS="730"/>
							<String ID="string_53" HPOS="747" VPOS="461" WIDTH="78" HEIGHT="26" WC="0.93" CONTENT="gällan-"/>
						</TextLine>
						<TextLine ID="line_7" HPOS="83" VPOS="495" WIDTH="743" HEIGHT="27">
							<String ID="string_54" HPOS="83" VPOS="497" WIDTH="32" HEIGHT="24" WC="0.95" CONTENT="de,"/><SP WIDTH="27" VPOS="497" HPOS="115"/>
							<String ID="string_55" HPOS="142" VPOS="498" WIDTH="31" HEIGHT="18" WC="0.95" CONTENT="att"/><SP WIDTH="23" VPOS="498" HPOS="173"/>
							<String ID="string_56" HPOS="196" VPOS="502" WIDTH="46" HEIGHT="13" WC="0.95" CONTENT="man"/><SP WIDTH="22" VPOS="502" HPOS="242"/>
							<String ID="string_57" HPOS="264" VPOS="499" WIDTH="54" HEIGHT="16" WC="0.96" CONTENT="ännu"/><SP WIDTH="24" VPOS="499" HPOS="318"/>
							<String ID="string_58" HPOS="342" VPOS="496" WIDTH="18" HEIGHT="25" WC="0.96" CONTENT="ej"/><SP WIDTH="24" VPOS="496" HPOS="360"/>
							<String ID="string_59" HPOS="384" VPOS="495" WIDTH="80" HEIGHT="20" WC="0.92" CONTENT="kunnat"/><SP WIDTH="22" VPOS="495" HPOS="464"/>
							<String ID="string_60" HPOS="486" VPOS="495" WIDTH="103" HEIGHT="27" WC="0.92" CONTENT="förspörja"/><SP WIDTH="23" VPOS="495" HPOS="589"/>
							<String ID="string_61" HPOS="612" VPOS="495" WIDTH="46" HEIGHT="20" WC="0.93" CONTENT="dess"/><SP WIDTH="22" VPOS="495" HPOS="658"/>
							<String ID="string_62" HPOS="680" VPOS="495" WIDTH="81" HEIGHT="26" WC="0.93" CONTENT="följder,"/><SP WIDTH="25" VPOS="495" HPOS="761"/>
							<String ID="string_63" HPOS="786" VPOS="496" WIDTH="40" HEIGHT="19" WC="0.92" CONTENT="mä-"/>
						</TextLine>
						<TextLine ID="line_8" HPOS="83" VPOS="529" WIDTH="744" HEIGHT="28">
							<String ID="string_64" HPOS="83" VPOS="532" WIDTH="30" HEIGHT="18" WC="0.96" CONTENT="ste"/><SP WIDTH="13" VPOS="532" HPOS="113"/>
							<String ID="string_65" HPOS="126" VPOS="529" WIDTH="38" HEIGHT="28" WC="0.96" CONTENT="jag"/><SP WIDTH="16" VPOS="529" HPOS="164"/>
							<String ID="string_66" HPOS="180" VPOS="531" WIDTH="6" HEIGHT="18" WC="0.93" CONTENT="i"/><SP WIDTH="16" VPOS="531" HPOS="186"/>
							<String ID="string_67" HPOS="202" VPOS="532" WIDTH="86" HEIGHT="17" WC="0.95" CONTENT="motsats"/><SP WIDTH="17" VPOS="532" HPOS="288"/>
							<String ID="string_68" HPOS="305" VPOS="529" WIDTH="31" HEIGHT="20" WC="0.93" CONTENT="till"/><SP WIDTH="19" VPOS="529" HPOS="336"/>
							<String ID="string_69" HPOS="355" VPOS="530" WIDTH="110" HEIGHT="19" WC="0.91" CONTENT="utskottets"/><SP WIDTH="12" VPOS="530" HPOS="465"/>
							<String ID="string_70" HPOS="477" VPOS="530" WIDTH="106" HEIGHT="26" WC="0.93" CONTENT="pluralitet"/><SP WIDTH="11" VPOS="530" HPOS="583"/>
							<String ID="string_71" HPOS="594" VPOS="536" WIDTH="49" HEIGHT="13" WC="0.93" CONTENT="anse"/><SP WIDTH="11" VPOS="536" HPOS="643"/>
							<String ID="string_72" HPOS="654" VPOS="530" WIDTH="114" HEIGHT="25" WC="0.93" CONTENT="petitionen"/><SP WIDTH="12" VPOS="530" HPOS="768"/>
							<String ID="string_73" HPOS="780" VPOS="529" WIDTH="47" HEIGHT="20" WC="0.96" CONTENT="icke"/>
						</TextLine>
						<TextLine ID="line_9" HPOS="84" VPOS="563" WIDTH="743" HEIGHT="26">
							<String ID="string_74" HPOS="84" VPOS="565" WIDTH="50" HEIGHT="19" WC="0.92" CONTENT="böra"/><SP WIDTH="22" VPOS="565" HPOS="134"/>
							<String ID="string_75" HPOS="156" VPOS="563" WIDTH="33" HEIGHT="20" WC="0.93" CONTENT="till"/><SP WIDTH="23" VPOS="563" HPOS="189"/>
							<String ID="string_76" HPOS="212" VPOS="564" WIDTH="67" HEIGHT="25" WC="0.92" CONTENT="nägon"/><SP WIDTH="22" VPOS="564" HPOS="279"/>
							<String ID="string_77" HPOS="301" VPOS="563" WIDTH="72" HEIGHT="26" WC="0.91" CONTENT="ätgärd"/><SP WIDTH="16" VPOS="563" HPOS="373"/>
							<String ID="string_78" HPOS="389" VPOS="563" WIDTH="116" HEIGHT="24" WC="0.92" CONTENT="föranleda,"/><SP WIDTH="15" VPOS="563" HPOS="505"/>
							<String ID="string_79" HPOS="520" VPOS="565" WIDTH="49" HEIGHT="18" WC="0.96" CONTENT="utan"/><SP WIDTH="18" VPOS="565" HPOS="569"/>
							<String ID="string_80" HPOS="587" VPOS="566" WIDTH="23" HEIGHT="17" WC="0.97" CONTENT="är"/><SP WIDTH="15" VPOS="566" HPOS="610"/>
							<String ID="string_81" HPOS="625" VPOS="563" WIDTH="65" HEIGHT="26" WC="0.96" CONTENT="enligt"/><SP WIDTH="16" VPOS="563" HPOS="690"/>
							<String ID="string_82" HPOS="706" VPOS="564" WIDTH="41" HEIGHT="19" WC="0.96" CONTENT="min"/><SP WIDTH="17" VPOS="564" HPOS="747"/>
							<String ID="string_83" HPOS="764" VPOS="563" WIDTH="63" HEIGHT="20" WC="0.96" CONTENT="tanke"/>
						</TextLine>
						<TextLine ID="line_10" HPOS="83" VPOS="596" WIDTH="746" HEIGHT="27">
							<String ID="string_84" HPOS="83" VPOS="598" WIDTH="26" HEIGHT="20" WC="0.93" CONTENT="de"/><SP WIDTH="21" VPOS="598" HPOS="109"/>
							<String ID="string_85" HPOS="130" VPOS="603" WIDTH="67" HEIGHT="20" WC="0.91" CONTENT="yngre"/><SP WIDTH="23" VPOS="603" HPOS="197"/>
							<String ID="string_86" HPOS="220" VPOS="597" WIDTH="225" HEIGHT="20" WC="0.92" CONTENT="universitetslärarnes"/><SP WIDTH="20" VPOS="597" HPOS="445"/>
							<String ID="string_87" HPOS="465" VPOS="597" WIDTH="100" HEIGHT="26" WC="0.95" CONTENT="ställning"/><SP WIDTH="15" VPOS="597" HPOS="565"/>
							<String ID="string_88" HPOS="580" VPOS="597" WIDTH="63" HEIGHT="20" WC="0.96" CONTENT="redan"/><SP WIDTH="17" VPOS="597" HPOS="643"/>
							<String ID="string_89" HPOS="660" VPOS="597" WIDTH="31" HEIGHT="19" WC="0.93" CONTENT="till"/><SP WIDTH="16" VPOS="597" HPOS="691"/>
							<String ID="string_90" HPOS="707" VPOS="596" WIDTH="71" HEIGHT="26" WC="0.91" CONTENT="fyllest"/><SP WIDTH="16" VPOS="596" HPOS="778"/>
							<String ID="string_91" HPOS="794" VPOS="597" WIDTH="35" HEIGHT="19" WC="0.89" CONTENT="be-"/>
						</TextLine>
						<TextLine ID="line_11" HPOS="83" VPOS="631" WIDTH="744" HEIGHT="28">
							<String ID="string_92" HPOS="83" VPOS="632" WIDTH="89" HEIGHT="27" WC="0.91" CONTENT="tryggad"/><SP WIDTH="16" VPOS="632" HPOS="172"/>
							<String ID="string_93" HPOS="188" VPOS="638" WIDTH="74" HEIGHT="19" WC="0.96" CONTENT="genom"/><SP WIDTH="16" VPOS="638" HPOS="262"/>
							<String ID="string_94" HPOS="278" VPOS="632" WIDTH="58" HEIGHT="19" WC="0.93" CONTENT="detta"/><SP WIDTH="15" VPOS="632" HPOS="336"/>
							<String ID="string_95" HPOS="351" VPOS="631" WIDTH="122" HEIGHT="26" WC="0.91" CONTENT="stadgande,"/><SP WIDTH="16" VPOS="631" HPOS="473"/>
							<String ID="string_96" HPOS="489" VPOS="643" WIDTH="27" HEIGHT="3" WC="0.92" CONTENT="—"/><SP WIDTH="16" VPOS="643" HPOS="516"/>
							<String ID="string_97" HPOS="532" VPOS="631" WIDTH="69" HEIGHT="20" WC="0.93" CONTENT="derest"/><SP WIDTH="14" VPOS="631" HPOS="601"/>
							<String ID="string_98" HPOS="615" VPOS="631" WIDTH="148" HEIGHT="19" WC="0.92" CONTENT="konsistorium"/><SP WIDTH="16" VPOS="631" HPOS="763"/>
							<String ID="string_99" HPOS="779" VPOS="631" WIDTH="5" HEIGHT="19" WC="0.91" CONTENT="i"/><SP WIDTH="9" VPOS="631" HPOS="784"/>
							<String ID="string_100" HPOS="793" VPOS="631" WIDTH="34" HEIGHT="20" WC="0.89" CONTENT="fö-"/>
						</TextLine>
						<TextLine ID="line_12" HPOS="83" VPOS="665" WIDTH="744" HEIGHT="26">
							<String ID="string_101" HPOS="83" VPOS="666" WIDTH="148" HEIGHT="20" WC="0.92" CONTENT="rekommande"/><SP WIDTH="22" VPOS="666" HPOS="231"/>
							<String ID="string_102" HPOS="253" VPOS="665" WIDTH="37" HEIGHT="20" WC="0.96" CONTENT="fall"/><SP WIDTH="24" VPOS="665" HPOS="290"/>
							<String ID="string_103" HPOS="314" VPOS="665" WIDTH="36" HEIGHT="20" WC="0.96" CONTENT="vill"/><SP WIDTH="23" VPOS="665" HPOS="350"/>
							<String ID="string_104" HPOS="373" VPOS="668" WIDTH="50" HEIGHT="23" WC="0.96" CONTENT="göra"/><SP WIDTH="23" VPOS="668" HPOS="423"/>
							<String ID="string_105" HPOS="446" VPOS="665" WIDTH="52" HEIGHT="20" WC="0.96" CONTENT="bruk"/><SP WIDTH="21" VPOS="665" HPOS="498"/>
							<String ID="string_106" HPOS="519" VPOS="665" WIDTH="22" HEIGHT="20" WC="0.96" CONTENT="af"/><SP WIDTH="14" VPOS="665" HPOS="541"/>
							<String ID="string_107" HPOS="555" VPOS="666" WIDTH="31" HEIGHT="19" WC="0.93" CONTENT="sin"/><SP WIDTH="15" VPOS="666" HPOS="586"/>
							<String ID="string_108" HPOS="601" VPOS="665" WIDTH="79" HEIGHT="26" WC="0.93" CONTENT="lagliga"/><SP WIDTH="16" VPOS="665" HPOS="680"/>
							<String ID="string_109" HPOS="696" VPOS="667" WIDTH="47" HEIGHT="17" WC="0.95" CONTENT="rätt."/><SP WIDTH="37" VPOS="667" HPOS="743"/>
							<String ID="string_110" HPOS="780" VPOS="665" WIDTH="47" HEIGHT="20" WC="0.96" CONTENT="Man"/>
						</TextLine>
						<TextLine ID="line_13" HPOS="83" VPOS="699" WIDTH="743" HEIGHT="28">
							<String ID="string_111" HPOS="83" VPOS="701" WIDTH="74" HEIGHT="26" WC="0.96" CONTENT="tyckes"/><SP WIDTH="23" VPOS="701" HPOS="157"/>
							<String ID="string_112" HPOS="180" VPOS="701" WIDTH="54" HEIGHT="18" WC="0.96" CONTENT="stöta"/><SP WIDTH="24" VPOS="701" HPOS="234"/>
							<String ID="string_113" HPOS="258" VPOS="700" WIDTH="31" HEIGHT="25" WC="0.96" CONTENT="sig"/><SP WIDTH="23" VPOS="700" HPOS="289"/>
							<String ID="string_114" HPOS="312" VPOS="699" WIDTH="34" HEIGHT="20" WC="0.93" CONTENT="vid"/><SP WIDTH="16" VPOS="699" HPOS="346"/>
							<String ID="string_115" HPOS="362" VPOS="700" WIDTH="113" HEIGHT="25" WC="0.96" CONTENT="uttrycket,"/><SP WIDTH="16" VPOS="700" HPOS="475"/>
							<String ID="string_116" HPOS="491" VPOS="701" WIDTH="30" HEIGHT="18" WC="0.96" CONTENT="att"/><SP WIDTH="15" VPOS="701" HPOS="521"/>
							<String ID="string_117" HPOS="536" VPOS="700" WIDTH="40" HEIGHT="19" WC="0.93" CONTENT="den"/><SP WIDTH="16" VPOS="700" HPOS="576"/>
							<String ID="string_118" HPOS="592" VPOS="699" WIDTH="117" HEIGHT="26" WC="0.91" CONTENT="föreslagne"/><SP WIDTH="18" VPOS="699" HPOS="709"/>
							<String ID="string_119" HPOS="727" VPOS="699" WIDTH="37" HEIGHT="20" WC="0.96" CONTENT="bör"/><SP WIDTH="15" VPOS="699" HPOS="764"/>
							<String ID="string_120" HPOS="779" VPOS="706" WIDTH="47" HEIGHT="13" WC="0.96" CONTENT="vara"/>
						</TextLine>
						<TextLine ID="line_14" HPOS="83" VPOS="733" WIDTH="745" HEIGHT="27">
							<String ID="string_121" HPOS="83" VPOS="734" WIDTH="124" HEIGHT="25" WC="0.47" CONTENT="”utmärkt,"/><SP WIDTH="19" VPOS="734" HPOS="207"/>
							<String ID="string_122" HPOS="226" VPOS="733" WIDTH="142" HEIGHT="26" WC="0.91" CONTENT="(vivallinen)."/><SP WIDTH="29" VPOS="733" HPOS="368"/>
							<String ID="string_123" HPOS="397" VPOS="733" WIDTH="37" HEIGHT="20" WC="0.93" CONTENT="Ett"/><SP WIDTH="15" VPOS="733" HPOS="434"/>
							<String ID="string_124" HPOS="449" VPOS="734" WIDTH="74" HEIGHT="20" WC="0.96" CONTENT="sådant"/><SP WIDTH="15" VPOS="734" HPOS="523"/>
							<String ID="string_125" HPOS="538" VPOS="735" WIDTH="65" HEIGHT="25" WC="0.96" CONTENT="epitet"/><SP WIDTH="14" VPOS="735" HPOS="603"/>
							<String ID="string_126" HPOS="617" VPOS="734" WIDTH="65" HEIGHT="19" WC="0.96" CONTENT="måste"/><SP WIDTH="16" VPOS="734" HPOS="682"/>
							<String ID="string_127" HPOS="698" VPOS="733" WIDTH="55" HEIGHT="20" WC="0.93" CONTENT="dock"/><SP WIDTH="16" VPOS="733" HPOS="753"/>
							<String ID="string_128" HPOS="769" VPOS="736" WIDTH="59" HEIGHT="24" WC="0.95" CONTENT="tagas"/>
						</TextLine>
						<TextLine ID="line_15" HPOS="83" VPOS="767" WIDTH="743" HEIGHT="26">
							<String ID="string_129" HPOS="83" VPOS="769" WIDTH="84" HEIGHT="20" WC="0.96" CONTENT="relativt"/><SP WIDTH="15" VPOS="769" HPOS="167"/>
							<String ID="string_130" HPOS="182" VPOS="768" WIDTH="30" HEIGHT="20" WC="0.96" CONTENT="till"/><SP WIDTH="17" VPOS="768" HPOS="212"/>
							<String ID="string_131" HPOS="229" VPOS="769" WIDTH="35" HEIGHT="19" WC="0.93" CONTENT="det"/><SP WIDTH="16" VPOS="769" HPOS="264"/>
							<String ID="string_132" HPOS="280" VPOS="767" WIDTH="85" HEIGHT="26" WC="0.96" CONTENT="möjliga"/><SP WIDTH="15" VPOS="767" HPOS="365"/>
							<String ID="string_133" HPOS="380" VPOS="768" WIDTH="39" HEIGHT="19" WC="0.96" CONTENT="och"/><SP WIDTH="16" VPOS="768" HPOS="419"/>
							<String ID="string_134" HPOS="435" VPOS="768" WIDTH="84" HEIGHT="19" WC="0.96" CONTENT="relativt"/><SP WIDTH="15" VPOS="768" HPOS="519"/>
							<String ID="string_135" HPOS="534" VPOS="767" WIDTH="31" HEIGHT="20" WC="0.93" CONTENT="till"/><SP WIDTH="11" VPOS="767" HPOS="565"/>
							<String ID="string_136" HPOS="576" VPOS="767" WIDTH="55" HEIGHT="20" WC="0.96" CONTENT="hvad"/><SP WIDTH="12" VPOS="767" HPOS="631"/>
							<String ID="string_137" HPOS="643" VPOS="774" WIDTH="46" HEIGHT="13" WC="0.96" CONTENT="man"/><SP WIDTH="12" VPOS="774" HPOS="689"/>
							<String ID="string_138" HPOS="701" VPOS="774" WIDTH="76" HEIGHT="19" WC="0.96" CONTENT="genom"/><SP WIDTH="12" VPOS="774" HPOS="777"/>
							<String ID="string_139" HPOS="789" VPOS="767" WIDTH="37" HEIGHT="20" WC="0.96" CONTENT="den"/>
						</TextLine>
						<TextLine ID="line_16" HPOS="83" VPOS="801" WIDTH="744" HEIGHT="27">
							<String ID="string_140" HPOS="83" VPOS="810" WIDTH="27" HEIGHT="13" WC="0.93" CONTENT="nu"/><SP WIDTH="23" VPOS="810" HPOS="110"/>
							<String ID="string_141" HPOS="133" VPOS="802" WIDTH="119" HEIGHT="26" WC="0.91" CONTENT="föreslagna"/><SP WIDTH="22" VPOS="802" HPOS="252"/>
							<String ID="string_142" HPOS="274" VPOS="802" WIDTH="114" HEIGHT="26" WC="0.91" CONTENT="petitionen"/><SP WIDTH="16" VPOS="802" HPOS="388"/>
							<String ID="string_143" HPOS="404" VPOS="801" WIDTH="40" HEIGHT="20" WC="0.93" CONTENT="kan"/><SP WIDTH="17" VPOS="801" HPOS="444"/>
							<String ID="string_144" HPOS="461" VPOS="801" WIDTH="68" HEIGHT="20" WC="0.90" CONTENT="vinna."/><SP WIDTH="32" VPOS="801" HPOS="529"/>
							<String ID="string_145" HPOS="561" VPOS="801" WIDTH="39" HEIGHT="20" WC="0.95" CONTENT="Om"/><SP WIDTH="16" VPOS="801" HPOS="600"/>
							<String ID="string_146" HPOS="616" VPOS="801" WIDTH="36" HEIGHT="20" WC="0.93" CONTENT="det"/><SP WIDTH="14" VPOS="801" HPOS="652"/>
							<String ID="string_147" HPOS="666" VPOS="802" WIDTH="19" HEIGHT="26" WC="0.91" CONTENT="ej"/><SP WIDTH="17" VPOS="802" HPOS="685"/>
							<String ID="string_148" HPOS="702" VPOS="801" WIDTH="66" HEIGHT="21" WC="0.92" CONTENT="finnes"/><SP WIDTH="14" VPOS="801" HPOS="768"/>
							<String ID="string_149" HPOS="782" VPOS="808" WIDTH="45" HEIGHT="19" WC="0.92" CONTENT="per-"/>
						</TextLine>
						<TextLine ID="line_17" HPOS="83" VPOS="835" WIDTH="744" HEIGHT="28">
							<String ID="string_150" HPOS="83" VPOS="844" WIDTH="61" HEIGHT="14" WC="0.96" CONTENT="soner"/><SP WIDTH="24" VPOS="844" HPOS="144"/>
							<String ID="string_151" HPOS="168" VPOS="837" WIDTH="85" HEIGHT="26" WC="0.96" CONTENT="värdiga"/><SP WIDTH="16" VPOS="837" HPOS="253"/>
							<String ID="string_152" HPOS="269" VPOS="837" WIDTH="39" HEIGHT="19" WC="0.93" CONTENT="den"/><SP WIDTH="17" VPOS="837" HPOS="308"/>
							<String ID="string_153" HPOS="325" VPOS="835" WIDTH="158" HEIGHT="26" WC="0.61" CONTENT="”exceptionela"/><SP WIDTH="16" VPOS="835" HPOS="483"/>
							<String ID="string_154" HPOS="499" VPOS="835" WIDTH="152" HEIGHT="20" WC="0.96" CONTENT="utmärkelsen”"/><SP WIDTH="15" VPOS="835" HPOS="651"/>
							<String ID="string_155" HPOS="666" VPOS="837" WIDTH="32" HEIGHT="18" WC="0.93" CONTENT="att"/><SP WIDTH="15" VPOS="837" HPOS="698"/>
							<String ID="string_156" HPOS="713" VPOS="835" WIDTH="65" HEIGHT="21" WC="0.93" CONTENT="blifva"/><SP WIDTH="15" VPOS="835" HPOS="778"/>
							<String ID="string_157" HPOS="793" VPOS="843" WIDTH="34" HEIGHT="13" WC="0.93" CONTENT="ex-"/>
						</TextLine>
						<TextLine ID="line_18" HPOS="84" VPOS="870" WIDTH="744" HEIGHT="26">
							<String ID="string_158" HPOS="84" VPOS="871" WIDTH="146" HEIGHT="20" WC="0.88" CONTENT="tra-ordinarie"/><SP WIDTH="22" VPOS="871" HPOS="230"/>
							<String ID="string_159" HPOS="252" VPOS="871" WIDTH="133" HEIGHT="25" WC="0.96" CONTENT="professorer,"/><SP WIDTH="22" VPOS="871" HPOS="385"/>
							<String ID="string_160" HPOS="407" VPOS="870" WIDTH="27" HEIGHT="19" WC="0.96" CONTENT="då"/><SP WIDTH="15" VPOS="870" HPOS="434"/>
							<String ID="string_161" HPOS="449" VPOS="872" WIDTH="22" HEIGHT="17" WC="0.96" CONTENT="är"/><SP WIDTH="16" VPOS="872" HPOS="471"/>
							<String ID="string_162" HPOS="487" VPOS="870" WIDTH="34" HEIGHT="19" WC="0.93" CONTENT="det"/><SP WIDTH="17" VPOS="870" HPOS="521"/>
							<String ID="string_163" HPOS="538" VPOS="870" WIDTH="53" HEIGHT="20" WC="0.96" CONTENT="blott"/><SP WIDTH="15" VPOS="870" HPOS="591"/>
							<String ID="string_164" HPOS="606" VPOS="870" WIDTH="37" HEIGHT="19" WC="0.96" CONTENT="allt"/><SP WIDTH="15" VPOS="870" HPOS="643"/>
							<String ID="string_165" HPOS="658" VPOS="870" WIDTH="32" HEIGHT="19" WC="0.96" CONTENT="för"/><SP WIDTH="15" VPOS="870" HPOS="690"/>
							<String ID="string_166" HPOS="705" VPOS="870" WIDTH="78" HEIGHT="25" WC="0.96" CONTENT="troligt,"/><SP WIDTH="16" VPOS="870" HPOS="783"/>
							<String ID="string_167" HPOS="799" VPOS="872" WIDTH="29" HEIGHT="17" WC="0.96" CONTENT="att"/>
						</TextLine>
						<TextLine ID="line_19" HPOS="85" VPOS="903" WIDTH="745" HEIGHT="28">
							<String ID="string_168" HPOS="85" VPOS="912" WIDTH="47" HEIGHT="13" WC="0.91" CONTENT="man"/><SP WIDTH="21" VPOS="912" HPOS="132"/>
							<String ID="string_169" HPOS="153" VPOS="907" WIDTH="18" HEIGHT="24" WC="0.95" CONTENT="ej"/><SP WIDTH="16" VPOS="907" HPOS="171"/>
							<String ID="string_170" HPOS="187" VPOS="905" WIDTH="65" HEIGHT="20" WC="0.96" CONTENT="heller"/><SP WIDTH="15" VPOS="905" HPOS="252"/>
							<String ID="string_171" HPOS="267" VPOS="904" WIDTH="53" HEIGHT="20" WC="0.96" CONTENT="skall"/><SP WIDTH="17" VPOS="904" HPOS="320"/>
							<String ID="string_172" HPOS="337" VPOS="903" WIDTH="31" HEIGHT="20" WC="0.93" CONTENT="till"/><SP WIDTH="17" VPOS="903" HPOS="368"/>
							<String ID="string_173" HPOS="385" VPOS="904" WIDTH="153" HEIGHT="19" WC="0.96" CONTENT="universitetets"/><SP WIDTH="17" VPOS="904" HPOS="538"/>
							<String ID="string_174" HPOS="555" VPOS="903" WIDTH="95" HEIGHT="26" WC="0.93" CONTENT="verkliga"/><SP WIDTH="15" VPOS="903" HPOS="650"/>
							<String ID="string_175" HPOS="665" VPOS="903" WIDTH="78" HEIGHT="20" WC="0.87" CONTENT="bätnad"/><SP WIDTH="16" VPOS="903" HPOS="743"/>
							<String ID="string_176" HPOS="759" VPOS="904" WIDTH="71" HEIGHT="19" WC="0.96" CONTENT="kunna"/>
						</TextLine>
						<TextLine ID="line_20" HPOS="85" VPOS="937" WIDTH="654" HEIGHT="28">
							<String ID="string_177" HPOS="85" VPOS="940" WIDTH="81" HEIGHT="20" WC="0.96" CONTENT="besätta"/><SP WIDTH="17" VPOS="940" HPOS="166"/>
							<String ID="string_178" HPOS="183" VPOS="940" WIDTH="24" HEIGHT="19" WC="0.96" CONTENT="de"/><SP WIDTH="16" VPOS="940" HPOS="207"/>
							<String ID="string_179" HPOS="223" VPOS="945" WIDTH="42" HEIGHT="20" WC="0.93" CONTENT="nya"/><SP WIDTH="15" VPOS="945" HPOS="265"/>
							<String ID="string_180" HPOS="280" VPOS="937" WIDTH="111" HEIGHT="22" WC="0.92" CONTENT="ordinarie"/><SP WIDTH="16" VPOS="937" HPOS="391"/>
							<String ID="string_181" HPOS="407" VPOS="938" WIDTH="86" HEIGHT="25" WC="0.92" CONTENT="tjenster"/><SP WIDTH="16" VPOS="938" HPOS="493"/>
							<String ID="string_182" HPOS="509" VPOS="945" WIDTH="47" HEIGHT="12" WC="0.96" CONTENT="man"/><SP WIDTH="15" VPOS="945" HPOS="556"/>
							<String ID="string_183" HPOS="571" VPOS="945" WIDTH="28" HEIGHT="12" WC="0.96" CONTENT="nu"/><SP WIDTH="15" VPOS="945" HPOS="599"/>
							<String ID="string_184" HPOS="614" VPOS="937" WIDTH="37" HEIGHT="20" WC="0.93" CONTENT="vill"/><SP WIDTH="16" VPOS="937" HPOS="651"/>
							<String ID="string_185" HPOS="667" VPOS="937" WIDTH="72" HEIGHT="27" WC="0.96" CONTENT="skapa."/>
						</TextLine>
					</TextBlock>
				</ComposedBlock>
				<ComposedBlock ID="cblock_3" HPOS="153" VPOS="982" WIDTH="573" HEIGHT="69">
					<TextBlock ID="block_3" HPOS="153" VPOS="982" WIDTH="573" HEIGHT="69">
						<TextLine ID="line_21" HPOS="562" VPOS="982" WIDTH="164" HEIGHT="23">
							<String ID="string_186" HPOS="562" VPOS="982" WIDTH="28" HEIGHT="22" WC="0.95" CONTENT="A."/><SP WIDTH="15" VPOS="982" HPOS="590"/>
							<String ID="string_187" HPOS="605" VPOS="983" WIDTH="121" HEIGHT="22" WC="0.96" CONTENT="Meurman."/>
						</TextLine>
						<TextLine ID="line_22" HPOS="153" VPOS="1024" WIDTH="381" HEIGHT="27">
							<String ID="string_188" HPOS="153" VPOS="1026" WIDTH="9" HEIGHT="20" WC="0.96" CONTENT="I"/><SP WIDTH="16" VPOS="1026" HPOS="162"/>
							<String ID="string_189" HPOS="178" VPOS="1026" WIDTH="68" HEIGHT="20" WC="0.96" CONTENT="denna"/><SP WIDTH="16" VPOS="1026" HPOS="246"/>
							<String ID="string_190" HPOS="262" VPOS="1025" WIDTH="126" HEIGHT="20" WC="0.93" CONTENT="reservation"/><SP WIDTH="18" VPOS="1025" HPOS="388"/>
							<String ID="string_191" HPOS="406" VPOS="1024" WIDTH="81" HEIGHT="21" WC="0.93" CONTENT="förenar"/><SP WIDTH="16" VPOS="1024" HPOS="487"/>
							<String ID="string_192" HPOS="503" VPOS="1025" WIDTH="31" HEIGHT="26" WC="0.97" CONTENT="sig"/>
						</TextLine>
					</TextBlock>
				</ComposedBlock>
				<ComposedBlock ID="cblock_4" HPOS="487" VPOS="1063" WIDTH="238" HEIGHT="22">
					<TextBlock ID="block_4" HPOS="487" VPOS="1063" WIDTH="238" HEIGHT="22">
						<TextLine ID="line_23" HPOS="487" VPOS="1063" WIDTH="238" HEIGHT="22">
							<String ID="string_193" HPOS="487" VPOS="1064" WIDTH="28" HEIGHT="21" WC="0.94" CONTENT="N."/><SP WIDTH="16" VPOS="1064" HPOS="515"/>
							<String ID="string_194" HPOS="531" VPOS="1063" WIDTH="28" HEIGHT="22" WC="0.94" CONTENT="A."/><SP WIDTH="19" VPOS="1063" HPOS="559"/>
							<String ID="string_195" HPOS="578" VPOS="1063" WIDTH="147" HEIGHT="22" WC="0.95" CONTENT="Grundström."/>
						</TextLine>
					</TextBlock>
				</ComposedBlock>
				<ComposedBlock ID="cblock_5" HPOS="85" VPOS="1127" WIDTH="745" HEIGHT="232">
					<TextBlock ID="block_5" HPOS="85" VPOS="1127" WIDTH="745" HEIGHT="232">
						<TextLine ID="line_24" HPOS="153" VPOS="1127" WIDTH="675" HEIGHT="27">
							<String ID="string_196" HPOS="153" VPOS="1128" WIDTH="161" HEIGHT="21" WC="0.95" CONTENT="Undertecknad"/><SP WIDTH="17" VPOS="1128" HPOS="314"/>
							<String ID="string_197" HPOS="331" VPOS="1128" WIDTH="83" HEIGHT="20" WC="0.96" CONTENT="förenar"/><SP WIDTH="16" VPOS="1128" HPOS="414"/>
							<String ID="string_198" HPOS="430" VPOS="1128" WIDTH="30" HEIGHT="26" WC="0.93" CONTENT="sig"/><SP WIDTH="15" VPOS="1128" HPOS="460"/>
							<String ID="string_199" HPOS="475" VPOS="1128" WIDTH="6" HEIGHT="19" WC="0.95" CONTENT="i"/><SP WIDTH="12" VPOS="1128" HPOS="481"/>
							<String ID="string_200" HPOS="493" VPOS="1128" WIDTH="131" HEIGHT="19" WC="0.96" CONTENT="förestående"/><SP WIDTH="10" VPOS="1128" HPOS="624"/>
							<String ID="string_201" HPOS="634" VPOS="1127" WIDTH="137" HEIGHT="24" WC="0.96" CONTENT="reservation,"/><SP WIDTH="12" VPOS="1127" HPOS="771"/>
							<String ID="string_202" HPOS="783" VPOS="1127" WIDTH="45" HEIGHT="20" WC="0.96" CONTENT="med"/>
						</TextLine>
						<TextLine ID="line_25" HPOS="85" VPOS="1161" WIDTH="744" HEIGHT="28">
							<String ID="string_203" HPOS="85" VPOS="1163" WIDTH="81" HEIGHT="26" WC="0.96" CONTENT="tillägg,"/><SP WIDTH="16" VPOS="1163" HPOS="166"/>
							<String ID="string_204" HPOS="182" VPOS="1165" WIDTH="28" HEIGHT="18" WC="0.96" CONTENT="att"/><SP WIDTH="16" VPOS="1165" HPOS="210"/>
							<String ID="string_205" HPOS="226" VPOS="1163" WIDTH="7" HEIGHT="20" WC="0.96" CONTENT="i"/><SP WIDTH="15" VPOS="1163" HPOS="233"/>
							<String ID="string_206" HPOS="248" VPOS="1162" WIDTH="71" HEIGHT="20" WC="0.96" CONTENT="stället"/><SP WIDTH="16" VPOS="1162" HPOS="319"/>
							<String ID="string_207" HPOS="335" VPOS="1162" WIDTH="30" HEIGHT="20" WC="0.96" CONTENT="för"/><SP WIDTH="16" VPOS="1162" HPOS="365"/>
							<String ID="string_208" HPOS="381" VPOS="1162" WIDTH="26" HEIGHT="20" WC="0.97" CONTENT="de"/><SP WIDTH="16" VPOS="1162" HPOS="407"/>
							<String ID="string_209" HPOS="423" VPOS="1162" WIDTH="22" HEIGHT="20" WC="0.96" CONTENT="af"/><SP WIDTH="14" VPOS="1162" HPOS="445"/>
							<String ID="string_210" HPOS="459" VPOS="1162" WIDTH="99" HEIGHT="20" WC="0.96" CONTENT="utskottet"/><SP WIDTH="16" VPOS="1162" HPOS="558"/>
							<String ID="string_211" HPOS="574" VPOS="1161" WIDTH="118" HEIGHT="27" WC="0.93" CONTENT="föreslagna"/><SP WIDTH="13" VPOS="1161" HPOS="692"/>
							<String ID="string_212" HPOS="705" VPOS="1161" WIDTH="124" HEIGHT="21" WC="0.92" CONTENT="extra-ordi-"/>
						</TextLine>
						<TextLine ID="line_26" HPOS="85" VPOS="1195" WIDTH="744" HEIGHT="28">
							<String ID="string_213" HPOS="85" VPOS="1198" WIDTH="59" HEIGHT="19" WC="0.84" CONTENT="narie"/><SP WIDTH="21" VPOS="1198" HPOS="144"/>
							<String ID="string_214" HPOS="165" VPOS="1197" WIDTH="236" HEIGHT="26" WC="0.88" CONTENT="professorstjensterna,"/><SP WIDTH="24" VPOS="1197" HPOS="401"/>
							<String ID="string_215" HPOS="425" VPOS="1203" WIDTH="73" HEIGHT="19" WC="0.94" CONTENT="genom"/><SP WIDTH="23" VPOS="1203" HPOS="498"/>
							<String ID="string_216" HPOS="521" VPOS="1196" WIDTH="79" HEIGHT="24" WC="0.94" CONTENT="hvilka,"/><SP WIDTH="20" VPOS="1196" HPOS="600"/>
							<String ID="string_217" HPOS="620" VPOS="1195" WIDTH="65" HEIGHT="26" WC="0.96" CONTENT="enligt"/><SP WIDTH="15" VPOS="1195" HPOS="685"/>
							<String ID="string_218" HPOS="700" VPOS="1196" WIDTH="41" HEIGHT="19" WC="0.96" CONTENT="min"/><SP WIDTH="18" VPOS="1196" HPOS="741"/>
							<String ID="string_219" HPOS="759" VPOS="1195" WIDTH="70" HEIGHT="25" WC="0.96" CONTENT="tanke,"/>
						</TextLine>
						<TextLine ID="line_27" HPOS="85" VPOS="1229" WIDTH="743" HEIGHT="29">
							<String ID="string_220" HPOS="85" VPOS="1231" WIDTH="40" HEIGHT="20" WC="0.96" CONTENT="den"/><SP WIDTH="16" VPOS="1231" HPOS="125"/>
							<String ID="string_221" HPOS="141" VPOS="1231" WIDTH="70" HEIGHT="27" WC="0.93" CONTENT="gamla"/><SP WIDTH="15" VPOS="1231" HPOS="211"/>
							<String ID="string_222" HPOS="226" VPOS="1230" WIDTH="250" HEIGHT="27" WC="0.91" CONTENT="adjunktsinstitutionen,"/><SP WIDTH="16" VPOS="1230" HPOS="476"/>
							<String ID="string_223" HPOS="492" VPOS="1237" WIDTH="32" HEIGHT="13" WC="0.96" CONTENT="om"/><SP WIDTH="17" VPOS="1237" HPOS="524"/>
							<String ID="string_224" HPOS="541" VPOS="1230" WIDTH="64" HEIGHT="20" WC="0.96" CONTENT="också"/><SP WIDTH="18" VPOS="1230" HPOS="605"/>
							<String ID="string_225" HPOS="623" VPOS="1229" WIDTH="65" HEIGHT="20" WC="0.96" CONTENT="under"/><SP WIDTH="15" VPOS="1229" HPOS="688"/>
							<String ID="string_226" HPOS="703" VPOS="1231" WIDTH="47" HEIGHT="24" WC="0.96" CONTENT="nytt"/><SP WIDTH="11" VPOS="1231" HPOS="750"/>
							<String ID="string_227" HPOS="761" VPOS="1235" WIDTH="67" HEIGHT="18" WC="0.94" CONTENT="namn,"/>
						</TextLine>
						<TextLine ID="line_28" HPOS="85" VPOS="1262" WIDTH="743" HEIGHT="29">
							<String ID="string_228" HPOS="85" VPOS="1265" WIDTH="68" HEIGHT="20" WC="0.96" CONTENT="skulle"/><SP WIDTH="24" VPOS="1265" HPOS="153"/>
							<String ID="string_229" HPOS="177" VPOS="1265" WIDTH="107" HEIGHT="25" WC="0.96" CONTENT="återföras,"/><SP WIDTH="16" VPOS="1265" HPOS="284"/>
							<String ID="string_230" HPOS="300" VPOS="1265" WIDTH="77" HEIGHT="26" WC="0.93" CONTENT="rörliga"/><SP WIDTH="16" VPOS="1265" HPOS="377"/>
							<String ID="string_231" HPOS="393" VPOS="1265" WIDTH="169" HEIGHT="20" WC="0.92" CONTENT="docentarvoden"/><SP WIDTH="17" VPOS="1265" HPOS="562"/>
							<String ID="string_232" HPOS="579" VPOS="1263" WIDTH="35" HEIGHT="21" WC="0.96" CONTENT="till"/><SP WIDTH="14" VPOS="1263" HPOS="614"/>
							<String ID="string_233" HPOS="628" VPOS="1265" WIDTH="69" HEIGHT="18" WC="0.96" CONTENT="större"/><SP WIDTH="16" VPOS="1265" HPOS="697"/>
							<String ID="string_234" HPOS="713" VPOS="1263" WIDTH="63" HEIGHT="20" WC="0.96" CONTENT="antal"/><SP WIDTH="15" VPOS="1263" HPOS="776"/>
							<String ID="string_235" HPOS="791" VPOS="1262" WIDTH="37" HEIGHT="21" WC="0.96" CONTENT="och"/>
						</TextLine>
						<TextLine ID="line_29" HPOS="86" VPOS="1297" WIDTH="744" HEIGHT="29">
							<String ID="string_236" HPOS="86" VPOS="1299" WIDTH="66" HEIGHT="27" WC="0.95" CONTENT="högre"/><SP WIDTH="16" VPOS="1299" HPOS="152"/>
							<String ID="string_237" HPOS="168" VPOS="1298" WIDTH="73" HEIGHT="27" WC="0.96" CONTENT="belopp"/><SP WIDTH="17" VPOS="1298" HPOS="241"/>
							<String ID="string_238" HPOS="258" VPOS="1302" WIDTH="25" HEIGHT="17" WC="0.96" CONTENT="än"/><SP WIDTH="18" VPOS="1302" HPOS="283"/>
							<String ID="string_239" HPOS="301" VPOS="1299" WIDTH="25" HEIGHT="19" WC="0.96" CONTENT="de"/><SP WIDTH="15" VPOS="1299" HPOS="326"/>
							<String ID="string_240" HPOS="341" VPOS="1305" WIDTH="27" HEIGHT="13" WC="0.96" CONTENT="nu"/><SP WIDTH="16" VPOS="1305" HPOS="368"/>
							<String ID="string_241" HPOS="384" VPOS="1299" WIDTH="103" HEIGHT="26" WC="0.96" CONTENT="utgående"/><SP WIDTH="17" VPOS="1299" HPOS="487"/>
							<String ID="string_242" HPOS="504" VPOS="1305" WIDTH="48" HEIGHT="13" WC="0.96" CONTENT="vore"/><SP WIDTH="12" VPOS="1305" HPOS="552"/>
							<String ID="string_243" HPOS="564" VPOS="1299" WIDTH="32" HEIGHT="19" WC="0.96" CONTENT="för"/><SP WIDTH="11" VPOS="1299" HPOS="596"/>
							<String ID="string_244" HPOS="607" VPOS="1298" WIDTH="153" HEIGHT="19" WC="0.93" CONTENT="universitetets"/><SP WIDTH="9" VPOS="1298" HPOS="760"/>
							<String ID="string_245" HPOS="769" VPOS="1297" WIDTH="61" HEIGHT="20" WC="0.88" CONTENT="fram-"/>
						</TextLine>
						<TextLine ID="line_30" HPOS="86" VPOS="1332" WIDTH="533" HEIGHT="27">
							<String ID="string_246" HPOS="86" VPOS="1333" WIDTH="56" HEIGHT="26" WC="0.96" CONTENT="gång"/><SP WIDTH="15" VPOS="1333" HPOS="142"/>
							<String ID="string_247" HPOS="157" VPOS="1333" WIDTH="39" HEIGHT="18" WC="0.92" CONTENT="och"/><SP WIDTH="16" VPOS="1333" HPOS="196"/>
							<String ID="string_248" HPOS="212" VPOS="1333" WIDTH="107" HEIGHT="18" WC="0.91" CONTENT="förkofran"/><SP WIDTH="16" VPOS="1333" HPOS="319"/>
							<String ID="string_249" HPOS="335" VPOS="1333" WIDTH="132" HEIGHT="25" WC="0.96" CONTENT="synnerligen"/><SP WIDTH="16" VPOS="1333" HPOS="467"/>
							<String ID="string_250" HPOS="483" VPOS="1334" WIDTH="31" HEIGHT="17" WC="0.96" CONTENT="att"/><SP WIDTH="15" VPOS="1334" HPOS="514"/>
							<String ID="string_251" HPOS="529" VPOS="1332" WIDTH="90" HEIGHT="19" WC="0.96" CONTENT="förorda."/>
						</TextLine>
					</TextBlock>
				</ComposedBlock>
				<ComposedBlock ID="cblock_6" HPOS="544" VPOS="1369" WIDTH="185" HEIGHT="22">
					<TextBlock ID="block_6" HPOS="544" VPOS="1369" WIDTH="185" HEIGHT="22">
						<TextLine ID="line_31" HPOS="544" VPOS="1369" WIDTH="185" HEIGHT="22">
							<String ID="string_252" HPOS="544" VPOS="1369" WIDTH="73" HEIGHT="22" WC="0.96" CONTENT="Edvin"/><SP WIDTH="15" VPOS="1369" HPOS="617"/>
							<String ID="string_253" HPOS="632" VPOS="1369" WIDTH="97" HEIGHT="21" WC="0.96" CONTENT="Avellan."/>
						</TextLine>
					</TextBlock>
				</ComposedBlock>
				<ComposedBlock ID="cblock_7" HPOS="263" VPOS="1513" WIDTH="393" HEIGHT="23">
					<TextBlock ID="block_7" HPOS="263" VPOS="1513" WIDTH="393" HEIGHT="23">
						<TextLine ID="line_32" HPOS="263" VPOS="1513" WIDTH="393" HEIGHT="23">
							<String ID="string_254" HPOS="263" VPOS="1514" WIDTH="115" HEIGHT="22" WC="0.96" CONTENT="Helsingfors,"/><SP WIDTH="14" VPOS="1514" HPOS="378"/>
							<String ID="string_255" HPOS="392" VPOS="1513" WIDTH="17" HEIGHT="17" WC="0.93" CONTENT="J."/><SP WIDTH="14" VPOS="1513" HPOS="409"/>
							<String ID="string_256" HPOS="423" VPOS="1513" WIDTH="67" HEIGHT="18" WC="0.92" CONTENT="Simelii"/><SP WIDTH="11" VPOS="1513" HPOS="490"/>
							<String ID="string_257" HPOS="501" VPOS="1513" WIDTH="92" HEIGHT="22" WC="0.93" CONTENT="arfvingar,"/><SP WIDTH="16" VPOS="1513" HPOS="593"/>
							<String ID="string_258" HPOS="609" VPOS="1513" WIDTH="47" HEIGHT="17" WC="0.96" CONTENT="1877."/>
						</TextLine>
					</TextBlock>
				</ComposedBlock>
				<GraphicalElement ID="cblock_8" HPOS="310" VPOS="1492" WIDTH="58" HEIGHT="3"></GraphicalElement >
			</PrintSpace>
		</Page>
	</Layout>
</alto>
