1050 1714
239 149 313 21 Petitionsketänkande
567 152 46 18 N:o
628 153 30 17 28
673 157 20 13 a.

292 391 353 25 Reservationer.

162 460 33 20 Då
210 459 104 22 Finlands
329 460 94 20 Ständer
438 459 83 21 beslöto
537 459 33 26 sig
585 460 34 20 för
635 459 46 26 den,
702 459 131 21 åtminstone

92 494 33 21 för
141 493 51 21 våra
214 493 157 25 förhållanden,
394 495 59 19 stora
468 493 78 27 gåfvan
561 494 24 21 af
598 494 12 20 1
627 493 81 21 million
724 493 61 21 mark
800 492 34 22 till

92 528 61 22 Röda
174 528 85 22 korsets
281 528 105 27 förening,
402 528 81 22 skedde
499 528 60 21 detta
578 528 162 26 otvifvelaktigt
754 528 33 21 för
802 529 32 19 att

92 562 87 21 dermed
202 562 140 27 ådagalägga,
368 564 32 19 att
415 562 37 21 det
467 562 69 21 finska
550 562 67 21 folket
634 562 18 26 ej
668 562 37 21 vill
722 562 70 21 såsom
808 567 25 15 en

92 596 145 22 ointresserad
252 596 106 22 åskådare
374 596 76 21 endast
465 597 28 26 pä
508 596 86 22 afständ
608 596 102 21 betrakta
723 596 41 21 den
786 596 46 20 kul-

92 630 106 28 turkamp,
218 636 45 16 som
278 631 7 21 i
301 630 35 22 det
353 631 133 21 närvarande
501 630 70 28 kriget
588 630 118 27 utkämpas.
736 625 98 32 Åsigter-

91 672 27 14 na
140 665 64 21 hafva
226 665 128 27 visserligen
378 665 55 21 varit
449 665 75 21 delade
546 665 106 21 huruvida
667 665 61 21 detta
743 666 43 20 sätt
802 666 32 20 att

91 700 46 20 visa
152 700 38 20 sitt
206 699 128 27 deltagande
349 700 56 20 varit
421 699 36 21 det
473 700 68 26 bästa,
557 706 47 15 men
620 700 66 21 sedan
701 700 85 20 landets
801 705 32 15 re-

90 735 150 25 presentanter
252 734 84 26 engång
351 734 65 20 fattat
435 736 30 19 ett
482 734 77 21 sådant
573 734 79 26 beslut,
669 736 23 19 är
708 734 36 21 det
759 733 74 27 hvarje

91 767 151 27 medborgares
259 768 55 26 pligt
328 769 33 19 att
376 768 71 26 villigt
462 768 57 20 finna
534 768 33 26 sig
582 768 77 20 deruti.

158 801 113 27 Utgående
294 801 46 21 från
365 802 71 21 denna
457 802 56 26 åsigt
534 802 40 21 har
590 802 64 21 också
668 801 164 27 bevillningsut-

91 835 83 22 skottet
188 836 6 20 i
210 836 38 21 sitt
264 835 111 22 ofvanföre
391 835 83 28 afgifna
488 836 137 21 betänkande
640 836 49 21 sökt
703 835 84 22 utfinna
802 837 31 19 ett

91 872 43 19 sätt
146 870 34 21 för
186 870 151 26 uttaxeringen
353 870 23 21 af
391 870 70 22 denna
476 870 63 22 "röda
554 870 84 22 korsets
654 870 100 26 million”,
769 870 62 21 hvar-

90 904 84 27 igenom
190 904 74 28 hvarje
278 904 57 22 finsk
342 904 176 27 medborgare
500 900 14 36 —
527 904 59 22 såväl
599 904 42 27 hög
650 910 45 16 som
710 904 42 27 låg,
768 904 64 26 fattig

90 945 44 15 som
158 938 34 22 rik
208 952 24 2 —
249 939 83 21 komme
335 934 15 37 i
369 939 87 21 tillfälle
479 940 32 20 att
532 939 49 21 med
603 939 34 21 sin
657 939 61 21 skärf
732 938 46 21 visa
793 938 39 22 sitt

90 972 130 28 deltagande
235 973 34 21 för
282 973 47 21 dem
345 972 74 22 hvilka
434 974 65 21 blöda
513 974 7 20 i
536 973 89 21 striden.

156 1007 127 21 Emellertid
305 1013 64 21 synes
391 1008 44 26 mig
457 1008 54 21 dock
535 1007 109 21 utskottet
668 1007 76 21 härvid
768 1006 64 22 hafva

90 1042 77 26 skjutit
182 1042 66 26 något
264 1041 60 22 öfver
338 1041 73 22 målet.
441 1042 42 21 Det
499 1042 68 27 gifves
582 1042 107 26 nemligen
704 1048 26 15 en
741 1041 58 21 klass
810 1040 24 22 af

88 1076 148 26 medborgare,
261 1076 74 21 hvilka
350 1076 19 26 ej
385 1082 40 21 ega
441 1076 36 21 det
492 1076 95 27 ringaste
602 1075 118 27 inflytande
735 1075 36 21 vid
786 1075 44 26 lag-

88 1110 128 26 stiftningen
232 1110 39 21 och
287 1110 85 21 hvilkas
387 1112 46 19 röst
455 1110 27 26 på
497 1111 55 21 intet
567 1111 32 21 vis
615 1110 42 21 kan
672 1112 53 24 göra
740 1109 32 27 sig
788 1109 42 27 gäl-

87 1144 64 21 lande
167 1144 35 21 vid
218 1144 112 27 lösningen
346 1144 23 21 af
383 1145 38 21 det
437 1144 70 22 finska
525 1144 123 22 samhällets
665 1144 107 21 allmänna
786 1144 43 20 frå-

88 1184 46 21 gor.
164 1178 39 21 Att
226 1178 70 21 denna
317 1178 80 22 talrika
412 1178 59 22 klass
487 1179 22 21 af
523 1179 140 26 medborgare
678 1178 39 21 och
733 1178 97 21 medbor-

87 1213 102 26 garinnor
204 1213 18 26 ej
241 1213 48 20 med
311 1212 94 21 tålamod
421 1213 69 21 skulle
506 1213 52 21 bära
579 1219 29 14 nu
624 1213 6 20 i
653 1213 61 26 fråga
736 1212 94 21 varande

87 1248 67 25 tunga
169 1246 40 21 och
224 1248 32 19 att
272 1247 17 26 ej
307 1247 64 21 dessa
385 1247 45 20 lika
446 1247 62 27 djupt
523 1253 45 15 som
584 1247 67 20 andra
669 1246 160 21 samhällsklas-

87 1286 34 15 ser
132 1279 69 22 skulle
216 1280 72 21 känna
304 1281 41 21 den
361 1283 59 19 stora
429 1281 206 21 tillfredsställelsen
651 1281 59 21 öfver
725 1282 32 19 att
773 1280 57 21 helst

86 1314 28 27 på
129 1314 60 21 detta
204 1316 43 19 sält
262 1315 22 20 få
299 1315 87 27 deltaga
399 1315 8 20 i
421 1315 158 22 kulturstriden
598 1315 37 21 vill
655 1315 38 27 jag
712 1315 118 26 ingalunda

86 1348 94 25 betvifla,
195 1353 48 15 men
256 1349 70 20 skulle
342 1349 54 20 dock
406 1349 59 20 hålla
473 1349 52 25 före,
541 1351 32 18 att
581 1349 104 20 rättvisan
694 1348 39 21 och
744 1354 26 15 en
778 1348 52 20 klok

86 1381 120 21 statskonst
228 1381 91 26 fordrar,
342 1383 33 20 att
395 1382 18 25 ej
430 1381 13 21 å
457 1382 78 21 nämde
557 1382 161 21 samhällsklass
735 1394 23 3 —
775 1381 53 20 hvil-

84 1414 43 21 ken
140 1415 24 27 ju
180 1415 110 21 dessutom
304 1415 8 20 i
328 1415 117 22 allmänhet
466 1415 96 28 befinner
577 1416 34 26 sig
625 1415 7 22 i
647 1415 88 22 klenare
750 1415 79 22 ekono-

85 1448 70 22 miska
170 1449 185 27 omständigheter
370 1451 27 20 än
412 1450 69 21 andra
495 1449 128 22 folkklasser
639 1462 26 3 —
680 1450 86 21 hvälfva
779 1450 48 20 bör-

86 1483 38 21 dor
147 1489 46 15 som
215 1483 33 22 för
273 1483 124 22 densamma
426 1484 70 22 blefve
526 1484 83 22 relatift
629 1485 63 21 svåra
714 1486 33 20 att
768 1485 59 20 bära.

152 1529 198 24 Bevillningsutskottets
363 1531 104 18 betänkande
479 1531 33 17 N:o
525 1531 16 18 2.
