1014 1698
259 150 240 21 Petitionsbetänkande
510 152 38 20 N:o
559 152 35 20 20.
760 156 22 17 19

55 204 40 20 Abo
107 206 28 18 ett
145 206 74 24 lyceum,
231 213 37 13 som
280 208 27 18 för
318 209 112 19 närvarande
440 210 34 18 har
481 209 31 19 två
520 210 118 23 fullständiga
646 211 43 18 eller
696 211 108 24 sjuklassiga

56 234 117 24 afdelningar,
194 236 27 17 uti
241 236 62 18 hvilka
324 237 56 23 begge
401 237 30 19 det
451 238 75 19 svenska
546 238 112 23 tungomålet
675 241 20 16 är
714 240 90 18 undervis-

55 263 113 23 ningsspräk.

127 292 28 18 Då
169 292 54 19 saken
238 293 20 18 sä
272 293 86 19 förhåller
372 294 32 23 sig,
420 294 58 18 skulle
491 294 32 24 jag
538 295 100 24 ödmjukast
649 296 66 18 föreslå
726 302 22 13 en
760 297 45 23 peti-

55 320 39 18 tion
106 320 68 19 derom:

124 361 19 23 1)
159 364 25 15 att
198 362 32 18 den
243 363 8 16 i
266 357 36 23 Åbo
317 364 77 17 varande
406 364 84 22 parallel.
506 364 40 18 eller
558 364 91 24 tillfälliga
660 365 111 23 afdelningen
782 364 23 25 af

90 389 50 23 lyceet
151 391 53 18 skulle
211 392 107 22 förvandlas
328 392 28 17 till
362 392 59 22 finsk;
432 396 43 14 samt

123 418 20 23 2)
158 422 26 14 att
195 420 108 23 Helsingfors
308 421 64 22 finska
380 422 74 21 privata
461 421 176 18 elementar-läroverk
644 422 52 18 skulle
704 423 101 22 uppehållas

89 447 38 17 med
140 447 90 18 allmänna
245 449 98 21 statsmedel,
358 450 77 22 eftersom
446 450 36 18 dess
492 450 153 23 upprätthållande
650 452 34 22 för
694 451 112 19 närvarande

90 476 53 17 stöder
157 476 26 22 sig
191 477 27 22 pä
229 478 77 17 enskilda
317 478 125 22 uppoffringar
453 480 30 16 och
494 479 63 17 således
568 479 58 17 hvilar
634 480 26 22 på
672 481 59 17 osäker
737 477 67 32 grund.

123 516 36 22 Jag
174 517 20 17 är
209 516 43 18 fullt
266 517 104 23 öfvertygad
384 518 65 22 derom,
465 519 28 17 att
506 518 110 19 hedervärda
630 518 72 19 ståndet
715 520 30 17 till
760 520 45 18 fullo

56 544 67 18 känner
135 544 22 18 de
169 544 118 24 olägenheter,
299 546 63 18 hvilka
372 546 68 19 bristen
450 546 24 24 på
485 547 55 23 högre
547 547 129 19 lärdomskolor
684 548 28 18 för
719 548 22 18 de
749 549 57 17 finska

56 572 73 19 talande
143 573 73 22 medför,
231 574 34 18 och
277 574 40 18 dem
328 574 40 18 vårt
379 575 38 18 folk
428 575 55 18 redan
495 581 21 13 en
528 576 62 23 längre
601 576 28 18 tid
640 576 63 19 bittert
715 573 91 31 beklagat,

57 601 134 19 Vördsammast
207 603 80 18 anhåller
300 603 32 23 jag
344 603 74 23 således,
430 605 28 17 att
469 604 109 19 hedervärda
590 604 72 19 ståndet
672 606 43 18 ville
726 607 80 22 upptaga

57 630 58 18 denna
126 630 37 18 min
174 630 65 24 billiga
250 632 77 23 petition
339 638 37 12 som
388 633 28 17 sin
428 638 49 17 egen.

357 666 1 3 :
616 663 21 16 E.
650 663 88 17 Nohteri.*

80 690 159 29 (Öfversättning.)

276 738 9 9 »
289 724 141 18 Hedervärda
444 724 148 19 Bondeständ.

125 758 59 19 Bland
196 758 21 19 de
229 758 173 22 missförhällanden,
416 759 20 18 af
446 759 62 18 hvilka
516 759 57 18 finska
581 759 73 23 spräket
660 760 28 18 för
696 759 110 20 närvarande

57 787 46 19 lider
113 788 28 18 uti
152 788 41 18 värt
204 788 47 21 land,
264 790 20 16 är
295 788 117 20 tvifvelsutan
422 788 122 18 förhällandet
551 788 40 18 med
599 788 209 24 undervisningsspräket

57 817 7 17 i
75 816 44 19 vära
129 816 52 19 lärda
193 817 60 18 skolor
264 822 22 13 en
298 817 20 18 af
328 817 22 17 de
361 818 46 16 mest
419 817 91 17 ömmande
519 816 180 24 omständigheterna.
723 813 85 23 Öfverflö-

58 845 40 24 digt
112 845 52 19 torde
178 850 43 14 vara
233 847 28 17 att
272 846 34 18 här
317 846 93 23 vidlyftigt
423 845 43 18 orda
479 851 33 16 om,
524 845 94 19 hurudana
629 845 43 19 våra
683 846 125 19 förhållanden

57 875 8 17 i
77 875 58 18 denna
147 875 28 18 del
188 877 36 19 äro,
240 875 23 18 då
275 875 21 18 de
308 875 40 18 lära
359 880 43 13 vara
415 875 75 18 allmänt
502 875 83 18 bekanta.
603 875 36 18 Det
650 875 77 18 allenast
738 875 29 18 må
779 881 31 12 an-

58 903 76 21 märkas,
147 905 28 16 att
186 903 57 18 denna
255 903 33 18 sak
300 903 52 24 djupt
363 903 52 18 berör
427 903 63 23 sjelfva
502 903 110 18 lifsvilkoren
624 903 27 18 för
662 903 40 18 vårt
710 904 43 21 folk,
762 905 47 17 samt

59 933 28 17 att
101 933 166 18 åstadkommandet
282 932 20 18 af
315 932 74 18 rättelse
404 933 109 18 härutinnan
526 933 55 20 alltså
592 933 24 23 pä
628 933 34 18 allt
673 934 37 17 sätt
722 933 32 18 bör
766 935 43 21 taga

59 961 7 18 i
89 961 78 23 anspråk
187 961 37 18 alla
244 961 43 18 våra
307 961 149 23 ansträngningar
478 962 46 17 samt
540 961 44 18 våra
600 962 46 17 mest
664 963 144 22 samvetsgranna

59 995 94 18 omsorger.

127 1018 28 18 Då
166 1018 21 18 så
198 1018 85 19 förhåller
295 1019 28 22 sig
335 1019 33 17 och
380 1019 6 17 i
398 1018 118 19 betraktande
528 1018 54 22 deraf,
595 1019 29 18 att
634 1019 40 18 vårt
686 1019 52 18 lands
748 1019 60 23 gamla

59 1046 109 19 hufvudstad
179 1040 45 28 Åbo,
236 1047 76 23 belägen
323 1047 7 17 i
342 1052 22 13 en
375 1047 46 18 finsk
433 1047 86 22 landsort,
531 1047 109 18 fortfarande
652 1047 65 18 saknar
729 1053 22 12 en
762 1047 46 18 finsk

59 1075 135 23 lärdomsskola,
208 1075 55 24 vågar
276 1075 32 24 jag
320 1075 102 23 ödmjukast
434 1075 70 22 föreslå,
516 1077 28 16 att
555 1075 110 18 hedervärda
676 1076 134 18 Bondeståndet

60 1105 58 18 skulle
132 1105 30 18 till
177 1104 32 19 vår
223 1104 66 24 nådige
304 1105 97 18 Storfurste
416 1105 43 23 ingå
474 1105 40 18 med
529 1110 21 13 en
564 1104 112 24 underdånig
688 1105 82 23 petition,
782 1106 28 17 att

61 1134 55 18 andra
131 1133 114 24 afdelningen
259 1133 20 18 af
291 1127 40 24 Åbo
345 1133 69 23 lyceum
429 1133 20 18 så
460 1133 36 18 fort
511 1139 37 12 som
559 1133 71 23 möjligt
642 1133 57 18 skulle
710 1133 100 22 förfinskas,

60 1163 24 22 på
99 1163 30 17 det
145 1163 27 17 att
185 1162 66 23 jemväl
265 1162 27 18 för
306 1162 82 18 traktens
402 1162 58 18 finska
471 1161 73 18 talande
556 1161 113 24 befolknings
680 1161 45 19 barn
736 1161 74 18 tillfälle

60 1191 58 18 blefve
129 1191 63 18 beredt
204 1192 27 17 att
241 1191 74 18 komma
326 1191 7 17 i
344 1191 112 22 delaktighet
467 1190 20 18 af
496 1191 55 23 högre
562 1190 70 18 lärdom
643 1190 33 18 och
687 1190 89 23 bildning.

129 1219 111 24 Helsingfors
252 1219 35 19 den
298 1221 12 17 8
321 1219 87 18 Februari
420 1220 51 18 1877.

584 1241 68 18 Kaarlo
668 1242 74 18 Wärri.*

239 1287 55 24 Till
306 1287 128 23 Vällofliga
446 1286 194 24 Borgareständet.

130 1322 120 19 Alldenstund
264 1322 118 23 Björneborgs
398 1321 46 20 stad,
460 1327 37 12 som
512 1321 46 18 ända
570 1321 30 17 till
612 1320 20 18 är
643 1321 49 22 1830,
706 1320 23 17 dä
740 1325 72 18 gymna-

63 1350 46 19 sinm
122 1351 7 17 i
143 1344 40 25 Åbo
198 1350 87 21 stiftades,
301 1349 45 23 ägde
362 1350 26 17 ett
402 1349 116 22 fullständigt
533 1348 87 20 läroverk,
636 1347 76 18 derefter
724 1348 34 17 allt
769 1348 43 17 fort-

63 1379 73 18 farande
148 1379 77 18 förutom
236 1378 40 22 gina
287 1378 97 18 folkskolor
396 1377 34 17 och
442 1382 21 12 en
475 1376 99 23 tvåklassig
585 1375 89 18 realskola
682 1375 48 18 blott
738 1376 75 17 innehar

64 1409 27 16 ett
104 1408 68 22 lyceum
187 1407 40 18 med
242 1407 39 22 fyra
295 1406 77 21 klasser;
388 1405 112 23 fördenskull
515 1405 33 17 och
564 1403 22 18 då
601 1397 39 25 Åbo
653 1404 41 17 stad
705 1405 20 16 är
736 1404 76 23 belägen

63 1436 24 23 på
99 1437 61 16 sexton
167 1435 41 18 mils
217 1435 72 18 afstånd
296 1434 47 18 ifrån
351 1433 115 23 Björneborg,
475 1433 33 18 och
516 1432 55 23 något
579 1433 81 17 närmare
667 1432 55 23 högre
730 1433 82 17 läroverk

64 1465 16 22 ej
91 1464 57 19 heller
159 1464 62 21 finnes,
233 1465 20 16 är
265 1463 30 18 det
306 1463 96 23 påtagligt,
414 1463 28 16 att
453 1466 72 13 numera
536 1460 64 19 endast
612 1460 21 18 de
644 1461 8 16 i
663 1460 112 19 ekonomiskt
786 1460 27 18 af-

133 1498 94 18 Allmänna
239 1498 158 18 Besvärsutskottets
408 1496 103 18 betänkande
522 1495 35 17 N:o
570 1495 28 16 17.
