1045 1709
234 128 319 20 Petitionsbetänkande
569 128 47 21 N:o
631 128 47 21 37.
787 128 11 20 9

84 196 112 22 Högvördiga
211 195 129 18 Prestaständet
357 195 124 18 vördsammast
493 195 97 22 hemställa,
605 202 29 11 om
646 196 39 17 icke
697 196 72 17 Ständet
780 196 45 20 ville,

85 224 83 22 antingen
186 226 66 16 ensamt
269 224 41 16 eller
327 226 108 19 gemensamt
452 224 40 17 med
508 224 56 22 öfriga
578 224 82 22 Ständen,
674 230 29 12 om
715 225 21 16 de
748 224 43 17 efter
803 224 24 16 in-

86 252 84 22 bjudning
182 253 59 16 kunna
252 252 26 22 sig
290 252 60 16 derom
361 251 66 23 förena,
441 252 25 16 till
478 252 48 17 Hans
536 252 100 22 Kejserliga
647 253 86 21 Majestät!
741 253 39 21 ingå
788 253 39 16 med

87 286 21 11 en
121 280 107 23 underdånig
240 280 73 22 petition
325 280 69 17 derom:

187 311 25 14 att
223 307 133 18 industriskolor
368 307 39 17 med
419 307 71 18 svenskt
501 307 183 23 undervisningsspråk
697 309 87 17 äfvensom
799 309 28 21 dy-

152 337 36 17 lika
205 337 39 17 med
256 337 53 17 finskt
321 336 184 22 undervisningsspråk
521 336 124 23 ofördröjligen
657 337 107 22 organiseras
776 337 5 17 i
793 337 34 17 för-

153 365 80 18 hållande
250 365 26 17 till
293 365 64 17 antalet
374 364 20 17 af
408 365 6 16 i
431 364 58 18 landet
507 364 113 23 existerande,
634 365 27 18 för
672 365 155 18 industriskolorna

154 394 126 17 förberedande
291 393 103 22 fyrklassiga
405 393 101 18 realskolor.

153 421 110 24 Helsingfors
274 423 34 17 den
320 423 11 16 8
342 422 84 17 Februari
440 422 48 17 1877.

220 457 20 18 Z.
253 457 19 18 J.
287 456 55 18 Cleve.
490 456 58 23 Georg
560 456 21 18 Z.
595 456 96 18 Forsman.

142 485 42 18 Joh.
201 485 55 18 Gabr.
270 485 76 18 Geitlin.
382 485 21 17 A.
419 485 22 18 G.
452 485 20 18 J.
484 484 92 19 Hallsten.
611 485 50 22 Alfr.
673 485 95 18 Kihlman.

154 542 104 29 Slutligen
276 542 37 21 bör
333 541 108 22 Utskottet
459 541 74 22 härvid
550 541 74 26 erinra,
644 543 31 20 att
689 542 138 28 petitionären

85 576 145 29 Karvosenoja
248 576 8 21 i
273 576 32 21 sin
319 575 90 29 petition
423 583 33 14 om
470 576 197 21 lärdomsskolornas
681 576 145 29 organisation,

85 611 87 21 hvilken
194 611 105 21 allaredan
319 609 70 22 blifvit
409 610 32 21 till
460 609 96 30 pröfning
570 612 105 27 upptagen
690 610 7 21 i
712 611 115 21 Allmänna

85 645 203 22 Besvärsutskottets
309 644 131 22 betänkande
458 645 41 21 N:o
515 645 32 25 17,
563 645 63 20 bland
640 648 63 18 annat
717 644 62 22 äfven
794 645 32 21 be-

85 681 44 20 rört
142 679 72 28 frågan
228 687 35 14 om
277 679 165 25 industriskolor,
457 679 8 20 i
480 679 34 21 det
528 679 43 21 han
588 679 63 28 yrkar
661 679 87 26 (samma
757 679 69 22 betän-

85 713 69 22 kande
169 713 37 22 sid.
223 714 31 26 8):

201 743 30 20 att
252 741 57 22 säväl
328 741 57 21 lärda
400 748 45 14 som
459 741 158 22 industriskolor
631 741 58 21 inom
703 741 67 28 nägon
785 741 42 22 viss

169 776 41 21 tids
232 775 80 29 förlopp
334 775 65 22 mätte
418 775 48 21 med
480 775 119 22 hänseende
613 775 33 22 till
660 775 167 29 undervisnings-

170 810 84 28 spräket
268 810 23 21 sä
305 809 81 26 ordnas,
402 811 31 20 att
447 809 35 22 det
496 809 68 22 skulle
578 809 32 22 för
619 810 64 27 begge
693 810 133 27 tungomälen

168 845 66 21 finnas
250 844 68 21 skolor
333 843 52 22 efter
400 843 85 22 alldeles
500 851 79 14 samma
593 843 124 29 proportion,
733 851 44 14 som
790 844 37 21 fin-

170 879 38 21 ska
228 879 39 21 och
282 879 89 21 svenska
385 878 84 22 talande
484 878 112 28 inbyggare
611 878 7 21 i
633 879 70 21 landet
718 879 62 21 hafva
794 879 32 22 till

169 913 123 21 hvarandra.

152 946 36 22 Då
202 947 115 20 Allmänna
331 946 194 22 Besvärsutskottet
539 946 90 22 förehaft
644 947 59 21 dessa
717 946 68 28 frågor
794 946 32 21 till

85 981 131 28 behandling,
239 981 39 21 har
296 980 109 22 Utskottet
421 980 8 21 i
448 980 85 22 främsta
547 982 91 20 rummet
651 981 47 21 bort
711 982 47 27 taga
772 980 8 21 i
794 981 33 20 be-

85 1015 109 22 traktande
214 1015 35 22 det
271 1015 209 28 anmärkningsvärdt
502 1015 58 28 ringa
575 1015 56 22 antal
645 1015 70 21 elever
729 1014 25 21 de
769 1014 58 28 nyin-

85 1049 79 22 rättade
182 1049 140 22 realskolorna
337 1049 139 22 öfverhufvud
490 1049 8 21 i
512 1049 46 21 vårt
572 1049 50 21 land
635 1049 81 28 lyckats
730 1048 97 22 tillvinna

85 1083 36 28 sig.
151 1084 34 21 De
200 1083 123 28 fyrklassiga
338 1083 140 22 realskolorna
492 1083 8 21 i
514 1083 131 28 Helsingfors
656 1083 38 21 och
705 1077 45 27 Åbo
760 1083 66 26 (sven-

85 1118 46 27 ska)
149 1121 53 18 samt
218 1118 7 21 i
241 1118 88 28 Wiborg
344 1118 39 21 och
397 1117 85 29 Kuopio
498 1117 90 27 (finska),
605 1130 26 2 —
645 1117 73 22 hvilka
732 1117 54 22 varit
801 1117 25 21 de

85 1154 54 19 mest
152 1152 92 25 besökta,
260 1165 27 2 —
301 1151 64 22 hafva
378 1152 67 21 under
459 1151 88 22 läseåret
562 1152 111 21 1875—76
683 1151 45 22 haft
737 1153 31 20 att
777 1159 50 20 upp-

85 1186 45 22 visa
148 1194 53 20 resp.
218 1187 33 25 81,
267 1187 33 25 64,
315 1187 28 20 48
359 1186 38 21 och
411 1186 28 21 46
454 1186 79 26 elever;
556 1185 93 22 deremot
663 1185 54 22 hade
732 1185 40 21 den
786 1185 41 28 fyr-

85 1220 89 29 klassiga
196 1221 67 21 finska
284 1220 116 21 realskolan
423 1219 7 21 i
452 1219 146 26 Tammerfors,
617 1220 83 21 landets
714 1219 113 22 förnämsta

85 1255 131 25 tabriksstad,
239 1255 35 21 vid
296 1262 78 13 samma
396 1254 31 21 tid
448 1255 53 20 blott
520 1254 27 21 24
566 1254 75 25 elever,
661 1254 26 21 de
701 1253 126 28 tvåklassiga

85 1289 141 21 realskolorna
247 1288 8 21 i
272 1282 45 28 Åbo
333 1288 71 27 (finsk)
419 1289 39 20 och
474 1289 82 20 Raumo
571 1288 93 27 (svensk)
679 1288 53 21 hade
748 1289 26 20 14
789 1289 38 20 och

86 1323 26 20 13
135 1323 75 25 elever,
233 1323 75 20 medan
327 1322 114 27 Uleåborgs
459 1322 67 21 finska
544 1322 101 21 realskola
663 1322 68 21 under
749 1330 78 13 samma

85 1355 67 22 läseår
165 1355 27 28 på
206 1355 36 22 två
256 1356 79 21 klasser
349 1355 54 21 hade
418 1355 73 22 endast
507 1356 24 20 11
548 1356 74 20 elever.
655 1355 110 21 Jemförda
779 1355 48 21 med

86 1389 35 22 det
135 1389 117 29 betydande
268 1389 103 21 elevantal
387 1389 26 20 de
427 1389 56 28 lägre
499 1389 210 21 elementarskolorna
718 1389 27 29 på
754 1389 33 21 sin
797 1389 30 27 tid

86 1424 57 28 egde,
158 1424 73 28 tyckas
245 1423 64 23 redan
324 1423 59 23 dessa
397 1423 67 23 siffror
479 1432 49 14 vara
538 1425 31 20 ett
578 1423 67 23 starkt
654 1423 58 23 bevis
722 1425 55 20 emot
787 1423 40 22 den

85 1466 42 21 nya
148 1458 265 22 realskole-institutionens
429 1458 128 29 lämplighet,
576 1458 39 22 och
633 1466 48 14 man
701 1455 42 25 Kan
766 1458 61 24 äfven

152 1498 102 19 Allmänna
266 1498 184 20 Besvärs-utskottets
462 1498 110 19 betänkande
583 1498 36 19 N:o
630 1499 28 18 21,
