1048 1709
247 142 315 20 Petitionsbetänkande
578 144 46 18 N:o
640 145 33 17 31.
792 142 13 20 3

92 208 41 26 dag
148 208 55 21 huru
218 208 85 22 landets
319 209 103 26 statistik,
438 209 64 22 hvars
517 210 147 21 bearbetande
674 209 54 21 dock
740 210 42 26 dag
797 209 33 21 för

91 242 42 27 dag
152 242 75 21 vinner
250 242 56 22 ökad
321 243 118 27 betydelse,
462 244 55 21 skall
537 244 45 21 lida
598 244 22 20 af
634 245 32 19 ett
681 243 77 21 sådant
772 244 61 20 miss-

91 276 141 21 förhållande.

159 309 39 22 Om
214 310 107 21 utskottet
344 311 36 20 det
400 310 90 22 oaktadt
505 311 47 21 icke
568 312 72 20 ansett
655 311 32 26 sig
703 311 73 20 kunna
791 310 41 21 för-

92 344 53 21 orda
170 343 41 22 den
226 344 8 21 i
248 345 134 21 memorialet
405 344 124 28 föreslagna
552 345 126 27 petitionen,
702 344 39 21 har
756 344 78 21 sådant

91 379 58 22 skett
165 379 150 28 förnämligast
330 380 24 21 af
367 381 41 20 den
424 381 122 27 anledning,
563 382 32 20 att
609 380 108 22 utskottet
724 379 48 22 icke
779 381 55 20 trott

91 413 67 28 några
181 414 33 21 till
239 414 124 21 ändamålet
377 415 92 22 ledande
484 415 101 27 åtgärder
600 415 74 21 kunna
688 415 99 26 vidtagas
802 414 31 21 in-

91 454 42 16 nan
148 447 110 28 åtskilliga
274 449 74 26 andra,
363 449 28 26 på
407 449 70 22 denna
492 449 38 22 sak
545 449 132 22 inverkande
692 449 73 27 frågor
782 455 52 15 vun-

91 482 32 22 nit
138 482 33 21 sin
187 483 88 27 slutliga
290 483 92 27 lösning.

159 517 74 27 Enligt
247 517 57 21 hvad
319 523 49 16 man
384 518 62 21 torde
461 517 22 22 få
498 519 80 26 antaga
592 517 34 22 för
641 517 74 28 gifvet,
742 517 93 22 förestår

92 551 113 27 nemligen,
222 552 103 27 antingen
341 552 60 21 Hans
416 553 125 26 Kejserliga
556 552 114 27 Majestäts
686 552 33 21 till
735 551 101 22 Ständer-

91 592 28 15 na
134 585 80 22 aflåtna
228 585 79 28 nådiga
322 587 141 26 proposition,
472 587 111 26 angående
599 587 128 21 förändrade
743 587 92 21 bestäm-

90 620 77 27 ningar
186 627 33 14 om
238 621 183 25 häradsrätterna,
441 621 36 21 vid
496 621 70 21 denna
581 621 104 26 landtdag
708 621 124 26 godkännes

91 654 52 22 eller
158 655 47 21 icke
221 655 39 21 och
276 655 77 26 frågan
368 655 127 27 ytterligare
510 655 135 27 uppskjutes,
661 655 41 21 ien
714 661 50 15 snar
772 655 63 21 fram-

90 688 32 22 tid
137 695 26 15 en
179 689 133 26 ombildning
328 689 23 22 af
365 690 142 26 domsagorna
522 689 8 21 i
544 689 74 22 landet
633 690 7 20 i
656 689 56 27 syfte
726 690 33 20 att
782 689 53 27 möj-

92 723 84 26 liggöra
197 724 71 20 tätare
290 723 286 22 domstolssammanträden.
607 723 39 21 Att
668 723 37 21 det
719 723 77 21 främst
811 725 24 19 är

91 757 197 26 rättsskipningens
304 757 55 27 kraf,
375 763 45 16 som
435 757 36 21 vid
487 757 70 22 denna
573 757 134 27 ombildning
722 757 68 22 måste
804 757 31 22 bli

91 791 168 26 bestämmande,
282 793 32 20 att
330 792 85 21 således
439 792 69 21 denna
524 791 110 28 synpunkt
648 791 69 22 måste
732 791 36 22 vid
783 791 53 22 fast-

91 825 120 22 ställandet
226 825 22 22 af
263 825 153 27 domsagornas
433 826 95 21 omkrets
542 828 52 25 taga
611 825 120 22 företrädet
746 825 89 22 framför

92 860 80 21 sådana
194 860 194 27 lämplighetsskäl,
411 866 45 15 som
480 861 63 21 stöda
562 861 33 26 sig
609 860 29 27 på
652 860 68 21 andra
734 860 101 27 grunder,

92 894 61 21 torde
164 894 104 21 likaledes
284 894 22 21 få
321 896 90 25 antagas
434 894 33 21 för
483 895 114 27 sjelffallet.
627 894 43 21 Det
684 896 24 19 är
723 894 55 21 både
794 896 41 19 rät-

92 930 46 19 tare
154 928 40 21 och
208 928 78 22 lättare
302 930 33 20 att
349 929 36 20 vid
399 929 112 26 jemkning
527 929 23 21 af
563 929 85 21 landets
664 928 172 22 administrativa

91 962 112 27 indelning
225 963 71 26 lämpa
311 963 124 21 densamma
455 963 54 22 efter
525 964 41 21 den
579 963 103 27 judiciela
706 963 39 21 och
761 962 75 21 dervid

93 998 51 26 taga
159 997 82 26 hänsyn
256 997 34 21 till
306 997 41 21 den
362 997 284 28 likformighetsgrundsats,
662 1003 44 15 som
722 997 115 27 petitionä-

94 1037 37 15 ren
147 1031 58 20 velat
220 1033 52 25 göra
287 1031 106 27 gällande.
424 1031 48 22 Men
489 1032 23 21 så
527 1032 63 26 länge
604 1031 136 27 regleringen
748 1031 24 21 af
778 1032 58 20 dom-

93 1071 93 21 sagorna
201 1065 47 22 icke
263 1065 65 27 skett,
344 1065 78 22 saknas
438 1072 26 15 en
478 1066 44 21 fast
538 1065 69 28 grund
622 1065 33 21 för
671 1065 166 27 genomförande

97 1099 22 21 af
140 1099 41 21 den
204 1099 49 22 utaf
273 1100 145 26 petitionären
443 1100 122 27 föreslagna
584 1099 141 27 regleringen.
754 1099 84 26 Lägger

94 1140 48 15 man
158 1133 80 28 härtill,
262 1136 32 19 att
310 1134 63 21 äfven
389 1134 42 21 den
446 1135 63 26 länge
524 1133 126 22 emotsedda
664 1134 136 27 regleringen
816 1133 23 21 af

94 1168 172 27 presterskapets
291 1168 94 27 aflöning
400 1169 7 21 i
423 1169 86 21 landets
531 1167 249 28 evangelisk-lutherska
794 1167 43 22 för-

95 1201 122 27 samlingar,
241 1202 88 21 hvarom
351 1202 66 27 nådig
439 1202 134 27 proposition
596 1201 34 22 till
650 1202 69 21 denna
734 1201 104 26 landtdag

95 1235 87 27 aflåtits,
197 1236 111 26 likaledes,
335 1236 68 27 enligt
418 1237 56 20 hvad
489 1236 12 27 $
522 1237 28 20 20
564 1236 8 21 i
588 1235 49 22 dess
652 1235 186 28 författningsför-

95 1270 47 27 slag
165 1277 38 20 ger
218 1271 35 20 vid
269 1271 92 26 handen,
384 1271 42 21 kan
442 1271 112 20 föranleda
578 1270 33 21 till
628 1270 87 27 delning
730 1270 24 21 af
767 1272 71 20 större

96 1304 52 22 eller
164 1305 186 21 sammanslående
365 1305 23 21 af
401 1305 83 21 mindre
499 1304 151 27 församlingar
665 1306 55 19 samt
728 1304 108 28 reglering

96 1339 22 20 af
132 1341 109 24 pastorats
256 1338 53 21 eller
324 1339 137 26 församlings
477 1339 92 25 omfång,
585 1339 23 20 så
623 1344 63 20 synes
702 1339 37 19 det
754 1338 83 21 utskot-

96 1374 38 25 tet,
150 1372 70 21 såsom
235 1372 70 21 skulle
320 1372 33 21 för
368 1372 135 21 närvarande
521 1372 34 20 till
570 1371 190 22 åstadkommande
775 1371 23 21 af
812 1377 25 15 en

98 1406 233 22 öfverensstämmande
346 1406 108 27 reglering
469 1405 23 22 af
505 1405 85 22 landets
605 1405 125 27 indelning
719 1401 12 36 i
743 1405 26 21 de
784 1405 54 21 afse-

98 1441 75 26 enden,
181 1441 88 21 hvarom
284 1440 62 28 fråga
361 1443 30 24 är,
407 1440 66 27 något
487 1442 66 20 annat
568 1440 18 27 ej
602 1440 74 20 kunna
690 1439 104 27 tillgöras,
810 1442 27 18 än

98 1477 33 20 att
150 1476 37 21 vid
209 1475 109 27 reglering
342 1476 22 20 af
385 1475 142 26 domsagorna
548 1474 39 22 och
602 1474 144 27 tilläfventyrs
761 1474 79 27 nödiga

164 1521 172 18 Ekonomiutskottets
349 1521 104 17 betänkande
465 1520 34 17 N:o
516 1520 29 18 12.
