1056 1709
276 132 322 20 Petitionsbetänkande
614 133 50 21 N:o
679 134 45 21 27.
839 135 11 19 3

132 199 47 17 förse
196 197 22 18 de
236 198 48 18 inom
301 198 88 18 distriktet
407 198 143 18 functionerande
564 199 79 19 lärarene
659 200 39 17 med
711 202 69 20 qvarter
792 201 33 17 och
837 201 42 17 föda

132 227 55 17 under
198 226 34 18 den
244 227 25 17 tid
281 226 20 18 af
310 227 38 17 året
359 226 146 23 undervisningen
517 228 72 22 fortgår.

201 255 18 23 8)
237 255 122 17 Ordföranden
376 255 6 17 i
399 256 150 18 skoldirektionen
565 256 66 23 åligger
645 258 25 16 att
681 256 29 18 vid
722 258 82 17 löseärets
817 258 61 22 början

131 286 79 20 nppgöra
222 284 111 22 förteckning
344 284 49 16 öfver
404 284 33 17 alla
450 284 4 16 i
467 284 100 18 skolåldern
578 285 76 17 varande
666 285 43 17 barn
721 286 47 17 inom
781 286 97 17 församlin-

132 318 33 16 gen
177 315 45 15 samt
233 312 130 17 tillhandahålla
375 312 100 17 densamma
487 312 155 18 skoldirektionen.

201 341 18 22 9)
237 340 192 23 Kommunalstyrelsen
447 346 40 16 eger
504 343 26 15 att
541 340 62 23 pröfva
615 341 33 17 den
660 340 20 18 af
690 342 150 17 skoldirektionen
852 342 25 17 in-

131 369 80 17 lemnade
228 369 93 22 budgeten,
340 369 69 22 vidtaga
424 369 63 22 nödiga
499 369 121 23 förändringar
632 370 6 16 i
650 370 105 22 densamma,
769 370 66 18 fördela
847 377 30 10 un-

131 397 206 23 dervisningskostnaden
353 397 23 22 på
393 398 33 16 alla
438 397 47 17 inom
499 397 125 23 församlingen
635 397 112 23 kyrkskrifna
758 398 120 23 skriftgångna

132 432 89 16 personer,
235 426 97 18 bestämma
344 432 29 11 om
385 426 78 17 medlens
475 426 113 23 uppbärande
600 426 33 18 och
646 426 105 23 förvaltning
763 429 44 15 samt
815 429 63 15 använ-

130 454 57 18 dande
199 454 28 18 för
239 454 28 18 det
279 455 40 17 med
331 455 39 17 dem
383 455 72 17 afsedda
466 455 103 18 ändamålet.

199 483 30 23 10)
247 483 60 19 Skulle
325 484 186 21 kommunalstyrelsen
529 489 41 13 anse
588 484 34 17 den
638 483 20 17 af
671 484 150 17 skoldirektionen
833 490 43 16 upp-

131 512 63 23 gjorda
201 512 88 22 budgeten
297 512 59 17 alltför
363 512 111 22 betungande
482 512 28 18 för
516 512 116 18 kommunens
640 512 118 23 medlemmar,
767 513 68 17 anmille
843 512 34 18 för-

130 541 89 17 hållandet
234 541 31 18 hos
277 541 177 22 guvernörsembetet,
468 547 37 11 som
518 541 44 18 efter
574 541 160 18 skoldirektionens
745 541 78 18 hörande
835 547 41 17 eger

129 572 26 15 att
166 570 55 18 saken
232 570 62 22 pröfva
306 569 34 18 och
352 570 65 22 afgöra.

199 598 30 22 11)
241 597 151 23 Undervisningen
404 598 69 22 fortgår
485 598 67 22 årligen
563 598 45 17 ifrån
620 598 34 17 den
666 598 52 17 15:de
728 598 73 18 Januari
809 598 26 17 till
843 599 33 17 slu-

130 628 25 16 tet
166 626 21 18 af
197 626 34 22 Maj
245 626 33 18 och
290 626 45 18 ifrån
349 626 34 18 den
396 628 45 16 1:sta
453 626 80 18 Oktober
544 626 26 17 till
582 625 52 18 15:de
646 626 103 18 December.

198 655 30 22 12)
240 655 41 17 Alla
293 655 49 21 barn,
356 661 38 11 som
406 655 39 21 fyllt
454 656 9 16 7
473 655 25 21 år,
511 656 31 16 äro
551 654 127 18 underkastade
686 655 91 22 lärotvång
784 654 44 18 intill
836 655 40 17 dess

129 683 22 18 de
169 683 84 17 inhemtat
273 683 29 17 det
321 683 134 22 kunskapsmått
474 683 31 17 här
524 682 121 22 föreskrifvits,
664 683 58 17 derest
736 683 22 17 de
770 683 39 17 icke
820 682 56 18 förmå

129 711 65 23 styrka,
213 713 25 15 att
253 711 21 18 de
291 712 22 22 på
328 714 53 15 annat
397 713 33 15 sätt
441 712 60 16 kunna
513 711 54 18 blifva
579 710 89 24 delaktiga
678 711 20 17 af
708 711 34 17 den
754 711 123 22 undervisning

129 746 38 12 som
186 740 39 17 med
244 740 56 18 denna
317 740 103 22 författning
437 740 50 18 afses.
513 740 35 18 För
560 739 53 23 öfrigt
625 740 69 17 frikalla
706 740 60 17 endast
777 740 99 22 naturlyten

131 769 33 17 och
176 768 57 22 styrkt
245 768 95 23 sjuklighet
352 768 45 18 ifrån
409 768 39 18 dess
460 768 108 18 efterlefnad.

196 796 35 19 För
243 797 22 18 de
282 798 52 17 barns
349 797 129 23 undervisning,
493 797 59 18 hvilka
564 796 55 18 önska
631 796 51 18 vinna
694 796 125 18 vidsträcktare
830 797 44 17 kun-

129 826 64 23 skaper
210 828 23 16 än
250 826 39 18 med
307 826 57 18 denna
381 826 104 23 författning
501 826 51 22 afses,
565 826 56 17 borde
633 826 47 17 inom
698 826 60 22 hvarje
774 825 102 23 församling

129 855 53 18 minst
194 861 22 12 en
228 855 55 23 högre
295 854 88 20 folkskola
394 855 78 23 inrättas,
486 856 25 17 till
523 856 51 17 hvars
587 854 90 19 underhåll
689 857 25 15 ett
725 854 52 23 årligt
788 854 62 24 bidrag
857 854 21 18 af

128 884 101 22 förslagsvis
241 886 52 20 2,500
309 884 50 18 mark
375 884 20 17 af
405 885 87 17 allmänna
503 884 57 18 medel
572 884 59 18 kunde
642 884 57 17 anslås
711 884 55 17 under
777 884 99 22 skyldighet

128 913 28 17 för
168 913 106 17 kommunen
287 915 25 15 att
324 913 23 23 på
359 914 33 16 sätt
404 913 101 17 densamma
516 912 99 23 lämpligast
627 912 56 18 finner
690 912 86 22 tillskjuta
783 912 45 18 hvad
836 918 39 12 som

128 942 68 18 brister.
228 942 96 22 Angående
340 942 51 17 dessa
406 942 69 17 skolors
491 941 118 23 organisation
624 941 33 18 och
670 941 146 22 undervisningen
827 942 6 16 i
845 941 29 17 de-

127 976 67 12 samma
210 970 53 23 gäller
277 970 46 17 hvad
339 970 22 17 de
373 971 28 16 för
413 970 88 18 desamma
512 970 93 18 utfärdade
616 970 149 22 högöfverhetliga
776 969 98 19 författnin-

129 1004 54 18 garna
195 998 81 19 särskildt
288 998 65 22 stadga.

624 1032 42 18 Otto
678 1031 126 19 Nordström.»

274 1091 52 18 «Till
345 1091 37 17 det
399 1091 138 23 högvördiga
554 1090 173 23 presteståndet.

197 1127 32 17 Att
241 1126 5 18 i
258 1126 39 18 vårt
308 1126 40 17 land
360 1126 101 18 folkskolan
472 1126 39 18 icke
523 1128 46 15 ännu
581 1125 62 17 hunnit
654 1124 54 18 verka
718 1124 75 22 mycket,
804 1124 19 17 af
828 1124 46 17 hvad

128 1156 34 17 den
174 1155 28 18 för
214 1154 175 24 folkupplysningens
404 1154 74 22 dyrbara
493 1153 126 23 angelägenhet
630 1155 19 15 är
660 1152 58 18 kallad
730 1154 25 15 att
766 1152 59 22 verka,
838 1152 36 18 kan

127 1184 39 17 icke
184 1184 73 17 förvåna
274 1184 59 21 någon
351 1188 37 12 som
405 1183 10 16 å
432 1188 33 11 ena
476 1182 49 18 sidan
537 1182 127 22 ihågkommer,
677 1183 25 15 att
714 1181 5 17 i
730 1181 112 17 nationernas
854 1180 22 18 lif

127 1212 111 22 bildningens
250 1211 68 18 frukter
329 1211 46 17 blott
385 1211 87 22 långsamt
483 1216 70 16 mogna,
567 1210 33 18 och
613 1210 10 17 &
635 1210 54 17 andra
700 1209 49 17 sidan
761 1211 25 15 att
794 1209 78 17 folksko-

126 1242 30 16 lan
168 1240 45 23 sjelf,
232 1240 58 18 säsom
305 1239 103 22 institution,
422 1239 33 17 hos
471 1245 28 11 oss
511 1241 47 15 ännu
569 1240 19 16 är
600 1238 60 17 alltför
671 1244 41 16 ung,
725 1237 28 17 för
764 1239 26 15 att
801 1237 34 17 den
847 1243 25 11 re-

126 1270 35 17 dan
179 1268 78 18 öfverallt
273 1268 56 18 skulle
347 1267 66 17 kunnat
425 1267 5 17 i
443 1267 86 17 önskvärd
547 1266 43 24 grad
600 1266 80 17 tillvinna
691 1266 26 22 sig
728 1265 101 17 förtroende
840 1265 33 18 hos

128 1298 30 17 det
169 1296 87 24 egentliga
267 1296 61 18 folket.
353 1296 63 17 Dertill
432 1296 85 21 kommer,
531 1298 25 14 att
568 1295 22 17 de
602 1294 115 18 ekonomiska
728 1294 114 22 tillgängarne
854 1294 19 17 sä

127 1327 26 17 väl
168 1327 33 16 hos
213 1325 144 21 församlingarne
371 1330 38 12 som
424 1324 33 18 hos
473 1324 60 17 Staten
545 1326 31 15 äro
587 1323 102 17 inskränkta
700 1322 34 18 och
746 1322 15 22 ej
774 1322 28 17 för
812 1324 60 15 närva-

127 1354 54 18 rande
197 1353 34 18 och
246 1353 68 22 knappt
329 1352 5 17 i
350 1358 21 11 en
387 1352 76 21 aflägsen
475 1351 70 17 framtid
557 1351 103 22 möjliggöra
671 1350 105 17 inrättandet
788 1350 20 16 af
817 1351 25 15 ett
853 1350 19 16 sä

127 1384 45 16 stort
183 1381 47 18 antal
242 1381 53 22 högre
308 1380 103 21 folkskolor,
425 1382 26 15 att
463 1380 60 21 hvarje
535 1380 43 17 barn
590 1378 56 18 skulle
658 1378 58 17 kunna
724 1378 73 17 beredas
804 1377 68 17 tillfälle

126 1414 26 16 att
164 1410 66 19 besöka
242 1416 21 12 en
275 1409 59 19 sädan.

195 1438 102 19 Emellertid
309 1440 19 15 är
340 1438 29 17 det
381 1438 5 16 i
398 1438 73 17 dubbelt
482 1437 81 17 afseende
572 1438 24 16 ett
604 1435 97 23 betänkligt
709 1435 73 22 faktum,
792 1436 26 16 att
825 1437 46 15 ännu

126 1472 25 16 ett
162 1470 19 17 så
200 1470 44 16 stort
257 1467 47 18 antal
315 1467 104 18 kommuner
430 1467 61 21 finnes,
505 1466 31 18 der
548 1466 14 22 ej
576 1471 22 11 en
610 1465 44 17 enda
665 1464 54 22 högre
726 1463 89 19 folkskola
822 1464 49 16 kom-

193 1502 102 19 Allmänna
307 1500 176 20 Besvärsutskottets
495 1498 111 20 betänkande
618 1499 36 19 N:o
666 1499 27 17 19.
