1039 1711
256 125 319 22 Petitionsbetänkande
591 127 46 21 N:o
653 127 43 20 14.

383 306 144 25 Allmänna
555 306 288 25 Besvärsutskottets

305 346 138 24 betänkande
469 346 37 24 N:o
529 346 36 32 14,
588 347 6 23 i
622 346 115 28 anledning
763 346 27 24 af
813 348 32 23 ett

304 386 55 24 inom
377 385 117 32 Vällofliga
513 385 187 32 Borgareståndet
721 386 67 24 väckt
806 394 39 24 pe-

305 425 163 32 titionsförslag
485 428 32 21 alt
534 425 77 25 lärare
622 425 38 25 och
670 425 127 25 lärarinnor
809 426 35 24 vid

305 465 87 32 privata
407 465 77 24 skolor
504 464 65 26 måtte
587 464 28 33 på
632 465 61 25 vissa
711 465 74 24 vilkor
799 466 44 24 till-

306 504 112 25 erkännas
430 507 44 22 rätt
493 505 31 24 till
543 504 248 32 tjensteårsberäkning
805 505 38 25 och

309 544 153 31 delaktighet
455 540 13 40 i
474 544 158 25 ecklesiastik-
650 545 39 24 och
708 545 136 26 skolstatens

304 584 69 24 enke-
391 584 39 24 och
448 584 144 32 pupillkassa.

168 652 35 20 Uti
226 652 194 26 protokollsutdrag
442 652 31 20 för
492 652 40 20 den
553 652 11 20 9
583 652 94 20 sistlidne
691 652 100 20 Februari
806 652 38 20 har

100 687 109 26 vällofliga
223 686 177 26 Borgareståndet
416 686 30 20 till
462 686 113 20 Allmänna
586 686 201 20 Besvärsutskottets
803 686 40 20 för-

99 720 120 21 beredande
241 720 128 25 behandling
395 720 115 26 hänskjutit
537 722 30 18 ett
590 720 117 20 sälydande
736 720 107 25 petitions-

98 754 119 20 memorial:

252 804 59 16 ”Till
325 803 139 23 Välloflige
477 803 218 24 Borgareständet.

168 844 152 22 Allmännyttiga
332 844 72 21 företag
416 843 64 22 borde,
492 843 55 18 äfven
556 848 29 12 om
595 843 22 16 de
625 844 32 16 äro
671 843 66 23 bragta
748 844 29 16 till
790 843 53 18 ständ

98 873 21 16 af
130 873 34 17 den
178 872 81 18 enskilta
272 871 174 23 företagsamheten,
459 871 65 18 kunna
535 871 83 23 päräkna
630 871 30 18 det
672 871 49 23 hägn
730 871 33 18 och
773 872 21 17 de
806 873 37 16 för-

99 900 65 18 mäner
176 902 60 16 «staten
249 899 123 18 tillförsäkrat
387 900 41 16 sina
444 905 47 16 egna
509 900 91 17 likartade
618 900 130 22 inrättningar.
773 899 29 18 Då
813 906 31 11 en-

97 929 59 18 skilta
167 933 89 18 personer
268 928 47 17 eller
327 929 108 22 föreningar
447 929 41 16 med
502 930 50 15 stora
563 928 128 22 uppoffringar
703 930 100 21 anstränga
815 929 29 22 sig

100 959 27 16 att
138 957 88 18 befordra
234 956 92 23 ändamål,
334 956 65 17 hvilka
411 957 105 22 egentligen
529 955 63 24 åligga
600 956 30 17 det
638 956 101 20 allmänna,
749 961 56 17 synes
814 957 31 16 det

100 987 38 22 mig
150 987 38 16 rätt
199 985 35 18 och
246 985 63 23 billigt
320 986 28 16 att
361 987 60 15 staten
439 985 116 17 underlättar
573 985 52 16 dessa
643 985 126 22 sträfvanden,
783 989 30 13 om
825 985 16 22 ej

100 1015 45 17 med
152 1014 65 17 direkt
228 1013 109 22 understöd,
350 1013 20 17 sä
378 1013 113 18 ätminstone
500 1018 67 17 genom
576 1013 162 22 undanrödjandet
746 1014 21 17 af
774 1013 21 17 de
804 1014 39 16 hin-

99 1043 38 21 der,
149 1048 40 12 som
202 1043 52 22 lagar
266 1043 35 17 och
314 1042 133 23 författningar
459 1043 64 16 kunna
535 1041 54 18 ställa
597 1042 6 16 i
612 1044 59 20 vägen
685 1043 28 16 för
725 1041 119 23 uppnäendet

99 1073 20 16 af
130 1072 31 16 det
186 1076 124 12 gemensamma
322 1070 108 17 ändamälet.

167 1077 18 39 I
198 1099 67 22 många
280 1101 50 15 orter
342 1099 32 16 har
387 1099 35 17 den
438 1098 85 18 enskilda
538 1098 173 23 företagsamheten,
725 1099 20 16 af
757 1098 87 18 behofvet

99 1127 62 17 dertill
174 1127 112 23 uppmanad,
300 1132 66 18 genom
379 1127 105 17 inrättande
494 1127 19 16 af
520 1127 64 17 skolor
592 1127 72 16 förenat
672 1128 42 16 sina
724 1127 70 17 krafter
802 1127 42 17 med

99 1157 70 16 statens
188 1156 128 16 bemödanden
335 1157 27 15 att
374 1155 61 22 sprida
454 1155 86 23 bildning
559 1155 33 17 och
604 1154 107 23 kunskaper
723 1156 6 16 i
742 1154 41 18 värt
794 1156 49 16 land.

99 1184 36 17 För
148 1186 26 14 att
186 1184 60 16 derna
258 1184 22 16 de
292 1184 74 22 privata
381 1183 164 17 läroanstalternas
563 1183 110 17 samverkan
691 1183 30 17 mä
740 1188 44 12 vara
801 1183 43 17 full-

99 1212 76 22 ständig
187 1212 58 16 finnes
258 1211 86 18 säkerhet
356 1212 67 22 deruti,
438 1214 26 15 att
476 1212 52 17 deras
537 1212 125 22 reglementen
673 1211 122 17 underställas
805 1213 38 21 sty-

100 1240 69 17 relsens
182 1240 116 22 granskning
311 1240 33 17 och
356 1240 142 23 godkännande,
512 1243 48 14 samt
572 1240 67 22 deruti,
657 1242 27 14 att
696 1240 22 16 de
730 1242 32 14 äro
778 1240 67 17 ställda

99 1268 59 18 under
171 1264 159 26 Öfverstyrelsens
345 1269 29 16 för
390 1268 130 18 skolväsendet
531 1268 93 18 inseende.
649 1268 33 17 Att
694 1270 59 15 staten
766 1268 79 17 sälunda

99 1302 68 18 genom
180 1297 72 21 privata
264 1297 87 17 läroverk
363 1296 79 18 erhäller
454 1303 22 11 en
489 1299 38 15 stor
540 1296 71 18 lättnad
624 1297 5 16 i
642 1297 29 16 sin
688 1297 75 22 uppgift
775 1299 27 15 att
813 1302 31 17 ge-

99 1330 44 12 nom
156 1325 64 17 skolor
232 1326 63 20 sprida
306 1325 107 22 kunskaper
426 1326 33 16 och
471 1325 88 23 bildning
571 1325 56 17 bland
641 1324 72 18 landets
730 1324 113 18 innevänare

99 1354 21 15 är
133 1352 128 22 obestridligt;
274 1357 41 12 men
329 1352 30 17 det
378 1357 50 17 gagn
446 1352 22 17 de
486 1352 82 17 enskilta
586 1352 89 17 skolorna
692 1352 104 22 tillskynda
813 1353 31 16 det

99 1381 97 17 allmänna
208 1380 62 18 kunde
282 1380 60 17 blifva
353 1380 47 17 både
412 1380 144 22 fullständigare
569 1379 33 17 och
612 1380 140 22 vidsträcktare,
763 1384 29 13 om
805 1382 38 20 sty-

99 1409 61 17 relsen
173 1414 68 17 genom
253 1408 114 23 beviljandet
380 1409 20 16 af
410 1407 63 24 några,
484 1408 28 17 för
521 1408 52 17 deras
583 1407 152 23 uppblomstring
743 1408 34 17 och
785 1408 59 17 frukt-

98 1437 105 24 bringande
216 1437 118 18 verksamhet
351 1437 75 22 nödiga,
446 1435 93 18 förmäner
557 1435 44 18 ville
617 1436 120 23 understödja
752 1435 53 18 dessa
816 1437 27 17 in-

98 1467 108 22 rättningar.

165 1500 102 18 Allmänna
279 1499 187 19 Besvärs-utskottets
478 1499 110 19 betänkande
600 1499 35 18 N:o
648 1500 27 17 11.
