<?xml version="1.0" encoding="UTF-8"?>
<alto xmlns="http://www.loc.gov/standards/alto/ns-v3#" xmlns:xlink="http://www.w3.org/1999/xlink" xmlns:xsi="http://www.w3.org/2001/XMLSchema-instance" xsi:schemaLocation="http://www.loc.gov/standards/alto/ns-v3# http://www.loc.gov/alto/v3/alto-3-0.xsd">
	<Description>
		<MeasurementUnit>pixel</MeasurementUnit>
		<sourceImageInformation>
			<fileName>/tmp/tess_9u1ibmb3_input.PNG</fileName>
		</sourceImageInformation>
		<OCRProcessing ID="OCR_0">
			<ocrProcessingStep>
				<processingSoftware>
					<softwareName>tesseract 5.3.4</softwareName>
				</processingSoftware>
			</ocrProcessingStep>
		</OCRProcessing>
	</Description>
	<Layout>
		<Page WIDTH="1017" HEIGHT="1711" PHYSICAL_IMG_NR="0" ID="page_0">
			<PrintSpace HPOS="0" VPOS="0" WIDTH="1017" HEIGHT="1711">
				<ComposedBlock ID="cblock_0" HPOS="158" VPOS="174" WIDTH="501" HEIGHT="23">
					<TextBlock ID="block_0" HPOS="158" VPOS="174" WIDTH="501" HEIGHT="23">
						<TextLine ID="line_0" HPOS="158" VPOS="174" WIDTH="501" HEIGHT="23">
							<String ID="string_0" HPOS="158" VPOS="176" WIDTH="13" HEIGHT="20" WC="0.96" CONTENT="2"/><SP WIDTH="182" VPOS="176" HPOS="171"/>
							<String ID="string_1" HPOS="353" VPOS="174" WIDTH="81" HEIGHT="23" WC="0.90" CONTENT="Ständ."/><SP WIDTH="14" VPOS="174" HPOS="434"/>
							<String ID="string_2" HPOS="448" VPOS="174" WIDTH="107" HEIGHT="22" WC="0.91" CONTENT="Petition"/><SP WIDTH="15" VPOS="174" HPOS="555"/>
							<String ID="string_3" HPOS="570" VPOS="174" WIDTH="41" HEIGHT="22" WC="0.96" CONTENT="N:o"/><SP WIDTH="13" VPOS="174" HPOS="611"/>
							<String ID="string_4" HPOS="624" VPOS="174" WIDTH="35" HEIGHT="22" WC="0.96" CONTENT="42."/>
						</TextLine>
					</TextBlock>
				</ComposedBlock>
				<ComposedBlock ID="cblock_1" HPOS="114" VPOS="235" WIDTH="776" HEIGHT="1222">
					<TextBlock ID="block_1" HPOS="114" VPOS="235" WIDTH="776" HEIGHT="1222">
						<TextLine ID="line_1" HPOS="129" VPOS="235" WIDTH="752" HEIGHT="30">
							<String ID="string_5" HPOS="129" VPOS="237" WIDTH="61" HEIGHT="27" WC="0.96" CONTENT="lagen"/><SP WIDTH="15" VPOS="237" HPOS="190"/>
							<String ID="string_6" HPOS="205" VPOS="236" WIDTH="46" HEIGHT="21" WC="0.96" CONTENT="icke"/><SP WIDTH="15" VPOS="236" HPOS="251"/>
							<String ID="string_7" HPOS="266" VPOS="236" WIDTH="116" HEIGHT="22" WC="0.96" CONTENT="innehåller"/><SP WIDTH="14" VPOS="236" HPOS="382"/>
							<String ID="string_8" HPOS="396" VPOS="236" WIDTH="68" HEIGHT="29" WC="0.96" CONTENT="någon"/><SP WIDTH="22" VPOS="236" HPOS="464"/>
							<String ID="string_9" HPOS="486" VPOS="237" WIDTH="92" HEIGHT="28" WC="0.96" CONTENT="antydan"/><SP WIDTH="14" VPOS="237" HPOS="578"/>
							<String ID="string_10" HPOS="592" VPOS="243" WIDTH="34" HEIGHT="14" WC="0.96" CONTENT="om"/><SP WIDTH="15" VPOS="243" HPOS="626"/>
							<String ID="string_11" HPOS="641" VPOS="238" WIDTH="31" HEIGHT="20" WC="0.93" CONTENT="att"/><SP WIDTH="15" VPOS="238" HPOS="672"/>
							<String ID="string_12" HPOS="687" VPOS="235" WIDTH="194" HEIGHT="30" WC="0.91" CONTENT="dispensationsrätt"/>
						</TextLine>
						<TextLine ID="line_2" HPOS="128" VPOS="269" WIDTH="752" HEIGHT="29">
							<String ID="string_13" HPOS="128" VPOS="269" WIDTH="128" HEIGHT="22" WC="0.96" CONTENT="beträffande"/><SP WIDTH="15" VPOS="269" HPOS="256"/>
							<String ID="string_14" HPOS="271" VPOS="269" WIDTH="72" HEIGHT="28" WC="0.96" CONTENT="dylika"/><SP WIDTH="21" VPOS="269" HPOS="343"/>
							<String ID="string_15" HPOS="364" VPOS="270" WIDTH="116" HEIGHT="28" WC="0.94" CONTENT="äktenskap"/><SP WIDTH="15" VPOS="270" HPOS="480"/>
							<String ID="string_16" HPOS="495" VPOS="270" WIDTH="68" HEIGHT="22" WC="0.93" CONTENT="skulle"/><SP WIDTH="15" VPOS="270" HPOS="563"/>
							<String ID="string_17" HPOS="578" VPOS="277" WIDTH="38" HEIGHT="20" WC="0.92" CONTENT="ega"/><SP WIDTH="19" VPOS="277" HPOS="616"/>
							<String ID="string_18" HPOS="635" VPOS="278" WIDTH="53" HEIGHT="16" WC="0.96" CONTENT="rum,"/><SP WIDTH="16" VPOS="278" HPOS="688"/>
							<String ID="string_19" HPOS="704" VPOS="269" WIDTH="67" HEIGHT="22" WC="0.96" CONTENT="såsom"/><SP WIDTH="21" VPOS="269" HPOS="771"/>
							<String ID="string_20" HPOS="792" VPOS="269" WIDTH="88" HEIGHT="29" WC="0.93" CONTENT="tidigare"/>
						</TextLine>
						<TextLine ID="line_3" HPOS="128" VPOS="303" WIDTH="754" HEIGHT="29">
							<String ID="string_21" HPOS="128" VPOS="303" WIDTH="76" HEIGHT="29" WC="0.91" CONTENT="gälde"/><SP WIDTH="-7" VPOS="303" HPOS="204"/>
							<String ID="string_22" HPOS="197" VPOS="299" WIDTH="11" HEIGHT="38" WC="0.95" CONTENT="i"/><SP WIDTH="9" VPOS="299" HPOS="208"/>
							<String ID="string_23" HPOS="217" VPOS="303" WIDTH="58" HEIGHT="28" WC="0.96" CONTENT="fråga"/><SP WIDTH="14" VPOS="303" HPOS="275"/>
							<String ID="string_24" HPOS="289" VPOS="311" WIDTH="35" HEIGHT="13" WC="0.96" CONTENT="om"/><SP WIDTH="15" VPOS="311" HPOS="324"/>
							<String ID="string_25" HPOS="339" VPOS="304" WIDTH="114" HEIGHT="28" WC="0.96" CONTENT="äktenskap"/><SP WIDTH="10" VPOS="304" HPOS="453"/>
							<String ID="string_26" HPOS="463" VPOS="304" WIDTH="77" HEIGHT="21" WC="0.93" CONTENT="mellan"/><SP WIDTH="14" VPOS="304" HPOS="540"/>
							<String ID="string_27" HPOS="554" VPOS="304" WIDTH="146" HEIGHT="28" WC="0.91" CONTENT="syskonebarn,"/><SP WIDTH="17" VPOS="304" HPOS="700"/>
							<String ID="string_28" HPOS="717" VPOS="304" WIDTH="83" HEIGHT="28" WC="0.96" CONTENT="dispens"/><SP WIDTH="15" VPOS="304" HPOS="800"/>
							<String ID="string_29" HPOS="815" VPOS="304" WIDTH="67" HEIGHT="21" WC="0.95" CONTENT="likväl"/>
						</TextLine>
						<TextLine ID="line_4" HPOS="129" VPOS="337" WIDTH="752" HEIGHT="29">
							<String ID="string_30" HPOS="129" VPOS="338" WIDTH="95" HEIGHT="28" WC="0.96" CONTENT="beviljats"/><SP WIDTH="10" VPOS="338" HPOS="224"/>
							<String ID="string_31" HPOS="234" VPOS="337" WIDTH="63" HEIGHT="22" WC="0.96" CONTENT="hafva"/><SP WIDTH="11" VPOS="337" HPOS="297"/>
							<String ID="string_32" HPOS="308" VPOS="337" WIDTH="26" HEIGHT="22" WC="0.96" CONTENT="då"/><SP WIDTH="9" VPOS="337" HPOS="334"/>
							<String ID="string_33" HPOS="343" VPOS="338" WIDTH="117" HEIGHT="28" WC="0.96" CONTENT="ansökning"/><SP WIDTH="14" VPOS="338" HPOS="460"/>
							<String ID="string_34" HPOS="474" VPOS="338" WIDTH="70" HEIGHT="22" WC="0.95" CONTENT="derom"/><SP WIDTH="15" VPOS="338" HPOS="544"/>
							<String ID="string_35" HPOS="559" VPOS="338" WIDTH="70" HEIGHT="28" WC="0.93" CONTENT="gjorts."/><SP WIDTH="22" VPOS="338" HPOS="629"/>
							<String ID="string_36" HPOS="651" VPOS="338" WIDTH="51" HEIGHT="20" WC="0.96" CONTENT="Men"/><SP WIDTH="16" VPOS="338" HPOS="702"/>
							<String ID="string_37" HPOS="718" VPOS="339" WIDTH="30" HEIGHT="20" WC="0.96" CONTENT="ett"/><SP WIDTH="14" VPOS="339" HPOS="748"/>
							<String ID="string_38" HPOS="762" VPOS="338" WIDTH="119" HEIGHT="28" WC="0.96" CONTENT="stadgande,"/>
						</TextLine>
						<TextLine ID="line_5" HPOS="129" VPOS="371" WIDTH="753" HEIGHT="29">
							<String ID="string_39" HPOS="129" VPOS="380" WIDTH="43" HEIGHT="13" WC="0.96" CONTENT="som"/><SP WIDTH="16" VPOS="380" HPOS="172"/>
							<String ID="string_40" HPOS="188" VPOS="371" WIDTH="18" HEIGHT="29" WC="0.96" CONTENT="ej"/><SP WIDTH="15" VPOS="371" HPOS="206"/>
							<String ID="string_41" HPOS="221" VPOS="372" WIDTH="43" HEIGHT="20" WC="0.96" CONTENT="kan"/><SP WIDTH="14" VPOS="372" HPOS="264"/>
							<String ID="string_42" HPOS="278" VPOS="372" WIDTH="158" HEIGHT="28" WC="0.95" CONTENT="upprätthållas,"/><SP WIDTH="16" VPOS="372" HPOS="436"/>
							<String ID="string_43" HPOS="452" VPOS="372" WIDTH="87" HEIGHT="22" WC="0.96" CONTENT="emedan"/><SP WIDTH="16" VPOS="372" HPOS="539"/>
							<String ID="string_44" HPOS="555" VPOS="372" WIDTH="35" HEIGHT="22" WC="0.96" CONTENT="det"/><SP WIDTH="19" VPOS="372" HPOS="590"/>
							<String ID="string_45" HPOS="609" VPOS="372" WIDTH="46" HEIGHT="21" WC="0.93" CONTENT="icke"/><SP WIDTH="16" VPOS="372" HPOS="655"/>
							<String ID="string_46" HPOS="671" VPOS="372" WIDTH="102" HEIGHT="28" WC="0.92" CONTENT="uppbäres"/><SP WIDTH="16" VPOS="372" HPOS="773"/>
							<String ID="string_47" HPOS="789" VPOS="371" WIDTH="22" HEIGHT="21" WC="0.93" CONTENT="af"/><SP WIDTH="12" VPOS="371" HPOS="811"/>
							<String ID="string_48" HPOS="823" VPOS="374" WIDTH="59" HEIGHT="20" WC="0.92" CONTENT="rätts-"/>
						</TextLine>
						<TextLine ID="line_6" HPOS="129" VPOS="405" WIDTH="754" HEIGHT="26">
							<String ID="string_49" HPOS="129" VPOS="405" WIDTH="148" HEIGHT="23" WC="0.96" CONTENT="medvetandet"/><SP WIDTH="13" VPOS="405" HPOS="277"/>
							<String ID="string_50" HPOS="290" VPOS="405" WIDTH="8" HEIGHT="21" WC="0.95" CONTENT="i"/><SP WIDTH="15" VPOS="405" HPOS="298"/>
							<String ID="string_51" HPOS="313" VPOS="405" WIDTH="75" HEIGHT="26" WC="0.95" CONTENT="landet,"/><SP WIDTH="16" VPOS="405" HPOS="388"/>
							<String ID="string_52" HPOS="404" VPOS="406" WIDTH="39" HEIGHT="21" WC="0.96" CONTENT="och"/><SP WIDTH="15" VPOS="406" HPOS="443"/>
							<String ID="string_53" HPOS="458" VPOS="414" WIDTH="44" HEIGHT="13" WC="0.95" CONTENT="som"/><SP WIDTH="23" VPOS="414" HPOS="502"/>
							<String ID="string_54" HPOS="525" VPOS="406" WIDTH="79" HEIGHT="21" WC="0.95" CONTENT="således"/><SP WIDTH="23" VPOS="406" HPOS="604"/>
							<String ID="string_55" HPOS="627" VPOS="405" WIDTH="46" HEIGHT="22" WC="0.96" CONTENT="icke"/><SP WIDTH="15" VPOS="405" HPOS="673"/>
							<String ID="string_56" HPOS="688" VPOS="413" WIDTH="57" HEIGHT="13" WC="0.96" CONTENT="mera"/><SP WIDTH="23" VPOS="413" HPOS="745"/>
							<String ID="string_57" HPOS="768" VPOS="407" WIDTH="115" HEIGHT="19" WC="0.96" CONTENT="motsvarar"/>
						</TextLine>
						<TextLine ID="line_7" HPOS="129" VPOS="438" WIDTH="754" HEIGHT="30">
							<String ID="string_58" HPOS="129" VPOS="439" WIDTH="37" HEIGHT="22" WC="0.95" CONTENT="sitt"/><SP WIDTH="14" VPOS="439" HPOS="166"/>
							<String ID="string_59" HPOS="180" VPOS="438" WIDTH="103" HEIGHT="26" WC="0.95" CONTENT="ändamål,"/><SP WIDTH="15" VPOS="438" HPOS="283"/>
							<String ID="string_60" HPOS="298" VPOS="440" WIDTH="37" HEIGHT="20" WC="0.96" CONTENT="bör"/><SP WIDTH="15" VPOS="440" HPOS="335"/>
							<String ID="string_61" HPOS="350" VPOS="439" WIDTH="65" HEIGHT="28" WC="0.93" CONTENT="enligt"/><SP WIDTH="15" VPOS="439" HPOS="415"/>
							<String ID="string_62" HPOS="430" VPOS="439" WIDTH="127" HEIGHT="22" WC="0.91" CONTENT="Ständernas"/><SP WIDTH="15" VPOS="439" HPOS="557"/>
							<String ID="string_63" HPOS="572" VPOS="439" WIDTH="65" HEIGHT="22" WC="0.96" CONTENT="tanke"/><SP WIDTH="14" VPOS="439" HPOS="637"/>
							<String ID="string_64" HPOS="651" VPOS="439" WIDTH="18" HEIGHT="29" WC="0.96" CONTENT="ej"/><SP WIDTH="16" VPOS="439" HPOS="669"/>
							<String ID="string_65" HPOS="685" VPOS="439" WIDTH="9" HEIGHT="21" WC="0.96" CONTENT="i"/><SP WIDTH="14" VPOS="439" HPOS="694"/>
							<String ID="string_66" HPOS="708" VPOS="439" WIDTH="62" HEIGHT="28" WC="0.92" CONTENT="lagen"/><SP WIDTH="21" VPOS="439" HPOS="770"/>
							<String ID="string_67" HPOS="791" VPOS="439" WIDTH="92" HEIGHT="21" WC="0.90" CONTENT="bibehål-"/>
						</TextLine>
						<TextLine ID="line_8" HPOS="131" VPOS="473" WIDTH="752" HEIGHT="29">
							<String ID="string_68" HPOS="131" VPOS="474" WIDTH="36" HEIGHT="21" WC="0.84" CONTENT="las."/><SP WIDTH="30" VPOS="474" HPOS="167"/>
							<String ID="string_69" HPOS="197" VPOS="473" WIDTH="179" HEIGHT="22" WC="0.81" CONTENT="Förhällandenas"/><SP WIDTH="14" VPOS="473" HPOS="376"/>
							<String ID="string_70" HPOS="390" VPOS="474" WIDTH="59" HEIGHT="21" WC="0.96" CONTENT="makt"/><SP WIDTH="14" VPOS="474" HPOS="449"/>
							<String ID="string_71" HPOS="463" VPOS="474" WIDTH="40" HEIGHT="21" WC="0.93" CONTENT="blir"/><SP WIDTH="18" VPOS="474" HPOS="503"/>
							<String ID="string_72" HPOS="521" VPOS="474" WIDTH="99" HEIGHT="28" WC="0.91" CONTENT="lagbudet"/><SP WIDTH="14" VPOS="474" HPOS="620"/>
							<String ID="string_73" HPOS="634" VPOS="473" WIDTH="144" HEIGHT="29" WC="0.91" CONTENT="öfvermäktig,"/><SP WIDTH="16" VPOS="473" HPOS="778"/>
							<String ID="string_74" HPOS="794" VPOS="474" WIDTH="39" HEIGHT="21" WC="0.96" CONTENT="och"/><SP WIDTH="15" VPOS="474" HPOS="833"/>
							<String ID="string_75" HPOS="848" VPOS="474" WIDTH="35" HEIGHT="21" WC="0.96" CONTENT="det"/>
						</TextLine>
						<TextLine ID="line_9" HPOS="130" VPOS="506" WIDTH="753" HEIGHT="30">
							<String ID="string_76" HPOS="130" VPOS="514" WIDTH="83" HEIGHT="14" WC="0.92" CONTENT="senares"/><SP WIDTH="22" VPOS="514" HPOS="213"/>
							<String ID="string_77" HPOS="235" VPOS="506" WIDTH="157" HEIGHT="22" WC="0.91" CONTENT="öfverträdande"/><SP WIDTH="22" VPOS="506" HPOS="392"/>
							<String ID="string_78" HPOS="414" VPOS="510" WIDTH="32" HEIGHT="18" WC="0.96" CONTENT="tär"/><SP WIDTH="14" VPOS="510" HPOS="446"/>
							<String ID="string_79" HPOS="460" VPOS="508" WIDTH="27" HEIGHT="28" WC="0.96" CONTENT="på"/><SP WIDTH="14" VPOS="508" HPOS="487"/>
							<String ID="string_80" HPOS="501" VPOS="509" WIDTH="71" HEIGHT="27" WC="0.93" CONTENT="lagens"/><SP WIDTH="15" VPOS="509" HPOS="572"/>
							<String ID="string_81" HPOS="587" VPOS="508" WIDTH="70" HEIGHT="28" WC="0.92" CONTENT="helgd."/><SP WIDTH="31" VPOS="508" HPOS="657"/>
							<String ID="string_82" HPOS="688" VPOS="508" WIDTH="131" HEIGHT="21" WC="0.92" CONTENT="Ständernaa"/><SP WIDTH="14" VPOS="508" HPOS="819"/>
							<String ID="string_83" HPOS="833" VPOS="516" WIDTH="50" HEIGHT="13" WC="0.95" CONTENT="anse"/>
						</TextLine>
						<TextLine ID="line_10" HPOS="130" VPOS="540" WIDTH="753" HEIGHT="30">
							<String ID="string_84" HPOS="130" VPOS="540" WIDTH="55" HEIGHT="29" WC="0.91" CONTENT="förty"/><SP WIDTH="23" VPOS="540" HPOS="185"/>
							<String ID="string_85" HPOS="208" VPOS="541" WIDTH="91" HEIGHT="28" WC="0.91" CONTENT="önskligt"/><SP WIDTH="14" VPOS="541" HPOS="299"/>
							<String ID="string_86" HPOS="313" VPOS="543" WIDTH="30" HEIGHT="20" WC="0.96" CONTENT="att"/><SP WIDTH="15" VPOS="543" HPOS="343"/>
							<String ID="string_87" HPOS="358" VPOS="550" WIDTH="25" HEIGHT="13" WC="0.93" CONTENT="en"/><SP WIDTH="17" VPOS="550" HPOS="383"/>
							<String ID="string_88" HPOS="400" VPOS="541" WIDTH="154" HEIGHT="29" WC="0.91" CONTENT="lagförändring"/><SP WIDTH="14" VPOS="541" HPOS="554"/>
							<String ID="string_89" HPOS="568" VPOS="542" WIDTH="8" HEIGHT="22" WC="0.93" CONTENT="i"/><SP WIDTH="15" VPOS="542" HPOS="576"/>
							<String ID="string_90" HPOS="591" VPOS="542" WIDTH="75" HEIGHT="28" WC="0.92" CONTENT="antydt"/><SP WIDTH="15" VPOS="542" HPOS="666"/>
							<String ID="string_91" HPOS="681" VPOS="541" WIDTH="54" HEIGHT="29" WC="0.96" CONTENT="syfte"/><SP WIDTH="17" VPOS="541" HPOS="735"/>
							<String ID="string_92" HPOS="752" VPOS="542" WIDTH="83" HEIGHT="21" WC="0.91" CONTENT="komme"/><SP WIDTH="16" VPOS="542" HPOS="835"/>
							<String ID="string_93" HPOS="851" VPOS="541" WIDTH="32" HEIGHT="22" WC="0.95" CONTENT="till"/>
						</TextLine>
						<TextLine ID="line_11" HPOS="131" VPOS="575" WIDTH="66" HEIGHT="22">
							<String ID="string_94" HPOS="131" VPOS="575" WIDTH="66" HEIGHT="22" WC="0.96" CONTENT="stånd."/>
						</TextLine>
						<TextLine ID="line_12" HPOS="170" VPOS="608" WIDTH="713" HEIGHT="30">
							<String ID="string_95" HPOS="170" VPOS="635" WIDTH="3" HEIGHT="3" WC="0.47" CONTENT="="/><SP WIDTH="25" VPOS="635" HPOS="173"/>
							<String ID="string_96" HPOS="198" VPOS="608" WIDTH="131" HEIGHT="29" WC="0.89" CONTENT="Visserligen"/><SP WIDTH="14" VPOS="608" HPOS="329"/>
							<String ID="string_97" HPOS="343" VPOS="609" WIDTH="38" HEIGHT="21" WC="0.96" CONTENT="har"/><SP WIDTH="17" VPOS="609" HPOS="381"/>
							<String ID="string_98" HPOS="398" VPOS="617" WIDTH="47" HEIGHT="14" WC="0.96" CONTENT="man"/><SP WIDTH="16" VPOS="617" HPOS="445"/>
							<String ID="string_99" HPOS="461" VPOS="610" WIDTH="47" HEIGHT="21" WC="0.96" CONTENT="hört"/><SP WIDTH="22" VPOS="610" HPOS="508"/>
							<String ID="string_100" HPOS="530" VPOS="609" WIDTH="74" HEIGHT="22" WC="0.96" CONTENT="sådant"/><SP WIDTH="21" VPOS="609" HPOS="604"/>
							<String ID="string_101" HPOS="625" VPOS="609" WIDTH="70" HEIGHT="22" WC="0.93" CONTENT="inkast"/><SP WIDTH="14" VPOS="609" HPOS="695"/>
							<String ID="string_102" HPOS="709" VPOS="610" WIDTH="95" HEIGHT="21" WC="0.92" CONTENT="häremot"/><SP WIDTH="13" VPOS="610" HPOS="804"/>
							<String ID="string_103" HPOS="817" VPOS="613" WIDTH="66" HEIGHT="24" WC="0.96" CONTENT="göras,"/>
						</TextLine>
						<TextLine ID="line_13" HPOS="131" VPOS="642" WIDTH="754" HEIGHT="29">
							<String ID="string_104" HPOS="131" VPOS="645" WIDTH="31" HEIGHT="20" WC="0.96" CONTENT="att"/><SP WIDTH="15" VPOS="645" HPOS="162"/>
							<String ID="string_105" HPOS="177" VPOS="643" WIDTH="34" HEIGHT="21" WC="0.96" CONTENT="det"/><SP WIDTH="14" VPOS="643" HPOS="211"/>
							<String ID="string_106" HPOS="225" VPOS="643" WIDTH="68" HEIGHT="22" WC="0.96" CONTENT="skulle"/><SP WIDTH="15" VPOS="643" HPOS="293"/>
							<String ID="string_107" HPOS="308" VPOS="643" WIDTH="100" HEIGHT="21" WC="0.96" CONTENT="innebära"/><SP WIDTH="15" VPOS="643" HPOS="408"/>
							<String ID="string_108" HPOS="423" VPOS="651" WIDTH="26" HEIGHT="13" WC="0.93" CONTENT="en"/><SP WIDTH="14" VPOS="651" HPOS="449"/>
							<String ID="string_109" HPOS="463" VPOS="643" WIDTH="54" HEIGHT="22" WC="0.93" CONTENT="väda"/><SP WIDTH="21" VPOS="643" HPOS="517"/>
							<String ID="string_110" HPOS="538" VPOS="643" WIDTH="32" HEIGHT="22" WC="0.93" CONTENT="för"/><SP WIDTH="18" VPOS="643" HPOS="570"/>
							<String ID="string_111" HPOS="588" VPOS="643" WIDTH="129" HEIGHT="28" WC="0.92" CONTENT="sedligheten"/><SP WIDTH="22" VPOS="643" HPOS="717"/>
							<String ID="string_112" HPOS="739" VPOS="643" WIDTH="58" HEIGHT="21" WC="0.93" CONTENT="inom"/><SP WIDTH="21" VPOS="643" HPOS="797"/>
							<String ID="string_113" HPOS="818" VPOS="642" WIDTH="67" HEIGHT="22" WC="0.85" CONTENT="famil-"/>
						</TextLine>
						<TextLine ID="line_14" HPOS="129" VPOS="677" WIDTH="755" HEIGHT="29">
							<String ID="string_114" HPOS="129" VPOS="677" WIDTH="66" HEIGHT="28" WC="0.88" CONTENT="jerna,"/><SP WIDTH="16" VPOS="677" HPOS="195"/>
							<String ID="string_115" HPOS="211" VPOS="685" WIDTH="34" HEIGHT="13" WC="0.96" CONTENT="om"/><SP WIDTH="15" VPOS="685" HPOS="245"/>
							<String ID="string_116" HPOS="260" VPOS="677" WIDTH="41" HEIGHT="21" WC="0.95" CONTENT="den"/><SP WIDTH="15" VPOS="677" HPOS="301"/>
							<String ID="string_117" HPOS="316" VPOS="685" WIDTH="40" HEIGHT="13" WC="0.96" CONTENT="ena"/><SP WIDTH="15" VPOS="685" HPOS="356"/>
							<String ID="string_118" HPOS="371" VPOS="677" WIDTH="76" HEIGHT="21" WC="0.96" CONTENT="maken"/><SP WIDTH="15" VPOS="677" HPOS="447"/>
							<String ID="string_119" HPOS="462" VPOS="677" WIDTH="72" HEIGHT="22" WC="0.93" CONTENT="kunde"/><SP WIDTH="15" VPOS="677" HPOS="534"/>
							<String ID="string_120" HPOS="549" VPOS="677" WIDTH="92" HEIGHT="29" WC="0.92" CONTENT="påräkna"/><SP WIDTH="14" VPOS="677" HPOS="641"/>
							<String ID="string_121" HPOS="655" VPOS="679" WIDTH="37" HEIGHT="24" WC="0.96" CONTENT="att,"/><SP WIDTH="12" VPOS="679" HPOS="692"/>
							<String ID="string_122" HPOS="704" VPOS="677" WIDTH="53" HEIGHT="22" WC="0.96" CONTENT="efter"/><SP WIDTH="10" VPOS="677" HPOS="757"/>
							<String ID="string_123" HPOS="767" VPOS="677" WIDTH="40" HEIGHT="22" WC="0.96" CONTENT="den"/><SP WIDTH="13" VPOS="677" HPOS="807"/>
							<String ID="string_124" HPOS="820" VPOS="677" WIDTH="64" HEIGHT="22" WC="0.96" CONTENT="andre"/>
						</TextLine>
						<TextLine ID="line_15" HPOS="132" VPOS="710" WIDTH="752" HEIGHT="29">
							<String ID="string_125" HPOS="132" VPOS="711" WIDTH="86" HEIGHT="21" WC="0.96" CONTENT="makens"/><SP WIDTH="15" VPOS="711" HPOS="218"/>
							<String ID="string_126" HPOS="233" VPOS="710" WIDTH="46" HEIGHT="25" WC="0.96" CONTENT="död,"/><SP WIDTH="16" VPOS="710" HPOS="279"/>
							<String ID="string_127" HPOS="295" VPOS="710" WIDTH="22" HEIGHT="21" WC="0.96" CONTENT="få"/><SP WIDTH="14" VPOS="710" HPOS="317"/>
							<String ID="string_128" HPOS="331" VPOS="711" WIDTH="48" HEIGHT="27" WC="0.96" CONTENT="ingå"/><SP WIDTH="15" VPOS="711" HPOS="379"/>
							<String ID="string_129" HPOS="394" VPOS="711" WIDTH="115" HEIGHT="28" WC="0.96" CONTENT="äktenskap"/><SP WIDTH="15" VPOS="711" HPOS="509"/>
							<String ID="string_130" HPOS="524" VPOS="711" WIDTH="47" HEIGHT="21" WC="0.96" CONTENT="med"/><SP WIDTH="15" VPOS="711" HPOS="571"/>
							<String ID="string_131" HPOS="586" VPOS="711" WIDTH="67" HEIGHT="28" WC="0.96" CONTENT="någon"/><SP WIDTH="15" VPOS="711" HPOS="653"/>
							<String ID="string_132" HPOS="668" VPOS="711" WIDTH="23" HEIGHT="21" WC="0.96" CONTENT="af"/><SP WIDTH="12" VPOS="711" HPOS="691"/>
							<String ID="string_133" HPOS="703" VPOS="711" WIDTH="79" HEIGHT="22" WC="0.95" CONTENT="dennas"/><SP WIDTH="15" VPOS="711" HPOS="782"/>
							<String ID="string_134" HPOS="797" VPOS="711" WIDTH="87" HEIGHT="28" WC="0.96" CONTENT="syskon;"/>
						</TextLine>
						<TextLine ID="line_16" HPOS="132" VPOS="744" WIDTH="753" HEIGHT="29">
							<String ID="string_135" HPOS="132" VPOS="752" WIDTH="48" HEIGHT="13" WC="0.96" CONTENT="men"/><SP WIDTH="8" VPOS="752" HPOS="180"/>
							<String ID="string_136" HPOS="188" VPOS="752" WIDTH="29" HEIGHT="13" WC="0.95" CONTENT="nu"/><SP WIDTH="8" VPOS="752" HPOS="217"/>
							<String ID="string_137" HPOS="225" VPOS="744" WIDTH="64" HEIGHT="21" WC="0.96" CONTENT="redan"/><SP WIDTH="11" VPOS="744" HPOS="289"/>
							<String ID="string_138" HPOS="300" VPOS="749" WIDTH="41" HEIGHT="20" WC="0.96" CONTENT="äro,"/><SP WIDTH="9" VPOS="749" HPOS="341"/>
							<String ID="string_139" HPOS="350" VPOS="744" WIDTH="67" HEIGHT="21" WC="0.96" CONTENT="såsom"/><SP WIDTH="10" VPOS="744" HPOS="417"/>
							<String ID="string_140" HPOS="427" VPOS="745" WIDTH="83" HEIGHT="26" WC="0.96" CONTENT="bekant,"/><SP WIDTH="12" VPOS="745" HPOS="510"/>
							<String ID="string_141" HPOS="522" VPOS="745" WIDTH="111" HEIGHT="28" WC="0.96" CONTENT="exemplen"/><SP WIDTH="10" VPOS="745" HPOS="633"/>
							<String ID="string_142" HPOS="643" VPOS="745" WIDTH="26" HEIGHT="28" WC="0.96" CONTENT="på"/><SP WIDTH="10" VPOS="745" HPOS="669"/>
							<String ID="string_143" HPOS="679" VPOS="745" WIDTH="117" HEIGHT="28" WC="0.96" CONTENT="äktenskap"/><SP WIDTH="11" VPOS="745" HPOS="796"/>
							<String ID="string_144" HPOS="807" VPOS="745" WIDTH="78" HEIGHT="21" WC="0.95" CONTENT="mellan"/>
						</TextLine>
						<TextLine ID="line_17" HPOS="132" VPOS="777" WIDTH="753" HEIGHT="30">
							<String ID="string_145" HPOS="132" VPOS="777" WIDTH="76" HEIGHT="22" WC="0.96" CONTENT="sådana"/><SP WIDTH="15" VPOS="777" HPOS="208"/>
							<String ID="string_146" HPOS="223" VPOS="785" WIDTH="99" HEIGHT="21" WC="0.96" CONTENT="personer"/><SP WIDTH="9" VPOS="785" HPOS="322"/>
							<String ID="string_147" HPOS="331" VPOS="778" WIDTH="23" HEIGHT="21" WC="0.96" CONTENT="så"/><SP WIDTH="10" VPOS="778" HPOS="354"/>
							<String ID="string_148" HPOS="364" VPOS="777" WIDTH="80" HEIGHT="26" WC="0.96" CONTENT="talrika,"/><SP WIDTH="17" VPOS="777" HPOS="444"/>
							<String ID="string_149" HPOS="461" VPOS="780" WIDTH="30" HEIGHT="19" WC="0.96" CONTENT="att"/><SP WIDTH="14" VPOS="780" HPOS="491"/>
							<String ID="string_150" HPOS="505" VPOS="787" WIDTH="49" HEIGHT="13" WC="0.96" CONTENT="man"/><SP WIDTH="15" VPOS="787" HPOS="554"/>
							<String ID="string_151" HPOS="569" VPOS="778" WIDTH="47" HEIGHT="29" WC="0.96" CONTENT="föga"/><SP WIDTH="13" VPOS="778" HPOS="616"/>
							<String ID="string_152" HPOS="629" VPOS="778" WIDTH="31" HEIGHT="23" WC="0.96" CONTENT="uti"/><SP WIDTH="15" VPOS="778" HPOS="660"/>
							<String ID="string_153" HPOS="675" VPOS="779" WIDTH="71" HEIGHT="28" WC="0.95" CONTENT="lagens"/><SP WIDTH="11" VPOS="779" HPOS="746"/>
							<String ID="string_154" HPOS="757" VPOS="778" WIDTH="128" HEIGHT="28" WC="0.96" CONTENT="stadganden"/>
						</TextLine>
						<TextLine ID="line_18" HPOS="130" VPOS="811" WIDTH="753" HEIGHT="30">
							<String ID="string_155" HPOS="130" VPOS="812" WIDTH="7" HEIGHT="21" WC="0.96" CONTENT="i"/><SP WIDTH="11" VPOS="812" HPOS="137"/>
							<String ID="string_156" HPOS="148" VPOS="812" WIDTH="70" HEIGHT="21" WC="0.95" CONTENT="ämnet"/><SP WIDTH="10" VPOS="812" HPOS="218"/>
							<String ID="string_157" HPOS="228" VPOS="820" WIDTH="33" HEIGHT="13" WC="0.96" CONTENT="ser"/><SP WIDTH="10" VPOS="820" HPOS="261"/>
							<String ID="string_158" HPOS="271" VPOS="813" WIDTH="30" HEIGHT="20" WC="0.96" CONTENT="ett"/><SP WIDTH="14" VPOS="813" HPOS="301"/>
							<String ID="string_159" HPOS="315" VPOS="811" WIDTH="75" HEIGHT="22" WC="0.96" CONTENT="hinder"/><SP WIDTH="14" VPOS="811" HPOS="390"/>
							<String ID="string_160" HPOS="404" VPOS="811" WIDTH="32" HEIGHT="22" WC="0.96" CONTENT="för"/><SP WIDTH="15" VPOS="811" HPOS="436"/>
							<String ID="string_161" HPOS="451" VPOS="811" WIDTH="72" HEIGHT="28" WC="0.95" CONTENT="dylika"/><SP WIDTH="15" VPOS="811" HPOS="523"/>
							<String ID="string_162" HPOS="538" VPOS="812" WIDTH="121" HEIGHT="29" WC="0.93" CONTENT="äktenskap."/><SP WIDTH="30" VPOS="812" HPOS="659"/>
							<String ID="string_163" HPOS="689" VPOS="812" WIDTH="118" HEIGHT="23" WC="0.93" CONTENT="Ständerna"/><SP WIDTH="12" VPOS="812" HPOS="807"/>
							<String ID="string_164" HPOS="819" VPOS="813" WIDTH="64" HEIGHT="22" WC="0.96" CONTENT="hafva"/>
						</TextLine>
						<TextLine ID="line_19" HPOS="133" VPOS="845" WIDTH="753" HEIGHT="29">
							<String ID="string_165" HPOS="133" VPOS="845" WIDTH="81" HEIGHT="22" WC="0.92" CONTENT="derföre"/><SP WIDTH="15" VPOS="845" HPOS="214"/>
							<String ID="string_166" HPOS="229" VPOS="845" WIDTH="96" HEIGHT="22" WC="0.93" CONTENT="omfattat"/><SP WIDTH="22" VPOS="845" HPOS="325"/>
							<String ID="string_167" HPOS="347" VPOS="845" WIDTH="203" HEIGHT="29" WC="0.91" CONTENT="petitionsförslaget,"/><SP WIDTH="21" VPOS="845" HPOS="550"/>
							<String ID="string_168" HPOS="571" VPOS="845" WIDTH="69" HEIGHT="22" WC="0.93" CONTENT="sävidt"/><SP WIDTH="17" VPOS="845" HPOS="640"/>
							<String ID="string_169" HPOS="657" VPOS="846" WIDTH="35" HEIGHT="21" WC="0.93" CONTENT="det"/><SP WIDTH="15" VPOS="846" HPOS="692"/>
							<String ID="string_170" HPOS="707" VPOS="846" WIDTH="54" HEIGHT="22" WC="0.93" CONTENT="afser"/><SP WIDTH="14" VPOS="846" HPOS="761"/>
							<String ID="string_171" HPOS="775" VPOS="855" WIDTH="26" HEIGHT="13" WC="0.93" CONTENT="en"/><SP WIDTH="16" VPOS="855" HPOS="801"/>
							<String ID="string_172" HPOS="817" VPOS="847" WIDTH="69" HEIGHT="21" WC="0.90" CONTENT="anhäl-"/>
						</TextLine>
						<TextLine ID="line_20" HPOS="133" VPOS="879" WIDTH="752" HEIGHT="30">
							<String ID="string_173" HPOS="133" VPOS="881" WIDTH="34" HEIGHT="21" WC="0.96" CONTENT="lan"/><SP WIDTH="15" VPOS="881" HPOS="167"/>
							<String ID="string_174" HPOS="182" VPOS="888" WIDTH="34" HEIGHT="13" WC="0.92" CONTENT="om"/><SP WIDTH="15" VPOS="888" HPOS="216"/>
							<String ID="string_175" HPOS="231" VPOS="879" WIDTH="213" HEIGHT="29" WC="0.91" CONTENT="lagstiftningsåtgärd"/><SP WIDTH="15" VPOS="879" HPOS="444"/>
							<String ID="string_176" HPOS="459" VPOS="880" WIDTH="32" HEIGHT="22" WC="0.93" CONTENT="till"/><SP WIDTH="10" VPOS="880" HPOS="491"/>
							<String ID="string_177" HPOS="501" VPOS="880" WIDTH="147" HEIGHT="29" WC="0.92" CONTENT="upphäfvande"/><SP WIDTH="11" VPOS="880" HPOS="648"/>
							<String ID="string_178" HPOS="659" VPOS="879" WIDTH="23" HEIGHT="22" WC="0.96" CONTENT="af"/><SP WIDTH="7" VPOS="879" HPOS="682"/>
							<String ID="string_179" HPOS="689" VPOS="880" WIDTH="14" HEIGHT="21" WC="0.95" CONTENT="5"/><SP WIDTH="11" VPOS="880" HPOS="703"/>
							<String ID="string_180" HPOS="714" VPOS="881" WIDTH="13" HEIGHT="25" WC="0.90" CONTENT="8"/><SP WIDTH="11" VPOS="881" HPOS="727"/>
							<String ID="string_181" HPOS="738" VPOS="881" WIDTH="13" HEIGHT="21" WC="0.96" CONTENT="2"/><SP WIDTH="11" VPOS="881" HPOS="751"/>
							<String ID="string_182" HPOS="762" VPOS="880" WIDTH="47" HEIGHT="29" WC="0.93" CONTENT="kap."/><SP WIDTH="12" VPOS="880" HPOS="809"/>
							<String ID="string_183" HPOS="821" VPOS="881" WIDTH="27" HEIGHT="22" WC="0.87" CONTENT="G."/><SP WIDTH="11" VPOS="881" HPOS="848"/>
							<String ID="string_184" HPOS="859" VPOS="881" WIDTH="26" HEIGHT="21" WC="0.91" CONTENT="B."/>
						</TextLine>
						<TextLine ID="line_21" HPOS="134" VPOS="914" WIDTH="753" HEIGHT="29">
							<String ID="string_185" HPOS="134" VPOS="915" WIDTH="7" HEIGHT="21" WC="0.96" CONTENT="i"/><SP WIDTH="15" VPOS="915" HPOS="141"/>
							<String ID="string_186" HPOS="156" VPOS="915" WIDTH="46" HEIGHT="21" WC="0.96" CONTENT="dess"/><SP WIDTH="16" VPOS="915" HPOS="202"/>
							<String ID="string_187" HPOS="218" VPOS="914" WIDTH="77" HEIGHT="25" WC="0.96" CONTENT="helhet,"/><SP WIDTH="17" VPOS="914" HPOS="295"/>
							<String ID="string_188" HPOS="312" VPOS="914" WIDTH="108" HEIGHT="21" WC="0.96" CONTENT="hvaremot"/><SP WIDTH="14" VPOS="914" HPOS="420"/>
							<String ID="string_189" HPOS="434" VPOS="915" WIDTH="12" HEIGHT="20" WC="0.94" CONTENT="7"/><SP WIDTH="17" VPOS="915" HPOS="446"/>
							<String ID="string_190" HPOS="463" VPOS="915" WIDTH="19" HEIGHT="25" WC="0.87" CONTENT="8,"/><SP WIDTH="16" VPOS="915" HPOS="482"/>
							<String ID="string_191" HPOS="498" VPOS="922" WIDTH="34" HEIGHT="13" WC="0.96" CONTENT="om"/><SP WIDTH="16" VPOS="922" HPOS="532"/>
							<String ID="string_192" HPOS="548" VPOS="914" WIDTH="39" HEIGHT="22" WC="0.93" CONTENT="den"/><SP WIDTH="15" VPOS="914" HPOS="587"/>
							<String ID="string_193" HPOS="602" VPOS="914" WIDTH="43" HEIGHT="21" WC="0.90" CONTENT="5:te"/><SP WIDTH="15" VPOS="914" HPOS="645"/>
							<String ID="string_194" HPOS="660" VPOS="914" WIDTH="67" HEIGHT="28" WC="0.96" CONTENT="utgår,"/><SP WIDTH="20" VPOS="914" HPOS="727"/>
							<String ID="string_195" HPOS="747" VPOS="915" WIDTH="65" HEIGHT="28" WC="0.93" CONTENT="enligt"/><SP WIDTH="15" VPOS="915" HPOS="812"/>
							<String ID="string_196" HPOS="827" VPOS="915" WIDTH="60" HEIGHT="22" WC="0.93" CONTENT="Stän-"/>
						</TextLine>
						<TextLine ID="line_22" HPOS="135" VPOS="947" WIDTH="753" HEIGHT="32">
							<String ID="string_197" HPOS="135" VPOS="948" WIDTH="73" HEIGHT="31" WC="0.91" CONTENT="dernas"/><SP WIDTH="15" VPOS="948" HPOS="208"/>
							<String ID="string_198" HPOS="223" VPOS="947" WIDTH="54" HEIGHT="28" WC="0.92" CONTENT="åsigt"/><SP WIDTH="14" VPOS="947" HPOS="277"/>
							<String ID="string_199" HPOS="291" VPOS="947" WIDTH="52" HEIGHT="22" WC="0.96" CONTENT="både"/><SP WIDTH="15" VPOS="947" HPOS="343"/>
							<String ID="string_200" HPOS="358" VPOS="948" WIDTH="41" HEIGHT="21" WC="0.96" CONTENT="kan"/><SP WIDTH="15" VPOS="948" HPOS="399"/>
							<String ID="string_201" HPOS="414" VPOS="948" WIDTH="45" HEIGHT="24" WC="0.96" CONTENT="och,"/><SP WIDTH="16" VPOS="948" HPOS="459"/>
							<String ID="string_202" HPOS="475" VPOS="947" WIDTH="67" HEIGHT="22" WC="0.96" CONTENT="såsom"/><SP WIDTH="19" VPOS="947" HPOS="542"/>
							<String ID="string_203" HPOS="561" VPOS="948" WIDTH="179" HEIGHT="28" WC="0.96" CONTENT="kompletterande"/><SP WIDTH="16" VPOS="948" HPOS="740"/>
							<String ID="string_204" HPOS="756" VPOS="948" WIDTH="65" HEIGHT="29" WC="0.96" CONTENT="öfriga"/><SP WIDTH="15" VPOS="948" HPOS="821"/>
							<String ID="string_205" HPOS="836" VPOS="950" WIDTH="29" HEIGHT="26" WC="0.91" CONTENT="88"/><SP WIDTH="15" VPOS="950" HPOS="865"/>
							<String ID="string_206" HPOS="880" VPOS="949" WIDTH="8" HEIGHT="21" WC="0.95" CONTENT="i"/>
						</TextLine>
						<TextLine ID="line_23" HPOS="134" VPOS="981" WIDTH="753" HEIGHT="28">
							<String ID="string_207" HPOS="134" VPOS="983" WIDTH="13" HEIGHT="20" WC="0.92" CONTENT="2"/><SP WIDTH="14" VPOS="983" HPOS="147"/>
							<String ID="string_208" HPOS="161" VPOS="982" WIDTH="56" HEIGHT="27" WC="0.90" CONTENT="kap.,"/><SP WIDTH="14" VPOS="982" HPOS="217"/>
							<String ID="string_209" HPOS="231" VPOS="981" WIDTH="127" HEIGHT="21" WC="0.96" CONTENT="fortfarande"/><SP WIDTH="22" VPOS="981" HPOS="358"/>
							<String ID="string_210" HPOS="380" VPOS="982" WIDTH="37" HEIGHT="21" WC="0.93" CONTENT="bör"/><SP WIDTH="18" VPOS="982" HPOS="417"/>
							<String ID="string_211" HPOS="435" VPOS="982" WIDTH="79" HEIGHT="21" WC="0.92" CONTENT="lemnas"/><SP WIDTH="23" VPOS="982" HPOS="514"/>
							<String ID="string_212" HPOS="537" VPOS="982" WIDTH="93" HEIGHT="22" WC="0.96" CONTENT="oberörd."/><SP WIDTH="29" VPOS="982" HPOS="630"/>
							<String ID="string_213" HPOS="659" VPOS="982" WIDTH="50" HEIGHT="21" WC="0.96" CONTENT="Men"/><SP WIDTH="16" VPOS="982" HPOS="709"/>
							<String ID="string_214" HPOS="725" VPOS="990" WIDTH="44" HEIGHT="14" WC="0.96" CONTENT="som"/><SP WIDTH="16" VPOS="990" HPOS="769"/>
							<String ID="string_215" HPOS="785" VPOS="983" WIDTH="40" HEIGHT="25" WC="0.94" CONTENT="det,"/><SP WIDTH="16" VPOS="983" HPOS="825"/>
							<String ID="string_216" HPOS="841" VPOS="983" WIDTH="46" HEIGHT="22" WC="0.96" CONTENT="ifall"/>
						</TextLine>
						<TextLine ID="line_24" HPOS="134" VPOS="1014" WIDTH="753" HEIGHT="30">
							<String ID="string_217" HPOS="134" VPOS="1016" WIDTH="136" HEIGHT="21" WC="0.92" CONTENT="omförmälda"/><SP WIDTH="21" VPOS="1016" HPOS="270"/>
							<String ID="string_218" HPOS="291" VPOS="1014" WIDTH="213" HEIGHT="28" WC="0.89" CONTENT="lagstiftningsåtgärd"/><SP WIDTH="18" VPOS="1014" HPOS="504"/>
							<String ID="string_219" HPOS="522" VPOS="1015" WIDTH="100" HEIGHT="27" WC="0.91" CONTENT="vidtoges,"/><SP WIDTH="18" VPOS="1015" HPOS="622"/>
							<String ID="string_220" HPOS="640" VPOS="1022" WIDTH="49" HEIGHT="14" WC="0.96" CONTENT="vore"/><SP WIDTH="16" VPOS="1022" HPOS="689"/>
							<String ID="string_221" HPOS="705" VPOS="1023" WIDTH="26" HEIGHT="13" WC="0.93" CONTENT="en"/><SP WIDTH="14" VPOS="1023" HPOS="731"/>
							<String ID="string_222" HPOS="745" VPOS="1016" WIDTH="142" HEIGHT="28" WC="0.90" CONTENT="oegentlighet"/>
						</TextLine>
						<TextLine ID="line_25" HPOS="134" VPOS="1048" WIDTH="753" HEIGHT="30">
							<String ID="string_223" HPOS="134" VPOS="1052" WIDTH="30" HEIGHT="19" WC="0.96" CONTENT="att"/><SP WIDTH="14" VPOS="1052" HPOS="164"/>
							<String ID="string_224" HPOS="178" VPOS="1049" WIDTH="105" HEIGHT="22" WC="0.95" CONTENT="bibehålla"/><SP WIDTH="10" VPOS="1049" HPOS="283"/>
							<String ID="string_225" HPOS="293" VPOS="1048" WIDTH="46" HEIGHT="26" WC="0.96" CONTENT="den,"/><SP WIDTH="13" VPOS="1048" HPOS="339"/>
							<String ID="string_226" HPOS="352" VPOS="1049" WIDTH="57" HEIGHT="21" WC="0.92" CONTENT="ännu"/><SP WIDTH="10" VPOS="1049" HPOS="409"/>
							<String ID="string_227" HPOS="419" VPOS="1048" WIDTH="113" HEIGHT="28" WC="0.91" CONTENT="aflägsnare"/><SP WIDTH="12" VPOS="1048" HPOS="532"/>
							<String ID="string_228" HPOS="544" VPOS="1049" WIDTH="279" HEIGHT="28" WC="0.90" CONTENT="svågerskapsförhållanden"/><SP WIDTH="11" VPOS="1049" HPOS="823"/>
							<String ID="string_229" HPOS="834" VPOS="1050" WIDTH="53" HEIGHT="28" WC="0.91" CONTENT="åsyf-"/>
						</TextLine>
						<TextLine ID="line_26" HPOS="114" VPOS="1082" WIDTH="774" HEIGHT="30">
							<String ID="string_230" HPOS="114" VPOS="1094" WIDTH="3" HEIGHT="2" WC="0.61" CONTENT="+"/><SP WIDTH="18" VPOS="1094" HPOS="117"/>
							<String ID="string_231" HPOS="135" VPOS="1084" WIDTH="70" HEIGHT="26" WC="0.96" CONTENT="tande,"/><SP WIDTH="22" VPOS="1084" HPOS="205"/>
							<String ID="string_232" HPOS="227" VPOS="1085" WIDTH="6" HEIGHT="20" WC="0.96" CONTENT="6"/><SP WIDTH="16" VPOS="1085" HPOS="233"/>
							<String ID="string_233" HPOS="249" VPOS="1084" WIDTH="14" HEIGHT="26" WC="0.87" CONTENT="8"/><SP WIDTH="15" VPOS="1084" HPOS="263"/>
							<String ID="string_234" HPOS="278" VPOS="1083" WIDTH="7" HEIGHT="21" WC="0.96" CONTENT="i"/><SP WIDTH="14" VPOS="1083" HPOS="285"/>
							<String ID="string_235" HPOS="299" VPOS="1090" WIDTH="80" HEIGHT="14" WC="0.93" CONTENT="samma"/><SP WIDTH="14" VPOS="1090" HPOS="379"/>
							<String ID="string_236" HPOS="393" VPOS="1082" WIDTH="55" HEIGHT="28" WC="0.92" CONTENT="kap.,"/><SP WIDTH="16" VPOS="1082" HPOS="448"/>
							<String ID="string_237" HPOS="464" VPOS="1089" WIDTH="49" HEIGHT="14" WC="0.93" CONTENT="anse"/><SP WIDTH="16" VPOS="1089" HPOS="513"/>
							<String ID="string_238" HPOS="529" VPOS="1082" WIDTH="118" HEIGHT="21" WC="0.91" CONTENT="Ständerna"/><SP WIDTH="22" VPOS="1082" HPOS="647"/>
							<String ID="string_239" HPOS="669" VPOS="1083" WIDTH="60" HEIGHT="21" WC="0.96" CONTENT="deraf"/><SP WIDTH="20" VPOS="1083" HPOS="729"/>
							<String ID="string_240" HPOS="749" VPOS="1083" WIDTH="50" HEIGHT="29" WC="0.95" CONTENT="följa"/><SP WIDTH="15" VPOS="1083" HPOS="799"/>
							<String ID="string_241" HPOS="814" VPOS="1086" WIDTH="31" HEIGHT="19" WC="0.96" CONTENT="att"/><SP WIDTH="15" VPOS="1086" HPOS="845"/>
							<String ID="string_242" HPOS="860" VPOS="1083" WIDTH="28" HEIGHT="22" WC="0.78" CONTENT="äf-"/>
						</TextLine>
						<TextLine ID="line_27" HPOS="135" VPOS="1115" WIDTH="752" HEIGHT="31">
							<String ID="string_243" HPOS="135" VPOS="1126" WIDTH="40" HEIGHT="13" WC="0.96" CONTENT="ven"/><SP WIDTH="16" VPOS="1126" HPOS="175"/>
							<String ID="string_244" HPOS="191" VPOS="1117" WIDTH="128" HEIGHT="22" WC="0.96" CONTENT="sistnämnda"/><SP WIDTH="17" VPOS="1117" HPOS="319"/>
							<String ID="string_245" HPOS="336" VPOS="1116" WIDTH="81" HEIGHT="28" WC="0.96" CONTENT="lagrum"/><SP WIDTH="9" VPOS="1116" HPOS="417"/>
							<String ID="string_246" HPOS="426" VPOS="1116" WIDTH="64" HEIGHT="21" WC="0.96" CONTENT="borde"/><SP WIDTH="17" VPOS="1116" HPOS="490"/>
							<String ID="string_247" HPOS="507" VPOS="1115" WIDTH="32" HEIGHT="22" WC="0.96" CONTENT="till"/><SP WIDTH="11" VPOS="1115" HPOS="539"/>
							<String ID="string_248" HPOS="550" VPOS="1116" WIDTH="56" HEIGHT="22" WC="0.96" CONTENT="kraft"/><SP WIDTH="10" VPOS="1116" HPOS="606"/>
							<String ID="string_249" HPOS="616" VPOS="1117" WIDTH="39" HEIGHT="20" WC="0.96" CONTENT="och"/><SP WIDTH="14" VPOS="1117" HPOS="655"/>
							<String ID="string_250" HPOS="669" VPOS="1117" WIDTH="80" HEIGHT="21" WC="0.93" CONTENT="verkan"/><SP WIDTH="15" VPOS="1117" HPOS="749"/>
							<String ID="string_251" HPOS="764" VPOS="1117" WIDTH="123" HEIGHT="29" WC="0.90" CONTENT="upphäfvas."/>
						</TextLine>
						<TextLine ID="line_28" HPOS="203" VPOS="1149" WIDTH="685" HEIGHT="31">
							<String ID="string_252" HPOS="203" VPOS="1151" WIDTH="32" HEIGHT="22" WC="0.96" CONTENT="På"/><SP WIDTH="13" VPOS="1151" HPOS="235"/>
							<String ID="string_253" HPOS="248" VPOS="1150" WIDTH="68" HEIGHT="29" WC="0.96" CONTENT="grund"/><SP WIDTH="15" VPOS="1150" HPOS="316"/>
							<String ID="string_254" HPOS="331" VPOS="1149" WIDTH="22" HEIGHT="22" WC="0.96" CONTENT="af"/><SP WIDTH="13" VPOS="1149" HPOS="353"/>
							<String ID="string_255" HPOS="366" VPOS="1150" WIDTH="35" HEIGHT="21" WC="0.95" CONTENT="det"/><SP WIDTH="21" VPOS="1150" HPOS="401"/>
							<String ID="string_256" HPOS="422" VPOS="1149" WIDTH="87" HEIGHT="22" WC="0.95" CONTENT="anförda"/><SP WIDTH="21" VPOS="1149" HPOS="509"/>
							<String ID="string_257" HPOS="530" VPOS="1149" WIDTH="22" HEIGHT="22" WC="0.93" CONTENT="få"/><SP WIDTH="15" VPOS="1149" HPOS="552"/>
							<String ID="string_258" HPOS="567" VPOS="1149" WIDTH="117" HEIGHT="23" WC="0.92" CONTENT="Ständerna"/><SP WIDTH="15" VPOS="1149" HPOS="684"/>
							<String ID="string_259" HPOS="699" VPOS="1150" WIDTH="8" HEIGHT="22" WC="0.93" CONTENT="i"/><SP WIDTH="15" VPOS="1150" HPOS="707"/>
							<String ID="string_260" HPOS="722" VPOS="1151" WIDTH="166" HEIGHT="29" WC="0.91" CONTENT="underdånighet"/>
						</TextLine>
						<TextLine ID="line_29" HPOS="135" VPOS="1186" WIDTH="84" HEIGHT="22">
							<String ID="string_261" HPOS="135" VPOS="1186" WIDTH="84" HEIGHT="22" WC="0.94" CONTENT="anhålla"/>
						</TextLine>
						<TextLine ID="line_30" HPOS="271" VPOS="1218" WIDTH="615" HEIGHT="29">
							<String ID="string_262" HPOS="271" VPOS="1220" WIDTH="34" HEIGHT="20" WC="0.96" CONTENT="det"/><SP WIDTH="23" VPOS="1220" HPOS="305"/>
							<String ID="string_263" HPOS="328" VPOS="1218" WIDTH="78" HEIGHT="21" WC="0.92" CONTENT="täcktes"/><SP WIDTH="11" VPOS="1218" HPOS="406"/>
							<String ID="string_264" HPOS="417" VPOS="1218" WIDTH="91" HEIGHT="22" WC="0.92" CONTENT="Eders"/><SP WIDTH="18" VPOS="1218" HPOS="508"/>
							<String ID="string_265" HPOS="526" VPOS="1218" WIDTH="173" HEIGHT="28" WC="0.96" CONTENT="Kejserliga"/><SP WIDTH="18" VPOS="1218" HPOS="699"/>
							<String ID="string_266" HPOS="717" VPOS="1219" WIDTH="146" HEIGHT="28" WC="0.89" CONTENT="Majestät"/><SP WIDTH="14" VPOS="1219" HPOS="863"/>
							<String ID="string_267" HPOS="877" VPOS="1221" WIDTH="9" HEIGHT="20" WC="0.89" CONTENT="i"/>
						</TextLine>
						<TextLine ID="line_31" HPOS="204" VPOS="1252" WIDTH="686" HEIGHT="28">
							<String ID="string_268" HPOS="204" VPOS="1254" WIDTH="76" HEIGHT="26" WC="0.93" CONTENT="nådigt"/><SP WIDTH="15" VPOS="1254" HPOS="280"/>
							<String ID="string_269" HPOS="295" VPOS="1252" WIDTH="159" HEIGHT="26" WC="0.91" CONTENT="öfvervägande"/><SP WIDTH="18" VPOS="1252" HPOS="454"/>
							<String ID="string_270" HPOS="472" VPOS="1255" WIDTH="58" HEIGHT="23" WC="0.96" CONTENT="taga,"/><SP WIDTH="16" VPOS="1255" HPOS="530"/>
							<String ID="string_271" HPOS="546" VPOS="1252" WIDTH="107" HEIGHT="20" WC="0.96" CONTENT="huruvida"/><SP WIDTH="14" VPOS="1252" HPOS="653"/>
							<String ID="string_272" HPOS="667" VPOS="1253" WIDTH="44" HEIGHT="19" WC="0.96" CONTENT="icke"/><SP WIDTH="14" VPOS="1253" HPOS="711"/>
							<String ID="string_273" HPOS="725" VPOS="1253" WIDTH="48" HEIGHT="20" WC="0.96" CONTENT="skäl"/><SP WIDTH="15" VPOS="1253" HPOS="773"/>
							<String ID="string_274" HPOS="788" VPOS="1260" WIDTH="49" HEIGHT="14" WC="0.96" CONTENT="vore"/><SP WIDTH="10" VPOS="1260" HPOS="837"/>
							<String ID="string_275" HPOS="847" VPOS="1254" WIDTH="43" HEIGHT="26" WC="0.96" CONTENT="för"/>
						</TextLine>
						<TextLine ID="line_32" HPOS="204" VPOS="1285" WIDTH="686" HEIGHT="30">
							<String ID="string_276" HPOS="204" VPOS="1287" WIDTH="85" HEIGHT="20" WC="0.95" CONTENT="handen"/><SP WIDTH="16" VPOS="1287" HPOS="289"/>
							<String ID="string_277" HPOS="305" VPOS="1288" WIDTH="32" HEIGHT="18" WC="0.93" CONTENT="att"/><SP WIDTH="14" VPOS="1288" HPOS="337"/>
							<String ID="string_278" HPOS="351" VPOS="1285" WIDTH="113" HEIGHT="27" WC="0.90" CONTENT="upphäfva"/><SP WIDTH="20" VPOS="1285" HPOS="464"/>
							<String ID="string_279" HPOS="484" VPOS="1286" WIDTH="75" HEIGHT="26" WC="0.96" CONTENT="lagens"/><SP WIDTH="15" VPOS="1286" HPOS="559"/>
							<String ID="string_280" HPOS="574" VPOS="1285" WIDTH="136" HEIGHT="27" WC="0.95" CONTENT="stadganden"/><SP WIDTH="15" VPOS="1285" HPOS="710"/>
							<String ID="string_281" HPOS="725" VPOS="1286" WIDTH="8" HEIGHT="20" WC="0.95" CONTENT="i"/><SP WIDTH="14" VPOS="1286" HPOS="733"/>
							<String ID="string_282" HPOS="747" VPOS="1287" WIDTH="14" HEIGHT="19" WC="0.96" CONTENT="5"/><SP WIDTH="15" VPOS="1287" HPOS="761"/>
							<String ID="string_283" HPOS="776" VPOS="1287" WIDTH="38" HEIGHT="20" WC="0.96" CONTENT="och"/><SP WIDTH="15" VPOS="1287" HPOS="814"/>
							<String ID="string_284" HPOS="829" VPOS="1288" WIDTH="14" HEIGHT="20" WC="0.95" CONTENT="6"/><SP WIDTH="15" VPOS="1288" HPOS="843"/>
							<String ID="string_285" HPOS="858" VPOS="1288" WIDTH="32" HEIGHT="27" WC="0.95" CONTENT="$$"/>
						</TextLine>
						<TextLine ID="line_33" HPOS="204" VPOS="1318" WIDTH="686" HEIGHT="30">
							<String ID="string_286" HPOS="204" VPOS="1322" WIDTH="15" HEIGHT="20" WC="0.95" CONTENT="2"/><SP WIDTH="15" VPOS="1322" HPOS="219"/>
							<String ID="string_287" HPOS="234" VPOS="1320" WIDTH="48" HEIGHT="27" WC="0.93" CONTENT="kap."/><SP WIDTH="19" VPOS="1320" HPOS="282"/>
							<String ID="string_288" HPOS="301" VPOS="1320" WIDTH="25" HEIGHT="21" WC="0.90" CONTENT="G."/><SP WIDTH="19" VPOS="1320" HPOS="326"/>
							<String ID="string_289" HPOS="345" VPOS="1318" WIDTH="31" HEIGHT="26" WC="0.90" CONTENT="B.,"/><SP WIDTH="15" VPOS="1318" HPOS="376"/>
							<String ID="string_290" HPOS="391" VPOS="1321" WIDTH="56" HEIGHT="19" WC="0.95" CONTENT="samt"/><SP WIDTH="17" VPOS="1321" HPOS="447"/>
							<String ID="string_291" HPOS="464" VPOS="1319" WIDTH="8" HEIGHT="20" WC="0.96" CONTENT="i"/><SP WIDTH="17" VPOS="1319" HPOS="472"/>
							<String ID="string_292" HPOS="489" VPOS="1318" WIDTH="71" HEIGHT="22" WC="0.95" CONTENT="sådan"/><SP WIDTH="16" VPOS="1318" HPOS="560"/>
							<String ID="string_293" HPOS="576" VPOS="1318" WIDTH="101" HEIGHT="22" WC="0.96" CONTENT="händelse"/><SP WIDTH="10" VPOS="1318" HPOS="677"/>
							<String ID="string_294" HPOS="687" VPOS="1320" WIDTH="120" HEIGHT="28" WC="0.96" CONTENT="förelägga"/><SP WIDTH="18" VPOS="1320" HPOS="807"/>
							<String ID="string_295" HPOS="825" VPOS="1323" WIDTH="65" HEIGHT="19" WC="0.96" CONTENT="nästa"/>
						</TextLine>
						<TextLine ID="line_34" HPOS="205" VPOS="1353" WIDTH="553" HEIGHT="29">
							<String ID="string_296" HPOS="205" VPOS="1354" WIDTH="108" HEIGHT="27" WC="0.91" CONTENT="landtdag"/><SP WIDTH="16" VPOS="1354" HPOS="313"/>
							<String ID="string_297" HPOS="329" VPOS="1353" WIDTH="66" HEIGHT="27" WC="0.95" CONTENT="nådig"/><SP WIDTH="12" VPOS="1353" HPOS="395"/>
							<String ID="string_298" HPOS="407" VPOS="1353" WIDTH="137" HEIGHT="27" WC="0.96" CONTENT="proposition"/><SP WIDTH="16" VPOS="1353" HPOS="544"/>
							<String ID="string_299" HPOS="560" VPOS="1354" WIDTH="9" HEIGHT="19" WC="0.96" CONTENT="i"/><SP WIDTH="15" VPOS="1354" HPOS="569"/>
							<String ID="string_300" HPOS="584" VPOS="1354" WIDTH="95" HEIGHT="20" WC="0.96" CONTENT="nämnda"/><SP WIDTH="15" VPOS="1354" HPOS="679"/>
							<String ID="string_301" HPOS="694" VPOS="1354" WIDTH="64" HEIGHT="28" WC="0.95" CONTENT="syfte."/>
						</TextLine>
						<TextLine ID="line_35" HPOS="205" VPOS="1394" WIDTH="395" HEIGHT="22">
							<String ID="string_302" HPOS="205" VPOS="1394" WIDTH="103" HEIGHT="22" WC="0.93" CONTENT="Finlands"/><SP WIDTH="15" VPOS="1394" HPOS="308"/>
							<String ID="string_303" HPOS="323" VPOS="1394" WIDTH="91" HEIGHT="22" WC="0.91" CONTENT="Ständer"/><SP WIDTH="14" VPOS="1394" HPOS="414"/>
							<String ID="string_304" HPOS="428" VPOS="1394" WIDTH="118" HEIGHT="22" WC="0.91" CONTENT="framhärda"/><SP WIDTH="16" VPOS="1394" HPOS="546"/>
							<String ID="string_305" HPOS="562" VPOS="1396" WIDTH="38" HEIGHT="19" WC="0.86" CONTENT="etc."/>
						</TextLine>
						<TextLine ID="line_36" HPOS="205" VPOS="1427" WIDTH="448" HEIGHT="30">
							<String ID="string_306" HPOS="205" VPOS="1427" WIDTH="139" HEIGHT="30" WC="0.95" CONTENT="Helsingfors,"/><SP WIDTH="17" VPOS="1427" HPOS="344"/>
							<String ID="string_307" HPOS="361" VPOS="1427" WIDTH="40" HEIGHT="22" WC="0.96" CONTENT="den"/><SP WIDTH="17" VPOS="1427" HPOS="401"/>
							<String ID="string_308" HPOS="418" VPOS="1428" WIDTH="26" HEIGHT="21" WC="0.93" CONTENT="13"/><SP WIDTH="15" VPOS="1428" HPOS="444"/>
							<String ID="string_309" HPOS="459" VPOS="1428" WIDTH="118" HEIGHT="22" WC="0.96" CONTENT="December"/><SP WIDTH="16" VPOS="1428" HPOS="577"/>
							<String ID="string_310" HPOS="593" VPOS="1428" WIDTH="60" HEIGHT="22" WC="0.96" CONTENT="1877."/>
						</TextLine>
					</TextBlock>
				</ComposedBlock>
				<GraphicalElement ID="cblock_2" HPOS="260" VPOS="1477" WIDTH="527" HEIGHT="11"></GraphicalElement >
				<ComposedBlock ID="cblock_3" HPOS="320" VPOS="1503" WIDTH="396" HEIGHT="24">
					<TextBlock ID="block_2" HPOS="320" VPOS="1503" WIDTH="396" HEIGHT="24">
						<TextLine ID="line_37" HPOS="320" VPOS="1503" WIDTH="396" HEIGHT="24">
							<String ID="string_311" HPOS="320" VPOS="1504" WIDTH="116" HEIGHT="22" WC="0.93" CONTENT="Helsingfors,"/><SP WIDTH="13" VPOS="1504" HPOS="436"/>
							<String ID="string_312" HPOS="449" VPOS="1504" WIDTH="16" HEIGHT="18" WC="0.92" CONTENT="J."/><SP WIDTH="13" VPOS="1504" HPOS="465"/>
							<String ID="string_313" HPOS="478" VPOS="1503" WIDTH="66" HEIGHT="20" WC="0.92" CONTENT="Simelii"/><SP WIDTH="12" VPOS="1503" HPOS="544"/>
							<String ID="string_314" HPOS="556" VPOS="1504" WIDTH="94" HEIGHT="23" WC="0.90" CONTENT="arfvingar,"/><SP WIDTH="15" VPOS="1504" HPOS="650"/>
							<String ID="string_315" HPOS="665" VPOS="1505" WIDTH="51" HEIGHT="18" WC="0.90" CONTENT="1878."/>
						</TextLine>
					</TextBlock>
				</ComposedBlock>
			</PrintSpace>
		</Page>
	</Layout>
</alto>
