1045 1706
246 130 314 20 Petitionsbetänkande
576 131 45 18 N:o
636 132 35 17 32.

360 431 257 26 Ekonomiutskottets
624 431 155 26 betänkande
787 431 43 26 N:o

294 471 28 26 14
340 471 8 26 i
368 471 132 34 anledning
521 472 27 25 af
563 474 36 24 ett
621 471 66 27 inom
707 472 123 33 Borgare-

294 511 98 26 ständet
401 512 142 25 framstäldt
552 511 216 34 petitionsförslag
787 521 42 16 an-

293 551 93 33 gäende
408 551 146 34 förändring
582 551 26 26 af
629 552 8 25 i
665 551 84 26 landet
776 551 54 34 gäl-

292 591 71 26 lande
381 591 150 34 vigtsystem.

158 666 82 22 Genom
264 667 201 28 protokollsutdrag
480 667 23 22 af
517 668 40 21 den
573 668 26 21 10
614 667 99 22 sistlidne
728 667 104 22 Februari

91 700 39 22 har
146 701 113 27 Vällofliga
274 701 184 27 Borgareständet
473 702 34 20 till
521 701 215 22 Ekonomiutskottet
759 702 72 21 remit-

92 736 57 20 terat
164 737 31 19 ett
210 735 24 21 sä
248 735 94 27 lydande
356 735 217 27 petitionsmemorial

245 811 61 18 «Till
317 811 136 23 Vällofliga
464 811 211 24 Borgareständet.

157 863 28 17 De
203 863 105 18 föräldrade
321 863 34 18 och
368 863 7 18 i
386 863 46 18 fiere
447 863 99 19 afseenden
559 863 99 23 olämpliga
670 863 161 23 bestämningarna

90 891 94 24 angående
199 892 50 22 mått,
258 892 37 18 mål
308 893 35 17 och
361 893 43 22 vigt,
424 898 38 13 som
480 894 48 17 ännu
541 895 32 16 äro
585 893 35 18 hos
633 898 31 13 oss
675 892 91 24 gällande,
778 893 54 18 hafva

91 921 52 22 längt
160 920 29 18 för
209 921 50 18 detta
272 921 82 23 päkallat
367 921 163 23 uppmärksamhet
541 922 41 18 icke
594 921 79 19 allenast
685 921 20 18 af
715 922 117 23 vetenskaps-

88 951 43 16 män
143 949 34 18 och
184 949 122 19 trafikerande
319 951 50 17 inom
381 950 62 18 landet
455 952 44 17 utan
515 951 54 18 äfven
582 950 19 18 af
611 955 23 13 en
646 951 75 22 upplyst
734 951 97 23 Regering,

89 979 74 17 hvilken
174 979 7 17 i
193 979 46 23 följd
251 979 53 18 deraf
314 979 30 18 till
355 979 73 18 landets
441 979 20 18 är
474 981 45 17 1863
531 979 112 19 församlade
657 979 78 19 Ständer
743 980 89 18 framlade

89 1013 22 12 en
129 1008 60 23 Nädig
211 1009 121 22 proposition,
352 1009 73 18 hvaruti
441 1009 96 23 föreslogs,
555 1009 41 18 icke
615 1009 80 18 allenast
712 1009 122 18 aiskaffandet

88 1036 21 19 af
125 1037 94 23 åtskilliga
237 1037 51 19 äldre
308 1038 35 17 och
360 1037 44 23 föga
421 1038 86 23 brukliga
524 1038 129 23 vigtsenheter,
666 1040 43 16 utan
722 1039 54 17 äfven
787 1038 45 18 infö-

88 1065 64 19 randet
172 1066 21 18 af
207 1066 165 23 decimalsystemet
390 1067 85 23 antingen
495 1067 41 18 med
554 1066 137 19 bibehällandet
710 1067 19 18 af
747 1067 22 18 de
782 1067 50 17 förut

88 1095 85 22 gällande
192 1096 100 18 enheterna
309 1095 29 18 för
353 1095 51 23 mätt,
416 1096 37 18 mäl
465 1096 35 18 och
512 1096 43 23 vigt,
569 1096 46 18 eller
627 1096 42 18 med
681 1095 109 19 anslutande
804 1096 28 17 till

89 1123 31 18 det
131 1124 90 19 metriska
233 1126 93 21 systemet.

159 1153 43 18 Men
219 1154 58 17 ehuru
289 1153 73 19 landets
372 1153 79 19 Ständer
463 1154 42 18 med
516 1153 53 19 bifall
581 1153 29 18 till
622 1153 36 18 den
670 1153 66 24 nädiga
749 1154 83 22 proposi-

89 1181 63 18 tionen
164 1181 6 18 i
182 1182 147 23 underdänighet
341 1182 101 23 tillstyrkte
455 1185 25 15 ett
491 1182 117 23 fullständigt
620 1182 142 23 genomförande
771 1182 19 18 af
797 1182 35 17 den

90 1210 39 19 deri
147 1210 105 23 föreslagna
271 1211 97 22 reformen,
386 1211 34 18 har
439 1211 56 18 saken
513 1211 57 17 likväl
588 1210 67 19 bittills
668 1211 40 18 icke
721 1211 39 18 haft
772 1216 60 13 annan

89 1239 76 23 påföljd,
190 1241 23 16 än
237 1242 26 15 att
275 1239 118 24 stapelstads,
406 1240 61 23 bergs,
479 1240 94 22 tackjerns
597 1240 36 17 och
645 1239 90 23 uppstads
751 1240 83 22 vigterna

89 1273 67 18 genom
168 1268 72 23 Nädiga
251 1268 131 23 förordningen
394 1269 35 18 den
442 1269 35 17 6:te
490 1268 106 23 September
603 1269 46 17 1864
658 1268 60 18 blifvit
725 1268 107 18 afskaffade.

90 1297 70 18 Genom
173 1297 60 18 denna
252 1297 87 22 partiella
350 1297 65 23 ätgärd
428 1297 33 18 har
476 1297 107 22 visserligen
595 1299 59 16 större
667 1297 44 18 reda
723 1297 35 18 och
771 1297 61 18 enkel-

90 1325 32 18 het
133 1326 74 17 vunnits
219 1326 6 17 i
238 1325 72 18 landets
322 1326 113 22 vigtsystem,
448 1331 40 12 men
501 1325 35 18 den
548 1325 141 22 hufvudsakliga
697 1325 134 22 förenklingen,

91 1359 39 12 som
142 1354 56 17 beror
212 1353 25 23 pä
248 1353 104 18 införandet
364 1355 19 17 af
394 1353 166 23 decimalsystemet
573 1354 33 17 och
619 1353 24 22 pä
655 1353 111 23 antagandet
778 1353 20 18 af
809 1359 22 12 en

91 1382 76 23 lämplig
178 1383 110 22 vigtsenhet,
301 1383 67 18 saknas
382 1385 52 15 ännu.

158 1411 30 18 Då
204 1417 41 12 man
257 1411 6 18 i
275 1411 100 23 Danmark,
387 1411 74 23 Norige,
474 1411 155 22 Nederländerna,
643 1411 93 22 Schweitz,
749 1411 83 22 Belgien,

91 1440 71 23 Italien,
174 1440 93 23 Tyskland
279 1440 41 19 med
331 1440 45 19 flere
388 1440 65 18 länder
465 1440 93 19 allaredan
570 1440 70 23 antagit
652 1439 35 19 den
699 1440 76 18 franska
786 1440 48 17 kilo-

92 1475 93 17 grammen
203 1470 47 18 eller
268 1475 22 13 en
300 1469 51 24 jemn
363 1469 30 19 del
405 1469 53 18 deraf
477 1469 61 18 säsom
557 1469 109 23 vigtsenhet,
686 1469 92 22 begagnas
798 1469 34 18 hos

160 1511 172 18 Ekonomiutskottets
345 1511 104 17 betänkande
462 1511 32 17 N:o
507 1511 28 18 14.
