1028 1711
225 140 318 22 Petitionahetönkande
559 140 46 21 N:o
620 141 28 20 3.
769 142 12 18 3

66 206 69 20 kande
151 213 33 13 om
199 206 194 20 läkaredistriktens
406 207 85 27 delning
501 208 66 26 enligt
581 208 74 21 anförd
666 210 73 25 grund,
750 210 59 20 torde

66 240 39 20 lätt
119 241 62 24 inses,
193 242 31 18 att
234 241 105 25 projektet
354 240 51 20 först
419 242 7 18 i
442 248 25 13 en
483 241 116 27 aflägsnare
614 242 84 20 framtid
709 243 41 19 kan
761 243 46 20 blif-

67 280 26 13 va
107 274 108 19 utförbart.
239 274 57 19 Våra
311 274 279 25 provincialläkaredistrikt,
602 282 44 13 som
661 276 22 19 år
695 276 54 19 1832
758 282 50 14 voro

66 307 25 20 35
109 307 30 20 till
155 306 86 26 antalet,
257 307 70 26 uppgä
342 307 32 20 för
389 308 129 20 närvarande
533 308 32 20 till
581 309 34 25 50,
631 315 46 14 men
694 309 64 20 borde
773 316 34 13 en-

66 341 37 26 ligt
119 341 58 20 detta
191 341 78 26 förslag
285 341 51 19 ökas
353 341 31 19 till
402 342 38 19 100
456 342 51 19 eller
523 343 46 19 130.
600 342 65 20 Dessa
680 343 68 20 siffror
759 343 48 20 äda-

65 375 92 26 galägga
172 374 12 20 &
199 381 39 13 ena
254 374 66 25 sidan,
336 377 31 17 att
382 375 273 27 medicinalöfverstyrelsen
671 377 40 19 och
726 377 82 20 landets

65 409 96 26 regering
177 409 73 20 hittills
265 409 121 26 verkeligen
402 409 47 20 sökt
465 409 52 21 efter
529 410 134 26 möjligheten
679 411 75 26 främja
764 411 43 21 hel-

65 443 103 21 sovärden
183 449 75 20 genom
282 443 120 20 distriktens
423 443 95 27 delning;
533 456 28 3 —
577 444 95 21 hvarföre
687 445 69 26 någon
771 446 37 25 pä-

65 477 102 20 minnelse
182 477 70 20 härom
276 477 44 20 från
337 478 122 19 ständernas
482 478 45 20 sida
543 479 18 26 ej
577 482 24 17 är
615 479 24 20 af
659 479 99 21 behofvet
771 480 36 25 pä-

65 512 79 25 kallad,
159 523 28 3 —
202 511 39 21 och
258 512 12 19 &
285 512 65 19 andra
370 512 59 20 sidan
452 512 57 27 gifva
531 513 26 20 de
573 513 34 20 vid
630 513 89 26 handen,
736 515 31 18 att
783 520 25 14 en

65 547 22 20 sä
102 548 43 19 stor
161 546 39 20 och
215 545 85 27 plötslig
315 546 79 27 ökning
409 546 23 20 af
444 546 121 21 distriktens
585 548 64 25 antal,
664 555 44 14 som
724 548 40 20 den
779 555 29 13 nu

64 580 129 26 ifrågasatta,
208 580 115 26 ingalunda
346 580 69 20 kunde
438 581 94 21 medföra
547 582 68 20 afsedt
629 582 104 26 praktiskt
746 588 61 20 gagn,

64 616 50 18 enär
129 614 82 20 landets
226 614 137 26 läkarekorps
381 618 55 16 ännu
455 615 62 27 länge
541 616 58 20 torde
615 615 30 20 till
665 616 31 20 sin
712 618 96 18 numerär

64 648 98 20 förblifva
177 648 128 26 otillräcklig
328 650 31 18 att
374 648 91 21 bestrida
487 651 30 19 ett
531 650 136 20 fördubbladt
682 650 57 19 antal
755 650 52 26 tjen-

64 684 48 20 ster.
141 682 42 20 Vid
199 682 75 20 sådant
288 682 132 21 förhållande
443 683 41 20 kan
500 684 102 20 utskottet
616 685 18 25 ej
651 690 49 14 anse
716 683 46 20 skäl
777 684 30 20 fö-

63 718 90 20 refinnas
169 718 31 19 att
214 717 38 21 hos
268 717 102 27 styrelsen
386 720 51 24 göra
452 718 90 20 särskild
558 718 98 20 anhållan
672 724 34 14 om
722 718 85 26 delning

65 751 22 21 af
99 751 308 28 provincialläkaredistrikten,
425 753 48 19 utan
497 752 60 20 torde
580 752 35 20 det
635 753 72 19 härom
731 753 76 20 väckta

64 787 99 26 förslaget
179 787 51 20 böra
244 786 44 21 helt
304 786 38 21 och
358 786 66 21 hållet
438 786 91 21 förfalla.

133 821 108 20 Utskottet
255 821 39 20 har
310 821 72 20 vidare
397 821 52 26 tagit
464 821 6 19 i
487 821 155 26 öfvervägande
654 821 26 20 de
694 822 67 26 begge
771 827 35 21 pe-

64 856 145 20 titionärernes
224 855 79 27 förslag
323 862 33 12 om
371 855 84 19 läkares
477 855 140 26 förpligtande
633 856 31 19 att
678 855 83 20 bosätta
776 855 31 27 sig

63 891 7 19 i
85 890 79 20 midten
180 889 23 21 af
216 890 36 19 sitt
270 889 84 20 distrikt
374 888 108 21 äfvensom
504 891 31 18 att
549 890 78 26 årligen
649 889 65 26 några
730 890 78 26 gånger

63 930 123 21 genomresa
201 924 47 20 dess
263 923 98 27 samtliga
382 923 123 20 kommuner
528 923 31 21 för
574 923 139 20 meddelande
729 923 23 20 af
769 924 38 20 råd

64 959 21 20 åt
101 958 99 28 möjligen
216 957 197 27 hjelpbehöfvande.
443 957 79 20 Härvid
538 958 65 19 måste
619 957 102 20 utskottet
735 957 73 21 främst

63 996 51 24 göra
132 1000 26 13 en
174 993 81 20 erinran
279 992 23 20 af
320 991 111 27 principiel
451 994 38 17 art.
526 991 198 26 Förslagsställarne
745 998 62 20 synas

63 1028 50 26 utgå
128 1027 45 20 från
189 1027 39 19 den
244 1026 155 26 förutsättning,
415 1028 30 17 att
465 1025 205 27 provincialläkaren
688 1025 119 27 egentligen

63 1068 50 14 vore
130 1062 73 19 tillsatt
222 1061 33 20 för
276 1060 163 20 handhafvande
460 1060 23 19 af
503 1060 39 20 den
558 1059 96 21 enskilda
675 1059 132 27 sjukvården,

65 1097 62 20 hvars
150 1095 148 27 bristfällighet
320 1094 40 20 och
379 1094 86 26 möjliga
487 1094 143 20 förbättrande
645 1094 162 26 petitionärerne

64 1131 145 24 förnämligast
231 1129 45 20 haft
290 1130 6 18 i
312 1129 59 26 sigte.
406 1128 123 19 Emellertid
552 1128 84 26 stadgar
659 1135 27 12 nu
708 1128 100 26 gällande

64 1165 126 21 instruktion
212 1163 32 20 för
267 1161 219 28 provincialläkarene
501 1162 6 19 i
522 1161 89 20 Finland
628 1161 22 20 af
664 1161 40 20 den
721 1162 24 19 17
760 1161 48 20 Jan.

66 1199 53 20 1832
135 1198 30 20 uti
180 1199 21 23 $$
216 1198 12 19 3
244 1197 40 20 och
301 1197 32 25 18,
349 1198 31 18 att
394 1196 36 20 det
446 1199 22 16 är
483 1195 40 21 den
539 1195 112 21 allmänna
661 1194 147 25 helsovården,

64 1239 44 14 som
124 1234 61 24 utgör
200 1231 190 20 hufvudföremålet
408 1230 31 20 för
454 1229 215 27 provincialläkarens
684 1229 123 26 befattning,

64 1273 47 14 men
127 1268 30 19 att
171 1267 42 18 han
228 1265 106 21 dessutom
350 1271 48 19 eger
413 1266 31 18 att
458 1264 131 26 tillhandagå
604 1263 97 21 enskilda
711 1263 48 20 med
770 1263 39 20 råd

65 1301 40 20 och
120 1300 88 25 biträde,
223 1299 72 21 såvidt
310 1299 54 21 hans
384 1298 107 28 egentliga
509 1297 240 28 tjenstemannapligter
763 1296 46 21 icke

65 1335 122 26 derigenom
197 1333 141 26 försummas.
368 1333 73 19 Denna
463 1333 110 25 grundsats
596 1332 60 20 torde
677 1331 131 26 lagstiftaren

65 1368 130 20 fortfarande
213 1367 52 20 böra
287 1367 65 19 hafva
366 1366 33 19 till
421 1366 86 25 ledning
522 1365 34 19 vid
580 1364 131 26 reglerandet
726 1363 23 20 af
762 1369 46 19 pro-

66 1402 176 21 vincialläkarnes
252 1399 235 27 embetsskyldigheter,
499 1398 87 21 emedan
598 1398 39 20 den
649 1397 106 20 allmänna
764 1396 43 20 hel-

66 1437 103 21 sovården
185 1435 59 20 alltid
259 1435 67 20 måste
341 1433 97 22 förblifva
449 1432 214 28 provincialläkarens
677 1431 130 26 hufvudupp-

67 1472 39 27 gift
121 1470 40 21 och
177 1470 34 20 det
226 1470 106 19 dessutom
349 1468 58 21 torde
422 1475 51 13 vara
488 1467 102 26 omöjligt,
601 1468 30 18 att
646 1472 75 21 genom
731 1466 78 19 statens

133 1510 101 19 Allmänna
245 1508 184 20 Besvärs-utskottets
443 1506 110 20 betänkande
564 1511 30 13 n:o
606 1506 16 18 3.
