1061 1703
270 146 278 24 Petitionsbetänkande
561 145 47 25 N:o
622 147 38 23 25.
779 147 26 20 21

90 210 115 27 ställighet,
229 209 44 22 dels
288 212 51 20 utan
355 212 29 19 att
398 211 39 21 alls
452 211 64 21 hafva
530 210 115 28 ådagalagt
660 211 99 27 kunskap
775 211 6 20 i
796 210 39 22 fin-

90 244 40 21 ska
152 243 93 28 språket.
276 244 45 21 Allt
343 244 56 21 detta
419 245 88 21 oaktadt
525 246 63 20 hafva
603 245 56 21 dock
673 244 68 28 några
756 245 78 26 ytterli-

91 284 53 21 gare
166 278 101 28 åtgärder
288 279 50 21 icke
356 278 66 22 blifvit
437 279 103 27 vidtagna
554 280 6 20 i
575 280 62 26 afsigt
652 280 30 20 att
696 279 85 27 gradvis
797 278 38 21 fill-

91 312 73 28 lämpa
187 312 42 22 den
250 313 129 21 föreskrifna
400 314 117 26 reformen,
540 314 40 21 och
596 313 56 21 hvad
668 319 46 15 som
729 312 47 22 från
791 313 44 27 lag-

90 347 135 27 stiftniogens
247 347 46 21 sida
314 347 67 21 blifvit
395 347 77 28 gjordt,
490 348 39 20 har
543 347 124 28 ytterligare
682 347 105 28 aflägsnat
802 353 35 15 oss

89 379 48 23 frän
159 381 37 21 det
209 380 112 28 förelagda
336 379 76 23 mälet:
429 381 42 21 alla
487 381 69 21 finska
570 381 155 28 medborgares
740 381 44 20 lika
799 381 37 21 be-

91 415 121 28 rättigande
233 415 51 22 med
306 415 102 22 afseende
416 410 13 38 &
451 415 36 22 sitt
501 414 115 29 tungomäl.
647 415 41 21 Vid
704 414 77 22 sädant
795 415 41 22 för-

90 448 102 23 hällande
214 449 71 22 finner
305 450 32 27 sig
358 449 116 22 Allmänna
495 450 193 21 Besvärsutskottet
704 451 23 19 af
738 450 31 21 sin
786 449 52 28 pligt

91 484 89 21 manadt
201 485 30 20 att
246 485 39 20 hos
299 483 83 22 landets
397 484 116 27 höglofliga
528 484 92 21 Ständer
635 484 109 22 vördsamt
758 483 80 22 föreslå

92 525 27 15 en
134 517 138 29 underdänig
286 519 88 27 petition
390 519 30 21 till
436 519 59 20 Hans
510 519 98 27 Majestät
623 518 86 22 derom:

229 556 37 23 att,
283 552 47 21 med
346 551 118 24 beaktande
480 553 29 27 af
520 552 64 29 ofvan
600 552 96 28 anförda
704 551 133 30 omständig-

195 586 64 26 heter,
283 585 94 23 särskild
391 586 187 30 uppmärksamhet
592 585 63 23 mätte
668 586 71 29 fästas
754 585 82 29 dervid,

194 625 33 18 att
249 620 25 23 de
297 620 160 29 bestämningar
473 621 70 22 1863
558 621 38 22 och
612 621 71 22 1865
698 620 35 22 års
749 619 89 30 förord-

193 655 82 29 ningar
290 654 117 28 innehålla,
423 655 63 22 måtte
502 655 48 22 med
564 655 95 29 ändring
672 655 28 27 af
709 655 18 27 $
736 654 33 23 6i
779 654 57 30 Kejs.

194 688 158 30 förordningen
374 689 30 28 af
422 688 41 22 den
487 689 37 22 30
543 688 48 30 Maj
607 689 79 25 1870,
702 688 67 23 vinna
784 688 55 29 full-

195 723 88 29 ständig
305 723 144 30 tillämpning,
474 728 55 18 samt
544 728 29 18 att
588 724 65 28 äfven
668 723 8 22 i
690 723 67 29 öfrigt
771 723 68 22 säda-

195 766 30 14 na
242 757 103 30 ätgärder
360 758 66 28 blefve
441 758 104 30 vidtagna
562 758 34 22 till
609 758 118 28 reformens
744 758 95 28 befräm-

192 793 79 31 jande,
287 796 32 19 att
332 793 71 30 finska
414 793 97 29 språkets
525 794 41 21 rätt
573 792 36 23 vid
617 792 107 30 utgången
732 792 28 30 af
765 792 74 23 1883

195 828 44 22 kan
261 827 48 22 med
331 827 97 23 säkerhet
450 828 65 22 träda
530 827 8 22 i
552 827 100 29 utöfning
668 826 65 30 enligt
749 826 90 30 ordaly-

195 862 73 22 delsen
281 862 31 29 af
324 862 70 22 1863
408 861 37 23 ärs
460 862 140 29 förordning.

160 904 146 27 Helsingfors,
334 904 24 20 af
380 904 117 22 Allmänna
522 903 205 27 Besvärsutskottet,
756 903 44 22 den
826 903 14 21 9

93 938 61 28 April
169 937 63 22 1877.

348 1200 248 26 Reservationer.

164 1246 35 22 D&
221 1247 96 21 hvarken
339 1247 7 20 i
364 1247 75 27 sjelfva
454 1246 247 28 petitionsmemorialen,
719 1246 53 21 eller
786 1246 7 21 i
809 1248 31 19 ut-

97 1282 87 22 skottets
199 1281 75 22 derom
289 1281 79 27 afgifna
382 1281 141 22 betänkande
536 1280 68 28 några
619 1281 90 27 positiva
724 1280 72 22 medel
810 1281 33 21 för

96 1316 111 22 ernäende
223 1317 24 19 af
259 1316 36 20 det
310 1314 50 26 mäl,
377 1316 83 20 hvartill
474 1316 141 26 petitionerna
626 1315 62 26 syfta,
700 1314 81 21 kunnat
789 1322 52 20 upp-

97 1351 75 26 gifvas,
196 1349 50 21 med
261 1349 112 26 undantag
388 1350 23 19 af
423 1349 105 20 reformer
541 1348 7 20 i
564 1348 276 26 undervisningsväsendet,

97 1385 89 20 hvarom
208 1383 100 20 utskottet
323 1383 29 20 uti
368 1384 28 19 ett
411 1385 66 18 annat
493 1381 137 22 betänkande
645 1382 59 20 inom
719 1381 48 21 kort
781 1382 61 20 kom-

98 1425 47 14 mer
160 1418 29 20 att
204 1417 66 22 uttala
285 1417 39 27 sig,
341 1416 25 22 sä
380 1423 52 14 anse
447 1415 183 27 undertecknade,
648 1421 45 16 som
709 1415 49 22 icke
768 1416 76 20 kunna

98 1452 107 28 tillstyrka
226 1451 113 28 petitioner
360 1458 36 15 om
418 1450 101 29 åtgärder
534 1451 22 21 af
570 1450 94 22 obekant
678 1450 47 28 slag
739 1451 40 20 och
793 1450 50 22 icke

168 1497 100 18 Allmänna
280 1497 176 18 Besvärsutskottets
467 1496 113 19 betänkande
591 1496 37 18 N:o
641 1495 31 18 18.

840 1519 18 8 -
