1039 1703
220 192 13 19 2
351 192 316 19 Petittonsbetänkande
681 190 48 20 N:o
743 193 36 17 12.

191 260 52 19 taxa
263 257 108 22 beräknas
395 258 54 21 efter
470 259 14 20 2
506 258 61 21 mark
587 259 27 20 50
629 257 62 26 penni
708 264 25 20 pr
754 258 73 21 brutto
844 256 95 27 lispund,

192 294 40 19 när
248 298 65 15 varan
329 291 81 22 införes
425 292 28 27 på
467 292 102 27 fastager,
584 292 139 21 men
636 286 13 37 i
657 292 61 21 annat
730 292 38 21 fall
777 292 54 21 efter
840 293 27 20 50
875 290 65 27 penni

194 332 27 20 pr
234 325 76 27 butelj.
340 326 42 20 För
398 326 20 20 öl
434 326 23 21 af
470 326 50 26 rysk
536 326 147 26 tillverkning,
699 331 51 15 vare
765 325 34 27 sig
814 327 32 19 att
862 325 37 21 det
909 326 31 20 in-

192 360 57 21 föres
268 360 60 20 öfver
343 360 97 26 saltsjön,
456 360 121 26 landvägen
593 360 52 21 eller
659 360 28 26 på
703 360 48 26 sjön
765 360 94 26 Ladoga,
872 360 69 26 erläg-

193 400 37 21 ges
251 394 103 26 deremot,
372 394 28 27 pä
419 394 70 27 grund
511 394 22 21 af
547 394 12 28 &
575 395 26 21 35
616 394 7 20 i
639 394 122 26 Kejserliga
776 394 164 26 Förordningen

193 428 42 21 den
250 429 27 20 31
291 428 91 22 Januari
399 429 60 25 1859,
474 429 65 26 ingen
555 428 112 26 tullafgift,
683 428 78 22 liksom
777 428 41 22 den
827 428 114 21 inhemska

194 462 183 22 ölfabrikationen
392 463 66 21 också
472 463 28 27 pä
515 463 41 21 den
571 463 60 21 tiden
647 469 38 14 var
700 463 26 20 fri
743 462 48 22 från
799 462 75 27 hvarje
882 462 61 22 skatt

194 496 52 22 eller
253 496 84 27 pälaga.
349 496 50 22 Men
408 496 107 22 alltsedan
523 497 85 21 landets
617 497 93 21 Ständer
718 497 37 21 vid
760 497 139 21 1863—1864
907 496 35 22 ärs

196 532 106 26 landtdag
318 531 64 27 ätogo
398 532 33 26 sig
446 538 26 15 en
486 532 216 26 inkomstbevillning
710 532 40 21 och
760 532 103 26 derjemte
872 531 70 22 äsatte

194 566 150 27 ölbryggerier
364 566 39 21 och
422 566 177 26 porterfabriker,
619 566 94 21 förutom
730 566 42 21 den
787 566 109 21 allmänna
911 566 31 20 in-

197 600 191 26 komstbevillning
408 600 64 22 deras
490 600 140 22 innehafvare
645 600 68 22 borde
729 600 93 27 erlägga,
838 606 26 16 en
880 602 62 19 extra

195 634 120 27 bevillning
334 634 24 22 af
375 634 42 22 fem
436 635 64 26 penni
515 634 34 22 för
565 635 74 26 hvarje
655 634 47 22 från
718 634 125 28 bryggeriet
858 634 83 22 försäld

194 668 72 21 kanna
291 669 21 20 öl
338 668 53 21 eller
406 670 81 25 porter,
503 669 40 20 har
558 670 42 21 den
615 668 112 22 inhemska
742 669 162 20 fabrikationen
919 668 23 21 af

194 703 64 21 dessa
272 708 64 15 varor
351 702 48 21 haft
414 703 33 26 sig
462 702 76 28 päförd
554 709 26 15 en
597 703 65 26 skatt,
678 705 52 19 utan
746 704 33 20 att
788 702 63 27 ryskt
859 702 40 21 och
908 704 34 19 ut-

192 736 90 22 ländskt
300 736 27 26 öl,
346 742 45 15 som
411 737 33 20 till
460 737 74 21 landet
551 736 81 22 kunnat
647 736 88 26 införas,
755 736 28 27 pä
799 737 31 20 ett
845 737 95 20 motsva-

194 771 67 21 rande
276 772 44 20 sätt
335 771 116 26 fördyrats.
480 771 67 21 Detta
561 771 136 22 förhällande
712 771 47 21 blef
771 771 36 21 väl
822 771 68 26 nägot
904 772 36 19 än-

195 805 64 21 dradt
281 804 27 21 dä
331 805 121 21 Ständerna
471 805 36 20 vid
527 805 114 22 sisthällne
660 805 107 27 landtdag
783 805 64 26 ätogo
863 805 34 26 sig
913 811 27 14 en

195 838 216 27 sjöfartsbevillning,
432 839 128 27 uppgäende
579 839 34 21 till
628 840 33 20 tre
676 841 91 24 procent
781 838 24 22 af
817 838 126 21 fastställda

194 872 140 27 tullafgifter;
354 878 48 15 men
421 873 37 21 det
472 873 67 26 ryska
554 873 44 22 ölet
613 873 122 21 drabbades
750 873 48 22 icke
815 873 67 26 deraf,
902 873 40 20 och

194 913 42 20 om,
258 906 71 22 säsom
353 907 107 21 utskottet
482 907 35 21 väl
537 908 62 20 torde
614 907 23 23 fä
647 908 80 26 antaga
741 907 34 21 för
791 907 74 27 gifvet,
882 909 62 19 extra

194 941 120 26 bevillning
329 940 34 21 för
378 941 20 21 öl
414 941 39 21 och
468 941 173 27 porterfabriker
655 941 64 22 äfven
734 941 37 21 vid
787 941 70 21 denna
872 941 72 21 landt-

195 975 42 26 dag
256 975 96 20 kommer
367 976 32 19 att
414 974 125 27 fastställas,
556 975 77 26 skulle,
647 975 79 27 jemväl
741 975 70 22 under
826 975 116 21 förutsätt-

193 1009 53 27 ning
260 1010 33 20 att
308 1015 26 14 en
349 1009 153 26 sjöfartsafgift
516 1009 106 21 likaledes
630 1009 84 21 komme
724 1011 33 19 att
765 1009 93 27 gvarstä,
867 1009 77 21 ätmin-

195 1044 61 20 stone
272 1042 41 22 den
329 1042 65 27 ryska
409 1042 182 22 ölfabrikationen
606 1042 134 22 fortfarande
758 1043 126 21 kommaatt
893 1049 51 15 vara

194 1077 7 20 i
217 1076 127 26 ätnjutande
360 1076 56 21 afen
431 1076 83 22 förmän
533 1076 89 22 framför
633 1076 41 22 den
689 1076 119 27 inhemska,
824 1076 78 22 hvaraf
918 1076 26 21 de

195 1110 64 27 ryske
286 1110 168 26 fabrikanterne,
478 1111 24 20 sä
524 1112 61 20 snart
606 1110 146 22 förhällandet
774 1110 78 22 hinner
875 1110 68 22 blifva

196 1150 59 15 mera
276 1143 75 25 kändt,
374 1144 48 21 icke
446 1144 61 22 skola
523 1144 114 21 underläta
652 1146 32 19 att
704 1145 99 26 begagna
818 1145 33 26 sig
867 1144 76 21 ätmin-

196 1180 62 19 stone
276 1177 34 21 för
329 1178 120 26 afsättning
464 1178 28 26 pä
507 1178 26 21 de
549 1181 98 19 närmare
662 1178 67 27 ryska
744 1180 93 25 gränsen
851 1178 93 26 belägna

198 1212 87 21 delarne
300 1212 23 20 af
336 1212 81 26 landet,
433 1214 59 19 utom
508 1212 37 21 det
560 1214 33 20 att
609 1212 127 26 Ständerna,
752 1212 28 21 dä
794 1212 120 26 bevillning
923 1212 22 21 af

198 1246 47 20 dem
268 1245 120 20 fastställes
413 1246 33 19 för
468 1246 111 20 inhemskt
597 1246 28 24 öl,
645 1245 54 26 icke,
719 1246 24 20 sä
758 1246 64 26 länge
837 1246 107 20 tulltaxan

199 1278 97 21 utfärdas
318 1278 24 21 af
362 1279 129 26 regeringen
513 1281 90 24 ensamt,
626 1281 57 19 ännu
706 1279 65 21 hafva
793 1280 33 25 sig
841 1279 102 21 bekant
930 1274 15 36 i

198 1312 55 21 hvad
272 1312 49 21 män
341 1311 115 23 utländskt
474 1312 21 22 öl
517 1312 42 22 kan
573 1312 87 22 komma
675 1314 32 20 att
722 1319 76 21 genom
815 1312 129 28 tullafgifter

197 1346 107 27 fördyras.
336 1346 32 21 På
386 1347 64 20 dessa
468 1347 47 21 skäl
534 1347 69 21 håller
627 1348 107 21 utskottet
750 1347 51 27 före,
819 1349 32 20 att
864 1348 79 27 jemväl

198 1381 20 21 öl
234 1381 41 21 och
290 1381 68 21 andra
372 1381 153 28 maltdrycker,
541 1387 45 16 som
602 1382 48 21 från
665 1384 66 19 annat
747 1382 51 22 land
809 1381 33 22 till
851 1381 93 23 Finland

198 1415 82 22 införas
296 1415 40 22 och
350 1415 40 22 här
405 1415 122 28 förbrukas,
543 1417 59 26 böra,
618 1423 33 15 om
667 1417 42 21 den
724 1417 113 21 inhemska
847 1417 97 21 tillverk-

198 1450 79 27 ningen
300 1449 23 22 af
343 1450 84 27 sädana
443 1457 62 15 varor
525 1451 81 22 äsättes
622 1452 62 21 extra
699 1451 126 27 bevillning,
840 1451 104 28 beläggas

198 1484 49 21 med
262 1484 88 28 lämplig
366 1485 113 22 enahanda
493 1485 70 28 afgift.

266 1519 134 28 Visserligen
415 1520 73 22 kunde
503 1521 42 21 den
561 1521 142 28 anmärkning
718 1521 99 22 häremot
832 1523 70 26 göras,
912 1523 31 20 att

265 1566 174 17 Ekonomiutskottets
453 1567 104 17 betänkande
569 1567 35 16 N:o
617 1567 16 16 6.
