1039 1714
238 148 27 19 24
384 147 276 22 Petitionsbetänkande
675 147 46 22 N:o
735 149 38 21 22.

212 210 107 22 ankomme
335 210 29 29 på
381 206 169 32 Öfverstyrelsen
566 214 30 18 att
611 210 52 28 efter
672 209 209 28 omständigheterna
888 209 63 29 pröf-

209 252 26 14 va
259 244 37 22 och
318 245 122 25 bestämma,
464 244 107 22 huruvida
595 244 146 29 lönebidraget
761 244 74 22 vidare
851 243 35 22 må
901 244 51 28 utgå

210 279 50 22 eller
275 279 38 22 ock
328 279 112 29 indragas,
457 278 9 22 i
480 278 77 23 hvilket
572 286 74 15 senare
661 278 42 29 fall
719 274 169 34 Öfverstyrelsen
904 286 49 22 eger

211 318 30 18 att
256 321 32 14 om
304 313 146 29 förhållandet
466 314 36 21 hos
520 313 60 22 Hans
600 313 118 29 Kejserliga
735 312 99 30 Majestät
849 313 8 21 i
872 313 79 22 under-

212 348 100 28 dånighet
328 348 110 22 anmäla."

278 382 75 22 Såsom
369 384 63 20 häraf
445 390 72 20 synes,
535 384 38 20 har
588 382 75 28 frågan
679 382 83 22 således
777 383 67 21 redan
857 383 49 21 med
916 389 35 15 an-

211 418 89 20 förande
323 419 23 19 af
366 418 66 27 nödig
454 418 126 27 motivering
597 418 67 21 blifvit
678 418 30 21 till
723 418 116 26 styrelsens
854 418 99 26 pröfning

211 452 137 27 hänskjuten,
372 452 98 20 hvarföre
491 451 70 28 någon
577 452 124 26 ytterligare
716 451 75 28 åtgärd
807 452 28 20 uti
852 452 57 20 detta
925 452 28 20 af-

211 486 81 21 seende
308 487 18 26 ej
344 486 60 21 torde
419 485 46 21 från
482 486 131 22 Ständernas
629 486 46 21 sida
691 493 51 15 vara
757 488 24 20 af
794 486 79 22 nöden.

279 520 31 22 På
324 521 70 27 grund
410 522 23 19 af
446 522 61 20 ofvan
525 522 89 20 anförda
629 521 48 21 skäl
691 520 33 22 får
740 522 100 20 utskottet
855 521 99 21 således
943 516 15 37 i

211 556 117 26 anledning
351 556 23 20 af
391 555 27 21 de
434 556 22 20 af
469 556 107 21 ombuden
594 556 117 27 Svedberg,
730 556 147 27 Hegerström,
896 556 57 21 Wal-

210 590 50 21 kola
275 590 38 21 och
330 590 117 22 Härkönen
464 590 80 28 ingifna
559 591 114 27 petitioner
687 590 86 28 föreslå,

348 624 24 28 e)
390 628 29 18 att
434 624 128 26 Ständerna,
579 624 48 22 med
641 624 141 29 förkastande
798 624 27 29 af
838 624 73 30 öfriga
924 624 32 22 uti

311 658 141 30 petitionerna
466 659 80 30 gjorda
562 659 91 29 förslag,
670 659 67 22 skulle
754 659 53 29 efter
822 664 29 18 att
866 660 9 21 i
889 658 66 23 saken

314 693 66 29 hafva
403 693 47 23 hört
462 694 82 29 jemväl
559 694 161 26 Statsutskottet,
737 694 37 22 hos
791 694 62 22 Hans
871 694 84 30 Kejser-

313 727 45 29 liga
374 727 100 30 Majestät
490 727 88 23 anhålla
595 735 32 15 om
642 728 69 22 sådan
726 728 126 29 förhöjning
865 728 22 28 af
897 728 58 28 folk-

314 762 130 22 skollärares
464 762 37 22 och
516 762 136 22 lärarinnors
669 770 26 14 ur
711 762 196 30 bevillningsmedel
921 767 34 17 ut-

313 796 81 29 gående
410 796 129 30 lönebelopp,
557 801 30 18 att
602 796 25 22 de
642 796 59 29 förre
715 796 116 30 framdeles
846 796 67 23 skulle
921 804 34 16 er-

314 830 60 22 hålla
391 830 82 30 årligen
489 830 82 23 erhålla
587 830 66 27 800,
671 831 24 21 de
711 838 75 15 senare
802 831 82 29 årligen
900 828 57 26 600

315 866 71 22 Mark.

280 901 142 28 Helsingfors,
451 903 22 19 af
496 902 117 21 Allmänna
637 902 202 27 Besvärsutskottet,
865 902 41 21 den
929 902 28 20 15

214 936 56 20 Mars
286 935 63 22 1877,

465 1206 244 26 Reservationer.

282 1251 35 20 Då
335 1253 40 24 jag
394 1253 48 19 icke
458 1253 81 20 kunnat
554 1254 88 19 omfatta
657 1253 116 20 Utskottets
790 1253 69 20 beslut
874 1253 81 25 derom,

215 1287 28 18 att
258 1285 111 21 städernas
384 1285 164 21 folkskollärare
563 1287 40 20 och
618 1286 127 27 lärarinnor,
762 1288 7 19 i
784 1287 66 20 likhet
867 1287 48 20 med
928 1286 29 21 lä-

216 1325 47 16 rare
286 1319 40 22 och
348 1320 120 21 lärarinnor
489 1321 34 20 vid
546 1320 145 22 folkskolorna
714 1319 28 28 på
757 1321 80 26 landet,
856 1321 67 21 borde
939 1322 22 19 af

215 1357 66 18 staten
305 1355 146 27 pensioneras,
477 1355 59 21 torde
560 1356 35 20 det
613 1355 76 22 tillåtas
705 1355 44 28 mig
765 1358 28 18 att
809 1356 39 21 här
862 1363 95 14 reserva-

215 1390 85 21 tionsvis
315 1388 22 22 få
353 1389 119 28 framlägga
487 1390 74 22 skälen
578 1391 77 20 dertill.

282 1424 72 27 Enligt
376 1424 56 21 hvad
454 1424 89 22 allmänt
558 1425 67 21 kändt
640 1428 24 18 är
679 1425 39 22 och
735 1425 146 22 betänkandet
896 1427 61 21 äfven

215 1462 99 18 närmare
337 1458 130 29 framhåller,
492 1461 84 27 intager
599 1463 67 18 staten
689 1467 26 14 en
739 1448 146 45 väsendtligen
902 1463 57 20 olika

270 1498 98 17 Allmänna
380 1498 173 19 Besvärsutskottets
566 1500 115 17 betänkande
696 1499 41 18 N:o
751 1497 33 20 16.
