1048 1703
231 148 25 19 10
361 148 318 20 Petittonsbetänkande
695 147 49 21 N:o
760 148 47 20 33.

314 217 31 17 att
355 214 156 20 ofvannämnda
521 214 225 26 tillverkningsbelopp
756 214 68 19 blefve
833 214 120 25 inskränkt;

268 249 212 25 Landtdagsmannen
496 247 105 21 Nohteri:

315 284 31 18 att
361 282 247 26 tillverkningsbeloppet
623 282 70 20 blefve
708 282 110 20 inskränkt
829 281 31 20 till
872 281 80 20 hälften

286 316 23 20 af
323 316 35 20 det
373 317 31 19 för
419 316 132 20 närvarande
566 316 119 26 bestämda;

270 351 211 26 Landtdagsmannen
499 350 98 21 Sivenius
613 349 103 21 likaledes

315 387 31 17 att
362 385 97 26 beloppet
475 385 69 19 blefve
558 384 111 20 inskränkt
684 384 31 19 till
731 384 90 25 hälften;
837 385 54 18 samt

270 419 213 26 Landtdagsmannen
498 417 150 26 Hannuksela,
664 418 67 26 enligt
745 418 55 19 hvad
815 417 139 27 petitionären

204 453 30 19 till
257 453 157 26 förtydligande
434 453 23 19 af
474 453 31 19 sin
521 452 62 20 skrift
602 453 2 18 i
620 452 108 20 Utskottet
742 452 76 25 anfört,
834 451 121 20 äfvenledes

314 488 31 18 ait
361 487 35 19 det
410 486 83 20 tillåtna
508 486 247 26 tillverkningsbeloppet
769 486 64 19 måtte
848 485 65 20 varda
924 486 30 19 in-

288 521 95 20 skränkt.

271 555 166 19 Petitionärerne
452 554 64 20 hafva
532 554 33 20 vid
582 553 168 21 framställandet
765 553 23 20 af
801 553 61 20 dessa
877 553 78 27 förslag

204 590 68 26 utgätt
288 589 46 20 frän
351 589 40 20 den
407 589 60 26 äsigt,
483 591 37 23 att,
536 595 33 14 om
585 588 247 27 tillverkningsbeloppet
846 587 109 21 inskränk-

204 626 37 24 tes,
263 624 117 26 tillgången
399 623 7 19 i
425 623 74 20 landet
513 623 27 26 pä
556 622 86 21 bränvin
659 622 39 20 ock
715 622 69 20 blefve
800 622 86 25 mindre,
902 624 54 18 samt

204 660 30 18 att
254 658 121 25 derigenom
393 656 47 21 icke
456 657 89 20 allenast
559 656 77 27 mänga
652 656 98 20 tillfällen
766 656 32 20 till
813 656 95 20 frestelse
923 656 32 20 för

203 692 40 20 den
259 691 27 27 pä
301 691 147 26 dryckenskap
464 691 84 26 begifne
563 690 68 20 skulle
646 690 76 20 honom
739 690 93 26 betagas,
851 692 49 17 utan
916 690 40 19 ock

203 726 77 26 sjelfva
294 732 65 13 varan
375 725 118 26 dymedelst
508 725 24 20 sä
542 724 104 26 fördyras,
657 726 31 18 att
698 724 58 20 detta
766 725 7 18 i
784 725 32 19 sin
827 731 48 14 mon
886 724 70 20 skulle

203 760 82 19 minska
299 759 172 26 förbrukningen.

271 793 108 23 Utskottet
401 793 80 26 nödgas
503 792 118 21 emellertid
640 792 72 20 befara
731 795 31 17 att
786 793 170 25 petitionärerne,

204 834 33 13 om
260 827 64 20 också
343 827 48 20 icke
409 827 102 25 förbisett,
535 827 125 20 åtminstone
680 826 146 20 underskattat
841 827 40 20 den
898 827 58 26 bety-

204 862 64 25 delse,
285 869 45 13 som
347 862 39 20 den
403 861 23 20 af
439 861 47 20 dem
501 861 113 20 förordade
630 861 100 26 ätgärden
746 861 69 20 skulle
831 861 63 20 hafva
909 861 47 20 med

205 896 98 21 afseende
327 896 12 20 &
361 895 72 27 oloflig
456 895 143 27 tillverkning,
621 902 46 13 men
683 895 7 20 i
705 895 114 26 synnerhet
838 895 72 26 oloflig
925 896 30 19 in-

206 931 63 20 försel
285 931 23 20 af
321 930 135 27 rusgifvande
472 930 96 26 drycker.

273 965 27 20 Sä
323 965 62 26 länge
405 965 93 26 begäret,
518 965 20 19 d.
555 971 18 14 v.
590 971 16 13 s.
626 963 127 28 efterfrägan
772 964 28 26 pä
820 964 61 21 dessa
896 971 62 14 varor

203 1003 24 17 är
246 1002 49 22 stor,
316 1000 24 19 sä
357 999 63 26 länge
439 999 75 19 anlitas
534 998 40 20 ock
593 999 43 19 alla
658 998 86 26 möjliga
760 1000 88 25 utvägar
862 999 32 19 till
910 999 47 20 dess

204 1033 201 20 tillfredsställande.
442 1032 41 20 Det
503 1032 42 20 kan
567 1032 97 20 förefalla
680 1031 136 26 förvånande,
832 1039 46 13 men
895 1039 63 20 synes

204 1067 48 20 icke
272 1067 48 20 dess
340 1067 80 20 mindre
440 1073 51 13 vara
511 1068 31 18 ett
556 1066 88 25 faktum,
661 1068 31 18 att
706 1066 166 27 lurendrejeriet,
888 1067 6 19 i
909 1073 47 20 syn-

205 1101 74 20 nerhet
297 1101 28 26 pä
343 1101 26 20 de
389 1101 60 24 tider,
472 1101 27 19 dä
518 1100 158 27 lagstiftningen
697 1100 38 20 här
754 1101 7 18 i
781 1101 73 20 landet
868 1101 91 20 medfört

204 1135 72 20 alltför
297 1136 44 18 stor
362 1134 94 20 lockelse
474 1134 78 25 dertill,
576 1134 54 19 varit
645 1140 25 13 en
686 1134 96 26 ovanligt
797 1134 161 27 vinstgifvande,

205 1176 25 13 en
247 1169 47 20 med
310 1169 40 20 den
365 1170 89 25 ytterstä
469 1175 83 20 omsorg
568 1168 39 20 och
623 1168 83 26 slughet
720 1168 109 20 bedrifven
844 1168 57 26 affär,
913 1175 43 14 som

207 1203 23 20 af
246 1203 42 20 alla
309 1203 44 19 deri
372 1202 139 20 intresserade
526 1201 113 21 handhafts
655 1202 47 20 med
718 1208 24 14 en
759 1202 147 27 ordhällighet,
921 1203 36 26 pä-

204 1237 92 25 litlighet
316 1237 41 19 och
379 1236 139 25 punktlighet,
539 1236 26 20 de
581 1237 36 18 der
633 1236 67 20 sällan
716 1237 6 18 i
738 1237 44 19 lika
797 1237 41 25 hög
853 1237 52 25 grad
920 1238 35 24 pä-

207 1269 71 21 träffas
294 1273 37 16 när
347 1269 35 20 det
397 1269 66 26 gäller
479 1269 72 26 lofliga
565 1269 183 26 angelägenheter.
778 1269 44 20 Och
838 1276 41 19 om,
890 1270 68 20 säsom

208 1303 60 21 fallet
282 1303 56 20 skall
353 1303 64 20 hafva
432 1303 55 20 varit
501 1304 7 19 i
524 1303 100 26 Wiborgs
639 1303 41 25 län,
698 1303 35 20 det
748 1310 36 20 ges
795 1303 95 28 verkliga
901 1311 56 13 assu-

205 1338 120 25 ransbolag,
341 1344 44 13 som
405 1339 77 18 ersätta
500 1337 104 26 förluster,
624 1337 120 27 uppkomna
765 1345 75 19 genom
857 1338 72 26 beslag
945 1332 12 27 &

209 1372 114 26 spritvaror
339 1384 27 2 —
381 1372 65 26 nägot
461 1378 44 14 som
520 1372 48 20 icke
583 1378 62 20 synes
661 1372 91 27 otroligt,
769 1373 27 19 dä
811 1380 47 13 man
875 1373 37 20 har
928 1374 31 26 sig

209 1407 79 20 bekant
310 1408 31 18 att
359 1406 100 20 förlusten
475 1406 24 20 af
512 1406 36 20 tvä
563 1406 63 21 laster
642 1406 60 21 deraf
715 1410 107 24 uppväges
841 1408 23 20 af
877 1408 81 20 vinsten

208 1441 46 20 utaf
268 1448 25 13 en
309 1440 106 28 lyckligen
431 1440 120 21 inkommen
563 1453 33 14 —,
608 1448 34 13 om
657 1442 72 20 vidare
744 1448 26 14 en
786 1444 43 18 stor
844 1442 35 20 del
890 1442 23 20 af
921 1442 36 20 be-

204 1474 128 27 folkningen
348 1475 7 19 i
370 1475 164 25 kusttrakterna,
550 1475 68 20 säsom
629 1475 60 20 fallet
699 1475 121 21 äfvenledes
830 1476 55 20 skall
896 1476 65 20 hafva

277 1514 186 20 Ekonomiutskottets
475 1514 111 20 betänkande
598 1515 36 18 N:o
648 1515 26 19 15.
