1045 1709
255 174 14 20 2
393 173 314 20 Petitionsbetänkande
723 175 44 17 N:o
783 176 35 17 21.

227 241 73 21 kunna
322 241 118 27 tillstyrka,
456 243 33 19 att
503 241 109 21 desamma
626 240 70 22 skulle
711 240 72 22 säsom
797 246 27 16 en
839 240 131 22 Ständernas

227 281 160 21 gemensamma
401 275 91 27 petition
508 276 111 26 upptagas.
649 274 41 22 Om
705 276 32 20 ett
752 274 78 22 sädant
845 274 125 28 förfarings-

226 311 44 20 sätt
285 309 71 24 blefve
371 309 65 27 regel,
453 311 32 19 att
500 309 131 27 beviljandet
646 309 23 21 af
684 309 185 27 penningeanslag
884 309 86 27 gjordes

227 344 107 21 beroende
358 343 22 21 af
401 343 131 22 Ständernas
551 344 7 20 i
574 344 74 26 hvarje
663 343 105 21 särskildt
783 343 38 22 fall
837 343 82 28 afgifna
934 345 33 20 ut-

224 378 93 26 lätande,
333 378 73 21 kunde
421 378 65 27 länga
501 378 40 21 och
556 378 45 21 ofta
615 378 82 21 kanske
713 378 86 26 ganska
807 378 99 27 skadliga
918 384 52 21 upp-

227 412 50 22 skof
299 413 48 21 icke
371 412 112 26 undvikas,
507 412 23 21 sä
553 412 63 27 länge
631 412 130 27 landtdagar
777 412 40 21 hos
832 418 35 16 oss
883 412 86 22 inträffa

227 448 63 21 hvart
311 446 65 22 femte
398 447 30 27 är,
453 446 39 22 och
512 447 61 21 torde
588 447 33 21 för
636 446 68 28 öfrigt
718 446 74 28 frägor
807 446 23 22 af
844 446 72 22 denna
931 447 35 21 be-

228 481 120 22 skaffenhet
368 487 51 15 vara
438 481 50 27 föga
503 481 82 27 egnade
599 482 33 20 för
648 481 162 27 handläggning
824 482 58 21 inom
897 487 73 22 repre-

226 516 143 26 sentationen,
385 517 53 20 utan
453 515 115 28 rätteligen
583 514 89 22 tillhöra
681 516 140 26 regeringens
833 516 137 22 omedelbara

226 551 123 27 afgörande.
380 551 64 21 Hvad
459 551 46 21 äter
521 551 36 21 det
568 550 81 27 förslag
658 550 139 27 vidkommer,
806 552 33 20 att
848 550 121 22 Ständerna

227 586 7 20 i
248 585 75 27 hvarje
338 584 105 22 särskildt
457 584 38 22 fall
510 584 56 27 finge
582 585 118 21 bestämma
714 585 256 27 undervisningsspräket

227 620 36 21 vid
277 620 85 20 landets
377 619 90 27 publika
482 618 78 27 skolor,
584 619 34 21 må
632 619 90 26 erinras,
740 620 33 20 att
788 625 25 15 en
829 620 46 20 stor
889 620 79 26 mängd

227 654 81 27 förslag
330 654 7 20 i
359 653 61 21 detta
442 653 100 22 afseende
557 653 67 21 redan
639 659 77 21 genom
732 653 116 27 petitioner
863 653 48 22 från
927 654 43 21 alla

227 689 47 27 fyra
292 688 97 21 Stånden
404 687 92 22 faktiskt
511 687 82 27 dragits
609 688 68 20 under
692 688 145 21 innevarande
852 688 116 27 landtdags

227 722 108 28 pröfning.
364 722 69 21 Dessa
448 722 161 26 önskningsmål
625 721 65 21 hafva
704 723 55 19 samt
768 722 39 21 och
816 722 152 27 synnerligen
958 717 15 37 i

227 756 100 22 afseende
342 756 13 21 å
369 755 157 22 förberedande
534 755 131 27 behandling
674 755 131 27 hänskjutits
813 756 33 21 till
856 756 113 22 Allmänna

227 790 207 25 Besvärsutskottet,
457 790 39 21 och
519 790 32 20 får
566 790 112 26 utskottet,
695 790 54 21 efter
765 792 33 19 att
812 790 65 22 hafva
891 790 78 22 hunnit

228 825 91 22 slutföra
333 825 34 21 sin
382 824 133 26 granskning
529 824 24 21 af
567 824 55 24 dem,
638 826 51 19 äran
704 824 57 21 inför
775 824 86 22 landets
877 824 91 22 Ständer

227 859 119 27 framlägga
358 858 39 22 sitt
409 858 112 22 utlåtande
530 858 59 21 öfver
598 858 26 22 de
632 858 157 27 förändringar,
805 865 44 15 som
856 859 57 21 inom
922 859 48 21 vårt

228 894 66 27 högre
315 892 141 22 skolväsende
471 892 34 22 för
520 893 134 21 närvarande
669 892 75 27 tyckas
759 899 52 15 vara
825 893 143 28 nödvändiga,

228 928 80 26 hvarpå
332 926 121 22 Ständerna
475 927 62 21 torde
556 927 48 22 med
619 926 117 28 anledning
751 927 23 21 af
787 933 81 17 samma
882 928 86 26 petitio-

227 969 38 15 ner
280 962 56 22 fatta
351 962 26 20 de
392 961 73 21 beslut
479 962 6 20 i
502 963 77 24 ämnet,
595 968 45 14 som
655 962 34 20 för
703 962 134 21 närvarande
848 962 74 22 kunna
929 962 38 22 fin-

227 1003 39 15 nas
289 1002 51 15 vara
363 995 23 21 af
400 995 212 27 omständigheterna
626 996 120 26 påkallade.
775 996 42 21 Vid
833 996 77 22 sådant
924 996 43 21 för-

226 1031 101 21 hållande
341 1030 39 21 har
396 1030 37 21 det
447 1030 71 26 tyckts
533 1030 107 21 utskottet
654 1030 83 22 mindre
751 1030 104 28 lämpligt,
865 1032 32 20 att
906 1031 60 21 Stän-

227 1066 67 21 derna
308 1064 71 22 skulle
393 1064 70 22 såsom
479 1064 33 22 sin
526 1064 92 27 petition
633 1067 95 25 upptaga
741 1065 153 22 ofvanstående
904 1066 62 21 önsk-

226 1098 112 28 ningsmål,
355 1098 39 22 och
409 1098 33 22 får
457 1098 107 22 utskottet
579 1098 64 22 alltså
658 1099 109 21 vördsamt
781 1100 89 22 föreslå:

294 1141 30 18 att
346 1138 39 20 här
410 1138 167 28 ifrågavarande
597 1139 181 28 petitionsförslag
802 1140 43 20 icke
859 1140 35 21 må
908 1139 51 28 från

294 1172 130 22 Ständernas
440 1172 46 21 sida
501 1172 33 21 till
549 1173 67 28 någon
633 1173 77 27 åtgärd
724 1173 119 27 föranleda.

293 1230 143 26 Helsingfors,
465 1230 24 22 af
514 1230 114 22 Allmänna
655 1230 206 28 Besvärsutskottet,
888 1232 41 21 den
952 1234 12 19 5

226 1263 61 28 April
302 1263 61 21 1877.

315 1552 123 23 Helsingfors,
461 1553 86 19 Theodor
559 1554 118 19 Sederholms
690 1554 124 24 boktryckeri,
829 1556 48 17 1877.
