1039 1714
289 131 239 34 Petitionsbetänkande
538 143 38 20 N:o
586 144 36 21 20.
773 146 34 18 107

83 206 108 23 vördsamt
206 206 85 29 föreslå,
306 209 32 20 att
352 207 83 24 landets
450 209 91 22 Ständer
554 209 8 22 i
577 209 91 22 samfäld
677 210 91 27 petition
778 210 50 21 ville

81 241 39 21 hos
135 241 59 22 Hans
209 241 121 28 Kejserliga
344 242 101 27 Majestät
458 244 8 21 i
481 244 170 27 underdånighet
665 244 92 27 anhålla,

318 278 31 19 att
362 276 62 23 Hans
438 277 118 28 Kejserliga
570 277 102 28 Majestät
686 279 64 20 måtte
763 279 10 20 i
786 279 41 20 nå-

250 311 38 22 der
306 311 68 22 tillåta
391 312 69 21 sådan
478 312 92 28 ändring
589 312 25 27 af
629 320 30 14 nu
672 313 98 27 gällande
785 312 42 22 tek-

250 345 104 28 tionsplan
368 346 35 27 för
418 347 79 22 landets
512 347 69 28 lyceer,
597 349 30 20 att
641 349 26 20 ett
680 347 99 27 förökadt
788 354 39 15 an-

250 381 28 21 tal
296 381 245 28 undervisningstimmar
559 382 108 22 anvisades
685 383 23 20 åt
723 382 24 21 de
767 382 59 27 begge

248 415 108 22 inhemska
377 415 91 27 språken
489 418 53 20 samt
564 418 31 20 att
615 416 93 23 studium
726 417 28 26 af
764 416 63 28 ryska

248 449 85 28 språket
353 450 61 27 finge,
434 451 10 20 i
464 451 63 21 likhet
548 451 48 22 med
616 451 55 21 hvad
692 451 59 26 förut
768 451 59 27 fallet

249 484 60 27 varit,
324 484 92 28 begynna
426 485 33 27 pä
474 485 102 28 lyceernas
591 485 62 27 femte
667 485 61 22 klass.

534 540 67 25 Alfr.
619 540 139 25 Kihlman.

145 654 70 22 Jemte
230 654 36 22 det
280 654 170 22 undertecknade
464 655 8 21 i
482 654 82 28 princip
574 654 74 22 förena
659 654 32 27 sig
707 660 34 16 om
752 655 41 21 den
803 654 24 22 af

76 689 56 22 Herr
146 688 101 22 Kihlman
262 688 109 22 ofvanföre
386 689 86 26 inlagda
487 689 137 27 reservation,
640 689 51 27 vilja
705 690 21 20 vi
741 690 7 20 i
759 689 63 27 öfrigt

76 726 45 19 mot
135 722 121 23 Utskottets
271 723 140 27 betänkande,
426 723 87 27 hvilket,
529 723 71 22 såsom
615 729 28 15 nu
658 723 33 21 för
705 724 59 21 tiden
776 723 47 22 från

75 758 78 27 många
167 758 45 21 håll
230 758 97 27 påyrkas,
346 758 47 22 icke
411 758 109 27 förtynges
535 758 23 21 af
571 758 123 21 föråldrade
708 758 115 27 pedagogi-

77 792 38 22 ska
133 792 112 28 principer,
264 792 75 22 anföra
357 792 37 22 vår
413 792 112 22 afvikande
544 792 86 27 mening
644 792 7 22 i
666 792 159 22 nedanstående

77 827 126 22 afseenden:

144 862 110 22 Utskottet
268 862 67 28 begär
349 862 33 22 till
397 868 26 15 en
438 862 80 27 början,
534 863 32 21 att
580 862 60 22 Hans
650 862 121 27 Kejserliga
780 862 46 22 Ma-

73 898 67 27 jestät
157 898 8 21 i
183 897 67 22 nåder
268 897 50 22 ville
336 896 107 22 anbefalla
466 897 78 22 sådana
562 898 106 26 åtgärder,
687 899 32 19 att
739 897 85 22 skolans

76 933 71 22 elever
165 932 66 22 måtte
249 932 109 22 meddelas
377 933 31 20 ett
425 932 53 21 visst
496 932 54 21 mått
567 932 97 27 kunskap
679 932 8 21 i
705 932 36 21 det
759 933 66 21 andra

75 967 158 22 modersmålet.
262 967 117 21 Elevernas
397 966 163 28 kunskapsmått
577 966 64 22 beror
659 966 126 27 visserligen
803 967 24 21 af

75 1003 36 21 det
125 1002 59 21 antal
202 1002 86 21 timmar
305 1008 49 15 man
372 1001 34 21 för
424 1003 30 19 ett
472 1003 61 20 ämne
552 1001 78 27 anslår,
645 1008 49 14 men
709 1002 70 21 denna
794 1002 31 21 åt-

74 1037 53 27 gärd
142 1037 40 21 har
196 1036 110 22 Utskottet
325 1036 96 22 förordat
435 1036 7 21 i
458 1037 30 21 ett
503 1036 90 22 sednare
608 1038 109 20 moment."
737 1036 87 22 Elever-

74 1078 39 15 nas
135 1071 103 27 framsteg
260 1070 64 23 beror
346 1071 87 21 dernäst
451 1070 23 22 af
491 1070 148 27 lärometoder,
662 1070 109 22 lärarenas
793 1072 32 21 nit

74 1106 39 22 och
132 1106 110 22 elevernas
260 1105 38 27 flit,
318 1112 49 15 men
381 1106 21 20 vi
416 1107 33 20 tro
465 1107 31 20 att
510 1105 7 21 i
532 1105 59 22 detta
606 1105 100 22 afseende
721 1106 36 21 det
771 1106 53 27 möj-

73 1141 44 27 liga
133 1140 66 23 redan
214 1142 24 20 är
252 1139 116 23 anbefaldt.
390 1140 50 22 Men
455 1140 21 22 vi
490 1142 34 20 tro
539 1140 54 26 icke,
609 1141 31 21 att
655 1140 36 22 det
705 1140 46 22 står
765 1141 8 21 i
787 1140 37 22 nä-

73 1182 42 21 gon
134 1175 122 22 befallande
274 1175 134 28 myndighets
427 1177 59 25 magt
503 1176 32 20 att
556 1174 147 22 åstadkomma
725 1175 36 21 två
779 1182 44 15 mo-

73 1210 94 22 dersmäl
186 1210 34 22 för
237 1211 31 21 ett
286 1210 51 26 folk,
356 1210 44 21 lika
418 1210 48 22 litet
484 1216 45 15 som
548 1211 32 20 tre
600 1210 53 21 eller
667 1209 58 22 flera.
755 1210 68 21 Hvar-

73 1246 41 21 ken
129 1245 69 21 folket
212 1244 55 22 eller
281 1244 86 22 skolans
382 1244 71 22 elever
468 1246 37 20 äro
520 1246 32 20 ett
565 1243 147 28 korpralskap,
723 1250 46 16 som
779 1250 44 16 om-

74 1280 78 27 skapas
167 1285 77 21 genom
259 1280 31 21 ett
304 1280 47 26 nytt
366 1278 217 28 exercisreglemente.

141 1313 109 22 Läroverk
271 1313 90 22 inrättas
383 1313 34 21 för
434 1313 111 21 nationens
567 1312 131 28 uppfostran,
721 1312 47 22 icke
789 1313 34 21 för

74 1349 32 20 att
127 1347 158 22 tillfredsställa
308 1347 41 21 den
368 1353 39 14 ena
422 1347 53 20 eller
493 1347 67 20 andra
577 1347 120 20 individens
715 1346 108 27 hugskott.

73 1382 28 21 Vi
122 1382 71 21 kunna
214 1381 48 22 icke
284 1380 68 22 heller
370 1381 33 21 tro
422 1382 32 19 att
472 1380 41 21 den
532 1386 40 15 ena
591 1379 52 22 eller
659 1379 66 22 andra
741 1381 60 20 orten
816 1381 7 20 i

73 1416 48 22 värt
135 1416 52 21 land
205 1412 102 25 särskildt
322 1415 68 21 skulle
405 1414 98 21 utmärka
518 1414 33 27 sig
565 1420 77 21 genom
657 1415 45 20 ”ett
716 1414 107 22 medvetet

73 1450 191 28 bildningsbehof.?
293 1449 45 23 Vär
357 1449 141 27 öfvertygelse
516 1451 30 24 är,
566 1450 32 20 att
616 1448 36 22 det
669 1448 68 22 finska
755 1448 68 23 folket

144 1491 94 18 Allmänna
250 1491 159 18 Besvärsutskottets
420 1489 104 18 betänkande
535 1489 35 17 N:o
583 1489 28 18 17.
