1031 1706
246 151 12 19 8
376 150 321 20 Petitionsbetänkande
712 148 50 21 N:o
778 148 28 20 4.

218 217 26 20 de
264 217 137 20 akademiska
423 216 147 20 lärokurserna
593 216 128 25 föredragas,
742 214 82 20 hvilket
841 214 60 26 eljest
915 213 48 20 icke

218 257 50 14 vore
288 250 88 26 möjligt,
395 251 50 19 utan
464 252 30 18 att
509 249 57 21 tiden
582 249 32 20 för
629 248 91 21 nämnda
735 248 73 21 kurser
822 248 68 20 skulle
906 247 58 21 öfver

218 285 77 20 höfvan
312 284 124 27 förlängas.”

286 319 30 19 På
330 319 68 26 grund
413 318 23 20 af
450 318 60 20 dessa
524 318 46 20 skäl
586 317 114 27 tillstyrkte
716 317 155 26 konsistorium,
886 318 32 19 att
928 316 35 20 ad-

216 353 138 27 junkturerna
368 352 48 20 med
432 352 35 20 tvä
481 352 108 26 undantag
600 352 64 19 mätte
675 351 124 26 bibehällas,
810 353 53 18 samt
873 350 91 27 föreslog

219 386 197 28 adjunktslönernas
430 386 91 26 höjande
536 386 32 20 till
584 386 40 20 550
640 386 66 26 rubel,
722 385 66 28 (utom
804 386 32 20 för
851 386 26 20 de
888 387 76 18 tvenne

219 421 119 27 teologiska
353 421 145 26 adjunkterna,
515 420 72 21 hvilka
597 420 68 21 skulle
676 420 112 27 godtgöras
802 420 46 21 med
859 420 106 26 prebende

219 457 111 25 pastorat),
346 455 82 20 hvadan
445 455 141 26 totalutgiften
601 455 28 25 pä
644 456 41 18 stat
700 455 84 20 komme
794 456 30 18 att
834 455 32 19 för
877 454 87 27 adjunk-

220 492 84 17 turerna
318 489 55 26 stiga
388 489 31 19 till
436 489 61 25 6,050
512 489 60 20 rubel
587 488 77 20 silfver.

286 523 33 21 De
334 529 43 20 nya
392 524 116 19 statuterna
522 522 23 20 af
559 523 22 20 år
598 522 53 20 1852
666 521 66 28 följde
747 523 7 19 i
769 522 119 20 hufvudsak
898 522 66 20 komi-

219 559 46 19 téns
280 557 79 26 förslag
373 556 131 21 beträffande
520 556 68 20 denna
603 555 73 26 punkt.
705 556 172 26 Adjunkturerna
887 555 77 20 afskaf-

220 592 65 25 fades,
308 591 39 21 och
368 591 36 20 det
421 591 23 20 af
462 590 92 20 komiten
574 590 111 21 förordade
704 590 74 27 anslag
793 591 23 20 af
829 591 62 24 3,000
906 590 58 20 rubel

220 626 126 25 faststäldes,
363 625 53 20 dock
432 625 29 25 sä,
474 626 30 18 att
515 625 36 19 det
561 631 79 13 samma
650 625 145 20 reserverades
806 625 31 20 för
847 625 118 21 utnämnde

220 660 101 21 docenter
338 661 54 18 samt
410 659 32 19 till
462 659 165 26 arvodesbelopp
648 659 23 19 af
684 659 40 20 300
739 659 59 20 rubel
813 659 80 28 hvarje.
923 659 41 20 Me-

222 694 40 20 dan
282 693 81 21 säledes
382 693 94 20 komiten
492 693 60 19 tänkt
566 693 32 25 sig
614 693 40 20 600
670 693 59 20 rubel
744 693 68 20 säsom
827 693 87 20 maximi
929 700 35 13 un-

221 728 91 24 derstöd,
328 727 107 20 bestämde
450 727 45 20 äter
510 729 115 18 statuterna
640 727 184 20 docentarvodena
838 727 32 19 till
882 727 40 20 300
932 733 33 13 ru-

220 762 41 25 bel,
276 763 7 18 i
298 761 112 20 hvartdera
425 760 59 21 fallet
498 760 32 20 för
546 761 12 20 5
574 761 24 19 år
612 761 6 19 i
629 761 75 20 sender
714 761 48 20 med
773 761 192 26 förlängningsrätt,

221 796 65 20 under
305 795 35 20 det
359 794 99 26 slutligen
477 794 146 20 konsistorium
644 797 69 17 ansett
730 802 25 13 en
772 795 52 26 årlig
838 795 42 20 fast
894 795 35 20 lön
945 794 23 20 af

221 830 41 20 550
277 829 59 20 rubel
352 835 50 13 vara
417 828 23 19 af
453 829 76 19 nöden.

288 863 58 19 Huru
369 862 128 26 väsendtligt
519 862 159 20 förhällandena
698 869 76 19 genom
794 862 61 20 dessa
873 869 43 20 nya
931 862 33 20 be-

221 897 128 26 stämningar
361 895 68 21 blefvo
446 895 132 26 förändrade,
594 896 56 19 visar
665 902 25 13 en
706 896 57 20 blick
778 896 28 27 pä
820 897 26 19 de
861 897 7 19 i
884 896 81 27 petitio-

221 937 40 14 nen
277 930 88 20 anförda
380 929 75 21 siffror.
486 930 75 19 Medan
577 929 26 20 de
617 936 67 20 yngre
699 929 82 21 lärarne
792 930 44 20 före
848 931 53 19 1852
913 931 53 19 varit

221 965 51 20 flere
294 967 26 17 än
340 965 26 19 de
384 964 110 25 ordinarie,
512 964 40 20 blir
566 963 141 21 förhållandet
721 971 27 12 nu
764 966 90 19 motsatt.
885 964 45 21 Och
946 965 18 26 ej

222 1006 41 19 nog
278 999 92 24 dermed,
386 1000 30 17 att
432 998 127 19 docenterna
574 1000 36 17 äro
625 998 33 19 för
672 997 32 26 fä;
719 998 50 20 vida
784 1005 43 14 mer
841 1001 26 17 än
878 998 43 21 förr
932 999 33 20 be-

222 1039 71 20 gynna
314 1039 67 20 yngre
396 1031 100 21 lofvande
511 1031 105 27 förmägor
632 1034 30 17 att
676 1032 53 20 söka
744 1033 32 25 sig
792 1033 46 20 bort
853 1033 32 19 till
901 1033 65 20 andra

222 1073 57 14 mera
302 1066 130 27 betryggade
456 1066 71 25 banor,
548 1065 29 20 uti
596 1068 85 22 statens,
701 1065 93 26 kyrkans
812 1066 51 20 eller
880 1066 86 21 skolans

222 1100 70 27 tjenst,
316 1100 31 19 till
368 1099 136 26 oberäknelig
519 1099 66 21 skada
600 1099 31 20 för
646 1100 150 21 universitetet.
824 1100 142 27 Följaktligen

223 1135 63 19 hafva
308 1134 64 20 också
394 1134 132 19 vakanserna
549 1133 35 20 vid
604 1134 144 20 universitetet
767 1135 54 19 varit
836 1135 29 18 uti
880 1135 87 25 synbart

222 1169 96 26 stigande
339 1168 38 20 och
402 1168 174 26 undervisningen
598 1167 38 20 har
651 1168 6 19 i
672 1168 51 20 flere
737 1169 140 25 professioner
896 1169 70 20 tidtals

222 1203 57 26 legat
294 1209 55 14 nere.

292 1237 62 20 Snart
374 1236 106 25 nödgades
497 1243 47 12 man
560 1236 64 20 också
639 1236 63 23 finna,
717 1238 31 18 att
764 1237 25 19 de
804 1237 31 19 till
852 1237 40 20 300
907 1237 60 19 rubel

223 1270 93 20 fixerade
340 1269 216 20 docentunderstöden
578 1275 50 14 voro
647 1269 87 20 alldeles
754 1270 148 26 otillräckliga.
932 1270 35 20 Uti

223 1304 153 20 universitetets
392 1303 141 26 provisoriska
548 1303 166 26 tillökningsstat
728 1303 24 21 af
764 1303 40 20 den
822 1304 24 19 14
860 1303 40 26 Maj
914 1304 52 19 1859

222 1337 149 21 fördubblades
386 1337 82 20 således
484 1337 36 20 det
535 1337 31 20 till
582 1337 136 20 docenternes
732 1337 112 21 aflönande
860 1337 108 21 bestämda

224 1372 126 27 totalanslag
366 1371 23 20 af
402 1372 62 25 3,000
479 1371 65 26 rubel,
560 1371 114 27 hvarjemte
690 1372 142 20 universitetet
841 1372 127 20 förunnades

223 1408 41 18 rätt
279 1408 31 18 att
324 1405 111 21 framdeles
451 1406 59 26 njuta
525 1405 35 20 det
574 1412 80 14 samma
668 1405 122 21 oafkortadt
803 1406 31 19 till
845 1406 63 26 godo,
919 1405 47 20 obe-

223 1441 77 20 roende
323 1440 23 20 af
368 1440 136 20 docenternes
527 1440 64 20 antal.
625 1439 31 20 Af
672 1440 60 20 dessa
748 1440 62 27 6,000
825 1441 58 20 rubel
899 1439 68 21 skulle

223 1475 106 20 eventuelt
348 1474 47 26 fyra
410 1474 100 20 docenter
525 1475 80 18 erhålla
620 1475 40 19 750
676 1475 58 19 rubel
749 1475 53 19 hvar
817 1475 39 19 och
872 1475 26 19 de
914 1475 52 18 äter-

289 1513 101 19 Allmänna
402 1513 185 18 Besvärs-utskottets
599 1513 111 18 betänkande
721 1514 37 18 N:o
770 1515 16 16 4.
