1042 1717
217 172 22 17 38
405 166 241 20 Petitionsbetänkande
658 166 37 19 N:o
708 166 34 18 20.

194 233 41 22 nytt
250 232 55 17 finskt
317 231 68 23 lyceum
397 230 78 18 inrättas
487 230 7 17 i
509 229 79 23 Wiborg,
601 229 44 17 eller
657 230 28 16 att
697 228 31 18 det
739 228 49 18 förut
799 228 97 18 bestående
907 228 41 17 med

195 260 72 19 svenskt
281 258 192 24 undervisningsspråk
487 258 102 18 förvandlas
603 258 31 17 till
646 258 60 17 finskt.
730 258 36 17 Det
778 263 60 12 senare
850 256 66 19 medlet
929 258 19 16 är

195 290 117 18 tvifvelsutan
325 288 30 18 det
366 288 121 23 lämpligaste,
499 288 21 17 då
529 288 69 17 statens
606 286 98 24 tillgångar
713 287 91 23 knappast
811 287 40 17 lära
859 286 90 23 medgifva

195 318 142 24 uppehållandet
349 318 20 17 af
379 317 78 17 täflande
475 317 57 22 lyceer
550 316 24 23 på
586 316 30 17 två
629 316 53 22 språk
694 316 7 17 i
716 316 138 22 lyceistäderna;
873 315 33 18 och
920 320 29 12 om

195 347 54 19 också
264 346 65 19 sådant
345 346 57 18 skulle
417 347 58 22 göras,
491 345 57 18 skulle
563 344 84 23 Wiborgs
663 344 75 18 svenska
750 344 70 24 lyceum
830 344 37 18 fort
878 349 35 17 nog
925 343 24 23 gå

194 377 57 17 under
263 376 20 18 af
293 376 46 18 brist
351 375 23 23 på
386 375 63 21 elever,
461 374 24 18 då
497 374 29 18 det
538 374 15 23 ej
566 374 28 18 uti
606 374 80 23 Wiborg,
698 374 16 22 ej
723 374 57 18 heller
789 374 7 17 i
804 373 72 18 stadens
885 372 64 24 omgif-

195 406 44 23 ning
254 406 57 17 finnes
325 404 39 18 helt
381 404 34 18 och
432 404 58 17 hållet
507 403 75 18 svenska
599 402 83 24 familjer.
708 402 29 18 Då
755 402 69 19 således
842 402 71 23 ombyte
931 402 19 18 af

193 432 212 23 undervisningsspråket
416 432 7 18 i
435 431 83 24 Wiborgs
531 431 75 18 svenska
618 431 180 18 elementarläroverk
810 431 30 18 till
852 431 58 18 finska
919 436 30 13 en-

195 463 35 22 ligt
242 462 31 18 vår
285 461 54 18 tanke
355 466 41 13 vore
409 461 74 18 alldeles
495 461 88 22 naturligt
596 460 32 18 och
640 460 92 23 behöfligt,
745 460 54 18 hafva
810 461 18 17 vi
840 459 109 19 härmedelst

195 493 44 16 äran
248 490 130 18 vördsammast
389 489 72 21 föreslå,
474 491 28 16 att
513 489 111 18 hedervärda
636 489 134 18 Bondeståndet
782 489 85 23 antingen
880 489 69 18 ensamt

195 520 44 17 eller
247 519 120 18 tillsammans
378 519 41 17 med
431 519 22 17 de
465 518 55 18 andra
532 518 76 18 stånden
620 518 58 18 skulle
687 519 30 17 till
729 518 32 18 vår
774 518 111 21 Storfurstes,
897 518 51 17 Hans

194 548 100 23 Kejserliga
306 547 94 23 Majestäts
412 547 84 23 pröfning
514 547 33 18 och
559 547 115 18 stadfästelse
686 547 68 23 ingifva
766 553 22 12 en
798 547 112 23 underdånig
918 552 30 18 pe-

193 577 56 18 tition
261 582 28 13 om
300 576 119 23 förfinskning
431 576 19 17 af
460 575 83 24 Wiborgs
555 576 74 23 lyceum.

263 605 112 22 Helsingfors
388 604 34 18 den
434 605 11 18 5
457 604 86 18 Februari
555 605 51 18 1877.

297 641 22 16 H.
332 640 89 17 Jaatinen.
497 640 57 17 Tahvo
566 640 89 17 Jaatinen.
732 640 24 17 M.
770 640 107 17 Montonen.”

297 749 30 22 Af
343 749 63 22 ofvan
424 749 87 28 intagna
525 750 115 27 petitioner
656 749 100 28 framgår,
772 752 32 19 att
819 750 26 22 de
860 750 23 22 af
896 750 51 21 herr

193 784 121 27 Hornborg,
330 783 23 22 af
367 784 144 21 skollärarnes
526 786 179 25 representanter,
722 786 55 20 samt
791 785 23 20 af
823 785 124 26 landtdags-

193 821 92 20 männen
299 819 154 26 Karvosenoja,
468 818 156 27 Hannikainen,
636 819 106 26 Suutarla,
754 819 96 27 Avellan,
861 819 86 22 Brusila

193 854 40 21 och
247 853 108 22 Warelius
367 853 82 26 ingifna
459 853 111 21 memorial
581 853 114 26 samtligen
706 853 55 22 efter
771 853 57 22 vissa
839 853 107 22 allmänna

193 887 131 28 synpunkter
341 887 74 21 fordra
433 887 90 27 ändring
542 887 24 21 af
577 893 29 15 nu
622 888 100 26 gällande
736 888 161 27 bestämningar
912 890 34 19 rö-

192 922 66 21 rande
275 921 249 26 elementarläroverken,
540 922 27 26 på
583 922 36 21 det
634 922 84 21 landets
733 922 69 21 finska
812 923 86 21 talande
909 923 36 21 be-

191 956 98 27 folkning
303 956 135 26 härutinnan,
454 963 59 14 mera
528 958 28 19 än
570 956 77 21 hittills
663 957 66 21 måtte
745 956 38 22 ske
794 957 96 26 rättvisa,
901 963 44 16 me-

192 991 42 21 dan
253 990 46 22 åter
317 990 75 21 herrar
410 990 109 27 Lindberg
537 990 39 22 och
592 986 92 31 Öhberg,
699 991 50 21 med
766 991 96 27 yrkande
881 991 23 22 af
918 992 26 21 de

191 1025 68 27 begge
275 1025 103 27 språkens
393 1024 147 27 likställighet,
557 1025 58 21 velat
629 1025 132 22 beträffande
776 1027 58 20 östra
842 1025 103 22 Finlands

191 1059 74 21 skolor
284 1059 45 21 dels
348 1058 109 21 bibehålla
476 1059 106 21 svenskan
600 1059 72 21 såsom
690 1059 230 28 undervisningsspråk
939 1061 7 20 i

191 1093 27 21 de
233 1093 80 26 skolor,
329 1093 38 20 der
383 1093 123 21 densamma
520 1099 28 14 nu
564 1095 24 19 är
603 1093 43 26 det,
662 1093 46 22 dels
724 1093 90 22 anhällit
830 1100 35 15 om
880 1095 67 21 inrät-

190 1127 75 21 tandet
280 1127 23 21 af
316 1127 125 26 ytterligare
457 1128 31 20 ett
503 1127 87 22 svenskt
605 1127 100 22 läroverk
720 1128 118 22 derstädes.
869 1124 75 32 Öfriga

190 1161 64 21 ofvan
269 1161 88 26 intagna
366 1161 116 26 petitioner
491 1161 55 27 angä
557 1162 97 21 deremot
663 1163 133 21 inrättandet
805 1163 23 21 af
838 1163 106 21 särskilda

189 1195 219 22 elementarläroverk
423 1196 49 21 med
486 1195 83 22 finskan
584 1196 34 21 till
633 1197 230 27 undervisningsspräk
877 1197 8 22 i
901 1199 43 20 stä-

190 1229 67 22 derna
274 1229 143 27 Helsingfors,
436 1224 53 32 Äbo,
505 1230 139 27 Björneborg,
660 1231 151 27 Tammerfors,
827 1231 115 28 Uleäborg,

189 1263 69 25 Kemi,
273 1263 103 25 Joensuu,
392 1263 32 21 S:t
438 1263 79 21 Michel
532 1264 39 20 och
586 1264 95 26 Wiborg.

257 1296 71 21 Jemte
343 1296 76 21 remiss
434 1296 23 21 af
471 1296 63 22 ofvan
548 1298 88 26 intagna
650 1298 116 26 petitioner
779 1298 40 21 har
828 1298 115 22 Allmänna

187 1330 200 22 Besvärsutskottet
401 1330 42 22 fätt
457 1330 24 22 af
490 1331 26 21 de
526 1338 56 21 resp.
597 1332 91 22 ständen
698 1334 109 26 emottaga
816 1333 67 27 nägra
893 1339 49 22 pro-

187 1365 165 27 tokollsutdrag,
367 1365 150 22 innehållande
531 1366 115 27 yttranden
660 1367 24 21 af
697 1367 98 22 enskilda
809 1368 133 22 ständsmed-

187 1400 90 21 lemmar
295 1400 132 22 beträffande
447 1400 26 22 de
491 1400 8 21 i
517 1401 142 27 petitionerna
673 1402 127 22 framstälda
815 1403 126 27 önsknings-

187 1434 50 26 mäl,
256 1434 40 22 och
313 1434 65 22 hafva
397 1440 87 21 samma,
499 1436 34 20 till
548 1436 117 22 utskottets
679 1437 121 22 kännedom
814 1438 126 22 meddelade

184 1468 117 27 yttranden
316 1468 56 22 varit
386 1468 24 22 af
423 1468 95 28 följande
532 1470 105 22 innehäll:

254 1507 96 17 Allmänna
361 1508 161 18 Besvärsutskottets
532 1510 105 17 betänkande
649 1511 34 17 N:o
696 1511 29 18 17.
