1045 1709
244 122 307 20 Petitionsbetänkande
563 124 46 19 N:o
621 126 40 18 46.
773 128 13 20 3

85 186 32 18 Att
131 188 61 22 skjuta
204 188 59 18 denna
276 190 52 22 fråga
340 190 56 21 åsido,
410 196 42 12 vore
465 191 56 23 enligt
531 192 36 17 min
580 193 55 17 tanke
649 196 26 16 ett
687 195 76 23 sorgligt
777 198 37 16 tec-

86 215 43 22 ken;
145 216 29 17 det
187 217 59 18 skulle
259 223 18 13 se
291 221 19 15 ut
323 224 38 12 som
374 224 28 12 om
416 220 16 16 vi
445 220 104 18 försmådde
562 220 36 18 alla
609 222 22 17 de
644 222 67 23 vigtiga
717 223 97 23 lärdomar,

86 248 37 12 som
137 244 88 18 historien
238 246 5 16 i
257 246 50 18 detta
319 247 85 18 afseende
418 248 85 22 erbjuder
515 254 34 15 oss,
563 249 33 17 och
610 255 37 12 som
661 250 53 19 äfven
727 252 33 18 den
774 255 40 16 när-

88 273 78 17 varande
178 274 49 17 tiden
242 275 63 17 ställer
316 276 28 16 för
357 276 43 17 våra
412 278 51 20 ögon,
488 276 26 23 Ty
527 278 30 16 det
569 278 33 17 har
610 278 75 18 välicke
693 280 70 18 kunnat
770 281 44 18 und-

87 300 23 22 gå
128 301 32 17 vår
179 302 166 22 uppmärksamhet,
367 304 70 18 hvilket
457 307 46 15 stort
515 305 98 22 inflytande
627 306 30 18 det
671 308 61 18 städse
744 310 71 17 utöfvat

86 329 47 18 håde
152 330 24 22 på
194 331 33 17 den
241 332 79 17 enskilta
332 332 34 18 och
378 332 42 18 hela
433 333 126 23 familjelifvet,
574 336 26 15 att
613 334 87 20 sabbaten
713 336 59 18 blifvit
784 343 31 13 an-

85 358 61 22 tingen
160 359 66 23 helgad
238 360 44 18 eller
295 361 82 22 ohelgad,
391 362 48 17 huru
452 362 29 17 det
493 362 6 17 i
512 362 49 18 förra
574 362 51 18 fallet
634 364 77 18 medfört
721 365 54 23 lycka
782 366 33 18 och

87 387 113 23 välsignelse,
219 389 6 17 i
243 394 64 13 senare
326 390 52 17 fallet
396 390 65 23 olycka
477 391 34 17 och
524 391 124 18 förbannelse:
669 392 38 18 Och
720 394 5 17 i
739 397 47 15 stort
797 395 19 18 få

87 416 41 18 hela
146 417 83 18 nationer
247 418 61 18 erfara
323 419 105 18 detsamma.
452 421 27 16 De
491 423 66 15 tvenne
570 420 88 19 länderna
669 422 6 17 i
688 422 31 18 vår
731 420 84 30 verlsdel,

86 445 63 18 hvilka
160 452 63 16 genom
237 452 21 12 en
273 448 96 18 hafskanal
382 448 84 22 åtskiljas
479 449 40 17 från
532 449 107 21 hvarandra,
653 450 63 19 kunna
727 451 49 23 tjena
786 458 30 13 oss

87 480 37 12 som
138 477 25 15 ett
178 475 76 17 lärorikt
267 476 87 22 exempel.
373 476 26 17 På
411 477 35 17 den
456 482 33 12 ena
499 476 52 18 sidan
563 487 12 3 —
586 477 24 22 på
619 482 22 12 en
649 480 9 14 ö
667 488 18 2 —
694 484 29 12 ser
732 485 42 13 man
783 480 33 18 fol-

87 503 30 18 ket
133 504 109 18 åtminstone
254 505 6 16 i
273 506 47 20 yttre
333 505 56 17 måtto
401 504 50 19 hålla
464 506 88 17 sabbaten
565 506 6 16 i
583 505 64 23 helgd;
659 506 24 22 på
695 507 57 19 andra
764 508 52 19 sidan

87 533 81 17 deremot
186 533 57 17 finner
259 538 40 12 man
312 534 88 17 sabbaten
412 534 65 17 liksom
493 534 61 22 invigd
567 534 18 18 åt
597 534 74 22 synden,
684 537 26 16 ett
723 536 94 24 vällustigt

87 562 80 17 lefverne
186 562 33 18 och
238 562 98 18 allehanda
355 562 128 18 lustbarheter.
514 563 40 18 Men
567 562 73 19 hvilken
655 564 79 22 märklig
744 565 73 19 skilnad

88 592 68 16 företer
178 591 27 22 sig
224 591 40 17 icke
277 591 38 22 här,
329 597 27 12 om
370 597 41 12 man
425 592 48 17 afser
485 592 50 17 Guds
549 592 116 22 välsignelse!
691 593 25 17 På
728 596 45 16 nära
785 596 34 16 200

88 620 20 17 år
123 620 35 17 har
176 620 29 18 det
223 620 86 23 engelska
321 620 58 18 folket
391 621 40 17 icke
444 621 47 17 varit
504 620 84 18 hemsökt
599 620 20 18 af
630 621 59 21 någon
702 622 112 23 revolution;

88 654 40 12 men
141 649 52 17 hvem
206 649 36 18 kan
255 650 95 22 uppräkna
363 649 21 18 de
397 650 65 22 många
475 650 120 22 hvälfningar,
608 654 38 12 som
660 650 33 18 den
705 650 75 19 franska
787 656 31 14 na-

88 678 61 18 tionen
168 678 95 23 upplefvat
283 679 48 17 inom
346 684 21 12 en
380 678 71 23 mycket
464 678 75 18 kortare
552 678 38 18 tid?
614 678 36 18 Det
663 680 86 21 engelska
760 680 59 18 folket

88 707 33 17 har
135 707 46 17 varit
193 707 83 18 verldens
289 707 63 18 friaste
365 707 43 22 folk,
422 707 89 17 ehurnväl
524 707 75 23 mången
612 707 95 24 lättsinnig
720 708 58 19 kännt
789 710 29 17 de-

88 742 29 12 ras
131 736 126 23 sabbatslagar
269 742 37 12 som
319 738 25 16 ett
357 736 100 23 tryckande
470 736 32 22 ok;
515 742 40 12 men
567 736 48 17 huru
627 736 43 22 föga
676 736 56 18 frihet
739 738 33 18 har
779 737 39 19 der-

89 768 48 15 emot
152 766 83 16 Franska
247 765 58 17 folket
317 765 81 22 ätnjutit,
411 770 28 12 om
452 764 30 18 det
493 765 34 17 ock
540 765 70 17 kunnat
623 767 44 20 göra
679 765 27 23 sig
718 766 40 18 fritt
770 766 48 18 ifrån

89 794 93 17 såkalladt
194 793 135 23 sabbatstvång.

134 823 28 17 Då
172 823 32 22 jag
217 822 55 23 hyser
285 822 30 18 det
327 822 55 22 hopp,
397 824 26 16 att
437 822 88 17 Finlands
537 822 39 17 folk
590 822 58 22 aldrig
656 823 47 17 skall
711 823 67 19 förbise
785 824 33 18 den

89 851 115 22 välsignelse,
217 856 37 12 som
268 851 87 17 sabbaten
368 851 75 21 medför,
457 850 32 18 och
503 850 54 18 alltså
570 850 58 18 tinner
636 851 159 23 nödvändigheten
802 852 21 18 af

89 885 22 12 en
132 880 75 22 lämplig
225 880 185 22 sabbatsförordning,
429 879 20 17 så
467 880 86 16 framstår
572 880 115 22 naturligtvis
704 880 35 18 den
750 881 70 23 frågan,

90 908 46 18 huru
156 908 94 18 beskaffad
267 915 21 11 en
301 909 57 18 sådan
371 908 106 22 förordning
490 908 56 17 borde
560 913 47 15 vara,
621 908 28 16 för
661 910 27 15 att
701 908 45 23 fylla
759 909 61 18 behof-

90 940 30 15 vet
138 938 5 17 i
160 938 114 17 närvarande
291 938 59 17 stund.
374 938 36 22 Jag
422 937 67 17 tillstår
503 936 106 23 uppriktigt,
623 939 27 15 att
660 938 31 22 jag
703 938 71 18 känner
785 939 37 23 mig

90 966 105 22 oförmögen
208 968 26 16 att
247 967 62 17 härtill
323 966 62 18 kunna
396 966 60 17 lemna
468 966 55 22 något
535 966 77 22 förslag;
625 971 40 12 men
681 966 30 18 det
725 972 53 12 anser
789 968 32 22 jag

91 995 36 22 mig
146 995 44 17 böra
207 995 97 17 framhålla
319 995 60 17 såsom
392 1000 22 12 en
426 995 77 22 princip,
516 1000 37 12 som
566 994 137 23 lagstiftningen
717 996 58 22 aldrig
789 996 32 18 bör

91 1024 59 17 lemna
163 1030 22 11 ur
197 1024 50 22 sigte,
260 1026 27 15 att
301 1024 40 17 Gud
354 1024 44 22 sjelf
409 1023 73 23 nedlagt
493 1024 34 17 hos
539 1023 107 18 menniskan
659 1029 22 12 en
694 1024 74 22 längtan
776 1024 46 18 efter

91 1052 35 17 och
139 1054 25 14 ett
176 1052 57 18 behof
244 1052 19 17 af
275 1052 54 21 hvila,
342 1052 56 18 sedan
410 1052 36 18 hon
459 1052 58 17 under
529 1052 69 18 veckan
612 1052 71 17 arbetat
694 1052 4 17 i
711 1053 32 17 sitt
753 1053 69 18 anletes

92 1083 52 16 svett,
166 1085 21 13 en
203 1080 54 21 hvila,
276 1086 37 13 som
330 1081 47 17 skall
390 1081 85 22 påminna
487 1081 59 17 henne
559 1086 27 12 om
601 1085 22 12 en
638 1080 50 18 hvila
702 1080 5 17 i
719 1081 57 23 högre
788 1086 35 13 me-

92 1109 48 22 ning.
164 1109 9 17 I
186 1108 80 23 enlighet
277 1109 75 17 härmed
365 1109 55 18 borde
433 1109 127 22 sabbatslagen
576 1114 41 12 vara
629 1109 94 21 författad,
736 1112 42 16 utan
787 1110 37 18 alla

95 1137 99 18 minutiösa
205 1138 141 22 bestämningar,
371 1137 84 18 Framför
467 1138 33 17 allt
513 1138 56 18 borde
583 1142 41 12 man
639 1138 70 22 skydda
721 1138 53 17 deras
782 1140 42 20 rätt,

93 1166 63 17 hvilka
174 1168 64 20 utgöra
251 1166 34 17 den
298 1166 86 22 tjenande
396 1166 79 21 klassen,
489 1166 33 17 och
535 1166 59 18 likaså
606 1166 56 18 borde
676 1171 41 13 man
729 1167 54 21 tillse,
798 1169 26 15 att

94 1195 22 17 då
129 1195 30 17 vid
172 1195 48 17 vissa
233 1195 127 22 inrättningar,
374 1196 58 16 såsom
446 1195 29 17 vid
488 1195 110 22 postverket,
611 1194 102 22 telegrafen,
723 1190 101 31 jernvägar-

94 1228 22 12 ne
129 1228 22 12 m.
164 1228 28 16 m,,
205 1227 26 13 ett
243 1223 94 17 oafbrutet
349 1223 62 17 arbete
424 1225 19 15 är
456 1223 19 17 af
486 1223 65 21 nöden,
564 1228 21 12 en
600 1222 20 17 så
627 1225 38 15 stor
673 1223 152 22 tjenstepersonal

95 1252 91 21 anställes,
207 1254 28 15 att
253 1252 22 17 de
294 1251 136 23 tjenstgörande
449 1251 109 17 åtminstone
576 1251 105 17 hvarannan
697 1251 69 22 söndag
783 1256 41 13 vore

95 1280 61 22 lediga
175 1280 41 17 från
229 1280 66 20 arbete,
308 1281 28 16 för
349 1282 27 15 att
388 1280 6 16 i
407 1279 49 17 stilla
469 1279 119 17 betraktande
601 1279 20 17 af
631 1279 80 18 Herrans
723 1280 32 16 ord
765 1280 62 17 hemta

95 1308 64 22 styrka
171 1308 33 18 och
217 1310 46 16 tröst
276 1308 57 18 under
345 1308 61 17 lifvets
419 1308 106 21 pröfningar
539 1307 34 18 och
591 1307 104 22 bekymmer
706 1308 34 17 och
750 1308 77 18 sålunda

97 1337 104 21 uppfostras
215 1336 28 16 för
255 1339 26 14 ett
294 1337 55 21 högre
362 1336 25 20 lif,
401 1339 26 13 ett
439 1336 84 20 lif
466 1332 10 30 i
483 1336 40 20 Gud,
531 1341 38 11 som
578 1338 20 14 är
604 1336 116 17 menniskans
728 1342 97 16 ursprung-

98 1365 37 22 liga
148 1365 131 17 bestämmelse.

144 1393 62 17 Skulle
227 1392 115 23 Högvördiga
354 1392 137 18 Presteståndet
503 1397 43 12 anse
560 1392 47 16 mina
619 1392 34 17 här
665 1392 81 17 uttalade
759 1392 67 23 åsigter

99 1422 79 22 förtjena
190 1422 34 18 den
237 1421 165 23 uppmärksamhet,
416 1424 26 14 att
455 1421 22 18 de
487 1421 73 22 påkalla
572 1420 59 22 någon
643 1420 64 23 åtgärd
720 1420 40 18 från
774 1420 52 18 Stän-

100 1451 65 18 dernas
184 1451 44 21 sida,
247 1450 20 18 så
285 1450 55 23 vågar
359 1451 30 22 jag
402 1450 91 18 vördsamt
505 1450 72 21 föreslå,
590 1452 27 15 att
630 1449 115 23 Högvördiga
756 1450 70 18 Preste-

165 1491 140 23 Lagutskottets
318 1491 115 19 hetänkande
446 1490 33 18 N:o
491 1492 30 16 25.
