1042 1709
233 160 26 22 16
416 160 237 24 Petitionsbetänkande
667 162 39 20 N:o
723 161 33 21 10.

206 213 154 27 ningstillfälle,
379 220 45 14 som
443 214 40 20 den
505 214 86 20 framför
612 215 76 25 många
708 213 66 20 andra
789 214 57 19 orter
861 214 6 19 i
884 213 70 19 landet

207 241 54 20 hade
277 243 30 18 att
321 242 60 26 tillgå
399 248 77 21 genom
499 244 29 19 ett
546 242 147 25 Seminarium,
716 240 110 29 placeradt
841 242 5 19 i
864 240 89 29 Nyslott.

208 270 98 20 Deremot
322 269 89 27 betyder
425 271 113 20 tillskottet
552 271 6 20 i
575 271 192 20 resekostnaderna
782 270 32 20 för
827 270 77 25 elever,
914 270 41 20 till-

207 298 94 20 hörande
323 298 41 20 den
385 299 97 26 fattigare
501 299 138 26 folkklassen,
658 299 54 20 ifrån
732 305 26 14 en
777 300 43 18 stor
836 297 33 22 del
885 299 23 19 af
921 298 36 20 det

206 327 67 26 öfriga
289 326 73 21 landet
378 327 87 27 mycket
480 334 63 19 mera,
560 330 25 18 än
602 327 55 20 hvad
675 328 103 19 utskottet
792 327 58 20 velat
866 326 90 27 medgif-

205 361 34 15 va,
269 355 130 20 Förutsättas
423 357 66 20 måste
513 356 78 25 vidare,
612 358 30 18 att
661 355 202 21 lefnadskostnaden
882 356 32 19 för
930 355 26 20 de

205 383 92 21 enskilta
320 384 39 20 och
382 384 134 28 följaktligen
539 384 62 21 äfven
621 383 243 22 underhållskostnaden
880 384 32 20 för
927 385 30 18 ett

206 412 138 20 seminarium
365 412 47 20 med
428 413 94 20 internat
536 413 61 20 skola
612 412 62 21 ställa
690 413 32 26 sig
737 412 98 27 billigare
849 412 7 20 i
871 411 86 28 Nyslott

207 440 46 21 med
270 440 48 20 dess
334 440 154 27 produktivare
504 441 85 26 omnejd
605 441 39 20 och
661 440 68 21 bättre
740 441 215 23 kommunikationer,

206 471 26 18 än
248 469 6 20 i
270 468 122 26 Sordavala,
409 469 38 20 der
461 469 95 20 traktens
571 469 131 20 innevånare
711 468 118 27 medgifvas
838 475 50 14 vara
900 469 53 20 min-

207 497 36 20 dre
263 496 70 27 idoga,
352 497 39 20 och
411 497 38 20 der
466 497 40 20 den
525 497 83 20 direkta
631 497 213 20 kommunikationen
861 497 47 20 med
925 497 30 20 S:t

206 524 127 27 Petersburg
353 525 70 20 städse
441 525 55 20 skall
516 524 129 27 fördyrande
660 525 91 20 inverka
765 525 29 26 på
810 525 143 20 lefnadskost-

207 552 100 21 naderna.
336 552 91 27 Sålänge
445 553 36 20 det
495 553 47 20 icke
558 553 41 20 kan
619 553 93 25 bevisas,
727 555 31 18 att
772 555 30 18 ett
816 553 137 20 seminarium

206 581 6 20 i
234 581 87 26 Nyslott
341 581 85 25 tillfölje
444 581 23 20 af
484 582 36 19 sitt
538 581 47 28 läge
600 581 48 20 icke
665 581 42 20 kan
722 581 153 20 tillfredsställa
891 581 62 20 äfven

206 609 182 27 Ladogatraktens
404 609 65 20 behof
482 611 5 18 i
503 609 99 21 afseende
618 611 13 18 å
646 609 150 27 folkbildning,
810 609 86 28 sålänge
911 611 43 18 må-

206 639 30 19 ste
252 637 26 21 de
293 638 24 20 af
330 638 43 27 mig
390 637 129 22 framhållna
538 638 210 27 omständigheterna
766 638 43 19 tala
823 638 32 20 till
871 638 82 21 förmon

206 666 31 20 för
252 667 133 20 seminariets
400 666 109 27 placering
525 667 6 19 i
546 667 91 27 Nyslott,
654 667 70 20 derest
736 667 106 26 nemligen
856 667 47 20 icke
912 667 41 20 den

206 696 5 19 i
229 695 140 26 petitionerna
387 694 141 21 omförmälda
544 695 116 20 storartade
676 695 128 20 donationen
820 695 81 27 gjorde,
917 695 37 20 så-

206 729 45 14 som
267 723 36 20 det
317 723 80 26 tyckes,
413 723 28 20 all
458 724 172 26 argumentering
645 723 133 27 öfverflödig.
809 719 41 36 Men
863 724 37 27 jag
911 725 44 18 tror

206 751 47 20 icke
269 753 31 18 att
314 752 47 19 vårt
375 751 56 25 land,
452 751 51 20 huru
519 751 69 29 fattigt
603 751 36 21 det
654 755 26 16 än
697 752 35 19 må
747 758 51 13 vara
814 752 39 20 och
869 751 84 21 förblif-

207 786 32 19 va,
255 780 62 25 skall,
333 780 6 19 i
349 780 103 20 händelse
468 782 30 18 ett
513 783 64 18 annat
597 780 63 20 finskt
675 780 138 20 seminarium
829 780 125 28 verkeligen

207 814 61 14 anses
283 808 23 20 af
318 808 101 20 behofvet
434 808 115 26 påkalladt,
567 814 49 15 vara
632 809 120 27 oförmöget
767 811 29 18 att
808 809 50 26 sjelf
867 816 88 20 genom-

207 837 45 20 föra
274 836 48 21 dess
343 836 179 27 förverkligande,
538 837 29 27 ja,
583 838 38 26 jag
640 840 42 18 tror
697 838 49 19 icke
762 839 30 18 att
808 837 36 21 det
859 840 24 18 är
897 840 56 18 stän-

207 866 66 20 derna
287 865 91 26 värdigt,
393 867 32 18 att
442 865 47 21 med
505 865 126 21 frånseende
646 866 24 19 af
682 865 43 21 alla
741 865 72 26 andra,
828 867 67 26 enligt
911 867 43 20 min

207 894 60 27 åsigt,
282 893 86 21 talande
382 893 46 20 skäl
445 893 169 22 bortauctionera
630 894 36 20 det
680 894 108 20 tilltänkta
799 895 123 20 seminariet
933 895 22 20 åt

207 934 26 5 —
249 922 42 21 den
307 921 168 27 mestbjudande.

275 951 40 27 Jag
335 951 66 26 vågar
419 950 83 21 derföre
521 950 48 21 med
588 950 47 21 stöd
650 951 24 20 af
686 951 36 20 det
737 952 89 20 anförda
841 951 37 22 hos
894 954 61 18 stän-

209 979 64 20 derne
296 979 109 20 vördsamt
425 979 84 25 föreslå,
531 981 35 23 att,
588 979 90 20 emedan
697 987 27 12 en
744 979 64 28 nådig
823 981 132 26 proposition

208 1007 112 28 angående
336 1007 288 21 folkskollärareseminarier
639 1007 69 20 blifvit
724 1008 48 21 dem
791 1008 103 28 förelagd,
916 1015 39 15 an-

208 1036 73 27 tingen
295 1035 44 22 helt
353 1035 38 21 och
405 1035 69 21 hållet
488 1035 75 28 afböja
578 1035 173 26 ifrågavarande
768 1036 116 28 petitioner
903 1037 52 21 eller

208 1063 37 22 ock
260 1063 121 28 uppskjuta
395 1063 131 29 afgörandet
540 1063 61 22 intill
618 1039 47 56 dess
680 1064 36 21 det
731 1065 87 26 utskott,
834 1065 36 21 till
889 1065 64 21 hvars

207 1091 131 29 behandling
349 1092 162 27 propositionen
526 1091 73 28 blifvit
613 1093 133 25 remitterad,
759 1092 78 22 hinner
848 1093 36 22 till
895 1095 59 20 stän-

207 1120 68 22 derna
289 1119 108 22 inkomma
412 1120 48 21 med
474 1121 38 20 sitt
527 1119 133 23 betänkande
675 1121 8 20 i
698 1123 76 19 ämnet.

658 1148 26 21 A.
701 1149 25 20 G.
742 1149 144 21 Westerlund.

275 1188 8 20 I
299 1188 134 20 förestående
448 1189 130 20 reservation
594 1188 84 21 förenar
693 1189 32 26 sig
741 1189 31 20 till
788 1189 43 20 alla
846 1189 60 20 delar

728 1223 26 20 A.
771 1223 115 27 Häyrinen.

273 1314 166 22 Undertecknad
461 1316 79 21 önskar
561 1317 39 20 här
622 1317 64 20 hafva
711 1318 86 20 särskilt
818 1318 136 26 antecknadt,

206 1344 37 20 det
264 1344 41 20 han
327 1345 33 19 för
379 1345 32 19 sin
430 1344 34 20 del
480 1344 48 21 ieke
543 1344 90 28 deltagit
647 1346 7 20 i
670 1346 26 20 de
712 1346 187 28 öfverläggningar
915 1346 38 21 och

206 1372 75 26 beslut,
297 1372 82 28 hvarpä
393 1372 134 22 förestäende
543 1373 227 21 utskottsbetänkande
787 1374 93 28 grundar
895 1376 38 26 sig.

718 1408 54 20 Edv.
791 1408 96 22 Avellan.

364 1486 106 24 Tavastehus,
478 1487 17 17 A.
509 1486 27 19 W,
549 1486 90 25 Lindgrens
653 1488 76 24 tryckeri,
745 1489 48 17 1877.
