1053 1711
793 135 26 21 15

108 197 7 22 i
130 197 55 23 Vårt
199 197 39 22 den
254 199 11 20 7
282 198 140 22 innevarande
436 198 90 23 Januari
540 198 12 22 å
566 198 87 23 berörda
672 198 74 28 nådiga
760 199 90 28 proposi-

108 231 43 22 tion
167 232 75 22 aflåtna
257 232 141 29 underdåniga
413 233 108 25 svarsbref,
536 233 60 21 hvari
611 233 29 22 Vi
653 233 67 21 tillika
730 232 119 23 förbehållit

109 265 40 22 Oss
164 269 36 23 att,
216 267 68 21 derest
298 267 111 27 ändringar
422 267 8 20 i
444 267 113 28 förstsagde
572 266 122 28 författning
703 266 101 22 befunnes
814 271 34 17 nö-

107 299 54 29 diga,
176 300 22 21 få
212 300 7 21 i
234 300 168 28 grundlagsenlig
416 305 39 23 väg
469 301 8 21 i
491 300 142 28 lagstiftandet
647 300 69 21 derom
732 300 86 28 deltaga.

446 364 12 26 8
473 364 34 20 43.

173 403 13 21 I
208 402 111 28 anledning
341 402 23 22 af
381 402 60 22 Hans
456 402 119 29 Kejserliga
589 402 107 28 Majestäts
717 403 33 21 till
765 403 40 22 Oss
820 402 29 22 af-

105 437 58 22 låtna
177 436 75 29 nådiga
267 436 126 29 proposition
409 437 47 21 med
470 437 77 28 förslag
556 437 32 21 till
598 438 141 21 stambansnät
749 437 32 22 för
793 437 54 29 jern-

105 476 90 24 vägarne
210 471 8 21 i
233 471 96 25 Finland,
345 470 62 23 hafve
424 471 33 26 Vi,
471 471 65 28 jemte
558 472 96 21 anmälan
669 474 30 19 att
712 472 30 22 Vi
757 472 26 29 på
797 480 50 21 upp-

105 506 58 29 gifna
182 506 44 22 skäl
246 510 56 17 ännu
323 505 47 22 icke
384 506 56 21 velat
455 506 86 21 rörande
556 506 35 21 det
605 505 115 30 föreslagna
735 507 112 21 stambans-

105 543 58 20 nätet
177 540 8 22 i
200 540 46 22 dess
260 540 72 22 helhet
346 539 51 23 fatta
413 542 29 20 ett
457 540 103 22 definitivt
575 540 73 26 beslut,
664 540 32 22 för
711 539 68 23 denna
793 540 54 30 gång

104 575 86 28 beviljat
205 575 68 21 medel
287 575 33 21 till
334 574 125 29 anläggning
473 574 23 21 af
509 583 25 13 en
548 574 87 29 jernväg
649 574 45 22 från
705 575 141 22 Tammerfors

104 610 45 22 stad
165 612 54 19 öster
233 617 34 14 om
281 609 107 28 Näsijärvi
402 609 30 28 sjö
447 609 33 21 till
494 609 70 22 Etseri
579 609 69 29 kapell
663 610 39 21 och
717 609 90 22 derifrän
817 610 30 21 vi-

104 645 49 21 dare
175 644 33 22 till
222 643 138 26 Nikolaistad,
376 646 54 19 samt
451 643 69 22 tillika
540 643 75 22 uttalat
630 643 39 22 Oss
683 643 128 22 beträffande
826 643 18 29 ej

101 679 84 23 mindre
200 679 34 21 det
248 678 190 29 byggnadssystem,
454 685 44 14 som
520 677 73 23 dervid
607 678 62 21 borde
684 678 66 29 följas,
766 683 26 18 än
806 678 40 22 far-

103 713 131 28 hastigheten
256 713 12 21 &
289 712 156 29 ifrägavarande
468 713 68 25 banor,
560 712 106 22 äfvensom
687 713 8 20 i
717 713 96 22 afseende
833 713 13 22 &

103 747 98 22 framtida
213 746 246 29 jernvägsanläggningar
473 747 103 22 framstält
590 747 40 21 den
645 747 103 26 anhällan,
759 755 45 14 som
814 747 31 22 in-

104 781 36 30 går
161 782 8 21 i
184 781 44 24 Vår
250 781 141 29 underdäniga
413 781 108 22 skrifvelse
540 781 4 22 i
559 783 71 20 ämnet
643 781 24 22 af
679 782 40 21 den
735 783 10 20 7
762 783 84 21 inneva-

103 817 64 21 rande
182 816 96 22 Januari.

443 862 13 26 8
471 862 33 21 44.

172 902 69 22 Sedan
256 902 61 22 Hans
332 902 119 28 Kejserliga
465 902 98 28 Majestät
577 902 88 28 förelagt
679 902 40 22 Oss
729 902 63 29 nädig
801 910 44 22 pro-

103 936 97 33 position,
219 937 106 29 angäende
344 936 120 29 förordning
478 944 34 14 om
527 936 130 29 näringarne,
672 936 63 22 hafve
750 937 35 26 Vi,
801 945 44 14 som

101 972 48 22 icke
164 972 81 21 kunnat
262 974 75 26 antaga
351 972 41 21 den
411 971 75 29 nådiga
501 971 153 29 propositionen
669 971 128 27 oförändrad,
813 972 33 21 för

102 1006 46 22 Vär
163 1006 33 22 del
210 1006 86 22 beslutit
310 1006 33 21 till
357 1005 64 22 sädan
435 1005 123 29 författning
572 1006 7 21 i
594 1007 75 24 ämnet,
681 1013 44 14 som
739 1007 66 21 finnes
815 1006 29 21 in-

102 1044 63 25 tagen
184 1040 8 22 i
211 1040 45 22 Vär
277 1040 142 28 underdäniga
440 1039 167 23 svarsskrifvelse
627 1039 22 21 af
664 1039 41 22 den
720 1040 25 21 11
761 1040 84 22 inneva-

103 1075 64 22 rande
185 1074 97 27 Januari,
304 1074 60 22 hvari
385 1074 30 23 Vi
436 1074 78 29 jemväl
536 1073 148 28 underdänigst
705 1074 88 22 anhällit
815 1076 30 21 att

102 1111 62 21 Hans
184 1109 97 29 Majestät
300 1109 79 22 täcktes
400 1109 104 28 förelägga
518 1108 80 22 landets
613 1108 85 21 härnäst
712 1111 133 19 sammanträ-

103 1144 67 22 dande
187 1144 89 21 Ständer
291 1143 130 29 fullständigt
435 1143 109 28 lagförslag
561 1142 88 22 rörande
663 1142 62 22 barns
739 1142 39 22 och
792 1142 52 22 min-

101 1178 94 28 derårige
216 1185 108 21 personers
346 1178 115 28 antagande
482 1178 39 20 och
542 1176 137 22 användande
696 1176 37 22 vid
746 1176 98 27 fabriker,

101 1212 118 22 handtverk
242 1212 39 21 och
305 1212 64 21 andra
392 1211 147 28 handteringar
563 1213 54 19 samt
641 1218 33 13 om
697 1210 147 29 inspektionen

101 1246 101 23 deröfver.

441 1292 13 25 8
468 1290 34 22 45.

168 1331 74 27 Enligt
256 1330 55 21 hvad
326 1330 29 22 Vi
368 1330 32 21 uti
414 1330 129 26 underdånig
558 1328 108 22 skrifvelse
681 1328 23 22 af
717 1330 40 20 den
773 1330 26 20 12
814 1329 30 21 in-

101 1365 119 21 nevarande
230 1364 90 21 Januari
330 1364 37 20 hos
377 1363 61 21 Hans
447 1362 120 29 Kejserliga
577 1362 98 28 Majestät
685 1362 84 26 anmält,
780 1362 64 22 hafve

100 1398 30 24 Vi
144 1398 49 22 med
207 1398 63 28 några
285 1397 8 21 i
306 1397 87 22 berörda
413 1396 109 22 skrifvelse
540 1395 86 29 angifna
640 1395 110 29 ändringar
765 1396 79 29 antagit

101 1441 26 14 en
143 1433 23 22 af
178 1433 61 21 Hans
258 1431 99 29 Majestät
373 1431 33 22 uti
426 1430 62 29 nådig
503 1429 127 30 proposition
644 1429 39 22 Oss
697 1429 93 30 förelagd
804 1429 39 23 för-

101 1468 94 28 ordning,
211 1466 106 29 angående
331 1465 159 22 häradsnämnd.
