1017 1711
364 156 80 24 Ständ.
461 157 106 22 Petition
582 158 40 21 N:o
637 157 34 22 42.

358 389 132 25 Finlands
523 390 136 24 Ständers
690 390 197 32 underdåniga

277 429 98 31 petition,
398 429 113 31 angående
529 430 152 31 upphäfvande
696 431 26 23 af
733 430 13 24 5
764 430 39 24 och
821 430 14 24 6
853 432 32 28 SS

275 468 15 25 2
308 469 52 31 kap.
379 469 24 24 G.
423 470 23 23 B.

198 535 219 28 Stormäktigste,
433 536 206 28 Allernådigste
654 536 115 29 Kejsare
784 537 46 21 och

427 570 166 21 Storfurste!

208 632 39 23 Uti
261 634 30 20 ett
305 631 33 22 till
352 632 157 23 Bondeständet
531 633 36 21 vid
589 633 68 22 denna
678 633 98 28 landtdag
798 633 89 29 ingifvet

140 666 208 31 petitionsmemoria]
362 667 38 21 har
414 666 130 27 framhållits,
560 667 99 22 hurusom
681 667 97 22 förbudet
795 670 43 19 mot
852 668 34 21 äk-

140 702 88 28 tenskap
243 701 7 21 i
265 700 107 29 svågerlag
394 701 13 21 &
427 701 60 22 sidan
509 709 86 14 numera
617 701 46 22 icke
686 702 102 28 uppbäres
811 702 23 21 af
852 702 34 21 det

140 737 105 20 allmänna
260 735 205 26 rättsmedvetandet,
480 740 51 17 enär
541 735 64 28 något
621 735 114 22 blodsband
749 735 47 22 icke
810 736 7 21 i
826 736 59 21 detta

141 769 124 29 svägerskap
281 768 117 27 förefinnes,
415 777 44 13 som
473 769 71 22 kunde
559 774 49 23 göra
623 769 157 28 upphäfvandet
795 769 23 22 af
825 770 61 27 sagde

140 803 75 22 förbud
229 803 122 28 betänkligt,
369 803 39 20 och
423 802 18 28 ej
457 803 66 21 heller
537 803 68 28 nägon
628 811 69 13 annan
720 811 48 14 vore
784 804 48 20 med
847 808 41 16 öm-

140 845 58 14 mare
220 837 54 21 band
296 837 64 21 redan
381 836 27 28 pä
429 836 89 22 förhand
540 837 67 21 fästad
628 837 36 20 vid
679 845 26 13 en
721 837 74 21 afliden
818 837 69 21 faders

140 872 52 22 eller
206 870 82 22 moders
302 870 97 22 värnlösa
408 870 58 26 barn,
477 872 54 20 samt
545 870 131 28 följaktligen
691 878 57 14 mera
762 871 86 28 lämplig
857 873 31 19 att

140 906 71 28 intaga
226 905 40 21 den
288 905 76 21 aflidne
385 904 84 22 fadrens
492 906 50 20 eller
561 905 97 21 modrens
675 905 66 26 ställe,
757 910 26 16 än
798 906 89 20 barnens

140 940 82 22 moders
237 943 67 25 syster
319 939 51 21 eller
384 938 69 22 faders
467 940 80 21 broder.
577 940 50 20 Med
649 939 97 22 afseende
763 939 51 22 härä
828 940 38 20 har
880 940 8 20 i

140 974 88 23 berörda
242 973 207 30 petitionsmemorial
464 973 117 29 föreslagits
597 973 101 22 aflätande
713 974 23 21 af
748 982 25 13 en
787 974 100 21 underdä-

140 1009 37 28 nig
191 1008 88 29 petition
294 1008 77 24 derom,
392 1009 31 19 att
437 1008 13 20 5
465 1009 14 25 &
494 1008 7 20 i
517 1008 12 21 2
539 1008 48 28 kap.
599 1007 26 22 G.
637 1008 25 20 B.
676 1008 69 21 blefve
761 1007 126 29 upphäfven,

141 1042 99 28 antingen
254 1043 36 21 hel
304 1042 39 21 och
358 1041 71 21 hällen
439 1042 51 21 eller
499 1042 8 20 i
517 1042 26 20 de
558 1042 57 20 delar
630 1042 41 20 den
685 1042 114 21 innefattar
813 1042 75 21 förbud

140 1077 33 22 för
188 1085 48 14 man
247 1079 30 19 att
287 1076 52 29 gifta
353 1075 32 29 sig
402 1076 47 21 med
464 1076 32 21 sin
512 1076 83 21 broders
611 1076 54 21 enka
685 1076 50 21 eller
749 1076 48 21 med
812 1076 32 21 sin
859 1076 28 21 af-

140 1111 58 22 lidne
208 1112 85 21 hustrus
314 1113 73 25 syster,
405 1109 106 23 äfvensom
521 1111 11 20 7
545 1111 12 25 &
568 1110 7 21 i
585 1117 80 14 samma
674 1110 85 29 kapitel,
770 1110 68 22 sävidt
852 1111 36 21 det

141 1150 34 17 rör
185 1145 92 29 gvinnan
292 1144 8 21 i
315 1144 109 21 enahanda
438 1144 198 28 svägerskapsleder.

209 1175 69 25 Äfven
288 1178 117 22 Ständerna
415 1186 50 14 anse
475 1180 31 20 att
520 1178 123 28 stadgandet
657 1178 8 20 i
679 1178 58 28 fräga
747 1178 45 21 icke
802 1178 63 22 borde
881 1179 7 20 i

141 1214 61 28 lagen
210 1212 88 30 gvarstä.
320 1212 121 22 Blodsband
451 1212 110 22 förefinnes
569 1212 48 21 icke
627 1212 89 21 emellan
725 1212 61 21 dei5
797 1213 13 25 $
819 1213 13 20 2
840 1212 47 29 kap.

144 1248 27 23 G.
186 1248 26 22 B.
229 1247 84 23 afsedda
327 1254 105 22 personer,
448 1247 38 22 och
509 1246 63 29 nägot
593 1248 64 20 annat
671 1246 69 28 giltigt
755 1246 45 22 skäl
814 1246 32 22 för
861 1249 29 20 ett

141 1283 75 23 sådant
225 1282 74 22 förbud
312 1281 59 22 torde
386 1281 18 29 ej
421 1281 66 22 Keller
501 1289 50 14 vara
565 1280 121 22 förhanden.
713 1280 98 22 Tvärtom
828 1289 61 21 synes

141 1317 103 25 förbudet,
259 1324 34 14 om
310 1316 35 21 det
361 1316 67 21 skulle
446 1316 7 20 i
464 1310 34 38 all
509 1315 32 21 sin
555 1316 106 27 stränghet
676 1314 109 29 tillämpas,
802 1315 84 21 komma

142 1353 36 23 att,
194 1350 66 22 såsom
283 1349 63 21 också
360 1349 113 25 anmärkts,
488 1349 48 20 leda
550 1348 32 21 till
598 1356 26 13 en
646 1348 23 21 af
684 1348 204 28 omständigheterna

142 1384 60 29 eljest
217 1383 46 21 icke
277 1382 116 22 motiverad
408 1382 89 21 hårdhet
511 1383 54 20 samt
575 1389 50 14 vara
635 1381 76 28 egnadt
719 1383 31 19 att
764 1380 125 23 åtminstone

142 1420 8 21 i
164 1419 56 22 vissa
234 1417 36 21 fall
286 1416 93 22 medföra
388 1416 92 28 menliga
495 1415 84 28 följder;
595 1416 39 20 och
649 1415 62 21 seden
721 1414 8 21 i
739 1415 76 26 landet,
831 1415 58 28 långt

143 1453 54 22 ifrån
212 1453 30 20 att
264 1451 63 28 ogilla
349 1450 76 22 sådana
440 1449 122 30 äktenskap,
586 1449 82 28 billigar
683 1449 47 21 dem
745 1450 90 21 tvärtom
850 1449 38 21 och

142 1487 67 22 håller
224 1486 46 21 dem
286 1485 32 22 för
333 1485 85 22 alldeles
440 1483 109 30 naturliga.
579 1483 90 22 Derföre
686 1483 59 22 torde
761 1483 43 26 ock,
821 1483 67 22 ehuru
