1056 1709
267 161 27 20 20

572 222 13 25 s
602 222 45 20 123.

307 262 101 21 Finlands
429 261 117 28 krigsmakt
564 261 38 21 har
624 260 33 22 till
676 261 96 21 ändamål
786 263 30 19 att
831 266 64 16 värna
910 263 74 19 tronen

242 298 38 21 och
294 295 167 23 fäderneslandet
476 297 53 19 samt
544 295 119 28 derigenom
679 294 61 22 äfven
750 295 85 28 bidraga
845 295 32 21 till
887 295 97 29 Kejsare-

241 332 80 21 dömets
336 330 85 21 försvar.

307 365 44 23 Vid
365 364 123 22 inträffande
503 364 47 28 krig
565 364 69 21 ställas
646 363 26 21 de
682 364 71 21 aktiva
762 366 114 26 trupperna
885 364 27 28 pä
921 364 64 28 krigs-

241 400 30 22 fot
286 400 37 21 och
343 398 112 22 förstärkas
470 399 32 21 till
522 398 113 28 krigsantal
657 398 92 26 sålunda,
766 401 29 19 att
811 398 68 22 dertill
895 398 90 28 behöflig

241 436 33 20 del
289 434 23 22 af
324 441 97 14 reserven
437 434 87 20 inkallas
539 433 7 21 i
562 433 39 21 den
620 432 87 29 ordning
722 434 13 26 &
752 434 26 20 13
793 433 87 28 stadgar.
905 433 78 21 Tillika

239 470 108 27 uppsättas
362 467 23 21 af
397 467 40 21 den
456 467 128 21 äterstäende
604 474 97 14 reserven
716 467 8 21 i
738 467 49 21 män
802 467 23 21 af
836 468 99 21 behofvet
951 468 32 21 de-

239 505 128 27 pottrupper,
386 502 48 21 med
455 502 145 20 bestämmelse
622 503 30 19 att
674 501 44 21 dels
739 501 51 28 fylla
805 502 25 20 de
845 502 78 25 luckor,
940 510 43 12 som

239 538 67 20 under
320 536 224 28 krigsoperationernas
559 536 48 28 lopp
624 536 74 28 uppstä
712 536 8 21 i
735 536 25 20 de
776 536 70 21 aktiva
860 539 123 25 truppernas

240 572 63 25 leder,
324 570 43 22 dels
389 570 56 22 bilda
466 577 42 21 nya
530 572 86 26 trupper
631 570 33 21 till
678 572 53 19 stam
746 570 32 21 för
793 570 138 26 landtvärnet,
947 575 37 17 när

240 606 57 30 detta
312 605 65 28 enligt
392 606 13 25 $
421 606 27 20 20
463 605 65 20 kallas
542 604 32 22 till
590 612 87 20 vapen».

305 640 44 21 För
371 639 62 28 öfrigt
455 638 61 22 hafve
535 638 35 26 Vi,
588 639 47 21 med
653 638 148 22 föranledande
816 639 23 21 af
850 640 56 21 hvad
921 639 7 21 i
944 640 40 20 den

239 674 76 28 nädiga
328 674 156 29 propositionen
498 678 23 16 är
535 673 122 26 framstäldt,
673 672 71 22 funnit
759 673 40 22 Oss
813 674 50 21 böra
875 674 108 28 samtycka

239 709 75 25 dertill,
330 711 31 19 att
376 708 25 22 de
415 708 46 21 från
476 707 115 22 rusthällen
606 710 54 19 samt
669 708 94 21 roterade
773 708 99 22 hemman
881 709 40 21 och
930 708 53 22 båts-

239 743 102 22 manshäll
356 743 32 21 för
402 742 128 22 närvarande
545 742 103 29 utgäende
668 742 86 22 vakans-
769 743 38 21 och
822 742 160 29 passevolansaf-

239 778 62 28 gifter
315 778 40 25 mä,
371 778 68 21 säsom
455 777 72 29 bidrag
541 778 33 22 till
592 777 132 22 bestridande
740 776 22 22 af
774 777 163 22 militiefondens
952 779 30 20 ut-

238 812 69 29 gifter,
316 813 39 21 till
373 812 131 21 oforändradt
526 812 74 28 belopp
620 814 83 26 utgöras
718 812 33 21 till
766 812 39 21 och
819 812 48 21 med
881 812 23 21 är
920 812 60 26 1882,

238 846 107 22 hvarefter
359 846 59 21 dessa
433 846 83 28 afgifter
530 847 50 21 böra
594 846 100 28 upphöra,
710 846 22 21 sä
747 846 45 22 vidt
801 848 181 20 nästsammanträ-

237 881 69 21 dande
321 880 90 22 Ständer
428 880 44 21 före
487 880 90 22 nämnda
595 880 100 28 tidpunkt
708 880 34 21 till
761 880 61 28 sagde
837 880 96 21 ändamäl
948 888 34 14 an-

237 916 55 21 visat
314 923 69 13 annan
404 914 62 26 skatt,
482 915 63 21 sädan
566 922 43 14 som
624 914 8 21 i
647 914 45 22 Vär
706 914 87 22 berörda
813 914 108 22 skrifvelse
937 920 44 16 när-

238 958 57 14 mare
313 948 143 26 omförmäles;
477 948 116 29 hvarjemte
608 948 102 22 särskilda
724 949 48 21 med
787 948 194 30 Värnepligtslagen

238 984 127 29 gemenskap
386 983 77 28 egande
486 982 158 29 önskningsmäl
662 982 24 22 af
703 983 40 21 Oss
757 983 8 21 i
780 991 78 13 samma
873 982 108 23 skrifvelse

237 1020 92 21 uttalats.

578 1052 13 26 8
606 1052 34 20 51.

304 1092 51 22 Med
376 1091 146 22 föranledande
545 1090 23 22 af
588 1091 69 21 derom
678 1091 75 21 afläten
770 1090 63 28 nädig
846 1091 135 29 proposition,

237 1127 62 21 hafve
316 1126 29 22 Vi
359 1125 32 21 för
406 1125 49 21 åren
471 1126 139 20 1878—1882
626 1125 80 21 anvisat
722 1133 26 13 en
763 1132 80 14 summa
853 1124 23 22 af
889 1133 37 13 sex
936 1126 45 20 mil-

236 1160 67 22 lioner
318 1159 60 21 mark
392 1159 8 21 i
415 1161 30 19 ett
459 1159 32 21 för
505 1159 43 25 allt,
563 1159 145 21 motsvarande
724 1167 25 13 en
764 1158 81 21 million
855 1159 124 21 tyähundra-

235 1196 63 20 tusen
321 1193 61 21 mark
403 1201 34 13 om
459 1192 49 26 året,
523 1192 68 22 såsom
611 1192 89 22 tillskott
717 1192 32 22 för
766 1192 138 22 betäekandet
919 1193 23 21 af
954 1194 25 20 de

237 1228 92 28 utgifter,
344 1226 73 22 hvilka
431 1227 8 21 i
454 1227 51 28 följd
519 1226 23 22 af
554 1226 154 29 värnepligtens
723 1226 108 22 införande
846 1227 57 21 skola
913 1227 67 21 under

236 1261 91 22 nämnda
345 1260 31 21 tid
394 1260 23 21 af
429 1260 162 21 militiefondens
614 1260 115 28 disponibla
744 1260 109 28 tillgångar
867 1260 112 26 bestridas;

236 1296 9 20 i
263 1294 149 28 sammanhang
426 1294 101 21 hvarmed
548 1294 142 28 underdäniga
705 1294 155 28 önskningsmä!
875 1294 70 22 blifvit
959 1294 22 22 af

236 1330 41 22 Oss
293 1329 99 26 uttalade,
408 1329 37 21 allt
460 1328 26 28 pä
500 1330 41 21 sätt
555 1328 45 23 Vär
614 1326 167 24 svarsskrifvelse
795 1328 8 22 i
818 1331 70 20 ämnet
903 1328 24 22 af
939 1329 40 22 den

237 1366 26 21 16
279 1364 8 22 i
302 1364 68 22 denna
385 1363 76 22 mänad
475 1368 94 17 närmare
584 1363 85 22 utvisar.

556 1421 79 27 852.

304 1456 69 22 Sedan
396 1455 35 26 Vi,
455 1455 22 22 af
496 1455 144 22 förekommen
662 1455 120 29 anledning,
797 1456 32 22 uti
848 1456 129 28 underdänig

234 1490 109 23 skrifvelse
359 1490 39 21 den
421 1491 6 21 8
442 1490 117 22 December
576 1491 53 21 1877
652 1490 36 21 hos
704 1490 61 22 Hans
780 1490 119 28 Kejserliga
914 1490 63 29 Maje-
