1042 1714
224 146 23 18 40
412 143 242 20 Petitionsbetänkande
666 143 37 18 N:o
716 143 34 18 20.

270 210 60 20 Inom
349 207 114 27 Vällofliga
481 207 184 28 Borgareståndet
683 206 98 22 förekom
796 207 36 21 vid
847 207 109 26 föredrag-

203 243 78 28 ningen
296 243 23 20 af
333 242 81 21 Herrar
433 241 121 22 Snellmans
570 241 38 22 och
625 241 85 21 Olsonis
725 241 91 26 petition
832 247 26 15 en
873 241 84 21 diskus-

203 278 53 26 sion,
277 283 46 16 som
338 283 77 21 genom
429 276 199 27 protokollsutdrag
642 275 72 22 blifvit
728 275 114 22 Allmänna
856 275 102 22 Besvärs-

203 312 106 22 utskottet
323 311 35 21 till
372 311 120 21 kännedom
506 311 120 21 meddelad.

272 347 184 26 Representanten
474 345 33 21 för
525 345 126 26 Brahestad,
670 345 58 22 Herr
746 345 33 22 W.
799 345 80 28 Nystön
893 345 65 21 fram-

204 381 43 21 höll
268 380 36 22 vid
323 379 168 22 sammanträdet
508 379 41 22 den
567 380 13 21 9
599 379 111 28 Februari,
732 380 104 21 hurusom
858 379 101 22 hbehofvet

205 415 24 22 af
242 416 31 21 ett
288 414 65 22 finskt
371 414 84 27 lyceum
469 414 8 21 i
493 409 137 26 Österbotten
645 413 48 28 läge
709 414 7 21 i
732 416 69 25 öppen
816 415 42 25 dag
873 413 34 22 för
923 420 35 15 en-

204 450 59 25 hvar,
280 455 46 16 som
341 448 46 22 icke
403 448 126 22 betraktade
544 448 76 27 frägan
638 449 48 20 frän
706 455 26 15 en
749 449 128 27 hänsynslös
893 448 66 27 parti-

206 484 112 27 synpunkt,
338 483 93 22 varande
450 484 59 21 detta
527 483 66 22 behof
609 483 34 22 till
662 483 74 27 fyllest
750 484 116 27 ädagaladt
881 490 78 21 genom

206 519 36 21 det
260 520 59 19 stora
339 519 59 20 antal
417 518 78 26 elever,
523 524 46 16 som
588 518 36 21 det
641 524 58 21 unga
718 518 69 22 finska
805 519 70 26 lyceet
893 519 66 21 redan

204 552 109 22 tillvunnit
331 552 38 27 sig,
389 552 68 21 ehuru
477 552 118 21 detsamma
614 558 76 21 genom
709 553 33 21 sin
758 553 107 26 egenskap
881 553 24 21 af
917 553 43 26 pri-

205 588 36 20 vat
263 587 80 21 anstalt
362 586 19 27 ej
401 587 54 25 egde
477 587 69 26 nägon
570 586 62 21 säker
651 587 85 26 garanti
754 587 34 21 för
806 587 38 22 sitt
862 587 97 22 beständ.

205 621 70 21 Jemte
291 621 36 21 det
342 620 83 22 talaren
441 620 50 22 fann
506 620 119 28 petitionen
639 620 34 22 för
688 620 67 27 öfrigt
769 627 53 15 vara
837 620 89 28 förtjent
939 620 23 22 af

206 656 36 20 det
263 656 107 20 varmaste
392 654 123 27 understöd,
539 655 66 26 ansäg
622 655 42 20 han
683 655 54 21 dock
757 655 42 21 den
813 654 148 22 modifikation

206 690 46 21 deri
270 695 52 15 vara
341 688 24 22 af
381 689 76 26 nöden,
476 690 33 20 att
523 689 37 22 det
576 695 41 21 nya
632 689 70 27 lyceet
717 689 70 21 skulle
802 689 109 27 förläggas
927 689 34 21 till

205 724 126 26 Brahestad,
351 723 39 22 och
405 724 55 20 hade
475 724 83 21 talaren
574 723 62 22 äfven
652 724 56 21 varit
724 723 77 22 sinnad
816 726 32 19 att
862 724 7 21 i
885 724 76 21 sådant

206 758 55 27 syfte
279 758 81 28 ingifva
378 758 97 27 petition,
495 758 108 22 hvarifrän
619 758 42 21 han
677 758 54 21 dock
746 758 72 22 afstod
832 759 49 21 med
896 758 65 27 begä-

205 800 45 20 ran,
270 794 33 20 att
323 792 54 22 hans
395 792 100 27 yttrande
514 792 70 22 skulle
607 792 67 22 blifva
696 792 160 22 vederbörande
877 793 85 21 utskott

205 827 130 22 meddeladt.
364 826 65 22 Utom
445 828 36 20 det
496 826 130 28 sjuklassiga
642 827 91 21 svenska
748 827 70 27 lyceet
830 828 57 21 hade
897 828 64 22 neml.

205 862 110 27 Uleåborg
337 862 66 20 redan
424 861 56 21 både
503 861 61 27 real-,
584 861 156 22 fruntimmers-
759 862 40 22 och
817 862 144 27 navigations-

207 896 66 27 skola,
292 896 79 21 medan
390 896 96 21 deremot
504 896 120 21 Brahestad
640 896 53 26 egde
709 897 77 21 endast
801 903 27 15 en
842 897 119 27 tväklassig

206 930 114 22 realskola.
350 930 34 22 En
397 930 96 27 jemnare
509 929 128 22 dislokation
653 930 24 22 af
690 930 99 22 läroverk
804 931 70 21 skulle
889 931 72 22 bättre

206 967 109 19 motsvara
332 964 210 28 bildningsbehofvet
561 966 55 20 samt
630 965 8 20 i
654 965 59 21 detta
731 965 38 21 fall
789 965 62 21 äfven
871 965 91 27 erbjuda

206 1006 26 15 en
247 999 70 21 fördel
336 998 91 27 derföre,
443 1000 32 20 att
489 998 119 22 Brahestad
624 998 89 22 framför
728 999 110 28 Uleåborg
853 1000 108 22 utmärkte

207 1034 32 26 sig
257 1039 77 21 genom
352 1033 99 27 billigare
470 1033 208 21 lefnadskostnader.
693 1045 29 4 —
736 1033 51 22 Med
806 1034 115 27 anledning
940 1034 23 22 af

206 1068 119 27 petitionen
346 1067 110 22 äfvensom
475 1068 59 21 detta
551 1068 99 27 yttrande
670 1067 112 23 framhölls
801 1068 35 22 vid
856 1075 105 15 samman-

206 1103 71 21 trädet
296 1102 41 22 den
358 1102 25 22 13
402 1102 105 21 Februari
526 1101 22 22 af
564 1102 77 21 herrar
658 1102 97 22 Höckert
771 1102 39 22 och
832 1103 128 27 Tengström

206 1136 65 22 bland
286 1138 71 25 annat,
373 1136 103 22 hurusom
490 1136 48 22 icke
552 1137 44 21 alla
611 1136 26 22 de
652 1136 117 28 petitionen
784 1137 117 27 åtföljande
911 1138 50 22 full-

207 1171 111 21 makterna
333 1177 51 15 vore
399 1170 51 22 fullt
464 1171 86 27 lagliga,
566 1173 56 19 samt
638 1173 31 19 att
685 1177 25 15 en
726 1172 46 20 stor
787 1172 34 21 del
833 1172 23 21 af
866 1172 25 22 de
901 1172 60 22 kom-

207 1212 81 20 muner,
311 1205 108 21 hvarifrån
442 1206 94 26 yrkande
559 1205 119 21 framstälts
700 1211 34 15 om
754 1206 121 21 inrättande
894 1206 24 21 af
935 1213 26 15 en

206 1240 48 20 lärd
277 1239 61 21 skola
356 1240 7 20 i
382 1239 115 26 Uleåborg,
520 1239 76 26 sjelfva
614 1239 47 21 icke
681 1240 53 24 egde
750 1240 125 20 folkskolor.
905 1240 57 20 Herr

207 1273 23 21 L.
249 1273 24 20 L.
288 1272 102 21 Lindelöf
406 1272 51 21 ville
471 1272 47 21 icke
533 1272 102 26 bestrida,
659 1273 32 20 att
706 1274 31 19 ett
752 1272 92 27 verkligt
859 1273 66 21 behof
939 1273 24 21 af

208 1307 31 21 ett
257 1306 64 21 finskt
339 1306 83 26 lyceum
441 1305 123 23 förefunnes
580 1306 8 21 i
602 1305 120 28 Uleåborgs
742 1306 42 27 län,
800 1312 49 16 men
864 1306 50 23 fann
929 1308 33 21 att

207 1340 37 21 det
262 1340 71 21 kunde
353 1341 66 20 sättas
438 1340 8 21 i
463 1340 67 27 fråga,
551 1346 35 15 om
605 1340 19 27 ej
645 1342 31 20 ett
690 1340 110 22 blifvande
823 1342 137 27 statslyceum

206 1375 69 22 hellre
297 1375 67 21 borde
387 1374 108 28 förläggas
514 1375 34 21 till
570 1375 70 27 någon
662 1381 70 16 annan
752 1376 56 27 stad,
832 1377 129 27 exempelvis

206 1409 126 22 Brahestad.
362 1409 103 27 Förlagdt
483 1409 34 21 till
532 1409 108 28 Uleåborg
656 1410 85 22 komme
756 1411 60 21 detta
830 1411 83 27 lyceum
929 1413 32 20 att

207 1444 39 21 allt
263 1444 34 21 för
315 1444 84 27 mycket
417 1444 133 22 konkurrera
564 1444 50 22 med
629 1445 42 21 den
686 1445 112 22 derstädes
813 1446 93 22 varande
922 1446 39 22 fin-

274 1485 95 16 Allmänna
381 1484 159 18 Besvärsutskottets
552 1485 104 17 betänkande
668 1485 34 16 N:o
716 1485 28 17 17.
