1039 1714
224 151 23 17 48
412 149 241 18 Petitionsbetänkande
664 147 38 19 N:o
715 147 34 19 20.

200 215 97 20 lärarnes
315 213 100 27 pröfning
434 212 37 21 ske
490 218 76 21 genom
584 211 52 22 flere
654 211 130 27 insigtsfulle
798 213 60 19 mäns
874 211 82 21 kollek-

201 249 44 20 tiva
264 247 132 22 samverkan.
429 247 63 21 Hvad
512 247 46 22 åter
579 246 120 21 vidkomme
722 245 116 27 skolrådet,
853 245 102 22 tillhörde

202 283 37 20 det
254 283 67 26 enligt
331 281 152 27 förordningen
498 281 24 22 af
535 282 41 21 den
591 281 28 21 24
629 281 121 22 November
762 281 54 21 1869
827 281 129 21 kommunen

202 318 32 20 att
248 317 34 21 till
298 317 59 21 detta
372 316 44 21 kall
430 315 81 22 föreslå
525 322 108 21 personer,
645 315 34 21 för
689 315 64 22 hvika
763 315 129 22 kommunen
903 315 53 28 egde

201 351 57 22 tillit.
288 351 132 21 Fördelarne
441 350 64 21 häraf
525 350 70 21 kunde
617 350 48 21 icke
687 350 76 21 vinnas
781 350 49 21 med
850 350 36 21 det
900 349 57 22 före-

204 386 74 27 slagna
294 387 71 25 sättet,
382 387 31 19 att
428 385 100 27 reallycei
543 385 86 21 skolräd
637 384 28 27 pä
675 385 81 26 förslag
767 384 23 21 af
799 384 157 28 Skolöfversty-

200 421 84 21 relsens
303 419 129 22 ordförande
447 419 70 22 blefve
531 419 73 22 utsedt
619 419 23 21 af
656 419 232 27 Generalguvernören.
919 420 38 21 Yt-

200 457 94 19 termera
312 455 87 26 gjordes
415 454 164 27 anmärkningar
594 455 45 20 mot
654 454 103 27 förslaget
772 459 34 16 om
822 454 134 22 anställande

200 489 24 21 af
245 495 26 15 en
291 489 95 21 direktor
404 489 28 27 pä
450 490 44 20 stat
512 489 49 21 med
579 489 36 20 lön
634 489 23 21 af
671 489 63 26 7,000
749 488 61 22 mark
824 490 52 20 utan
891 489 65 26 nägot

200 525 65 20 annat
284 523 112 27 äliggande
415 525 28 19 än
462 523 112 27 uppsigten
591 523 59 22 öfver
666 525 30 19 ett
706 523 105 26 läroverk,
823 529 45 15 som
878 523 78 21 under-

200 558 64 27 lydde
277 553 172 32 Öfverstyrelsen
464 557 33 22 för
514 557 150 22 skolväsendet
680 557 39 22 och
730 557 109 22 dessutom
854 557 48 22 stod
917 563 38 15 un-

202 593 39 20 der
256 592 102 21 särskildt
372 592 101 21 inseende
489 592 24 21 af
519 592 168 27 Skolstyrelsens
703 591 135 22 ordförande.
868 592 88 27 Kejser-

200 627 44 26 liga
264 626 103 21 Senatens
386 626 110 27 pluralitet
514 626 51 21 fann
583 626 34 21 för
633 626 52 27 godt
699 627 32 20 att
745 626 7 21 i
767 626 43 21 alla
824 626 132 21 hufvudsak-

199 661 44 26 liga
263 660 61 21 delar
342 661 113 27 godkänna
473 660 105 21 komitens
597 661 119 26 uppgjorda
731 660 87 28 förslag,
834 661 40 21 och
889 661 67 21 utfär-

200 695 66 21 dades
286 695 40 21 den
343 695 25 22 16
388 695 44 26 Maj
450 695 61 26 1872,
527 695 7 20 i
549 695 222 22 öfverensstämmelse
786 696 49 21 med
850 695 104 22 Senatens

198 729 135 28 hemställan,
348 729 65 28 nädig
428 729 128 27 kungörelse
575 729 109 27 angäende
703 729 36 22 det
753 729 109 22 blifvande
878 730 78 28 really-

200 766 58 19 ceets
274 764 150 26 organisation.

267 798 117 27 Angäende
391 798 252 27 undervisningsspräket
650 799 35 20 vid
693 799 197 22 lärdomsskolorna
898 800 55 21 hade

198 832 153 27 förordningen
366 833 23 21 af
404 833 40 21 den
460 833 27 21 20
501 833 104 21 Februari
621 832 55 21 1865
691 833 118 28 innehällit,
820 836 32 19 att
862 835 37 20 vid
909 835 45 20 lan-

198 867 48 20 dets
269 867 43 21 alla
334 867 165 22 lärdomsskolor
517 870 39 21 och
576 869 127 27 gymnasier,
723 869 24 21 sä
767 871 60 20 snart
845 869 109 27 reglering

199 901 73 21 derom
290 902 77 21 hunnit
384 903 104 26 vidtagas,
507 903 69 22 finska
595 903 86 27 spräket
699 903 69 22 skulle
787 904 71 21 säsom
876 904 77 21 under-

198 935 161 28 visningsspräk
379 937 67 26 jemte
466 938 36 21 det
521 939 91 21 svenska
631 938 80 21 införas
730 939 32 20 uti
780 939 32 20 ett
829 938 54 21 eller
902 938 51 22 flere

198 971 82 26 ämnen,
291 970 101 22 eftersom
407 971 102 29 lämpliga
523 973 70 21 lärare
611 973 72 21 dertill
694 972 71 22 kunde
776 973 79 26 finnas;
871 974 82 25 egande

199 1005 145 27 domkapitlen
367 1005 55 22 efter
443 1007 160 22 vederbörande
626 1007 164 27 skolkollegiers
812 1007 81 27 förslag
916 1008 37 22 be-

198 1041 90 20 stämma
310 1046 26 15 en
360 1040 66 21 sådan
448 1041 147 22 läroämnenas
619 1041 127 28 fördelning,
770 1048 46 15 som
834 1042 34 21 för
886 1043 67 27 sagda

197 1075 99 21 ändamål
311 1074 71 22 kunde
397 1075 68 22 finnas
480 1077 71 26 nödig,
567 1077 24 21 sä
607 1078 31 19 att
652 1077 67 22 redan
734 1077 47 21 från
796 1077 75 27 början
884 1078 24 21 af
917 1078 37 22 det

196 1109 95 26 följande
306 1109 94 22 läseäret
414 1109 178 28 föredragningen
607 1111 70 22 kunde
692 1112 28 27 pä
730 1111 69 22 finska
809 1112 87 27 spräket
906 1113 45 21 vid-

196 1145 60 24 taga;
277 1145 55 20 samt
351 1143 112 23 ankomme
482 1145 37 21 det
533 1145 101 26 slutligen
649 1146 27 27 pä
692 1146 104 21 Senatens
812 1146 33 21 för
860 1146 92 22 Finland

196 1177 110 22 ekonomie
326 1178 147 27 departement
487 1181 32 20 att
535 1179 112 22 efterhand
665 1180 102 22 förordna
782 1187 34 15 om
832 1181 82 22 ökande
930 1181 24 22 af

198 1212 62 21 dessa
283 1214 87 19 ämnens
385 1213 65 21 antal.
479 1213 51 22 Med
545 1214 91 27 ändring
659 1215 23 20 af
701 1215 68 21 denna
784 1215 111 22 föreskrift
912 1216 40 21 och

196 1246 7 19 i
219 1246 95 25 enlighet
328 1247 49 20 med
393 1247 168 26 Skolstyrelsens
585 1249 73 20 derom
669 1249 76 26 gjorda
755 1249 128 22 hemställan
894 1251 58 20 stad-

196 1279 66 26 gades
278 1279 96 22 deremot
388 1286 77 20 genom
479 1281 143 26 kungörelsen
638 1282 23 21 af
674 1283 41 20 den
725 1283 28 21 30
763 1283 121 22 November
895 1285 54 21 1871

195 1313 111 26 angäende
324 1314 251 28 undervisningsspräket
593 1317 36 20 vid
644 1317 111 26 lärdoms-,
771 1318 55 21 real-
841 1319 39 21 och
895 1318 56 22 folk-

195 1347 100 21 skolorna
313 1347 7 22 i
338 1347 98 28 Finland,
455 1351 32 19 att
505 1350 31 21 uti
553 1349 74 28 hvarje
647 1351 24 22 af
683 1351 85 22 landets
783 1353 167 22 lärdomsskolor

195 1383 31 20 ett
245 1383 55 20 enda
318 1383 234 28 undervisningsspräk,
571 1392 52 15 vare
639 1386 32 27 sig
686 1387 37 21 det
738 1388 90 21 svenska
844 1389 52 21 eller
911 1389 39 21 fin-

194 1416 45 27 ska,
256 1417 66 21 borde
337 1417 114 28 begagnas,
461 1418 39 21 och
515 1420 32 20 att
563 1420 36 21 det
614 1420 67 22 andra
696 1421 111 23 inhemska
816 1423 133 27 tungomälet

194 1451 76 21 endast
288 1451 36 22 vid
343 1452 48 21 dess
406 1453 111 21 inlärande
531 1453 71 22 kunde
617 1455 28 26 pä
660 1455 66 27 högre
741 1456 83 23 klasser
839 1458 109 27 begagnas

262 1490 94 18 Allmänna
369 1492 159 19 Besvärsutskottets
539 1494 104 17 betänkande
655 1495 34 17 N:o
701 1496 28 17 17.
