1011 1703
274 143 239 21 Petitionsbetänkande
524 145 37 19 N:o
573 146 34 19 20.
778 149 10 17 7

131 201 29 18 Dä
174 201 18 18 vi
206 201 99 24 framlägga
320 202 51 18 dessa
384 202 155 19 sakförhällanden
554 204 30 17 till
599 203 30 19 det
642 204 114 23 Högvördiga
768 204 43 18 Pre-

64 230 108 18 staständets
184 230 120 23 behjertande,
317 230 77 23 glömma
406 231 18 17 vi
436 231 21 23 ej,
470 232 28 17 att
510 231 50 18 detta
573 231 66 19 Ständs
651 232 113 18 medlemmar
774 233 38 17 till-

63 258 44 18 höra
119 258 30 17 det
164 258 57 18 finska
235 258 57 18 folket
307 258 15 23 ej
337 258 48 18 blott
397 258 59 18 säsom
466 259 58 18 lärare
536 260 33 18 och
581 260 61 18 ledare
654 261 42 16 utan
710 260 32 17 ock
754 261 58 17 säsom

63 286 119 23 medborgare,
201 287 46 17 samt
265 288 29 16 att
310 286 76 24 mången
404 286 56 18 bland
478 287 43 21 dem,
539 288 31 17 vid
585 288 67 17 tanken
667 288 23 22 pä
705 294 45 17 egna
761 289 51 20 barn,

63 315 102 17 smärtsamt
182 314 68 18 känner
266 315 69 18 bristen
353 315 23 23 pä
391 315 57 18 finska
465 316 63 18 skolor.
556 316 23 18 Vi
592 316 45 23 våga
652 316 68 18 derföre
735 317 40 17 med
792 316 20 18 sä

62 343 70 23 mycket
147 344 56 17 större
217 343 95 23 tillförsigt
327 343 101 23 ödmjukast
442 344 99 21 hemställa,
557 344 88 18 huruvida
660 344 14 23 ej
691 345 30 17 det
732 345 80 23 Högvör-

63 372 42 23 diga
117 371 76 18 Ständet
204 372 43 17 ville
258 372 62 18 förena
332 373 28 22 sig
371 377 29 12 om
412 373 33 17 och
457 372 74 23 inbjuda
543 373 21 18 de
576 373 57 23 öfriga
646 373 79 18 Ständen
737 375 27 16 att
776 373 37 18 del-

63 401 42 22 taga
120 401 6 16 i
142 407 21 12 en
177 400 111 23 underdänig
302 401 76 22 petition
394 405 28 14 om
437 401 114 23 afhjelpande
565 401 20 18 af
599 401 33 18 den
648 402 52 22 orätt,
713 401 31 18 det
755 402 58 18 finska

62 429 61 21 folket,
138 429 7 18 i
156 428 46 19 brist
214 429 20 17 af
246 428 111 24 tillräckliga
371 429 154 23 bildningsmedel,
540 429 51 22 lider,
607 431 46 16 samt
667 429 21 19 de
703 429 109 19 missförhäl-

62 458 71 21 landen,
146 458 100 23 derigenom
258 457 71 24 uppstä.

130 486 79 19 Emedan
224 487 32 17 det
270 487 42 20 sätt,
327 486 68 23 hvarpä
410 486 30 18 det
454 487 57 18 finska
530 487 195 18 elementarläroverket
746 488 7 17 i
771 487 40 18 huf-

63 515 98 19 vudstaden
173 515 117 23 uppkommit,
303 520 51 17 synes
366 515 91 22 berättiga
470 516 28 17 till
511 515 30 19 det
553 516 54 23 hopp,
620 517 28 16 att
659 515 71 18 landets
741 521 25 12 nu
777 515 35 18 för-

63 544 78 18 samlade
154 544 76 17 Ständer
243 544 51 17 skola
305 543 49 18 finna
365 543 58 18 medel
436 544 28 17 att
475 544 106 18 säkerställa
590 544 40 18 dess
638 544 84 18 framtida
731 544 81 20 beständ,

62 574 28 16 tro
105 573 24 20 vi,
148 572 48 18 att
190 567 11 33 i
212 572 57 18 denna
286 572 78 23 petition
381 571 56 19 borde
454 572 43 23 ingä
514 578 22 12 en
553 572 111 23 underdänig
682 572 85 18 anhällan
784 577 28 13 om

63 601 49 18 Hans
127 601 98 23 Kejserliga
239 600 94 23 Majestäts
348 600 67 23 nådiga
430 600 53 18 bifall
497 601 29 17 till
538 601 59 22 någon
610 600 108 18 Ständernas
731 600 63 23 åtgärd
806 600 7 18 i

63 630 64 19 sådant
139 630 51 23 syfte.

131 659 41 17 Icke
186 658 68 18 mindre
269 658 67 23 vigtigt
350 659 24 20 är,
390 659 30 17 att
435 658 30 18 det
480 658 94 23 oafvisliga
589 658 84 18 behofvet
686 658 19 18 af
714 659 28 17 ett
753 659 59 21 finskt,

62 687 115 22 fullständigt
192 687 68 22 lyceum
275 687 6 17 i
296 686 90 23 Uleåborg
401 687 108 21 framhålles,
525 687 33 18 och
573 687 31 18 det
619 687 83 23 derjemte
716 687 53 21 visas,
785 687 28 18 att

63 716 70 18 landets
147 715 71 18 välfärd
232 715 60 28 fodrar
308 716 27 17 att
349 715 61 22 dylika
425 715 58 22 lyceer
497 715 7 18 i
518 716 90 17 närmaste
623 715 73 19 framtid
708 715 83 24 jemväl
786 721 26 12 in-

62 746 59 17 rättas
139 745 14 22 ej
171 743 68 19 mindre
256 744 7 17 i
278 737 40 25 Åbo
336 744 32 17 och
386 743 123 24 Björneborgs,
524 746 23 16 än
561 744 7 17 i
584 744 27 18 S:t
624 744 75 18 Michels
717 745 51 20 samt,
784 749 29 12 om

63 773 76 24 möjligt,
151 773 68 18 äfven
215 768 15 33 i
232 773 84 23 Wiborgs
328 773 35 17 län.

131 801 37 18 Vår
186 801 117 22 öfvertygelse
318 802 25 20 är,
359 801 29 17 att
399 801 93 22 odlingens
510 801 79 23 verkliga
608 801 75 18 intresse
698 801 7 17 i
719 800 40 18 vårt
770 800 44 18 land

63 830 41 18 bäst
115 829 92 18 befordras
219 835 64 17 genom
294 829 110 18 tillkomsten
417 829 20 18 af
448 829 51 18 dessa
510 829 87 18 läroverk.
615 829 41 18 Men
669 829 51 18 äfven
732 834 27 12 om
772 834 41 12 man

63 859 52 22 hyser
133 858 35 18 den
184 858 76 22 mening,
280 859 28 16 att
324 857 62 18 landet
403 858 45 17 utan
466 858 55 17 skada
539 857 35 18 kan
593 857 80 18 undvara
689 857 125 18 intellektuela

63 887 72 20 krafter,
151 887 62 17 hvilka
227 886 91 22 förspillas
330 886 107 22 derigenom,
450 887 28 16 att
490 886 19 17 af
520 886 39 17 dess
572 886 40 17 ätta
623 885 31 18 län
666 885 34 18 fem
712 885 34 18 och
758 885 55 18 bland

64 915 39 18 dem
114 915 28 17 tre
153 914 40 18 med
205 914 114 17 uteslutande
330 914 46 17 finsk
389 913 109 24 befolkning,
511 914 55 17 sakna
579 913 92 23 offentliga
681 914 131 20 läroanstalter,

63 944 28 17 uti
102 943 62 18 hvilka
179 942 21 18 de
215 943 57 17 finska
287 942 67 18 barnen
365 942 59 18 kunde
436 943 75 22 tillegna
524 943 27 22 sig
563 943 27 17 för
602 943 124 22 vetenskaplig
738 942 33 18 och
782 942 32 17 hö-

64 978 31 16 gre
106 971 130 24 medborgerlig
248 971 83 22 bildning
342 971 67 22 nödiga
424 971 132 23 förkunskaper,
569 971 69 18 fordrar
650 971 44 18 dock
706 971 52 18 enkel
769 971 45 17 rätt-

64 1001 43 21 visa,
126 1002 27 16 att
171 1000 34 18 den
222 1001 67 17 största
306 999 51 18 delen
373 999 19 18 af
406 999 30 18 det
451 1000 57 17 finska
522 999 57 18 folket
596 1000 40 17 icke
647 999 115 23 utestängdes
774 999 40 17 frän

63 1029 114 23 pildningens
193 1028 93 19 förmäner.
310 1027 49 18 Hans
374 1027 91 24 Majestät,
481 1028 84 23 Kejsaren
581 1028 33 17 och
629 1027 115 21 Storfursten,
759 1028 33 17 har
807 1027 7 18 i

64 1059 100 18 throntalet
175 1057 30 18 vid
217 1057 103 23 öppnandet
331 1057 19 17 af
361 1056 58 19 denna
432 1056 87 23 landtdag
530 1057 85 22 nädigast
626 1056 148 23 tillkännagifvit,
787 1056 27 18 att

65 1088 26 17 ett
102 1087 68 22 förslag
185 1091 28 13 om
227 1085 102 18 införandet
343 1085 20 18 af
377 1085 68 18 allmän
457 1085 101 23 värnepligt
573 1085 6 17 i
594 1085 61 18 landet
671 1085 46 18 skall
730 1085 84 18 Ständer-

65 1122 23 12 na
103 1116 105 22 föreläggas.
232 1115 39 17 Den
283 1114 66 23 nädiga
369 1113 135 24 propositionen
515 1115 20 16 är
547 1116 48 16 ännu
607 1113 15 23 ej
636 1113 136 23 offentliggjord,
782 1113 32 18 och

65 1145 17 18 vi
94 1145 60 16 känna
168 1143 68 18 derföre
251 1143 15 23 ej
282 1144 80 17 närmare
377 1142 48 18 hvad
440 1142 33 17 den
486 1143 103 24 innehäller.
614 1142 40 17 Men
668 1142 30 17 det
709 1142 36 17 kan
757 1142 57 17 likväl

65 1175 52 20 tagas
129 1173 28 17 för
169 1173 65 20 säkert,
249 1173 29 16 att
290 1171 57 18 denna
358 1171 48 23 pligt
417 1171 38 20 här,
469 1171 74 18 likasom
555 1165 88 26 öfverallt,
656 1170 30 18 der
698 1170 70 18 landets
780 1170 35 18 för-

67 1207 39 12 svar
124 1203 20 16 är
162 1200 76 18 ordnadt
255 1200 57 22 enligt
329 1199 119 24 grundsatsen
463 1199 19 18 af
496 1199 61 23 hvarje
574 1198 124 23 medborgares
713 1198 103 24 skyldighet

67 1231 27 18 att
106 1229 37 19 deri
156 1230 42 22 taga
213 1229 34 20 del,
262 1228 47 18 skall
323 1229 6 16 i
343 1228 36 17 viss
395 1227 41 18 män
451 1229 51 22 göras
517 1227 87 18 beroende
617 1227 20 18 af
648 1227 121 22 skolkunskap
782 1227 32 18 och

66 1257 142 24 bildningsgrad.
224 1267 21 2 —
260 1257 42 18 Men
316 1257 47 17 huru
377 1256 36 18 kan
425 1261 42 12 man
478 1256 29 18 väl
519 1256 56 18 under
587 1256 65 18 sådant
662 1255 112 18 förhållande
786 1255 30 18 be-

66 1289 49 21 gära,
129 1287 28 17 att
172 1286 30 18 det
216 1286 58 17 finska
288 1285 57 18 folket
359 1285 47 18 skall
422 1284 54 23 ätaga
492 1285 27 22 sig
531 1290 22 13 en
564 1284 61 21 börda,
638 1284 77 21 hvilken,
727 1283 57 18 mäste
796 1283 20 18 sä

68 1316 66 23 ojemnt
145 1315 61 18 bäras!
219 1323 21 4 —
253 1313 67 19 Alltså:
333 1313 81 21 rättvisa,
427 1314 77 18 rättvisa
515 1313 20 19 åt
547 1313 30 18 det
588 1313 58 18 finska
657 1312 64 19 folket!

136 1343 112 22 Helsingfors
260 1343 34 17 den
306 1343 11 17 2
329 1341 87 18 Februari
429 1343 49 17 1877.

172 1383 19 16 Z.
201 1382 16 16 J.
231 1382 52 17 Cleve.
526 1381 55 21 Georg
593 1380 20 17 Z.
626 1380 88 17 Forsman.

170 1412 38 16 Joh.
223 1411 51 17 Gabr.
288 1410 68 18 Geitlin.
535 1409 20 17 A.
568 1409 20 18 6.
601 1409 17 17 J.
631 1408 83 18 Hallsten.

364 1444 46 24 Alfr.
425 1444 97 17 Kihlman.”

140 1492 95 17 Allmänna
247 1491 161 18 Besvärsutskoitets
419 1491 103 17 betänkande
533 1490 35 17 N:o
580 1489 28 18 17.
