1042 1706
242 154 13 20 2
455 152 79 23 Ständ.
550 153 105 21 Petition
671 153 39 21 N:o
724 153 36 21 20.

283 221 30 20 att
328 219 8 21 i
350 220 41 20 den
405 221 104 20 närmaste
523 218 112 23 framtiden
658 219 134 29 fullständiga
806 219 66 21 finska
887 220 69 27 lyceer

215 254 34 22 må
263 254 87 21 inrättas
364 253 9 21 i
387 253 96 22 städerna
492 253 138 29 Helsingfors,
642 248 51 32 Åbo,
704 253 135 29 Björneborg,
850 254 105 21 Tammer-

214 288 48 27 fors,
278 288 109 28 Uleåborg,
403 287 33 22 S:t
449 287 78 22 Michel
542 288 38 21 och
594 288 96 28 Wiborg;
707 288 32 22 för
753 288 82 22 hvilket
849 288 106 21 ändamåls

215 322 104 23 vinnande
342 322 55 22 olika
419 321 76 29 förslag
516 322 70 22 blifvit
606 322 120 22 framstälda
748 322 27 29 på
789 324 41 42 sätt
844 322 112 22 nedanföre

213 362 95 18 närmare
323 356 115 30 uppgifves.

281 391 35 23 Då
331 392 59 21 dessa
409 390 156 30 önskningsmål
586 392 73 20 beröra
680 390 68 29 frågor
765 391 23 21 af
801 392 40 21 den
856 393 53 20 mest
923 399 33 21 ge-

214 426 149 30 nomgripande
377 425 106 29 betydelse
497 425 32 22 för
543 425 101 22 Finlands
654 426 200 29 kulturutveckling,
865 426 39 21 och
914 426 43 22 afse

213 463 31 20 att
257 460 77 23 bereda
355 465 68 24 öppen
438 464 39 25 väg
499 460 32 22 till
550 460 94 29 bildning
666 461 39 21 och
718 461 90 21 vetande
831 461 32 21 för
876 461 81 22 landets

215 496 68 21 finska
303 495 83 22 talande
409 494 127 29 befolkning,
558 494 64 23 hafva
637 495 117 22 Ständerna
776 498 62 25 egnat
852 495 105 22 desamma

213 529 41 22 den
275 529 150 29 sorgfälligaste
448 529 102 29 pröfning,
565 529 89 22 hvarvid
669 529 117 22 Ständerna
805 529 17 29 ej
838 529 66 22 heller
918 530 39 21 för-

212 564 64 22 bisett
290 565 41 20 den
355 563 49 29 vigt,
420 563 127 22 inrättandet
569 564 23 21 af
607 564 159 21 Pärdomsskolor
780 564 48 21 med
842 564 65 21 finskt
921 572 36 13 un-

213 598 193 29 dervisningsspråk
430 607 48 20 eger
499 598 35 22 vid
554 598 160 29 tillämpningen
736 597 24 23 af
779 598 40 22 den
841 598 116 29 föreslagna

213 633 194 29 värnepligtslagen,
423 638 50 17 enär
487 633 45 22 deri
546 633 22 22 åt
582 634 26 21 de
623 633 115 29 ynglingar,
750 640 44 15 som
808 633 83 22 erhållit
905 633 52 22 skol-

212 668 101 29 bildning,
327 668 116 28 inrymmas
458 667 128 30 väsendtliga
600 667 110 23 förmoner.

263 710 5 6 *
280 702 70 22 Bland
372 701 135 23 omförmälda
529 701 76 30 förslag
626 702 63 22 hafva
704 701 118 23 Ständerna
836 702 74 22 främst
924 702 33 22 till

212 737 127 29 behandling
353 737 96 28 upptagit
465 737 34 22 det
514 744 33 14 om
561 736 143 29 befrämjande
718 736 24 22 af
749 736 107 29 förmågan
870 737 37 22 hos
923 737 34 22 det

212 772 139 29 uppvexande
366 771 75 29 slägtet
455 774 31 20 att
500 772 96 21 använda
611 772 25 21 de
656 771 52 22 båda
730 771 110 22 inhemska
862 771 94 30 språken.

212 807 44 22 Det
270 811 23 17 är
308 806 66 28 enligt
389 805 127 23 Ständernas
530 806 64 22 tanke
608 806 32 21 för
655 806 35 21 det
704 806 67 21 finska
785 805 76 23 folkets
875 806 82 23 ostörda

213 840 121 29 utveckling
348 839 150 30 oeftergifligen
513 840 132 29 nödvändigt,
661 842 31 20 att
701 840 26 21 de
737 841 67 21 bättre
814 840 78 22 lottade
904 841 54 21 klas-

213 883 60 15 serna
294 875 47 22 icke
363 875 95 22 betrakta
480 875 111 29 någotdera
610 875 23 22 af
646 875 26 22 de
686 875 65 28 begge
773 875 162 22 folkelementen
950 875 8 22 i

212 909 71 23 landet
304 909 67 22 såsom
392 909 33 22 för
446 909 31 28 sig
491 909 135 22 fremmande.
656 909 43 22 För
716 917 27 14 en
757 910 58 25 hvar,
831 917 43 14 som
897 910 60 21 vill
946 905 14 36 i

212 944 63 29 högre
297 944 51 28 grad
369 945 48 27 taga
438 943 34 22 del
493 943 8 22 i
517 944 34 21 det
572 943 163 29 medborgerliga
756 944 66 26 lifvet,
845 948 22 18 är
881 944 77 22 känne-

199 996 2 2 .
213 978 48 22 dom
275 978 24 22 af
307 978 81 22 landets
398 979 65 27 begge
473 978 61 29 språk
544 978 74 29 nödig;
634 978 142 28 förtrogenhet
790 978 49 22 med
854 979 103 22 svenskan

214 1012 101 23 erfordras
329 1012 33 22 för
377 1020 26 14 en
418 1012 62 29 rigtig
502 1012 134 30 uppfattning
652 1012 22 22 af
686 1012 104 22 Finlands
804 1012 91 28 historia,
912 1014 46 22 dess

213 1047 159 22 samhällsskick
387 1047 39 21 och
441 1047 35 22 det
490 1049 98 27 yppersta
603 1047 23 21 af
645 1047 46 22 dess
712 1047 110 27 litteratur,
838 1050 53 20 samt
913 1052 23 18 är
951 1048 7 21 i

213 1082 114 28 synnerhet
341 1081 33 22 för
388 1082 129 21 embetsmän
532 1082 128 28 nödvändig;
676 1090 49 13 men
739 1082 67 22 likaså
818 1082 139 29 oundgänglig

213 1120 22 17 är
249 1116 146 21 kännedomen
409 1115 24 22 af
445 1116 67 22 finska
528 1116 84 28 språket
628 1116 32 21 för
670 1116 72 28 hvarje
752 1116 70 22 bildad
830 1117 63 25 finne,
905 1117 54 22 helst

213 1158 26 14 en
254 1150 79 28 ganska
347 1150 93 28 betydlig
455 1150 105 22 litteratur
569 1150 27 30 på
606 1150 128 22 sistnämnda
749 1151 106 28 tungomål
869 1151 44 21 dels
928 1159 29 14 re-

214 1184 41 22 dan
269 1185 66 21 finnes
350 1184 43 22 dels
408 1184 67 22 håller
490 1184 27 29 på
531 1186 31 20 att
576 1184 104 29 uppspira.
710 1184 44 22 För
768 1185 40 21 alla
825 1184 131 30 tjenstemän,

213 1226 44 14 som
271 1226 76 21 genom
361 1218 32 22 sin
413 1218 213 22 embetsverksamhet
648 1218 71 22 kunna
740 1219 85 22 komma
839 1219 8 22 i
861 1219 96 29 Beröring

213 1253 48 21 med
275 1252 82 22 landets
371 1253 67 21 finska
460 1253 82 21 talande
564 1252 105 26 invånare,
688 1258 22 16 är
724 1252 105 28 färdighet
842 1253 8 21 i
865 1254 92 22 finskans

213 1286 136 22 användande
364 1286 23 21 af
399 1286 88 22 särskild
502 1286 49 28 vigt,
567 1286 7 22 i
589 1286 115 29 synnerhet
718 1286 53 22 efter
785 1286 23 22 år
822 1288 61 25 1883,
895 1288 26 21 då
931 1288 25 22 de

213 1320 8 22 i
235 1320 76 30 nådiga
331 1320 148 30 förordningen
500 1320 22 22 af
536 1320 40 22 den
592 1322 10 20 1
618 1320 94 30 Augusti
727 1322 54 21 1863
801 1321 101 29 ingående
926 1323 31 21 be-

213 1356 129 30 stämningar
363 1355 106 29 angående
491 1356 66 22 finska
579 1355 93 30 språkets
690 1356 133 29 användning
845 1356 34 23 vid
902 1357 55 22 dom-

214 1390 63 22 stolar
298 1391 39 21 och
352 1390 131 22 embetsverk
497 1390 57 23 skola
564 1390 131 29 fullständigt
708 1391 59 22 träda
782 1391 8 21 i
804 1390 61 24 kraft.
898 1392 12 22 I
926 1392 31 22 be-

214 1425 110 22 traktande
338 1425 61 22 häraf
411 1426 57 21 finna
480 1426 78 28 jemväl
574 1425 117 23 Ständerna
706 1426 35 22 det
750 1426 90 28 anspråk
852 1427 47 21 böra
910 1428 47 21 stäl-

214 1459 30 22 las
258 1459 27 28 på
299 1459 81 22 landets
395 1459 106 29 offentliga
520 1459 213 28 undervisningsverk
748 1462 30 20 att
792 1460 26 21 de
830 1459 65 29 jemte
911 1461 46 22 full-

214 1493 82 29 ständig
318 1493 96 29 kunskap
432 1494 8 21 i
461 1494 145 22 modersmålet
628 1494 96 22 meddela
743 1495 45 21 sina
810 1495 69 22 elever
893 1496 65 21 sådan
