1045 1706
281 140 311 26 Petitionsbetänkande
546 136 42 38 N:o
605 141 22 23 5.
791 141 12 21 9

78 206 78 22 seende
175 205 34 23 till
227 205 164 29 kunskapernas
411 206 128 29 omfattning
558 206 41 23 och
618 206 143 29 grundlighet,
777 208 57 20 samt

78 242 32 20 att
129 240 191 28 dispensväsendet
339 240 95 22 hvarken
452 240 30 29 pä
501 241 37 21 det
552 240 170 23 administrativa
737 240 98 22 omrädet

77 274 54 22 eller
145 281 79 15 annars
239 276 26 20 är
278 276 32 21 att
324 275 187 27 rekommendera;
526 282 49 14 men
590 274 28 29 pä
633 282 82 14 samma
725 274 56 29 gäng
791 274 44 22 kan

76 316 51 14 man
139 308 57 27 icke,
213 310 52 20 utan
280 311 32 20 att
326 308 56 29 begä
397 316 27 15 en
439 310 82 28 verklig
536 309 109 27 orättvisa,
660 309 88 26 förbise,
764 310 33 20 att
807 316 27 14 en

78 343 79 28 mängd
173 343 86 28 duglige
274 344 128 28 tjenstemän
417 343 29 28 pä
461 351 54 21 egen
529 344 59 21 hand
602 344 79 21 samlat
695 344 33 28 sig
740 342 95 23 kunska-

77 384 40 22 per
132 378 42 21 och
188 377 95 22 utbildat
297 378 33 22 sin
344 377 105 29 förmåga.
479 378 11 22 I
504 378 44 22 alla
562 378 39 22 fall
615 378 43 21 kan
673 378 37 22 det
725 377 56 23 dock
790 378 46 22 för-

78 413 101 25 utsättas,
195 414 32 19 att
241 419 97 19 examen,
348 413 8 20 i
370 412 72 28 vanlig
453 412 91 28 ordning
555 413 71 27 aflagd
636 412 35 22 vid
681 412 154 26 universitetet,

78 446 167 29 enkannerligen
264 447 186 22 kameralexamen
470 447 53 22 eller
542 447 96 22 deremot
657 447 104 21 svarande
780 446 55 21 kun-

78 481 123 28 skapsprof,
217 480 56 22 skall
287 481 67 22 blifva
367 481 98 22 normala
480 482 92 27 utvägen
582 481 33 22 för
625 480 177 29 ädagaläggande
813 481 25 21 af

78 515 129 28 kompetens
225 515 34 22 till
279 515 125 22 erhällande
419 515 23 22 af
455 515 181 29 länsmanstjenst,
651 515 8 22 i
674 515 103 22 händelse
793 515 41 22 den

78 549 128 30 ifrägasatta
220 550 108 22 reformen
342 549 142 29 genomföres.

147 584 111 23 Utskottet
272 585 41 21 har
330 584 101 28 slutligen
446 586 36 27 egt
496 585 32 21 att
542 584 75 29 pröfva
632 584 26 21 de
673 584 8 21 i
696 584 139 22 memorialen

78 619 25 22 af
115 619 208 28 landtdagsmännen
337 619 90 22 Hannus
442 619 40 22 och
495 619 116 22 Montonen
621 619 127 22 framstälda
756 618 79 29 yrkan-

79 654 41 22 den
136 661 35 15 om
185 654 129 29 indragning
328 653 24 22 af
359 653 51 22 bro-
420 653 40 22 och
470 653 245 29 skallfogdetjensterna,
726 653 109 22 äfvensom

78 688 209 29 landtdagsmannen
306 687 127 22 Lukanders
451 687 82 29 förslag
552 695 34 15 om
606 688 63 21 dessa
687 688 93 27 platsers
797 687 38 22 be-

80 723 99 22 sättande
199 730 77 21 genom
295 723 111 28 guvernör.
442 722 81 22 Härvid
542 722 63 33 faller
623 724 77 26 genast
717 722 8 21 i
744 723 91 28 ögonen,

79 759 33 20 att
131 757 63 22 dessa
212 757 111 29 yrkanden
338 757 66 28 delvis
420 758 98 27 motsäga
531 757 128 26 hvarandra,
673 757 81 22 hvilket
768 757 68 22 redan

79 792 64 27 visar,
163 793 32 21 att
213 792 116 29 opinionen
349 799 35 14 om
402 791 51 22 bro-
473 792 40 21 och
528 791 242 29 skallfogdeplatsernas
785 791 51 22 obe-

79 827 104 29 höflighet
201 827 48 22 icke
269 828 24 21 är
312 826 90 22 allmänt
421 825 95 23 rådande
535 827 8 20 i
558 825 46 23 vårt
619 826 58 22 land.
713 825 34 23 Då
761 826 74 22 vidare

78 860 77 31 frägan
170 862 76 22 härom
260 868 44 21 nog
318 861 84 28 mycket
412 860 62 29 ingär
483 861 8 21 i
501 861 168 28 förvaltningens
679 861 91 27 detaljer
780 862 57 20 samt

81 897 36 22 det
131 896 34 23 för
180 896 65 29 öfrigt
259 897 26 21 är
298 895 88 27 bekant,
401 897 33 20 att
448 895 83 29 ganska
545 897 60 20 stora
619 895 106 22 olikheter
734 895 7 22 i
751 895 85 22 landets

81 931 71 22 skilda
171 931 62 21 delar
253 931 101 22 existera
370 930 50 22 med
440 930 122 22 hänseende
581 930 34 21 till
634 929 202 29 ordningsmaktens

81 966 71 29 lägsta
167 972 98 22 organer,
279 965 69 22 finner
362 965 106 22 utskottet
483 966 32 26 sig
529 965 94 21 hvarken
638 964 54 22 böra
702 964 53 22 eller
763 964 74 22 kunna

80 1001 9 22 i
104 1001 60 22 detta
179 1000 101 22 afseende
294 998 80 24 föreslä
388 999 105 28 följandet
507 999 24 22 af
538 998 71 30 nägon
620 998 80 22 allmän
709 998 60 29 regel
778 998 60 22 öfver

81 1036 51 22 hela
145 1035 81 22 landet.

151 1081 33 22 På
202 1081 70 29 grund
291 1080 23 22 af
331 1080 63 22 ofvan
414 1080 91 22 anförda
523 1080 48 22 skäl
584 1079 35 23 får
633 1080 106 22 utskottet
753 1078 86 23 således

83 1116 110 23 vördsamt
207 1116 40 22 hos
261 1116 86 22 landets
362 1115 117 29 höglofliga
494 1115 92 22 Ständer
600 1114 89 22 föreslå:

222 1178 32 18 att
267 1174 124 22 Ständerna
400 1176 65 20 måtte
474 1174 10 21 i
492 1174 167 28 underdånighet
668 1173 37 21 hos
715 1172 63 22 Hans
788 1172 51 28 Kej-

189 1209 79 29 serliga
281 1208 105 29 Majestät
396 1208 89 22 anhålla
495 1216 33 14 om
538 1216 26 13 en
573 1207 80 29 reform
663 1207 30 28 af
699 1215 30 13 nu
737 1206 103 30 gällande

189 1243 158 29 bestämningar
365 1242 92 22 rörande
477 1242 220 22 kronolänsmännens
711 1241 130 29 tjensteålig-

188 1278 92 28 ganden,
296 1276 162 29 löneförmåner,
473 1284 27 14 m.
514 1284 28 14 m.

155 1335 42 21 Till
218 1336 99 20 närmare
339 1334 128 27 angifvande
486 1334 24 20 af
527 1334 70 20 denna
619 1332 97 22 reforms'
732 1332 110 21 allmänna

87 1369 55 32 syfte
156 1369 41 21 och
211 1367 149 23 beskaffenhet
373 1366 34 23 får
420 1366 106 22 utskottet
540 1366 73 22 vidare
627 1365 89 22 föreslå:

225 1417 24 21 a)
264 1418 32 18 att
315 1413 166 23 kronolänsman
492 1412 119 30 framdeles
625 1412 44 22 icke
684 1412 68 22 skulle
767 1412 75 21 kunna

192 1449 29 29 af
229 1451 107 27 guvernör
346 1448 57 29 från
418 1449 90 28 tjensten
523 1448 104 28 afsättas;

157 1492 103 19 Allmänna
274 1492 181 19 Besvärs-utskottets
469 1491 116 18 betänkande
600 1490 36 18 N:o
651 1489 19 19 5.
