1045 1703
231 145 24 19 10
341 144 339 22 Petitionsbetänkande
691 145 50 21 N:o
758 147 41 21 11,

200 210 32 20 för
247 210 62 26 öfrigt
324 210 40 19 den
380 210 89 19 svenska
485 217 75 14 scenen
576 211 6 19 i
597 211 119 26 väsendtlig
739 211 46 20 mån
801 211 86 26 skapats
903 212 39 19 och

200 244 73 19 vunnit
296 244 74 26 stadga
390 250 75 19 genom
488 244 49 21 flere
560 244 119 20 årtiondens
697 245 144 26 uppoffringar
855 245 45 20 från
917 245 26 20 de

199 278 175 25 skattdragandes
389 278 52 25 sida,
456 278 41 19 kan
514 279 120 19 densamma
648 279 47 19 icke
711 285 59 13 anses
782 279 67 19 såsom
861 285 25 14 en
897 279 45 19 huf-

200 312 126 19 vudstadens
342 311 96 20 enskilda
452 312 114 26 inrättning
587 312 39 19 och
642 312 88 20 likasom
749 313 102 20 utskottet
865 313 7 19 i
887 313 55 26 prin-

200 346 33 26 eip
249 345 105 20 betraktat
376 347 79 18 teatern
472 346 67 19 såsom
558 348 30 18 ett
601 346 48 20 icke
665 346 88 26 ovigtigt
775 346 67 20 medel
860 346 31 20 till
906 346 36 20 hö-

197 380 65 26 jande
277 379 23 20 af
313 386 24 13 en
355 380 82 18 nations
460 379 101 27 bildning,
582 380 65 20 finner
666 380 61 20 alltså
751 380 102 20 utskottet
875 380 68 26 äfven,

200 415 31 18 att
241 414 111 19 ständerna
367 414 6 18 i
390 413 57 19 detta
461 413 91 26 speciela
568 414 36 19 fall
620 414 71 20 kunna
706 414 46 20 med
768 414 48 20 fullt
831 415 46 19 skäl
893 417 50 24 taga

200 448 32 25 sig
247 448 57 19 talan
321 447 38 20 och
374 447 61 26 yrka,
451 449 31 17 att
501 449 79 18 teatern
596 448 5 19 i
617 448 96 25 Finland,
733 448 70 20 derest
822 449 122 19 densamma

200 482 128 19 fortfarande
338 484 38 23 gör
386 482 90 25 anspråk
487 482 27 26 på
525 482 110 19 understöd
647 482 45 19 från
709 482 36 20 det
759 482 117 20 allmännas
891 483 53 25 sida,

200 516 64 19 måtte
275 516 23 19 så
308 516 137 26 organiseras,
461 517 31 18 att
507 516 120 19 densamma
642 516 108 26 verkligen
767 516 69 20 blefve
852 518 30 18 ett
896 517 47 19 stöd

200 550 32 20 för
246 549 144 26 utbildningen
407 550 23 18 af
443 556 24 13 en
484 550 91 20 nationel
592 550 67 20 konst.

267 584 31 18 På
319 583 66 26 grund
403 583 22 19 af
442 584 36 18 det
500 583 62 20 ofvan
583 583 87 20 anförda
690 584 32 19 får
740 584 102 20 utskottet
862 584 81 20 således

201 618 105 19 vördsamt
321 617 83 25 föreslå,
420 618 30 18 att
465 617 81 20 landets
562 617 113 27 höglofliga
691 618 89 20 Ständer
795 618 29 20 uti
841 618 101 20 underdå-

200 652 36 25 nig
250 651 88 26 petition
354 652 63 18 måtte
432 651 37 20 hos
485 652 57 19 Hans
557 651 116 27 Kejserliga
688 652 97 26 Majestät
801 652 93 20 anhålla:

358 720 32 18 att
411 717 35 21 det
467 718 79 27 anslag
568 720 68 19 staten
661 719 35 20 till
712 718 133 27 främjande
860 719 30 26 af
904 719 40 20 den

302 751 134 22 dramatiska
451 751 90 21 konsten
551 753 9 19 i
570 753 48 19 vårt
633 753 54 20 land
702 752 43 21 kan
756 752 109 27 förunna,
879 753 65 20 måtte

302 786 8 20 i
325 786 67 20 nåder
414 785 73 28 gifvas
502 786 24 20 åt
545 793 25 13 en
588 786 101 27 möjligen
712 786 110 27 Dblifvande
844 787 101 27 garanti-

298 819 106 28 förening
420 819 41 27 för
479 827 25 13 en
524 820 30 26 af
569 820 75 20 svensk
660 821 79 20 talscen
755 820 39 21 och
803 821 60 27 finsk
879 828 65 20 opera

302 853 139 21 kombinerad
460 854 168 20 nationalteater
643 854 8 20 i
666 854 148 27 Helsingfors,
835 855 38 20 der
891 855 53 20 dock

301 887 9 20 i
324 887 111 20 särskilda
453 887 49 26 fall
524 887 63 27 äfven
610 887 82 27 lyriska
710 888 87 27 stycken
808 889 32 26 på
855 889 89 20 svenska

302 921 38 20 och
356 921 102 27 talpjeser
469 921 32 26 på
512 921 76 27 finska
602 921 88 27 språket
704 921 70 21 kunde
790 921 111 28 uppföras.

268 961 136 26 Helsingfors,
424 961 22 20 af
464 961 112 20 Allmänna
594 962 191 20 Besvärsutskottet
805 962 40 20 den
861 963 11 19 7
889 963 55 19 Mars

203 996 60 19 1877.
