1045 1703
247 126 320 22 Petitionsbetänkande
582 130 50 18 N:e
645 128 51 21 20.
790 130 22 20 11

166 194 34 19 Uti
217 196 114 19 momentet
347 195 15 27 i)
373 195 55 20 hade
439 195 142 20 Allmänna
591 196 254 22 Besvärsatskottet

97 228 114 26 föreslagit,

200 264 31 17 att
253 264 30 18 ett
306 262 130 27 fullständigt
458 263 211 21 elementarläroverk
692 265 46 20 med
762 265 81 20 finskan

163 296 68 20 såsom
251 296 222 27 undervisningsspräk
495 297 62 20 måtte
573 297 86 20 inrättas
673 298 78 26 jemväl
768 299 6 19 i
790 293 54 31 Åbo,

163 330 40 20 och
219 332 28 17 ett
263 330 123 27 fyrklassigt
400 330 65 20 finskt
481 331 81 28 lyceum
578 331 6 19 i
600 331 141 27 Björneborg;

166 364 80 20 hvilket
269 366 91 18 moment
382 364 23 20 af
423 364 123 27 Höglofliga
569 365 201 28 Ridderskapet
793 367 48 20 och

95 398 88 20 Adeln
199 399 137 19 oförändradt
351 399 111 26 godkänts.

162 433 135 26 Högvördiga
319 433 208 20 Prestaståndet
549 433 48 20 fann
622 434 43 19 åter
688 435 31 19 för
739 435 50 26 godt
810 437 31 18 att

94 466 51 27 gilla
160 468 113 19 momentet
289 466 135 20 oförändradt
440 467 52 19 blott
507 467 6 18 i
530 467 98 20 afseende
644 467 11 19 &
671 468 47 19 dess
733 468 57 20 förra
801 469 40 26 del,

94 506 44 13 som
154 500 65 26 angår
233 501 119 20 inrättande
368 501 6 19 i
390 496 47 25 Åbo
453 501 23 20 af
490 503 29 18 ett
530 501 131 26 fullständigt
671 502 168 21 elementarläro-

94 534 50 19 verk
165 535 48 19 med
232 535 80 19 finskan
329 535 34 19 till
377 535 234 26 undervisningsspräk;
631 535 109 20 hvaremot
755 537 88 19 Ständet

93 568 89 20 rörande
205 568 35 20 det
259 569 6 19 i
286 570 124 19 momentets
429 575 73 13 senare
522 568 32 21 del
574 569 73 26 gjorda
666 570 78 26 förslag
765 576 32 14 om
813 572 30 19 ett

93 602 123 27 fyrklassigt
236 603 63 20 finskt
316 603 82 27 lyceum
415 604 5 18 i
436 603 131 27 Björneborg
583 603 46 20 med
645 604 151 26 röstpluralitet
811 607 30 17 ut-

95 636 70 20 talade
182 637 31 26 sig
229 637 85 26 derhän,
333 639 31 18 att
379 638 35 19 det
431 638 119 19 nuvarande
566 637 178 27 svenskspräkiga
758 638 82 26 lyceum

93 671 6 18 i
115 670 91 20 nämnda
222 672 45 18 stad
284 671 64 20 borde
364 672 114 19 successivt
493 672 30 19 till
540 672 149 25 finskspräkigt
705 672 100 26 förbytas.

161 704 136 20 Hedervärda
318 705 206 20 Bondeständet
547 705 68 20 beslöt
637 707 31 18 att
691 706 151 20 äterremittera

93 740 113 18 momentet
225 738 31 20 för
276 740 29 18 att
321 739 140 25 omredigeras
477 739 94 23 sälunda,
587 741 30 17 att
633 739 39 19 den
689 746 40 13 ena
743 740 98 25 parallel-

92 771 134 27 afdelningen
249 772 24 19 af
293 772 233 20 elementarläroverket
545 773 5 19 i
571 767 46 26 Äbo
639 773 67 20 skulle
722 773 120 20 förvandlas

92 806 32 20 till
139 808 30 17 ett
184 805 131 28 fullständigt
331 806 81 26 lyceum
429 807 46 18 med
492 806 80 20 finskan
589 807 67 19 säsom
673 807 167 26 undervisnings-

92 839 63 27 spräk
172 841 53 18 samt
240 840 140 27 Björneborgs
395 841 91 19 svenska
501 840 126 26 fyrklassiga
637 841 83 26 lyceum
732 841 109 20 förändras

93 874 30 19 till
139 873 150 27 finskspräkigt
304 874 46 20 med
367 874 43 20 lika
426 875 55 19 antal
500 875 83 20 klasser.

161 943 47 19 Som
225 943 62 19 häraf
299 950 69 19 synes,
383 942 61 20 hafva
462 943 91 20 Ständen
570 943 81 20 säledes
663 943 45 20 med
721 943 119 20 hänseende

92 977 31 20 till
146 977 69 20 denna
235 977 67 26 punkt
324 977 88 20 kommit
430 977 30 20 till
482 977 86 20 alldeles
588 976 113 21 afvikande
721 977 74 26 beslut,
818 984 22 13 ur

92 1010 73 20 hvilka
187 1011 65 25 laglig
275 1010 107 27 pluralitet
402 1012 18 25 ej
442 1012 49 18 utan
512 1010 232 26 detaljbestämuingars
759 1010 80 26 uppgif-

92 1045 68 19 vande
180 1044 55 19 lärer
257 1044 71 19 kunna
344 1044 103 25 härledas,
467 1044 133 20 alldenstund
617 1046 75 17 tvenne
707 1044 61 20 ständ
785 1046 56 18 emot

92 1080 30 18 ett
141 1078 47 20 icke
211 1078 56 19 velat
283 1079 75 25 begära
374 1078 121 26 förändring
511 1078 23 19 af
547 1078 247 27 undervisningsspräket
808 1078 32 20 för

92 1112 228 26 parallel-afdelningen
347 1112 33 19 vid
403 1111 231 20 elementarläroverket
658 1112 4 18 i
688 1105 52 32 Äbo,
764 1112 74 19 medan

94 1147 94 19 deremot
211 1148 76 17 tvenne
302 1146 60 19 stånd
383 1148 43 17 mot
442 1148 29 17 ett
486 1147 54 25 gjort
556 1152 24 14 en
596 1146 64 19 sådan
678 1145 98 20 anhållan
793 1146 46 20 med

90 1180 120 20 hänseende
227 1180 31 19 till
274 1180 139 26 Björneborgs
432 1179 126 26 fyrklassiga
576 1179 218 26 elementarläroverk,
810 1180 29 19 äf-

91 1220 85 14 vensom
193 1215 30 18 eit
237 1214 60 19 ständ
313 1214 109 19 inskränkt
437 1214 31 26 sig
484 1213 31 20 till
530 1213 121 26 afgifvande
666 1213 21 20 af
703 1215 30 18 ett
742 1213 97 20 fullkom-

93 1249 40 26 ligt
147 1248 92 26 generelt
256 1248 113 21 uttalande,
405 1248 33 19 Dä
453 1249 25 18 de
494 1247 68 20 skilda
578 1247 93 20 besluten
688 1247 88 20 sälunda
791 1247 27 27 gä
832 1248 6 19 i

91 1282 57 20 olika
163 1282 122 25 riktningar,
302 1282 59 19 torde
377 1281 112 20 Allmänna
504 1281 201 20 Besvärsutskottets
722 1281 22 20 af
753 1281 87 20 Ridder-

91 1316 74 25 skapet
185 1315 38 20 och
245 1315 68 20 Adeln
336 1315 113 26 godkända
464 1315 77 26 förslag
558 1315 6 18 i
581 1315 30 25 sig
627 1315 100 19 innebära
743 1315 39 19 den
798 1315 40 20 lös-

90 1350 51 24 ning
163 1349 22 19 af
205 1349 80 25 frågan,
308 1349 83 19 hvilken
412 1350 81 17 snarast
508 1348 69 19 kunde
593 1347 23 20 af
629 1348 42 19 alla
686 1348 93 19 Ständen
795 1355 42 13 om-

89 1382 70 20 fattas.
196 1382 107 19 Utskottet
324 1381 31 19 får
374 1381 81 20 således
476 1382 106 18 vördsamt
601 1381 86 25 inbjuda
703 1381 135 26 Högvördiga

90 1416 163 22 Prestaständet,
267 1416 113 26 Vällofliga
390 1416 176 26 Borgareständet
576 1416 53 19 samt
640 1414 136 22 Hedervärda
786 1416 53 19 Bon-

158 1495 74 23 Bihang
245 1495 29 18 till
286 1495 101 18 Allmänna
398 1495 185 18 Besvärs-utskottets
595 1493 111 19 betänkande
717 1493 38 20 N:o
767 1495 27 18 17.
