1048 1711
294 101 255 30 Petitionsbetänkande
565 102 40 23 N:o
620 101 38 24 30.
810 101 13 21 3

96 167 132 29 nödvändigt
242 168 32 21 att
288 167 142 22 koncentrera
445 168 27 21 de
482 167 62 23 flesta
554 167 93 22 militära
660 166 142 29 styrelseverk
812 167 41 21 och

97 202 74 22 staber
189 202 8 21 i
216 202 144 29 Helsingfors;
383 204 32 20 att
435 202 41 22 den
496 202 101 22 städerna
611 202 8 21 i
635 202 101 28 Wiborgs
754 201 37 22 län
809 201 44 22 för-

96 237 86 21 unnade
204 237 103 27 rättighet
325 238 33 19 att
372 237 101 27 förpakta
487 236 257 28 bränvinsförsäljningen
758 235 95 28 upphört

97 270 49 22 med
166 270 24 22 år
206 271 62 25 1861,
283 270 78 26 medan
376 271 110 27 samtidigt
500 270 145 28 anläggandet
660 270 23 21 af
696 269 156 22 vidsträcktare

97 304 147 22 försvarsverk
259 304 99 28 omkring
373 304 101 28 Wiborgs
484 304 49 22 stad
543 304 96 28 påkallat
649 303 204 28 sammandragning

95 339 27 21 af
134 340 69 20 större
218 338 140 29 truppstyrka
372 339 8 20 i
395 338 70 22 denna
480 338 36 22 del
531 339 23 21 af
567 338 82 27 landet;
665 340 32 20 att
707 338 89 21 dernäst
805 331 48 29 Åbo

97 373 41 23 och
153 373 131 22 Tavastehus
299 373 82 28 utgjort
396 372 131 30 strategiska
541 372 100 29 punkter,
656 372 28 28 på
699 372 41 22 och
755 372 98 28 omkring

95 408 75 21 hvilka
188 410 90 26 trupper
296 408 56 21 varit
365 407 105 29 förlagda,
486 408 111 21 hvaremot
612 407 67 28 öfrige
695 407 62 22 delar
771 406 24 22 af
808 406 46 22 lan-

96 443 38 22 det
156 442 77 22 endast
247 442 7 21 i
269 443 85 27 ringare
370 441 49 23 mån
435 442 41 22 och
490 442 153 28 undantagsvis
657 442 66 28 tagits
737 441 8 22 i
760 440 95 29 anspråk

95 478 37 22 för
150 477 81 22 militär
249 477 156 28 ingvartering;
421 479 31 20 att
467 485 27 14 en
506 477 112 28 jemkning
632 477 130 22 härutinnan
777 483 77 21 genom

96 515 131 26 truppernas
242 512 112 29 spridning
368 512 60 22 öfver
438 519 26 15 en
474 513 69 21 större
555 512 35 22 del
600 512 24 22 af
631 512 74 21 landet
715 511 52 22 eller
777 518 77 21 genom

95 547 289 27 kantonerings-gvarterens
397 547 140 28 förläggande
551 547 67 21 turvis
632 546 32 22 till
678 546 107 22 särskilda
796 546 61 21 delar

97 582 64 22 deraf
174 588 26 15 ur
215 581 114 21 militärisk
344 581 108 29 synpunkt
466 581 49 21 icke
530 588 50 15 vore
594 580 96 29 lämplig,
698 581 67 27 jemte
776 580 36 22 det
821 582 34 19 ut-

96 616 101 22 förandet
220 615 69 23 skulle
311 617 59 20 möta
391 616 126 28 hbetänkliga
539 614 142 30 svårigheter;
701 617 56 20 samt
772 616 33 20 att
819 614 36 22 det

96 650 66 23 alltsä
177 651 43 22 blir
235 650 133 29 oundvikligt
383 652 32 20 att
429 650 69 29 nägra
513 653 58 19 orter
586 650 95 28 ständigt
690 650 118 22 vidkännas
817 649 39 22 be-

97 688 72 20 sväret
184 685 23 22 af
218 685 146 28 ingvartering
380 685 40 22 och
430 684 187 30 transportskjuts,
628 685 77 22 medan
715 684 70 29 öfriga
795 684 61 22 delar

98 721 24 22 af
140 720 75 22 landet
234 720 70 22 sällan
326 719 53 23 eller
402 719 70 29 aldrig
495 720 87 22 dermed
601 719 145 29 betungades;
762 719 41 22 och
817 726 38 14 var

98 756 38 22 det
156 754 28 30 pä
207 754 63 23 dessa
292 754 54 27 skäl,
370 756 56 20 samt
446 754 28 22 dä
488 756 91 27 utvägen
595 757 32 19 att
641 754 45 22 låta
701 756 71 20 staten
787 754 69 21 öfver-

99 793 52 26 taga
173 796 114 22 omsorgen
305 792 33 20 att
354 790 58 21 förse
432 790 108 22 militären
560 790 54 27 medi
628 790 88 21 husrum
731 789 41 22 och
787 789 69 28 öfriga

98 824 228 29 inqvarteringsbehof
344 824 78 28 ansågs
439 825 50 21 leda
507 824 34 22 till
560 824 155 28 ,öfvermättan
731 826 58 20 stora
804 831 53 21 pen-

99 859 172 29 ningeutgifter*,
287 859 41 22 och
342 858 85 23 således
442 858 29 29 på
484 859 71 22 denna
569 859 70 28 grund
654 859 18 28 ej
687 858 72 22 kunde
769 858 86 26 anlitas,

99 902 48 15 som
162 895 8 21 i
185 893 170 29 propositionen,
378 896 59 19 utom
453 896 72 23 annat,
539 893 34 22 till
593 893 112 22 lindrande
723 893 25 22 af
764 894 8 21 i
793 893 62 29 fråga

101 929 95 22 varande
211 928 75 27 börda,
305 929 106 28 föreslogs
430 931 33 19 att
483 929 122 22 Ständerna
618 927 30 30 pä
663 928 106 22 särskilda
783 928 9 21 i
806 935 50 20 pro-

100 964 123 28 positionen
239 965 99 20 närmare
361 963 88 28 angifna
470 965 44 20 sätt
536 963 48 22 ville
599 963 74 22 anvisa
687 963 70 22 medel
772 963 33 22 till
820 963 37 22 be-

100 998 107 23 täckande
222 999 22 21 af
258 1005 26 15 en
300 998 36 22 del
349 998 48 22 utaf
410 998 310 28 ingvarteringskostnaderna.

169 1033 10 21 I
199 1033 39 22 sitt
252 1032 146 29 underdåniga
413 1040 49 14 svar
476 1033 89 22 anförde
581 1033 128 22 Ständerna:
725 1035 32 20 att
773 1033 26 21 de
809 1032 48 23 icke

101 1068 69 22 under
192 1067 28 22 då
242 1067 95 22 rådande
360 1067 113 29 betryckta
490 1067 151 22 förhållanden
660 1074 51 16 voro
726 1067 7 22 i
749 1067 62 22 stånd
825 1069 32 20 att

100 1103 76 21 anvisa
198 1102 71 21 medel
290 1102 34 22 för
344 1101 128 27 ändamålet,
492 1105 56 19 samt
563 1104 32 19 att
610 1102 27 21 de
651 1101 29 29 på
695 1102 70 22 denna
781 1102 75 29 grund,

101 1138 41 20 och
158 1136 25 22 så
198 1137 84 27 mycket
296 1136 68 22 hellre
379 1136 80 28 ansågo
475 1137 34 28 sig
523 1136 55 22 böra
593 1136 74 27 afböja
681 1136 104 28 förslaget
795 1137 8 19 i
813 1144 44 14 om-

101 1171 105 22 förmälde
229 1170 42 27 del,
294 1178 45 14 som
362 1170 257 29 inqvarteringsbesväret
637 1170 8 22 i
665 1171 48 21 dess
735 1170 123 22 nuvarande

101 1205 150 28 utsträckning
274 1212 50 15 vore
346 1212 26 15 en
392 1205 53 28 följd
464 1206 24 20 af
501 1205 42 21 den
557 1204 71 23 finska
642 1205 82 21 indelta
739 1205 118 21 militärens

101 1240 130 28 indragning
252 1239 25 22 år
302 1240 61 25 1810,
389 1240 99 21 hvarföre
514 1239 36 22 det
571 1239 48 22 icke
642 1241 72 26 syntes
737 1240 121 21 Ständerna

102 1274 91 28 obilligt,
213 1276 32 19 att
259 1274 172 26 militie-fonden,
446 1281 46 15 som
507 1274 99 28 uppbure
621 1273 111 23 rusthålls-
747 1274 40 22 och
802 1276 58 20 rote-

102 1308 198 29 vakansafgifterna
322 1311 56 19 samt
400 1309 147 21 inkomsterna
566 1308 48 23 från
635 1308 167 22 utarrenderade
821 1309 39 21 bo-

102 1343 86 25 ställen,
208 1343 8 20 i
235 1344 34 20 sin
288 1350 50 14 mon
358 1343 61 21 äfven
437 1343 134 21 fortfarande
590 1343 89 26 bidroge
699 1343 33 20 till
747 1343 26 21 de
789 1344 71 20 ökade

100 1376 316 29 inqvarteringskostnadernas
431 1376 144 22 bestridande.

171 1455 182 19 Ekonomiutskottets
369 1455 113 19 betänkande
498 1455 35 18 N:o
549 1453 28 20 11.
