1048 1703
226 138 11 20 8
352 135 322 22 Petitionsbetänkande
689 133 50 20 N:o
755 131 47 22 33.

195 204 187 23 vinstillverkningen,
394 208 39 12 som
444 202 80 17 kommer
535 201 28 17 att
573 200 102 22 föreläggas
683 199 79 18 härnäst
769 196 174 20 sammanträdande

197 233 85 21 Ständer,
294 231 58 20 skulle
363 229 44 25 utgå
414 229 49 24 från
470 229 86 24 följande
566 228 133 23 grundsatser
691 224 12 34 :

264 263 34 16 1:0.
323 258 235 23 Bränvinstillverkningen
575 257 7 18 i
600 256 82 19 Finland
699 255 36 24 får
752 255 30 27 ske
800 254 64 19 endast
881 253 24 24 af
914 254 28 17 bo-

196 291 35 23 lag,
248 290 30 18 uti
295 288 61 19 hvilka
373 288 46 17 hvar
436 287 31 18 och
483 292 27 15 en,
523 291 39 13 som
573 285 63 19 dertill
648 285 83 18 anmäler
743 284 34 23 sig,
789 283 37 19 kan
837 283 57 18 vinna
905 282 37 18 del-

192 315 89 32 aktighet.
890 339 28 4 o.

263 348 35 18 2:0.
322 346 76 22 Bolaget
410 346 53 22 utgör
474 349 23 12 en
509 343 79 18 bestämd
600 341 182 23 tillverkningsskatt,
791 340 27 24 pä
829 341 38 17 sätt
875 339 68 19 hittills

196 377 50 17 varit
252 376 63 22 fallet.

264 405 35 17 3:0.
324 403 30 24 Af
363 403 77 21 bolagets
452 402 49 17 vinst
512 398 79 20 erhåller
603 399 86 19 aktionär
697 399 23 17 10
724 399 77 23 procent
805 397 27 24 pä
839 398 22 18 de
865 402 77 18 pengar,

196 434 37 17 han
244 433 8 18 i
262 432 82 19 rörelsen
354 432 77 17 nedsatt.
919 454 3 3 N

264 462 34 17 4:0.
325 458 121 25 Ofverskottet
457 458 92 19 användes
561 458 29 18 till
601 456 162 23 samhällsnyttiga
775 453 88 21 ändamål
879 464 16 3 —
908 454 33 18 lik-

195 489 31 18 väl
236 489 38 18 icke
281 489 35 23 för
327 487 59 25 någon
398 487 71 19 enskild
481 488 95 17 kommuns
587 487 59 21 nytta.

263 519 36 17 &:0.
324 517 53 24 Fyra
394 516 95 21 revisorer,
507 516 25 22 af
546 514 61 19 hvilka
619 514 71 18 kronan
701 519 40 17 eger
753 514 40 17 utse
805 511 36 23 två,
853 512 90 18 tillsättas

191 547 35 23 för
239 546 157 23 räkenskapernas
407 545 120 23 granskning.

265 576 34 17 6:0.
324 575 53 18 Inom
384 573 128 23 föreskrifven
523 573 28 18 tid
562 575 35 20 äga
608 571 108 19 nuvarande
728 571 142 23 bränneriägare
878 569 64 25 offent-

195 604 48 23 ligen
259 603 78 23 utbjuda
354 603 42 18 sina
413 602 107 19 brännerier
533 602 35 22 för
585 602 28 17 att
630 600 66 19 ställas
710 599 27 24 på
755 599 64 23 aktier,
832 605 41 12 men
884 599 17 23 &
912 597 31 20 mä

196 631 178 23 bränvinsbränning
386 631 118 18 annorlunda
515 630 79 23 utöfvas.

266 661 32 17 7:0.
327 660 50 23 Vilja
392 660 22 18 de
431 659 31 19 det
472 659 22 23 ej,
508 664 43 13 vare
559 657 28 24 på
598 659 51 17 orten
661 657 71 18 bildadt
743 656 138 23 bränneribolag
894 655 49 24 skyl-

194 688 39 24 digt
250 689 28 17 att
294 688 61 18 inlösa
372 688 88 18 bränneri
471 688 31 17 till
518 687 29 18 det
558 687 49 23 pris,
619 686 160 23 kompromissrätt
790 685 86 23 utfäster,
888 684 8 18 i
902 683 41 24 fall

194 716 152 24 bränneriegaren
358 714 20 20 så
390 716 72 19 önskar.

262 747 36 17 8:0.
324 745 32 19 Nu
365 746 65 22 genast
442 745 52 18 borde
501 744 132 24 föreskrifvas,
645 745 29 17 att
681 743 186 24 utskänkningsbolag
874 743 17 23 ej
899 744 42 22 äger

193 774 8 18 i
218 774 84 22 handköp
315 773 83 24 försälja
415 774 72 18 mindre
504 774 61 22 belopp
583 775 25 16 än
624 778 22 12 en
661 772 63 19 kanna
740 772 8 18 i
765 772 42 18 kärl
819 772 40 18 med
870 776 71 14 samma

192 803 62 23 rymd,
266 802 94 25 äfvensom
371 803 29 17 att
411 802 104 19 handlande
526 802 17 22 ej
555 802 55 18 heller
621 803 35 21 äga
668 801 30 18 till
709 801 72 18 mindre
793 800 60 23 belopp
857 800 85 23 försälja

193 832 99 18 utländska
304 831 131 23 spritdrycker,
448 832 96 17 hvarutom
557 831 26 18 all
595 830 156 18 bränvinshandel
763 829 31 19 bör
806 828 92 24 bedrifvas
905 828 36 24 för

193 860 27 23 sig
233 870 21 2 —
266 860 17 23 ej
294 860 85 23 derjemte
390 866 64 12 annan
466 859 71 22 handel,
546 859 85 23 förutom
643 857 59 20 sådan
713 858 41 19 med
768 858 139 18 kolonialvaror.

260 894 112 24 Helsingfors
382 894 35 18 den
429 896 10 16 9
451 894 84 18 Februari
548 895 49 17 1877.

689 923 22 17 A.
723 922 115 19 Meurman.”

260 987 66 20 Dessa
349 986 77 20 talrika
448 986 119 26 petitioner,
589 993 45 13 som
655 986 114 21 framstälts
792 987 24 19 af
833 988 106 25 represen-

192 1023 68 18 tanter
279 1021 45 19 frän
344 1020 69 20 skilda
434 1020 58 20 delar
508 1021 23 19 af
544 1020 79 26 landet,
647 1021 52 20 bära
713 1023 30 18 ett
759 1022 118 25 otvetydigt
893 1022 46 19 vitt-

191 1055 91 21 nesbörd
301 1061 32 14 om
354 1055 26 19 de
394 1055 112 26 allvarliga
522 1055 128 26 bekymmer,
665 1062 45 13 som
726 1055 36 20 det
777 1055 116 21 öfverhand
909 1058 29 18 ta-

191 1090 69 26 gande
282 1089 125 20 missbruket
427 1089 23 20 af
465 1089 72 20 starka
557 1089 88 26 drycker
665 1089 69 26 väckt,
755 1096 47 14 men
817 1089 27 26 pä
859 1096 80 13 samma

191 1124 55 26 gång
268 1123 41 20 ock
324 1129 34 14 om
374 1123 52 20 huru
442 1123 76 20 delade
534 1124 135 25 meningarna
684 1127 36 16 äro
736 1123 6 20 i
757 1123 61 26 fråga
833 1130 33 13 om
881 1123 57 20 hvad

190 1164 44 14 som
249 1157 33 20 till
298 1157 35 21 det
348 1157 66 20 ondas
430 1156 136 28 afhjelpande
582 1158 42 19 kan
639 1157 40 21 och
696 1157 37 21 bör
747 1157 105 27 vidtagas.

258 1191 38 19 Att
319 1191 35 20 det
376 1191 113 20 förnämsta
505 1191 128 21 botemedlet
648 1194 43 17 mot
706 1192 186 26 dryckenskapens
908 1192 29 20 vi-

189 1226 51 20 dare
255 1224 130 21 utbredande
400 1225 43 20 står
458 1227 32 18 att
504 1225 57 21 finna
576 1226 29 19 uti
622 1225 67 27 sedlig
704 1225 135 27 förbättring;
855 1227 31 19 att
896 1225 40 21 för-

191 1258 97 21 denskull
304 1258 26 20 de
346 1258 118 26 egentligen
481 1258 133 20 verksamma
628 1258 41 20 och
683 1258 174 27 fruktbringande
868 1259 68 26 åtgär-

189 1292 65 20 derna
276 1294 36 17 äro
335 1292 31 18 att
387 1291 62 20 sökas
472 1292 28 25 på
521 1294 64 17 annat
605 1292 85 20 område
713 1295 26 17 än
761 1292 175 27 lagstiftningens,

188 1326 70 20 derom
274 1325 62 20 råder
350 1325 54 20 intet
419 1325 79 21 tvifvel.

256 1358 74 21 Likväl
345 1359 98 20 förnekas
460 1359 35 20 det
510 1360 48 20 icke
568 1360 67 20 heller
646 1360 23 20 af
677 1361 77 26 någon,
767 1362 32 18 att
809 1360 40 21 den
859 1362 77 19 största

189 1393 44 27 vigt
247 1393 68 26 ligger
329 1393 28 26 på
368 1393 40 19 den
420 1393 94 27 hållning
525 1393 158 28 lagstiftningen
693 1395 73 20 dervid
776 1395 88 26 intager.
889 1395 46 20 Men

186 1429 64 20 sättet
266 1426 111 21 huruledes
392 1427 157 28 lagstiftningen
565 1429 62 25 skall,
638 1429 31 20 sin
681 1429 80 27 uppgift
772 1429 111 28 likmätigt,
895 1429 40 21 och

186 1461 52 20 huru
261 1461 41 19 hon
321 1460 42 20 kan
382 1461 28 26 på
429 1463 164 20 verksammaste
613 1465 41 18 sätt
673 1464 87 27 bidraga
781 1464 32 19 till
830 1465 103 20 motarbe-

252 1499 187 21 Ekonomiutskoitets
451 1501 111 20 betänkande
574 1502 37 20 N:o
623 1504 28 17 15.
