1056 1703
249 145 28 21 24
397 146 277 22 Petitionsbetänkande
688 146 47 22 N:o
750 146 38 22 25.

321 206 57 23 vaka
393 207 61 29 öfver
469 207 47 22 dess
531 207 130 29 efterlefnad
674 211 56 18 samt
745 211 30 18 att
787 206 144 29 derförinnan
939 206 28 22 li-

323 240 74 23 kasom
411 241 64 29 äfven
490 241 120 23 sedermera
624 241 30 29 på
669 241 39 23 allt
722 242 42 21 sätt
779 240 58 30 eljest
852 240 70 23 vårda
934 240 33 29 sig

324 282 33 15 om
380 280 31 18 att
430 276 168 22 embetsmännen
620 275 36 23 må
678 275 98 30 begagna
794 275 65 30 begge
874 274 93 31 språken

324 310 39 22 allt
385 309 54 30 efter
453 318 44 15 som
507 310 31 23 de
553 310 83 23 komma
652 309 9 22 i
675 310 99 30 beröring
789 310 49 22 med
851 308 72 32 finska
938 309 29 22 el-

325 344 30 22 ler
369 345 90 22 svenska
475 345 87 23 talande
578 344 122 23 allmänhet.

289 385 66 22 Detta
372 385 80 29 förslag
466 393 57 14 vann
539 387 55 21 dock
608 387 60 20 inom
683 386 101 21 utskottet
797 387 34 20 för
845 385 33 28 sig
893 385 76 22 endast

223 427 26 14 en
266 421 107 21 minoritet
387 421 23 21 af
422 421 13 21 4
450 423 76 26 röster,
543 423 56 20 samt
613 423 66 20 mötte
693 421 67 21 bland
773 423 67 19 annat
847 421 37 21 det
891 421 76 27 afgjor-

223 454 60 21 daste
305 453 130 23 motståndet
447 456 45 27 just
505 454 47 23 från
569 455 35 22 det
619 454 51 27 håll,
688 455 39 21 der
741 462 51 14 man
808 457 54 20 mest
877 457 40 25 gör
931 461 36 14 an-

223 487 65 29 språk
302 488 29 27 på
346 490 29 19 att
390 489 105 27 uppträda
510 495 46 16 som
571 489 107 21 målsmän
692 489 34 21 för
741 489 41 21 den
799 489 69 21 finska
883 488 87 21 talande

223 523 164 26 befolkningens
410 523 113 27 intressen,
547 529 50 15 men
620 523 47 26 der,
684 523 66 27 enligt
765 523 45 22 min
824 523 143 27 uppfattning,

225 556 62 22 dessa
310 557 104 21 intressen
438 558 7 20 i
459 557 76 27 sjelfva
548 558 77 20 verket
639 557 50 21 vida
703 557 85 21 mindre
803 556 121 26 omhuldas,
941 559 28 18 än

223 597 28 15 en
274 590 107 22 åstundan
401 592 30 20 att
446 590 57 22 hålla
518 592 27 21 de
560 591 117 21 sväfvande
692 590 101 29 frågorna
808 594 72 25 öppna
894 592 34 20 för
942 597 27 15 en

223 626 82 20 fortsatt
326 625 143 28 bearbetning
484 626 29 20 till
528 626 85 27 lösning
628 626 24 20 af
664 625 118 27 desamma,
799 626 49 21 icke
864 626 53 21 efter
932 625 37 22 bil-

223 660 113 27 lighetens,
360 662 51 18 utan
435 661 54 20 efter
504 660 42 21 den
562 659 109 28 språkliga
685 660 200 22 nationalenhetens
901 660 70 21 under

223 693 227 22 missförhållandenas
465 695 85 26 retning
566 694 150 28 genomdrifna
730 701 108 21 program.
870 695 42 27 Jag
926 695 44 20 kan

224 728 56 22 dock
299 728 48 21 icke
362 727 71 22 såsom
449 728 165 28 landtdagsman
629 729 66 20 vinna
710 729 61 21 öfver
785 729 45 28 mig
844 730 30 20 att
889 730 19 26 ej
926 729 43 20 haf-

224 769 27 14 va
270 763 89 24 försökt,
378 762 55 22 hvad
448 763 7 20 i
471 763 43 20 min
530 761 97 29 förmåga
642 763 44 21 kan
701 762 39 27 stå,
757 764 33 21 för
805 764 30 20 att
850 763 53 22 söka
918 766 53 24 göra

224 797 41 21 slut
279 796 30 28 på
323 799 29 19 ett
366 796 141 28 förhållande,
525 803 53 21 som,
596 797 24 21 så
634 797 64 27 länge
714 797 36 22 det
764 799 81 26 fortfar,
862 797 55 22 skall
931 797 40 28 gif-

225 837 27 15 va
275 831 117 28 anledning
415 831 30 21 till
468 831 41 21 den
529 838 41 15 ena
586 832 73 21 delens
674 833 24 20 af
710 833 101 20 nationen
827 832 145 27 upphetsning

224 868 44 19 mot
290 866 43 21 den
356 865 75 27 andra,
450 866 54 21 intill
520 866 48 21 dess
584 867 67 20 saken
666 867 49 21 icke
730 873 61 15 mera
806 867 42 21 kan
864 867 105 26 biläggas,

226 901 49 20 utan
297 899 70 22 måste
383 900 85 27 afgöras
483 907 78 21 genom
577 902 30 20 ett
622 899 131 29 maktspråk.
784 902 42 27 Jag
840 900 69 29 vågar
924 901 46 21 der-

224 935 46 21 före
287 934 109 22 vördsamt
411 935 33 21 för
459 935 45 20 mitt
519 935 63 22 ofvan
598 935 90 22 anförda
702 936 80 27 förslag
797 935 65 28 vädja
876 935 48 22 från
939 937 31 20 ut-

225 969 78 22 skottet
324 969 31 21 till
373 968 98 29 stånden,
488 969 50 22 med
554 969 109 28 anhållan,
680 971 31 20 att
725 970 120 21 detsamma
859 969 67 23 måtte
941 972 30 19 ta-

225 1009 38 22 gas
285 1004 8 19 i
315 1003 118 21 lidelsefritt
452 1004 148 27 bepröfvande
621 1005 25 19 af
664 1004 43 21 alla
722 1004 58 27 dem,
796 1010 47 17 som
858 1005 70 21 önska
943 1006 30 19 att

225 1036 47 23 vårt
286 1037 55 22 folks
356 1037 123 28 utveckling
493 1037 73 27 måtte,
583 1037 25 22 så
622 1037 60 28 långt
695 1045 92 14 numera
802 1040 24 19 är
838 1039 84 27 görligt,
933 1039 39 21 ske

225 1072 8 21 i
248 1071 91 28 endrägt
354 1071 40 22 och
409 1071 28 28 på
451 1072 135 27 billighetens
602 1072 70 27 grund
686 1072 8 21 i
706 1073 71 21 stället
784 1073 33 21 för
824 1079 80 21 genom
913 1071 58 22 våld-

225 1111 85 16 samma
324 1105 134 28 skakningar
473 1106 39 24 och
528 1106 30 21 till
572 1105 84 23 förmån
671 1107 33 21 för
719 1113 26 15 en
761 1109 44 19 tom
820 1107 151 21 nationalitets-

227 1141 59 20 teori.

294 1175 111 26 Förslaget
429 1181 65 20 synes
517 1175 44 27 mig
584 1175 108 27 grundadt
710 1174 30 28 pä
753 1175 103 28 billighet.
888 1176 34 26 Ty
937 1175 36 22 det

226 1209 92 21 innebär
331 1209 54 21 intet
397 1210 66 20 annat
478 1211 27 19 än
521 1209 30 21 ett
566 1209 133 27 konsegvent
714 1209 171 28 genomförande
900 1211 23 20 af
931 1212 41 19 sat-

227 1249 46 19 sen,
290 1245 29 18 att
335 1243 177 20 embetsmännen
527 1245 37 18 äro
580 1243 29 20 till
624 1244 33 19 för
672 1244 164 24 allmänhetens,
852 1244 34 20 för
897 1244 76 21 folkets

227 1276 63 27 skull,
314 1277 40 20 och
369 1276 49 21 icke
434 1278 97 19 tvertom.
562 1277 63 20 Hade
640 1277 72 20 denna
726 1277 116 28 grundsats
856 1278 33 21 för
904 1278 69 21 trettio

227 1310 24 22 år
273 1311 88 21 tillbaka
382 1312 52 19 utan
453 1311 169 28 motsträfvighet
637 1311 89 22 kommit
740 1311 30 21 till
786 1311 146 28 användning,
949 1311 26 22 så

227 1345 56 21 hade
305 1344 76 28 frägan
403 1351 36 15 om
459 1345 177 21 embetsverkens
651 1345 109 28 spräkliga
775 1346 101 28 ställning
891 1346 29 21 till
935 1347 37 20 all-

227 1380 115 21 mänheten
363 1380 83 20 kunnat
459 1379 58 22 lösas
532 1386 78 22 genom
624 1380 54 21 blott
692 1380 44 21 takt
752 1381 39 21 och
807 1380 165 28 tillmötesgäen-

227 1414 28 22 de
270 1415 54 21 efter
338 1414 218 28 omständigheterna.
588 1414 48 22 Och
650 1416 66 20 rättas
731 1415 49 21 icke
794 1422 30 14 nu
835 1414 136 26 ätminstone,

227 1448 29 22 då
273 1450 68 20 saken
357 1448 89 22 kommit
461 1448 89 27 derhän,
567 1450 30 20 att
612 1449 142 22 förhällandet
768 1448 56 23 måst
838 1450 66 21 blifva
918 1451 54 21 före-

294 1493 99 18 Allmänna
404 1493 176 18 Besvärsutskoitets
592 1493 113 19 betänkande
717 1493 37 19 N:o
766 1494 33 19 18.
