1056 1678
243 145 27 20 24

217 206 72 28 grund:
304 206 22 21 af
344 206 43 21 dels
406 206 41 20 alla
468 205 45 29 fyra
529 205 103 22 Ståndens
651 205 109 28 enhälliga,
776 205 44 21 dels
834 207 32 20 tre
882 204 78 23 Stånds

217 239 223 23 sammanstämmande
455 240 73 25 beslut,
548 239 30 22 uti
594 239 100 21 särskilda
709 239 141 28 underdåniga
865 238 96 23 skrifvel-

217 282 32 14 ser
263 275 37 21 hos
315 275 61 21 Hans
390 273 119 29 Kejserliga
523 273 98 28 Majestät
635 273 96 22 anhållit:
750 275 19 25 1)
785 282 33 12 om
831 273 127 22 tillsättande

218 308 23 22 af
253 316 27 14 en
295 308 153 28 statsarkeolog,
463 312 54 18 samt
531 311 30 19 att
575 308 63 28 nådig
653 308 126 28 proposition
794 308 32 22 till
836 307 124 29 författning

219 342 106 29 angående
349 342 89 22 forntida
460 342 180 22 minnesmärkens
661 342 99 22 fredande
783 343 38 20 och
842 341 119 23 bevarande

219 377 64 22 måtte
298 377 239 22 nästsammanträdande
551 377 99 28 landtdag
668 377 120 28 föreläggas,
804 376 107 22 äfvensom
926 383 35 14 an-

218 411 79 30 gående
315 411 127 22 tillsättande
465 411 23 22 af
501 419 25 14 en
541 411 130 28 arkeologisk
686 411 145 26 kommission;
847 411 21 27 2)
884 418 35 14 om
933 418 28 14 en

218 446 76 22 reform
309 445 23 22 af
343 454 30 13 nu
387 446 94 29 gällande
491 445 154 28 bestämningar
654 446 87 21 rörande
750 445 208 26 kronolänsmännen,

217 481 8 21 i
244 481 72 22 sådant
337 480 60 29 syfte,
413 483 30 19 att
463 481 68 20 desses
549 480 94 28 rättsliga
658 481 38 20 och
712 480 134 21 ekonomiska
861 479 100 29 ställning

219 515 68 22 blefve
302 515 118 28 betryggad,
436 516 53 20 samt
503 517 30 19 att
548 522 98 21 personer
656 515 48 21 med
712 515 96 28 bildning
822 515 38 21 och
870 514 91 22 tillräck-

219 549 42 28 liga
275 549 86 28 insigter
376 549 69 21 kunde
461 549 32 21 för
506 548 220 29 länsmanstjensterna
736 549 98 26 erhållas;
850 549 22 27 3)
888 557 33 13 om
932 549 31 21 åt-

219 583 50 29 gärd
283 583 34 22 till
329 583 142 28 befrämjande
486 583 23 21 af
521 583 176 27 undervisningen
712 583 8 20 i
734 583 96 22 bildande
845 583 62 22 konst
921 583 39 21 och

219 617 69 22 musik
303 625 75 21 genom
393 617 68 22 derför
475 617 97 22 särskildt
587 617 71 22 afsedd
673 617 129 26 läroanstalt;
818 618 22 26 4)
854 620 30 19 att
899 617 61 22 Uleå-

218 653 60 27 borgs
292 652 67 21 finska
373 652 174 28 privatläroverks
561 651 98 28 ställning
672 651 66 22 måtte
752 651 125 22 åtminstone
887 651 33 22 för
930 654 31 19 ett

219 686 23 22 år
255 686 76 22 framåt
346 686 107 28 betryggas
467 694 74 20 genom
555 685 113 29 tillräcklig
682 686 124 21 subvention
821 686 46 22 från
882 688 79 20 statens

219 720 52 27 sida;
288 721 22 26 5)
325 723 31 18 att
370 720 21 21 åt
405 720 80 21 Finska
495 720 228 28 Litteratursällskapet
733 720 8 21 i
750 720 133 29 Helsingfors
896 720 66 21 måtte

220 755 23 21 af
255 755 105 21 allmänna
379 755 118 21 statsmedel
513 754 66 22 anslås
602 757 29 19 ett
646 754 60 29 årligt
721 755 113 21 understöd
848 754 23 22 af
884 755 78 25 10,000

219 789 70 27 mark;
305 790 21 26 6)
342 791 31 20 att
387 789 62 28 nådig
463 789 126 28 proposition
604 789 87 21 rörande
706 789 153 28 inskränkning
874 789 8 22 i
897 789 65 28 angif-

219 825 36 20 vet
269 823 54 28 syfte
338 823 23 21 af
373 823 128 22 handlandes
515 826 41 19 rätt
571 825 31 20 att
616 823 83 28 försälja
714 823 54 22 vissa
782 824 54 27 slags
850 823 113 28 spritdryc-

219 857 38 22 ker
271 857 64 22 måtte
351 857 117 26 Ständerna
482 857 35 22 vid
533 858 68 21 denna
614 857 99 29 landtdag
722 857 124 29 föreläggas;
863 859 21 26 7)
900 861 30 19 att
940 857 22 22 få

219 891 32 22 för
265 892 78 21 vården
359 891 23 22 af
394 891 59 28 sjuke
469 892 37 21 och
522 891 70 22 sårade
608 891 7 21 i
631 891 34 22 det
680 899 29 14 nu
723 891 106 29 pågående
844 892 68 28 kriget
927 900 35 13 an-

219 926 31 21 slå
264 926 38 21 och
317 926 32 21 till
364 925 87 22 Hennes
467 925 96 29 Majestät
581 925 152 28 Kejsarinnans
756 925 121 29 disposition
896 925 67 22 öfver-

219 960 70 21 lemna
306 967 26 14 en
347 967 82 14 summa
447 959 23 22 af
486 967 26 14 en
527 959 72 28 miljon
614 959 68 27 mark;
698 960 22 27 8)
735 967 33 14 om
783 960 72 28 nådigt
869 959 93 23 initiativ

219 995 33 21 till
267 994 63 22 sådan
344 993 217 29 lagstiftningsåtgärd,
577 996 31 19 att
622 994 35 20 det
671 996 58 19 rätts-
742 994 39 21 och
791 994 121 28 skyddslösa
922 995 41 21 till-

220 1028 66 26 stånd,
302 1028 60 21 hvari
379 1028 80 22 landets
478 1028 124 21 kommuner
620 1028 83 21 befinna
718 1028 32 28 sig
764 1028 7 22 i
786 1028 128 22 förhållande
929 1028 33 22 till

220 1062 252 29 militäringvarteringen,
483 1061 68 23 blefve
561 1062 26 28 på
598 1062 206 29 ändamålsenligaste
816 1066 40 19 sätt
866 1062 95 30 afhjelpt,

220 1098 53 20 samt
293 1098 30 20 att
341 1096 90 22 nämnda
445 1097 74 21 besvär
540 1096 116 22 emellertid
670 1096 64 22 måtte
749 1104 75 21 genom
838 1096 126 29 statsbidrag

220 1131 50 21 eller
285 1130 122 22 annorledes
421 1130 112 28 utjemnas;
550 1131 22 27 9)
587 1132 31 20 att
632 1130 189 28 lärarepersonalen
836 1131 36 21 vid
886 1131 77 22 städer-

220 1173 37 14 nas
275 1165 114 21 folkskolor
410 1164 35 22 må
461 1164 79 22 erhålla
563 1164 107 22 enahanda
685 1165 122 28 rättigheter
821 1165 33 21 till
868 1166 94 28 pension,

220 1207 44 15 som
279 1204 34 17 äro
328 1200 66 21 lärare
409 1199 38 21 och
462 1199 115 21 lärarinnor
592 1198 37 22 vid
645 1199 64 27 högre
724 1199 113 21 folkskolor
851 1199 26 28 på
892 1200 72 21 landet

220 1232 158 26 tillförsäkrade,
401 1235 53 18 samt
476 1234 35 24 att,
533 1232 48 21 med
603 1231 87 29 ändring
711 1232 23 21 af
754 1232 41 22 den
809 1233 154 29 bestämning
952 1227 15 39 i

219 1266 258 29 folkskoleförfattningen,
498 1274 44 14 som
555 1270 38 25 gör
614 1266 126 28 rättigheten
758 1266 33 22 till
805 1267 122 29 åtnjutande
942 1267 24 22 af

219 1302 88 29 pension
321 1300 103 23 beroende
439 1300 23 22 af
478 1300 132 30 fullständigt
627 1300 156 30 genomgången
798 1302 165 27 seminariikurs,

220 1336 58 29 dylik
293 1336 81 21 förmån
388 1335 35 22 må
436 1336 9 21 i
458 1336 65 21 nåder
536 1336 100 22 förunnas
654 1336 62 21 äfven
731 1336 53 26 dem,
800 1344 44 14 som
863 1337 55 22 inför
933 1345 31 14 se-

221 1370 177 22 minariidirektor
419 1370 54 22 visat
494 1370 31 29 sig
543 1378 50 14 vara
612 1370 49 28 fullt
675 1370 105 30 förtrogna
794 1371 48 22 med
857 1371 107 23 undervis-

221 1405 150 29 ningsämnena
393 1404 38 22 och
452 1404 106 23 lärosättet
580 1405 36 22 vid
638 1404 145 28 seminarium;
804 1406 35 27 10)
858 1408 30 20 att
903 1406 60 23 Stän-

221 1440 64 21 derna
303 1439 35 22 vid
359 1441 59 19 nästa
440 1439 98 29 landtdag
551 1440 65 21 måtte
631 1439 113 29 föreläggas
759 1440 63 28 nådig
836 1440 127 29 proposition

219 1480 35 15 om
267 1472 148 30 upphäfvande
429 1472 22 22 af
465 1473 18 29 ej
499 1474 80 22 mindre
595 1474 41 22 den
650 1474 135 22 innehafvare
795 1474 24 21 af
826 1474 88 22 rusthåll
924 1474 42 23 till-
