1053 1706
227 166 13 20 2
378 163 278 22 Petitionsbetänkande
670 163 45 21 N:o
730 163 39 21 49.

198 226 46 22 ning
264 226 35 16 och
315 226 52 16 detta
378 225 101 23 åliggande
492 225 51 22 ånyo
557 224 125 17 öfverlemnas
694 224 20 17 åt
726 224 123 18 länsmännen
863 224 36 17 och
912 225 38 15 sär-

200 254 62 17 skilda
279 253 131 24 fångvårdare,
427 253 66 17 hvilka
506 253 61 17 skulle
581 258 34 17 ega
628 258 70 12 samma
711 253 111 22 rättigheter
836 252 34 18 och
884 256 68 13 ansvar

199 288 40 12 som
258 282 124 23 fångvaktare
400 283 6 16 i
423 282 84 17 kronans
525 282 100 22 fängelser.
650 282 158 22 Hemmansegare
826 281 62 17 skulle
901 280 50 18 blott

199 312 84 16 anskaffa
300 311 64 17 hästar
380 311 35 17 och
431 310 103 17 verkställa
546 310 160 23 framforslingen.
730 310 43 17 Men
785 310 42 17 vårt
839 310 55 16 lands
907 309 44 17 eko-

199 340 87 17 nomiska
303 339 132 18 förhållanden
451 338 62 18 tilläto
525 339 43 17 icke
582 344 23 12 en
619 338 57 18 sådan
689 339 79 22 reform;
781 339 88 17 hvarföre
881 337 70 23 nådiga

199 368 103 17 cirkuläret
320 368 20 16 af
358 368 36 16 den
410 368 9 16 7
432 367 84 23 Augusti
528 367 44 17 1827
585 367 30 17 till
628 367 159 22 länestyrelserna
798 366 113 24 påfordrade
924 367 27 16 ett

201 398 96 21 strängare
310 396 122 23 iakttagande
445 396 21 17 af
477 396 22 17 de
513 396 123 22 stadganden,
649 396 66 17 hvilka
727 396 7 16 i
748 398 62 15 ämnet
823 396 51 16 förut
886 395 65 17 blifvit

199 426 74 22 gjorda,
287 425 35 17 och
335 425 95 17 föreskref
441 426 28 15 att
481 424 32 17 vid
526 424 154 18 framforslandet
693 424 21 17 af
724 426 61 16 större
794 425 107 21 förbrytare
908 424 43 16 kro-

200 454 109 22 nobetjente
322 454 46 17 eller
380 454 71 16 militär
463 453 62 17 skulle
539 454 61 16 såsom
614 454 108 22 bevakning
735 453 75 23 åtfölja.
825 452 83 18 Sålunda
915 452 36 17 för-

199 483 42 16 blef
257 482 76 23 fångars
351 482 110 22 bevakning
479 482 11 17 å
508 482 74 17 mindre
599 484 50 14 orter
665 484 26 14 ett
704 482 133 17 länsmännens
850 481 101 23 åliggande

199 510 40 18 tills
256 510 72 23 nådiga
346 510 103 18 cirkuläret
467 511 21 16 af
502 510 37 18 den
551 510 22 17 23
585 510 109 18 November
706 510 44 17 1869
763 510 78 18 alldeles
853 509 99 23 upphäfde

201 539 107 17 detsamma.

268 573 55 17 Hvad
336 574 34 22 jag
383 573 69 17 härhos
465 573 41 17 haft
519 575 44 15 äran
576 574 71 20 anföra,
660 573 128 23 ådagalägger
801 574 70 22 tydligt
884 575 27 15 att
923 577 27 12 sa-

200 602 38 17 ken
255 602 42 17 icke
316 603 20 15 är
352 602 20 17 af
383 601 63 23 någon
459 601 34 17 lätt
505 601 134 17 beskaffenhet.
664 601 98 23 Styrelsen
774 601 35 17 har
820 601 82 22 vidtagit
914 601 37 16 för-

200 630 83 23 fattning
296 635 31 12 om
339 630 70 22 många
421 630 50 22 slags
484 632 79 20 utvägar
576 630 36 17 och
624 629 134 23 reglementen,
769 635 43 11 men
823 632 43 15 utan
875 631 26 15 att
908 634 44 12 man

201 658 63 17 häruti
282 659 81 17 kommit
381 658 64 23 längre
465 660 21 14 än
506 659 58 17 förut.
589 658 134 24 Fångforsling
742 658 36 17 och
793 658 109 22 bevakning
919 659 32 15 äro

201 687 89 23 vanligen
308 687 125 17 anförtrodda
451 686 37 18 den
503 688 129 22 entreprenör,
648 692 41 12 som
702 688 59 22 åtagit
773 688 30 21 sig
816 687 95 17 desamma
923 687 30 16 för

201 716 69 16 minsta
287 716 105 22 betalning.
416 715 43 17 Ofta
477 716 48 16 läsas
544 716 5 16 i
569 716 121 22 tidningarna
708 715 97 23 klagomål
821 716 88 16 deröfver
926 716 27 15 att

201 744 67 23 fångar
284 744 62 17 under
360 744 106 23 forslingen
479 745 49 16 varit
541 744 90 20 druckne,
642 744 92 22 uppträdt
746 744 25 22 på
783 746 27 16 ett
822 744 90 23 skamligt
924 745 30 15 ut-

201 773 103 17 sväfvande
317 775 37 15 sätt
366 778 17 12 o.
396 778 13 12 s.
423 779 15 11 v.
463 772 112 24 Säkerligen
587 772 35 18 har
634 778 23 12 en
671 774 34 16 och
719 774 46 16 hvar
777 773 21 17 af
809 778 29 12 oss
851 773 43 17 med
905 778 48 18 egna

203 803 50 21 ögon
266 804 36 15 sett
314 802 50 16 huru
376 801 67 23 fångar
457 802 35 16 och
505 802 54 17 deras
572 802 100 22 skjutsare,
684 802 67 17 hvilka
762 802 109 22 bevakning
881 802 74 22 jemväl

201 830 79 23 åligger,
296 830 61 17 under
372 830 68 17 färden
451 830 42 17 fara
504 831 48 17 fram
565 835 41 13 som
618 830 54 17 bästa
684 830 230 22 marknads-stallbröder,
927 830 26 16 vi-

201 858 63 18 kande
280 859 19 16 in
315 860 7 15 i
335 858 65 23 hvarje
412 858 51 23 koja,
477 858 32 17 der
521 859 81 17 bränvin
614 858 50 18 blott
676 858 38 18 står
728 860 27 16 att
768 858 33 18 fås.
824 858 37 23 Jag
873 858 33 17 vill
920 859 34 16 här

202 887 62 17 lemna
276 887 92 17 onämndt
380 887 49 17 huru
440 887 55 17 mildt
504 887 99 23 fängslade
615 888 82 21 qvinnor
703 887 61 17 under
771 887 65 17 färden
843 887 110 17 behandlas.

271 921 35 17 Att
321 927 23 11 en
360 922 103 22 menniska,
476 926 41 12 som
530 922 31 17 för
573 922 41 16 sina
627 922 50 16 onda
688 922 67 22 begärs
768 921 51 17 skull
831 922 82 17 förlorat
925 922 30 18 sin

202 950 57 17 frihet
278 950 35 16 och
330 950 65 22 slagits
411 950 6 16 i
429 950 62 22 bojor,
505 952 50 15 ännu
567 951 7 16 i
586 950 66 22 lagens
666 950 63 23 skygd
741 950 30 17 får
783 950 69 23 sjunka
864 950 35 17 allt
911 950 41 22 dju-

202 983 44 17 pare
264 979 7 16 i
289 978 71 17 lastens
380 978 31 22 dy,
429 978 69 17 strider
514 980 40 16 mot
570 978 108 18 samhällets
691 978 73 24 sedliga
776 979 84 23 princip;
873 984 43 12 men
929 979 24 17 då

201 1011 44 13 man
257 1008 6 15 i
276 1006 41 17 vårt
328 1007 52 22 land,
392 1006 81 18 likasom
486 1008 55 16 äfven
554 1008 6 15 i
573 1007 59 17 andra
644 1006 118 18 civiliserade
775 1007 72 23 länder,
857 1008 35 16 har
903 1008 52 22 gjort

201 1036 68 22 början
288 1035 29 17 till
335 1036 130 22 fängelsernas
484 1035 97 19 ordnande
599 1036 76 22 derhän,
691 1037 27 15 att
734 1035 91 23 fångarne
838 1036 7 16 i
858 1036 95 17 desamma

201 1063 66 18 kunde
278 1063 78 23 bringas
368 1065 27 15 att
407 1064 72 22 frigöra
491 1065 30 22 sig
533 1063 50 18 ifrån
595 1065 41 16 sina
649 1065 50 16 onda
711 1064 69 17 lustars
793 1064 56 17 välde
862 1066 48 15 samt
922 1064 31 23 på-

202 1093 54 21 börja
275 1094 26 15 ett
319 1092 70 22 sedligt
407 1093 28 20 lif,
451 1093 20 16 så
483 1094 20 15 är
515 1093 44 17 hela
571 1093 62 16 denna
645 1093 71 17 reform
728 1093 67 22 fåfäng
808 1093 35 17 och
855 1093 24 18 de
891 1093 62 23 miljo-

201 1126 39 15 ner,
258 1121 66 16 hvilka
342 1121 95 22 uppoffras
456 1121 24 22 pä
497 1121 130 23 fängelsernas
643 1121 138 22 förbättrande,
794 1122 46 17 falla
851 1122 102 17 likasom
941 1117 16 31 i

202 1149 69 22 hafvet,
284 1149 20 17 sä
316 1149 58 17 framt
385 1149 42 17 icke
439 1150 56 16 äfven
507 1149 153 24 fängforslingen
673 1149 64 18 ställes
749 1149 25 24 pä
784 1150 169 22 förnuftsenligare

201 1178 34 17 fot.
253 1171 121 24 Ätminstone
386 1178 37 16 kan
437 1177 173 23 länefängelsernas
624 1178 104 23 omdaning
740 1179 42 16 icke
794 1179 86 22 vidtagas
887 1179 65 17 förrän

201 1206 153 23 fängforslingen
366 1206 64 17 blifvit
443 1206 56 17 ställd
512 1206 25 22 pä
549 1206 79 17 alldeles
640 1212 28 17 ny
680 1207 33 17 fot.

270 1241 8 16 I
297 1240 128 22 fängelsernas
443 1240 94 22 enslighet
553 1241 65 16 kunna
632 1240 94 17 måhända
738 1241 103 20 fängelsets
853 1243 51 18 prest
917 1241 36 16 och

203 1269 112 21 tjenstemän
334 1268 30 16 till
383 1267 35 17 och
436 1267 42 17 med
495 1269 6 15 i
517 1267 114 18 förhärdade
643 1267 75 23 hjertan
731 1268 43 17 utsä
786 1268 105 23 sedlighets
904 1269 50 19 frön,

203 1296 65 17 hvilka
286 1297 55 21 börja
358 1301 41 18 gro,
415 1301 42 12 men
473 1296 23 17 de
509 1296 110 22 förgväfvas
632 1297 51 16 snart
695 1296 40 17 helt
748 1297 36 16 och
796 1296 64 23 hället,
873 1302 31 11 om
917 1296 37 17 den

202 1325 99 22 fängslade
318 1325 116 17 omedelbart
447 1325 47 16 efter
507 1325 32 16 sitt
551 1325 74 17 utträde
638 1330 22 12 ur
673 1325 94 24 fängelset
779 1325 29 18 fär
821 1326 88 17 fortsätta
921 1326 34 17 sitt

202 1355 52 16 förra
271 1353 82 18 lastbara
370 1353 32 23 lif;
420 1353 37 18 han
473 1353 112 18 återvänder
597 1353 30 18 till
639 1354 95 22 fängelset
746 1359 50 12 mera
810 1354 107 23 förhärdad,
931 1356 23 15 än

202 1383 37 17 han
252 1388 33 11 var
297 1382 32 17 vid
342 1383 33 16 sitt
387 1382 60 17 första
459 1382 73 17 inträde
545 1383 6 16 i
565 1383 107 17 detsamma.
691 1383 37 17 Det
740 1383 59 17 finnes
812 1385 51 15 ännu
874 1385 25 16 ett
907 1383 47 23 skäl,

203 1412 88 17 hvarföre
303 1411 152 23 fängforslingen
467 1411 30 17 för
509 1412 135 17 landtmannen
657 1413 21 15 är
690 1411 79 18 alldeles
780 1411 92 24 olämplig
880 1413 35 17 och
923 1413 29 16 till

203 1441 35 17 och
254 1440 43 17 med
313 1440 62 23 farlig.
399 1439 11 17 3
422 1441 9 20 $
443 1441 7 16 i
462 1439 21 17 19
496 1440 43 22 kap.
553 1441 20 16 af
583 1440 206 23 Missgerningsbalken
803 1441 76 22 stadgar
891 1441 62 18 såsom

203 1469 52 17 straff
266 1470 31 15 för
309 1468 114 23 fängförare,
435 1473 41 13 som
489 1474 69 17 genom
571 1469 134 22 försumlighet
716 1468 48 18 låter
777 1475 24 11 en
812 1469 58 23 fånge
880 1470 74 23 undfly,

202 1497 60 22 böter,
280 1497 90 23 fängelse,
388 1497 98 17 arbetshus
504 1497 46 17 eller
563 1499 40 20 spö.
627 1497 29 16 En
667 1497 99 17 landtman
779 1497 29 18 får
820 1497 80 18 sålunda
913 1497 40 18 vid-

270 1539 136 18 Sammansatta
421 1539 48 22 Lag-
477 1544 16 12 o.
501 1538 185 19 Ekonomiutskottets
698 1539 114 17 betänkande
824 1539 37 18 N:o
877 1538 29 18 11.
