<?xml version="1.0" encoding="UTF-8"?>
<alto xmlns="http://www.loc.gov/standards/alto/ns-v3#" xmlns:xlink="http://www.w3.org/1999/xlink" xmlns:xsi="http://www.w3.org/2001/XMLSchema-instance" xsi:schemaLocation="http://www.loc.gov/standards/alto/ns-v3# http://www.loc.gov/alto/v3/alto-3-0.xsd">
	<Description>
		<MeasurementUnit>pixel</MeasurementUnit>
		<sourceImageInformation>
			<fileName>/tmp/tess_v63h5wiq_input.PNG</fileName>
		</sourceImageInformation>
		<OCRProcessing ID="OCR_0">
			<ocrProcessingStep>
				<processingSoftware>
					<softwareName>tesseract 5.3.4</softwareName>
				</processingSoftware>
			</ocrProcessingStep>
		</OCRProcessing>
	</Description>
	<Layout>
		<Page WIDTH="1042" HEIGHT="1706" PHYSICAL_IMG_NR="0" ID="page_0">
			<PrintSpace HPOS="0" VPOS="0" WIDTH="1042" HEIGHT="1706">
				<ComposedBlock ID="cblock_0" HPOS="219" VPOS="152" WIDTH="556" HEIGHT="20">
					<TextBlock ID="block_0" HPOS="219" VPOS="152" WIDTH="556" HEIGHT="20">
						<TextLine ID="line_0" HPOS="219" VPOS="152" WIDTH="556" HEIGHT="20">
							<String ID="string_0" HPOS="219" VPOS="152" WIDTH="13" HEIGHT="20" WC="0.96" CONTENT="6"/><SP WIDTH="115" VPOS="152" HPOS="232"/>
							<String ID="string_1" HPOS="347" VPOS="153" WIDTH="316" HEIGHT="19" WC="0.85" CONTENT="Petitionsbetänkande"/><SP WIDTH="15" VPOS="153" HPOS="663"/>
							<String ID="string_2" HPOS="678" VPOS="154" WIDTH="47" HEIGHT="18" WC="0.96" CONTENT="N:o"/><SP WIDTH="16" VPOS="154" HPOS="725"/>
							<String ID="string_3" HPOS="741" VPOS="155" WIDTH="34" HEIGHT="16" WC="0.96" CONTENT="18."/>
						</TextLine>
					</TextBlock>
				</ComposedBlock>
				<ComposedBlock ID="cblock_1" HPOS="186" VPOS="218" WIDTH="757" HEIGHT="1285">
					<TextBlock ID="block_1" HPOS="186" VPOS="218" WIDTH="755" HEIGHT="979">
						<TextLine ID="line_1" HPOS="188" VPOS="218" WIDTH="748" HEIGHT="27">
							<String ID="string_4" HPOS="188" VPOS="219" WIDTH="50" HEIGHT="20" WC="0.91" CONTENT="248."/><SP WIDTH="29" VPOS="219" HPOS="238"/>
							<String ID="string_5" HPOS="267" VPOS="218" WIDTH="176" HEIGHT="27" WC="0.90" CONTENT="Bestämningen,"/><SP WIDTH="19" VPOS="218" HPOS="443"/>
							<String ID="string_6" HPOS="462" VPOS="220" WIDTH="33" HEIGHT="20" WC="0.96" CONTENT="att"/><SP WIDTH="19" VPOS="220" HPOS="495"/>
							<String ID="string_7" HPOS="514" VPOS="220" WIDTH="76" HEIGHT="20" WC="0.96" CONTENT="endast"/><SP WIDTH="14" VPOS="220" HPOS="590"/>
							<String ID="string_8" HPOS="604" VPOS="220" WIDTH="54" HEIGHT="20" WC="0.96" CONTENT="barn"/><SP WIDTH="16" VPOS="220" HPOS="658"/>
							<String ID="string_9" HPOS="674" VPOS="219" WIDTH="23" HEIGHT="21" WC="0.93" CONTENT="af"/><SP WIDTH="14" VPOS="219" HPOS="697"/>
							<String ID="string_10" HPOS="711" VPOS="218" WIDTH="225" HEIGHT="27" WC="0.92" CONTENT="ständspersonsklas-"/>
						</TextLine>
						<TextLine ID="line_2" HPOS="190" VPOS="252" WIDTH="745" HEIGHT="27">
							<String ID="string_11" HPOS="190" VPOS="258" WIDTH="38" HEIGHT="15" WC="0.96" CONTENT="sen"/><SP WIDTH="16" VPOS="258" HPOS="228"/>
							<String ID="string_12" HPOS="244" VPOS="252" WIDTH="70" HEIGHT="21" WC="0.93" CONTENT="skulle"/><SP WIDTH="15" VPOS="252" HPOS="314"/>
							<String ID="string_13" HPOS="329" VPOS="252" WIDTH="33" HEIGHT="21" WC="0.93" CONTENT="uti"/><SP WIDTH="15" VPOS="252" HPOS="362"/>
							<String ID="string_14" HPOS="377" VPOS="252" WIDTH="249" HEIGHT="22" WC="0.91" CONTENT="fruntimmersskolorna"/><SP WIDTH="15" VPOS="252" HPOS="626"/>
							<String ID="string_15" HPOS="641" VPOS="254" WIDTH="127" HEIGHT="25" WC="0.91" CONTENT="emottagas,"/><SP WIDTH="16" VPOS="254" HPOS="768"/>
							<String ID="string_16" HPOS="784" VPOS="252" WIDTH="117" HEIGHT="21" WC="0.91" CONTENT="äterfinnes"/><SP WIDTH="15" VPOS="252" HPOS="901"/>
							<String ID="string_17" HPOS="916" VPOS="252" WIDTH="19" HEIGHT="26" WC="0.88" CONTENT="ej"/>
						</TextLine>
						<TextLine ID="line_3" HPOS="190" VPOS="286" WIDTH="747" HEIGHT="27">
							<String ID="string_18" HPOS="190" VPOS="292" WIDTH="59" HEIGHT="15" WC="0.92" CONTENT="mera"/><SP WIDTH="20" VPOS="292" HPOS="249"/>
							<String ID="string_19" HPOS="269" VPOS="286" WIDTH="33" HEIGHT="21" WC="0.96" CONTENT="uti"/><SP WIDTH="25" VPOS="286" HPOS="302"/>
							<String ID="string_20" HPOS="327" VPOS="286" WIDTH="41" HEIGHT="21" WC="0.96" CONTENT="den"/><SP WIDTH="22" VPOS="286" HPOS="368"/>
							<String ID="string_21" HPOS="390" VPOS="292" WIDTH="30" HEIGHT="15" WC="0.96" CONTENT="nu"/><SP WIDTH="24" VPOS="292" HPOS="420"/>
							<String ID="string_22" HPOS="444" VPOS="287" WIDTH="100" HEIGHT="26" WC="0.93" CONTENT="gällande"/><SP WIDTH="24" VPOS="287" HPOS="544"/>
							<String ID="string_23" HPOS="568" VPOS="287" WIDTH="168" HEIGHT="26" WC="0.82" CONTENT="skolordningen"/><SP WIDTH="23" VPOS="287" HPOS="736"/>
							<String ID="string_24" HPOS="759" VPOS="286" WIDTH="23" HEIGHT="21" WC="0.96" CONTENT="af"/><SP WIDTH="14" VPOS="286" HPOS="782"/>
							<String ID="string_25" HPOS="796" VPOS="286" WIDTH="41" HEIGHT="21" WC="0.96" CONTENT="den"/><SP WIDTH="15" VPOS="286" HPOS="837"/>
							<String ID="string_26" HPOS="852" VPOS="286" WIDTH="13" HEIGHT="21" WC="0.96" CONTENT="8"/><SP WIDTH="16" VPOS="286" HPOS="865"/>
							<String ID="string_27" HPOS="881" VPOS="286" WIDTH="56" HEIGHT="26" WC="0.96" CONTENT="Aug."/>
						</TextLine>
						<TextLine ID="line_4" HPOS="189" VPOS="320" WIDTH="747" HEIGHT="27">
							<String ID="string_28" HPOS="189" VPOS="320" WIDTH="62" HEIGHT="26" WC="0.96" CONTENT="1872,"/><SP WIDTH="17" VPOS="320" HPOS="251"/>
							<String ID="string_29" HPOS="268" VPOS="320" WIDTH="39" HEIGHT="21" WC="0.96" CONTENT="och"/><SP WIDTH="15" VPOS="320" HPOS="307"/>
							<String ID="string_30" HPOS="322" VPOS="320" WIDTH="56" HEIGHT="21" WC="0.92" CONTENT="hade"/><SP WIDTH="14" VPOS="320" HPOS="378"/>
							<String ID="string_31" HPOS="392" VPOS="320" WIDTH="94" HEIGHT="27" WC="0.92" CONTENT="troligen"/><SP WIDTH="15" VPOS="320" HPOS="486"/>
							<String ID="string_32" HPOS="501" VPOS="321" WIDTH="66" HEIGHT="21" WC="0.96" CONTENT="redan"/><SP WIDTH="14" VPOS="321" HPOS="567"/>
							<String ID="string_33" HPOS="581" VPOS="321" WIDTH="70" HEIGHT="21" WC="0.96" CONTENT="under"/><SP WIDTH="15" VPOS="321" HPOS="651"/>
							<String ID="string_34" HPOS="666" VPOS="321" WIDTH="41" HEIGHT="21" WC="0.93" CONTENT="den"/><SP WIDTH="16" VPOS="321" HPOS="707"/>
							<String ID="string_35" HPOS="723" VPOS="320" WIDTH="60" HEIGHT="21" WC="0.91" CONTENT="äldre"/><SP WIDTH="16" VPOS="320" HPOS="783"/>
							<String ID="string_36" HPOS="799" VPOS="320" WIDTH="137" HEIGHT="21" WC="0.92" CONTENT="skolordnin-"/>
						</TextLine>
						<TextLine ID="line_5" HPOS="189" VPOS="354" WIDTH="748" HEIGHT="27">
							<String ID="string_37" HPOS="189" VPOS="360" WIDTH="53" HEIGHT="20" WC="0.96" CONTENT="gens"/><SP WIDTH="22" VPOS="360" HPOS="242"/>
							<String ID="string_38" HPOS="264" VPOS="354" WIDTH="33" HEIGHT="20" WC="0.93" CONTENT="tid"/><SP WIDTH="21" VPOS="354" HPOS="297"/>
							<String ID="string_39" HPOS="318" VPOS="354" WIDTH="48" HEIGHT="21" WC="0.96" CONTENT="icke"/><SP WIDTH="22" VPOS="354" HPOS="366"/>
							<String ID="string_40" HPOS="388" VPOS="356" WIDTH="85" HEIGHT="25" WC="0.96" CONTENT="strängt"/><SP WIDTH="21" VPOS="356" HPOS="473"/>
							<String ID="string_41" HPOS="494" VPOS="354" WIDTH="73" HEIGHT="22" WC="0.93" CONTENT="blifvit"/><SP WIDTH="22" VPOS="354" HPOS="567"/>
							<String ID="string_42" HPOS="589" VPOS="354" WIDTH="110" HEIGHT="26" WC="0.92" CONTENT="efterlefd;"/><SP WIDTH="23" VPOS="354" HPOS="699"/>
							<String ID="string_43" HPOS="722" VPOS="354" WIDTH="131" HEIGHT="21" WC="0.96" CONTENT="åtminstone"/><SP WIDTH="26" VPOS="354" HPOS="853"/>
							<String ID="string_44" HPOS="879" VPOS="354" WIDTH="58" HEIGHT="20" WC="0.95" CONTENT="hvad"/>
						</TextLine>
						<TextLine ID="line_6" HPOS="188" VPOS="387" WIDTH="750" HEIGHT="23">
							<String ID="string_45" HPOS="188" VPOS="387" WIDTH="173" HEIGHT="22" WC="0.91" CONTENT="hufvudstadens"/><SP WIDTH="32" VPOS="387" HPOS="361"/>
							<String ID="string_46" HPOS="393" VPOS="388" WIDTH="210" HEIGHT="22" WC="0.84" CONTENT="fruntimmersskola"/><SP WIDTH="30" VPOS="388" HPOS="603"/>
							<String ID="string_47" HPOS="633" VPOS="389" WIDTH="134" HEIGHT="21" WC="0.91" CONTENT="vidkommer"/><SP WIDTH="24" VPOS="389" HPOS="767"/>
							<String ID="string_48" HPOS="791" VPOS="388" WIDTH="55" HEIGHT="21" WC="0.96" CONTENT="hade"/><SP WIDTH="31" VPOS="388" HPOS="846"/>
							<String ID="string_49" HPOS="877" VPOS="388" WIDTH="61" HEIGHT="20" WC="0.96" CONTENT="detta"/>
						</TextLine>
						<TextLine ID="line_7" HPOS="188" VPOS="421" WIDTH="749" HEIGHT="28">
							<String ID="string_50" HPOS="188" VPOS="421" WIDTH="73" HEIGHT="26" WC="0.96" CONTENT="påbud"/><SP WIDTH="23" VPOS="421" HPOS="261"/>
							<String ID="string_51" HPOS="284" VPOS="422" WIDTH="69" HEIGHT="26" WC="0.96" CONTENT="enligt"/><SP WIDTH="21" VPOS="422" HPOS="353"/>
							<String ID="string_52" HPOS="374" VPOS="422" WIDTH="160" HEIGHT="27" WC="0.96" CONTENT="framställning"/><SP WIDTH="21" VPOS="422" HPOS="534"/>
							<String ID="string_53" HPOS="555" VPOS="422" WIDTH="23" HEIGHT="21" WC="0.96" CONTENT="af"/><SP WIDTH="20" VPOS="422" HPOS="578"/>
							<String ID="string_54" HPOS="598" VPOS="422" WIDTH="72" HEIGHT="27" WC="0.96" CONTENT="Borgå"/><SP WIDTH="23" VPOS="422" HPOS="670"/>
							<String ID="string_55" HPOS="693" VPOS="422" WIDTH="133" HEIGHT="27" WC="0.95" CONTENT="domkapitel"/><SP WIDTH="15" VPOS="422" HPOS="826"/>
							<String ID="string_56" HPOS="841" VPOS="422" WIDTH="24" HEIGHT="20" WC="0.96" CONTENT="år"/><SP WIDTH="16" VPOS="422" HPOS="865"/>
							<String ID="string_57" HPOS="881" VPOS="422" WIDTH="56" HEIGHT="20" WC="0.96" CONTENT="1869"/>
						</TextLine>
						<TextLine ID="line_8" HPOS="188" VPOS="455" WIDTH="748" HEIGHT="28">
							<String ID="string_58" HPOS="188" VPOS="455" WIDTH="73" HEIGHT="21" WC="0.96" CONTENT="blifvit"/><SP WIDTH="24" VPOS="455" HPOS="261"/>
							<String ID="string_59" HPOS="285" VPOS="456" WIDTH="35" HEIGHT="20" WC="0.96" CONTENT="till"/><SP WIDTH="25" VPOS="456" HPOS="320"/>
							<String ID="string_60" HPOS="345" VPOS="457" WIDTH="33" HEIGHT="20" WC="0.96" CONTENT="sin"/><SP WIDTH="23" VPOS="457" HPOS="378"/>
							<String ID="string_61" HPOS="401" VPOS="456" WIDTH="59" HEIGHT="21" WC="0.96" CONTENT="kraft"/><SP WIDTH="23" VPOS="456" HPOS="460"/>
							<String ID="string_62" HPOS="483" VPOS="457" WIDTH="40" HEIGHT="21" WC="0.96" CONTENT="och"/><SP WIDTH="25" VPOS="457" HPOS="523"/>
							<String ID="string_63" HPOS="548" VPOS="457" WIDTH="81" HEIGHT="20" WC="0.93" CONTENT="verkan"/><SP WIDTH="26" VPOS="457" HPOS="629"/>
							<String ID="string_64" HPOS="655" VPOS="456" WIDTH="164" HEIGHT="27" WC="0.90" CONTENT="suspenderadt."/><SP WIDTH="40" VPOS="456" HPOS="819"/>
							<String ID="string_65" HPOS="859" VPOS="455" WIDTH="77" HEIGHT="22" WC="0.92" CONTENT="Under"/>
						</TextLine>
						<TextLine ID="line_9" HPOS="190" VPOS="489" WIDTH="748" HEIGHT="27">
							<String ID="string_66" HPOS="190" VPOS="495" WIDTH="80" HEIGHT="15" WC="0.92" CONTENT="samma"/><SP WIDTH="5" VPOS="495" HPOS="270"/>
							<String ID="string_67" HPOS="275" VPOS="485" WIDTH="10" HEIGHT="35" WC="0.78" CONTENT="&#39;"/><SP WIDTH="7" VPOS="485" HPOS="285"/>
							<String ID="string_68" HPOS="292" VPOS="490" WIDTH="71" HEIGHT="21" WC="0.86" CONTENT="läseår"/><SP WIDTH="15" VPOS="490" HPOS="363"/>
							<String ID="string_69" HPOS="378" VPOS="490" WIDTH="140" HEIGHT="21" WC="0.90" CONTENT="1874—1875"/><SP WIDTH="14" VPOS="490" HPOS="518"/>
							<String ID="string_70" HPOS="532" VPOS="491" WIDTH="102" HEIGHT="20" WC="0.96" CONTENT="besöktes"/><SP WIDTH="15" VPOS="491" HPOS="634"/>
							<String ID="string_71" HPOS="649" VPOS="491" WIDTH="86" HEIGHT="20" WC="0.96" CONTENT="landets"/><SP WIDTH="16" VPOS="491" HPOS="735"/>
							<String ID="string_72" HPOS="751" VPOS="490" WIDTH="112" HEIGHT="26" WC="0.93" CONTENT="offentliga"/><SP WIDTH="15" VPOS="490" HPOS="863"/>
							<String ID="string_73" HPOS="878" VPOS="489" WIDTH="60" HEIGHT="21" WC="0.92" CONTENT="frun-"/>
						</TextLine>
						<TextLine ID="line_10" HPOS="188" VPOS="523" WIDTH="749" HEIGHT="27">
							<String ID="string_74" HPOS="188" VPOS="523" WIDTH="172" HEIGHT="22" WC="0.91" CONTENT="timmersskolor"/><SP WIDTH="22" VPOS="523" HPOS="360"/>
							<String ID="string_75" HPOS="382" VPOS="524" WIDTH="23" HEIGHT="21" WC="0.96" CONTENT="af"/><SP WIDTH="21" VPOS="524" HPOS="405"/>
							<String ID="string_76" HPOS="426" VPOS="524" WIDTH="40" HEIGHT="21" WC="0.96" CONTENT="383"/><SP WIDTH="23" VPOS="524" HPOS="466"/>
							<String ID="string_77" HPOS="489" VPOS="525" WIDTH="76" HEIGHT="25" WC="0.96" CONTENT="elever,"/><SP WIDTH="22" VPOS="525" HPOS="565"/>
							<String ID="string_78" HPOS="587" VPOS="525" WIDTH="86" HEIGHT="20" WC="0.96" CONTENT="hvilkas"/><SP WIDTH="23" VPOS="525" HPOS="673"/>
							<String ID="string_79" HPOS="696" VPOS="524" WIDTH="108" HEIGHT="21" WC="0.95" CONTENT="föräldrar"/><SP WIDTH="15" VPOS="524" HPOS="804"/>
							<String ID="string_80" HPOS="819" VPOS="523" WIDTH="68" HEIGHT="21" WC="0.96" CONTENT="hörde"/><SP WIDTH="16" VPOS="523" HPOS="887"/>
							<String ID="string_81" HPOS="903" VPOS="523" WIDTH="34" HEIGHT="21" WC="0.95" CONTENT="till"/>
						</TextLine>
						<TextLine ID="line_11" HPOS="188" VPOS="557" WIDTH="749" HEIGHT="27">
							<String ID="string_82" HPOS="188" VPOS="557" WIDTH="254" HEIGHT="27" WC="0.91" CONTENT="tjenstemannaklassen,"/><SP WIDTH="18" VPOS="557" HPOS="442"/>
							<String ID="string_83" HPOS="460" VPOS="559" WIDTH="40" HEIGHT="20" WC="0.96" CONTENT="108"/><SP WIDTH="16" VPOS="559" HPOS="500"/>
							<String ID="string_84" HPOS="516" VPOS="559" WIDTH="83" HEIGHT="20" WC="0.96" CONTENT="döttrar"/><SP WIDTH="14" VPOS="559" HPOS="599"/>
							<String ID="string_85" HPOS="613" VPOS="559" WIDTH="34" HEIGHT="20" WC="0.96" CONTENT="till"/><SP WIDTH="16" VPOS="559" HPOS="647"/>
							<String ID="string_86" HPOS="663" VPOS="558" WIDTH="93" HEIGHT="26" WC="0.96" CONTENT="köpmän"/><SP WIDTH="15" VPOS="558" HPOS="756"/>
							<String ID="string_87" HPOS="771" VPOS="557" WIDTH="40" HEIGHT="21" WC="0.93" CONTENT="och"/><SP WIDTH="15" VPOS="557" HPOS="811"/>
							<String ID="string_88" HPOS="826" VPOS="557" WIDTH="111" HEIGHT="21" WC="0.92" CONTENT="fabrikan-"/>
						</TextLine>
						<TextLine ID="line_12" HPOS="188" VPOS="591" WIDTH="749" HEIGHT="27">
							<String ID="string_89" HPOS="188" VPOS="592" WIDTH="35" HEIGHT="19" WC="0.96" CONTENT="ter"/><SP WIDTH="13" VPOS="592" HPOS="223"/>
							<String ID="string_90" HPOS="236" VPOS="591" WIDTH="8" HEIGHT="20" WC="0.96" CONTENT="i"/><SP WIDTH="16" VPOS="591" HPOS="244"/>
							<String ID="string_91" HPOS="260" VPOS="591" WIDTH="55" HEIGHT="26" WC="0.96" CONTENT="stad,"/><SP WIDTH="16" VPOS="591" HPOS="315"/>
							<String ID="string_92" HPOS="331" VPOS="591" WIDTH="41" HEIGHT="21" WC="0.96" CONTENT="116"/><SP WIDTH="16" VPOS="591" HPOS="372"/>
							<String ID="string_93" HPOS="388" VPOS="592" WIDTH="77" HEIGHT="26" WC="0.96" CONTENT="elever,"/><SP WIDTH="16" VPOS="592" HPOS="465"/>
							<String ID="string_94" HPOS="481" VPOS="592" WIDTH="84" HEIGHT="21" WC="0.96" CONTENT="hvilkas"/><SP WIDTH="16" VPOS="592" HPOS="565"/>
							<String ID="string_95" HPOS="581" VPOS="592" WIDTH="62" HEIGHT="21" WC="0.96" CONTENT="fäder"/><SP WIDTH="14" VPOS="592" HPOS="643"/>
							<String ID="string_96" HPOS="657" VPOS="598" WIDTH="51" HEIGHT="15" WC="0.93" CONTENT="voro"/><SP WIDTH="17" VPOS="598" HPOS="708"/>
							<String ID="string_97" HPOS="725" VPOS="591" WIDTH="161" HEIGHT="21" WC="0.90" CONTENT="handtverkare"/><SP WIDTH="11" VPOS="591" HPOS="886"/>
							<String ID="string_98" HPOS="897" VPOS="591" WIDTH="40" HEIGHT="21" WC="0.95" CONTENT="och"/>
						</TextLine>
						<TextLine ID="line_13" HPOS="187" VPOS="625" WIDTH="749" HEIGHT="27">
							<String ID="string_99" HPOS="187" VPOS="625" WIDTH="61" HEIGHT="26" WC="0.96" CONTENT="lägre"/><SP WIDTH="22" VPOS="625" HPOS="248"/>
							<String ID="string_100" HPOS="270" VPOS="625" WIDTH="98" HEIGHT="27" WC="0.96" CONTENT="borgare,"/><SP WIDTH="22" VPOS="625" HPOS="368"/>
							<String ID="string_101" HPOS="390" VPOS="626" WIDTH="27" HEIGHT="21" WC="0.96" CONTENT="79"/><SP WIDTH="23" VPOS="626" HPOS="417"/>
							<String ID="string_102" HPOS="440" VPOS="633" WIDTH="51" HEIGHT="14" WC="0.95" CONTENT="voro"/><SP WIDTH="25" VPOS="633" HPOS="491"/>
							<String ID="string_103" HPOS="516" VPOS="627" WIDTH="84" HEIGHT="20" WC="0.95" CONTENT="döttrar"/><SP WIDTH="22" VPOS="627" HPOS="600"/>
							<String ID="string_104" HPOS="622" VPOS="626" WIDTH="34" HEIGHT="21" WC="0.95" CONTENT="till"/><SP WIDTH="23" VPOS="626" HPOS="656"/>
							<String ID="string_105" HPOS="679" VPOS="626" WIDTH="70" HEIGHT="26" WC="0.93" CONTENT="öfriga"/><SP WIDTH="15" VPOS="626" HPOS="749"/>
							<String ID="string_106" HPOS="764" VPOS="625" WIDTH="172" HEIGHT="26" WC="0.91" CONTENT="stadsinvånare,"/>
						</TextLine>
						<TextLine ID="line_14" HPOS="188" VPOS="659" WIDTH="750" HEIGHT="28">
							<String ID="string_107" HPOS="188" VPOS="659" WIDTH="27" HEIGHT="21" WC="0.96" CONTENT="37"/><SP WIDTH="24" VPOS="659" HPOS="215"/>
							<String ID="string_108" HPOS="239" VPOS="659" WIDTH="48" HEIGHT="21" WC="0.92" CONTENT="från"/><SP WIDTH="25" VPOS="659" HPOS="287"/>
							<String ID="string_109" HPOS="312" VPOS="660" WIDTH="216" HEIGHT="27" WC="0.91" CONTENT="ståndspersonshem"/><SP WIDTH="23" VPOS="660" HPOS="528"/>
							<String ID="string_110" HPOS="551" VPOS="661" WIDTH="29" HEIGHT="26" WC="0.96" CONTENT="på"/><SP WIDTH="13" VPOS="661" HPOS="580"/>
							<String ID="string_111" HPOS="593" VPOS="661" WIDTH="75" HEIGHT="20" WC="0.96" CONTENT="landet"/><SP WIDTH="15" VPOS="661" HPOS="668"/>
							<String ID="string_112" HPOS="683" VPOS="660" WIDTH="40" HEIGHT="21" WC="0.95" CONTENT="och"/><SP WIDTH="15" VPOS="660" HPOS="723"/>
							<String ID="string_113" HPOS="738" VPOS="661" WIDTH="27" HEIGHT="20" WC="0.95" CONTENT="11"/><SP WIDTH="15" VPOS="661" HPOS="765"/>
							<String ID="string_114" HPOS="780" VPOS="660" WIDTH="103" HEIGHT="21" WC="0.93" CONTENT="tillhörde"/><SP WIDTH="16" VPOS="660" HPOS="883"/>
							<String ID="string_115" HPOS="899" VPOS="660" WIDTH="39" HEIGHT="21" WC="0.89" CONTENT="all-"/>
						</TextLine>
						<TextLine ID="line_15" HPOS="187" VPOS="693" WIDTH="749" HEIGHT="28">
							<String ID="string_116" HPOS="187" VPOS="693" WIDTH="158" HEIGHT="26" WC="0.91" CONTENT="mogeklassen,"/><SP WIDTH="15" VPOS="693" HPOS="345"/>
							<String ID="string_117" HPOS="360" VPOS="706" WIDTH="23" HEIGHT="3" WC="0.92" CONTENT="—"/><SP WIDTH="18" VPOS="706" HPOS="383"/>
							<String ID="string_118" HPOS="401" VPOS="695" WIDTH="61" HEIGHT="20" WC="0.95" CONTENT="detta"/><SP WIDTH="14" VPOS="695" HPOS="462"/>
							<String ID="string_119" HPOS="476" VPOS="695" WIDTH="40" HEIGHT="20" WC="0.96" CONTENT="allt"/><SP WIDTH="15" VPOS="695" HPOS="516"/>
							<String ID="string_120" HPOS="531" VPOS="695" WIDTH="68" HEIGHT="26" WC="0.96" CONTENT="enligt"/><SP WIDTH="15" VPOS="695" HPOS="599"/>
							<String ID="string_121" HPOS="614" VPOS="695" WIDTH="42" HEIGHT="20" WC="0.96" CONTENT="den"/><SP WIDTH="15" VPOS="695" HPOS="656"/>
							<String ID="string_122" HPOS="671" VPOS="694" WIDTH="23" HEIGHT="21" WC="0.96" CONTENT="af"/><SP WIDTH="13" VPOS="694" HPOS="694"/>
							<String ID="string_123" HPOS="707" VPOS="694" WIDTH="86" HEIGHT="21" WC="0.93" CONTENT="landets"/><SP WIDTH="16" VPOS="694" HPOS="793"/>
							<String ID="string_124" HPOS="809" VPOS="694" WIDTH="127" HEIGHT="27" WC="0.92" CONTENT="skolstyrel-"/>
						</TextLine>
						<TextLine ID="line_16" HPOS="188" VPOS="727" WIDTH="748" HEIGHT="28">
							<String ID="string_125" HPOS="188" VPOS="733" WIDTH="23" HEIGHT="15" WC="0.96" CONTENT="se"/><SP WIDTH="22" VPOS="733" HPOS="211"/>
							<String ID="string_126" HPOS="233" VPOS="727" WIDTH="86" HEIGHT="27" WC="0.96" CONTENT="utgifna"/><SP WIDTH="22" VPOS="727" HPOS="319"/>
							<String ID="string_127" HPOS="341" VPOS="727" WIDTH="127" HEIGHT="22" WC="0.93" CONTENT="Statistiska"/><SP WIDTH="22" VPOS="727" HPOS="468"/>
							<String ID="string_128" HPOS="490" VPOS="728" WIDTH="104" HEIGHT="27" WC="0.90" CONTENT="öfversigt"/><SP WIDTH="22" VPOS="728" HPOS="594"/>
							<String ID="string_129" HPOS="616" VPOS="728" WIDTH="23" HEIGHT="21" WC="0.93" CONTENT="af"/><SP WIDTH="14" VPOS="728" HPOS="639"/>
							<String ID="string_130" HPOS="653" VPOS="728" WIDTH="283" HEIGHT="21" WC="0.91" CONTENT="elementarläroverkens"/><SP WIDTH="-10" VPOS="728" HPOS="936"/>
							<String ID="string_131" HPOS="926" VPOS="723" WIDTH="14" HEIGHT="36" WC="0.97" CONTENT="i"/>
						</TextLine>
						<TextLine ID="line_17" HPOS="186" VPOS="761" WIDTH="751" HEIGHT="22">
							<String ID="string_132" HPOS="186" VPOS="761" WIDTH="93" HEIGHT="22" WC="0.96" CONTENT="Finland"/><SP WIDTH="10" VPOS="761" HPOS="279"/>
							<String ID="string_133" HPOS="289" VPOS="762" WIDTH="99" HEIGHT="21" WC="0.96" CONTENT="tillstånd"/><SP WIDTH="11" VPOS="762" HPOS="388"/>
							<String ID="string_134" HPOS="399" VPOS="762" WIDTH="40" HEIGHT="21" WC="0.96" CONTENT="och"/><SP WIDTH="10" VPOS="762" HPOS="439"/>
							<String ID="string_135" HPOS="449" VPOS="763" WIDTH="137" HEIGHT="20" WC="0.96" CONTENT="verksamhet"/><SP WIDTH="9" VPOS="763" HPOS="586"/>
							<String ID="string_136" HPOS="595" VPOS="762" WIDTH="70" HEIGHT="21" WC="0.93" CONTENT="under"/><SP WIDTH="14" VPOS="762" HPOS="665"/>
							<String ID="string_137" HPOS="679" VPOS="762" WIDTH="99" HEIGHT="21" WC="0.91" CONTENT="läseåren"/><SP WIDTH="9" VPOS="762" HPOS="778"/>
							<String ID="string_138" HPOS="787" VPOS="762" WIDTH="150" HEIGHT="21" WC="0.89" CONTENT="1870—1875."/>
						</TextLine>
						<TextLine ID="line_18" HPOS="186" VPOS="795" WIDTH="752" HEIGHT="28">
							<String ID="string_139" HPOS="186" VPOS="795" WIDTH="76" HEIGHT="27" WC="0.96" CONTENT="Enligt"/><SP WIDTH="20" VPOS="795" HPOS="262"/>
							<String ID="string_140" HPOS="282" VPOS="796" WIDTH="105" HEIGHT="27" WC="0.96" CONTENT="förslaget"/><SP WIDTH="24" VPOS="796" HPOS="387"/>
							<String ID="string_141" HPOS="411" VPOS="797" WIDTH="35" HEIGHT="20" WC="0.92" CONTENT="till"/><SP WIDTH="24" VPOS="797" HPOS="446"/>
							<String ID="string_142" HPOS="470" VPOS="797" WIDTH="122" HEIGHT="26" WC="0.91" CONTENT="utgiftsstat"/><SP WIDTH="15" VPOS="797" HPOS="592"/>
							<String ID="string_143" HPOS="607" VPOS="797" WIDTH="33" HEIGHT="20" WC="0.96" CONTENT="för"/><SP WIDTH="15" VPOS="797" HPOS="640"/>
							<String ID="string_144" HPOS="655" VPOS="797" WIDTH="56" HEIGHT="20" WC="0.96" CONTENT="1877"/><SP WIDTH="16" VPOS="797" HPOS="711"/>
							<String ID="string_145" HPOS="727" VPOS="799" WIDTH="24" HEIGHT="18" WC="0.96" CONTENT="är"/><SP WIDTH="15" VPOS="799" HPOS="751"/>
							<String ID="string_146" HPOS="766" VPOS="797" WIDTH="122" HEIGHT="20" WC="0.91" CONTENT="kostnaden"/><SP WIDTH="15" VPOS="797" HPOS="888"/>
							<String ID="string_147" HPOS="903" VPOS="796" WIDTH="35" HEIGHT="21" WC="0.91" CONTENT="för"/>
						</TextLine>
						<TextLine ID="line_19" HPOS="186" VPOS="829" WIDTH="751" HEIGHT="28">
							<String ID="string_148" HPOS="186" VPOS="829" WIDTH="65" HEIGHT="21" WC="0.93" CONTENT="dessa"/><SP WIDTH="21" VPOS="829" HPOS="251"/>
							<String ID="string_149" HPOS="272" VPOS="830" WIDTH="223" HEIGHT="22" WC="0.86" CONTENT="fruntimmersskolor"/><SP WIDTH="16" VPOS="830" HPOS="495"/>
							<String ID="string_150" HPOS="511" VPOS="832" WIDTH="107" HEIGHT="25" WC="0.96" CONTENT="upptagen"/><SP WIDTH="16" VPOS="832" HPOS="618"/>
							<String ID="string_151" HPOS="634" VPOS="830" WIDTH="34" HEIGHT="21" WC="0.93" CONTENT="till"/><SP WIDTH="15" VPOS="830" HPOS="668"/>
							<String ID="string_152" HPOS="683" VPOS="830" WIDTH="159" HEIGHT="27" WC="0.92" CONTENT="sammanlagdt"/><SP WIDTH="17" VPOS="830" HPOS="842"/>
							<String ID="string_153" HPOS="859" VPOS="830" WIDTH="78" HEIGHT="27" WC="0.95" CONTENT="belopp"/>
						</TextLine>
						<TextLine ID="line_20" HPOS="186" VPOS="863" WIDTH="751" HEIGHT="28">
							<String ID="string_154" HPOS="186" VPOS="863" WIDTH="26" HEIGHT="21" WC="0.93" CONTENT="af"/><SP WIDTH="14" VPOS="863" HPOS="212"/>
							<String ID="string_155" HPOS="226" VPOS="863" WIDTH="91" HEIGHT="26" WC="0.90" CONTENT="131,643"/><SP WIDTH="15" VPOS="863" HPOS="317"/>
							<String ID="string_156" HPOS="332" VPOS="864" WIDTH="71" HEIGHT="27" WC="0.45" CONTENT="m.£80"/><SP WIDTH="15" VPOS="864" HPOS="403"/>
							<String ID="string_157" HPOS="418" VPOS="871" WIDTH="21" HEIGHT="20" WC="0.92" CONTENT="p."/><SP WIDTH="30" VPOS="871" HPOS="439"/>
							<String ID="string_158" HPOS="469" VPOS="865" WIDTH="80" HEIGHT="20" WC="0.89" CONTENT="Härtill"/><SP WIDTH="15" VPOS="865" HPOS="549"/>
							<String ID="string_159" HPOS="564" VPOS="864" WIDTH="97" HEIGHT="21" WC="0.96" CONTENT="kommer"/><SP WIDTH="14" VPOS="864" HPOS="661"/>
							<String ID="string_160" HPOS="675" VPOS="864" WIDTH="136" HEIGHT="27" WC="0.96" CONTENT="ytterligare,"/><SP WIDTH="14" VPOS="864" HPOS="811"/>
							<String ID="string_161" HPOS="825" VPOS="866" WIDTH="34" HEIGHT="19" WC="0.96" CONTENT="att"/><SP WIDTH="15" VPOS="866" HPOS="859"/>
							<String ID="string_162" HPOS="874" VPOS="864" WIDTH="63" HEIGHT="21" WC="0.96" CONTENT="äfven"/>
						</TextLine>
						<TextLine ID="line_21" HPOS="187" VPOS="898" WIDTH="750" HEIGHT="27">
							<String ID="string_163" HPOS="187" VPOS="903" WIDTH="27" HEIGHT="15" WC="0.96" CONTENT="en"/><SP WIDTH="15" VPOS="903" HPOS="214"/>
							<String ID="string_164" HPOS="229" VPOS="898" WIDTH="80" HEIGHT="26" WC="0.96" CONTENT="mängd"/><SP WIDTH="15" VPOS="898" HPOS="309"/>
							<String ID="string_165" HPOS="324" VPOS="898" WIDTH="84" HEIGHT="27" WC="0.96" CONTENT="privata"/><SP WIDTH="15" VPOS="898" HPOS="408"/>
							<String ID="string_166" HPOS="423" VPOS="898" WIDTH="124" HEIGHT="21" WC="0.96" CONTENT="flickskolor"/><SP WIDTH="14" VPOS="898" HPOS="547"/>
							<String ID="string_167" HPOS="561" VPOS="899" WIDTH="28" HEIGHT="26" WC="0.96" CONTENT="på"/><SP WIDTH="15" VPOS="899" HPOS="589"/>
							<String ID="string_168" HPOS="604" VPOS="899" WIDTH="72" HEIGHT="20" WC="0.96" CONTENT="skilda"/><SP WIDTH="16" VPOS="899" HPOS="676"/>
							<String ID="string_169" HPOS="692" VPOS="900" WIDTH="59" HEIGHT="19" WC="0.96" CONTENT="orter"/><SP WIDTH="13" VPOS="900" HPOS="751"/>
							<String ID="string_170" HPOS="764" VPOS="900" WIDTH="38" HEIGHT="19" WC="0.96" CONTENT="äro"/><SP WIDTH="11" VPOS="900" HPOS="802"/>
							<String ID="string_171" HPOS="813" VPOS="899" WIDTH="7" HEIGHT="20" WC="0.93" CONTENT="i"/><SP WIDTH="9" VPOS="899" HPOS="820"/>
							<String ID="string_172" HPOS="829" VPOS="899" WIDTH="108" HEIGHT="21" WC="0.92" CONTENT="verksam-"/>
						</TextLine>
						<TextLine ID="line_22" HPOS="187" VPOS="932" WIDTH="750" HEIGHT="27">
							<String ID="string_173" HPOS="187" VPOS="932" WIDTH="43" HEIGHT="26" WC="0.95" CONTENT="het,"/><SP WIDTH="16" VPOS="932" HPOS="230"/>
							<String ID="string_174" HPOS="246" VPOS="932" WIDTH="7" HEIGHT="20" WC="0.96" CONTENT="i"/><SP WIDTH="15" VPOS="932" HPOS="253"/>
							<String ID="string_175" HPOS="268" VPOS="932" WIDTH="138" HEIGHT="26" WC="0.96" CONTENT="Helsingfors"/><SP WIDTH="23" VPOS="932" HPOS="406"/>
							<String ID="string_176" HPOS="429" VPOS="938" WIDTH="26" HEIGHT="15" WC="0.94" CONTENT="en"/><SP WIDTH="15" VPOS="938" HPOS="455"/>
							<String ID="string_177" HPOS="470" VPOS="933" WIDTH="71" HEIGHT="26" WC="0.96" CONTENT="privat"/><SP WIDTH="14" VPOS="933" HPOS="541"/>
							<String ID="string_178" HPOS="555" VPOS="932" WIDTH="114" HEIGHT="21" WC="0.96" CONTENT="flickskola"/><SP WIDTH="14" VPOS="932" HPOS="669"/>
							<String ID="string_179" HPOS="683" VPOS="933" WIDTH="50" HEIGHT="20" WC="0.96" CONTENT="med"/><SP WIDTH="15" VPOS="933" HPOS="733"/>
							<String ID="string_180" HPOS="748" VPOS="933" WIDTH="91" HEIGHT="20" WC="0.96" CONTENT="svenskt"/><SP WIDTH="15" VPOS="933" HPOS="839"/>
							<String ID="string_181" HPOS="854" VPOS="933" WIDTH="40" HEIGHT="20" WC="0.96" CONTENT="och"/><SP WIDTH="15" VPOS="933" HPOS="894"/>
							<String ID="string_182" HPOS="909" VPOS="938" WIDTH="28" HEIGHT="15" WC="0.96" CONTENT="en"/>
						</TextLine>
						<TextLine ID="line_23" HPOS="187" VPOS="965" WIDTH="750" HEIGHT="29">
							<String ID="string_183" HPOS="187" VPOS="966" WIDTH="50" HEIGHT="20" WC="0.95" CONTENT="med"/><SP WIDTH="21" VPOS="966" HPOS="237"/>
							<String ID="string_184" HPOS="258" VPOS="965" WIDTH="67" HEIGHT="21" WC="0.92" CONTENT="finskt"/><SP WIDTH="21" VPOS="965" HPOS="325"/>
							<String ID="string_185" HPOS="346" VPOS="966" WIDTH="241" HEIGHT="28" WC="0.92" CONTENT="undervisningsspråk,"/><SP WIDTH="22" VPOS="966" HPOS="587"/>
							<String ID="string_186" HPOS="609" VPOS="966" WIDTH="112" HEIGHT="22" WC="0.96" CONTENT="äfvensom"/><SP WIDTH="16" VPOS="966" HPOS="721"/>
							<String ID="string_187" HPOS="737" VPOS="972" WIDTH="26" HEIGHT="15" WC="0.96" CONTENT="en"/><SP WIDTH="15" VPOS="972" HPOS="763"/>
							<String ID="string_188" HPOS="778" VPOS="966" WIDTH="53" HEIGHT="27" WC="0.96" CONTENT="tysk"/><SP WIDTH="24" VPOS="966" HPOS="831"/>
							<String ID="string_189" HPOS="855" VPOS="966" WIDTH="40" HEIGHT="22" WC="0.96" CONTENT="och"/><SP WIDTH="16" VPOS="966" HPOS="895"/>
							<String ID="string_190" HPOS="911" VPOS="972" WIDTH="26" HEIGHT="15" WC="0.96" CONTENT="en"/>
						</TextLine>
						<TextLine ID="line_24" HPOS="187" VPOS="1000" WIDTH="752" HEIGHT="28">
							<String ID="string_191" HPOS="187" VPOS="1000" WIDTH="76" HEIGHT="21" WC="0.95" CONTENT="fransk"/><SP WIDTH="21" VPOS="1000" HPOS="263"/>
							<String ID="string_192" HPOS="284" VPOS="1000" WIDTH="135" HEIGHT="26" WC="0.96" CONTENT="privatskola"/><SP WIDTH="19" VPOS="1000" HPOS="419"/>
							<String ID="string_193" HPOS="438" VPOS="1000" WIDTH="34" HEIGHT="22" WC="0.96" CONTENT="för"/><SP WIDTH="24" VPOS="1000" HPOS="472"/>
							<String ID="string_194" HPOS="496" VPOS="1000" WIDTH="82" HEIGHT="22" WC="0.95" CONTENT="flickor."/><SP WIDTH="31" VPOS="1000" HPOS="578"/>
							<String ID="string_195" HPOS="609" VPOS="1001" WIDTH="75" HEIGHT="27" WC="0.96" CONTENT="Några"/><SP WIDTH="14" VPOS="1001" HPOS="684"/>
							<String ID="string_196" HPOS="698" VPOS="1001" WIDTH="67" HEIGHT="21" WC="0.96" CONTENT="bland"/><SP WIDTH="16" VPOS="1001" HPOS="765"/>
							<String ID="string_197" HPOS="781" VPOS="1000" WIDTH="64" HEIGHT="22" WC="0.96" CONTENT="dessa"/><SP WIDTH="14" VPOS="1000" HPOS="845"/>
							<String ID="string_198" HPOS="859" VPOS="1000" WIDTH="29" HEIGHT="28" WC="0.91" CONTENT="på"/><SP WIDTH="15" VPOS="1000" HPOS="888"/>
							<String ID="string_199" HPOS="903" VPOS="1007" WIDTH="36" HEIGHT="15" WC="0.91" CONTENT="en-"/>
						</TextLine>
						<TextLine ID="line_25" HPOS="187" VPOS="1034" WIDTH="752" HEIGHT="28">
							<String ID="string_200" HPOS="187" VPOS="1034" WIDTH="83" HEIGHT="21" WC="0.96" CONTENT="skildes"/><SP WIDTH="24" VPOS="1034" HPOS="270"/>
							<String ID="string_201" HPOS="294" VPOS="1034" WIDTH="121" HEIGHT="22" WC="0.96" CONTENT="bekostnad"/><SP WIDTH="22" VPOS="1034" HPOS="415"/>
							<String ID="string_202" HPOS="437" VPOS="1036" WIDTH="143" HEIGHT="20" WC="0.93" CONTENT="underhållna"/><SP WIDTH="23" VPOS="1036" HPOS="580"/>
							<String ID="string_203" HPOS="603" VPOS="1035" WIDTH="101" HEIGHT="21" WC="0.96" CONTENT="läroverk"/><SP WIDTH="16" VPOS="1035" HPOS="704"/>
							<String ID="string_204" HPOS="720" VPOS="1035" WIDTH="86" HEIGHT="27" WC="0.95" CONTENT="åtnjuta"/><SP WIDTH="15" VPOS="1035" HPOS="806"/>
							<String ID="string_205" HPOS="821" VPOS="1035" WIDTH="64" HEIGHT="21" WC="0.93" CONTENT="äfven"/><SP WIDTH="15" VPOS="1035" HPOS="885"/>
							<String ID="string_206" HPOS="900" VPOS="1041" WIDTH="39" HEIGHT="15" WC="0.85" CONTENT="un-"/>
						</TextLine>
						<TextLine ID="line_26" HPOS="189" VPOS="1068" WIDTH="752" HEIGHT="28">
							<String ID="string_207" HPOS="189" VPOS="1068" WIDTH="90" HEIGHT="21" WC="0.91" CONTENT="derstöd"/><SP WIDTH="21" VPOS="1068" HPOS="279"/>
							<String ID="string_208" HPOS="300" VPOS="1068" WIDTH="24" HEIGHT="21" WC="0.96" CONTENT="af"/><SP WIDTH="23" VPOS="1068" HPOS="324"/>
							<String ID="string_209" HPOS="347" VPOS="1068" WIDTH="108" HEIGHT="22" WC="0.96" CONTENT="allmänna"/><SP WIDTH="22" VPOS="1068" HPOS="455"/>
							<String ID="string_210" HPOS="477" VPOS="1070" WIDTH="76" HEIGHT="25" WC="0.95" CONTENT="medel,"/><SP WIDTH="21" VPOS="1070" HPOS="553"/>
							<String ID="string_211" HPOS="574" VPOS="1070" WIDTH="33" HEIGHT="20" WC="0.96" CONTENT="för"/><SP WIDTH="15" VPOS="1070" HPOS="607"/>
							<String ID="string_212" HPOS="622" VPOS="1070" WIDTH="136" HEIGHT="20" WC="0.95" CONTENT="närvarande"/><SP WIDTH="15" VPOS="1070" HPOS="758"/>
							<String ID="string_213" HPOS="773" VPOS="1069" WIDTH="34" HEIGHT="21" WC="0.95" CONTENT="till"/><SP WIDTH="15" VPOS="1069" HPOS="807"/>
							<String ID="string_214" HPOS="822" VPOS="1069" WIDTH="79" HEIGHT="27" WC="0.95" CONTENT="belopp"/><SP WIDTH="16" VPOS="1069" HPOS="901"/>
							<String ID="string_215" HPOS="917" VPOS="1069" WIDTH="24" HEIGHT="21" WC="0.96" CONTENT="af"/>
						</TextLine>
						<TextLine ID="line_27" HPOS="189" VPOS="1102" WIDTH="750" HEIGHT="28">
							<String ID="string_216" HPOS="189" VPOS="1102" WIDTH="85" HEIGHT="27" WC="0.85" CONTENT="årligen"/><SP WIDTH="21" VPOS="1102" HPOS="274"/>
							<String ID="string_217" HPOS="295" VPOS="1103" WIDTH="79" HEIGHT="25" WC="0.91" CONTENT="26,800"/><SP WIDTH="18" VPOS="1103" HPOS="374"/>
							<String ID="string_218" HPOS="392" VPOS="1103" WIDTH="68" HEIGHT="26" WC="0.93" CONTENT="mark,"/><SP WIDTH="16" VPOS="1103" HPOS="460"/>
							<String ID="string_219" HPOS="476" VPOS="1104" WIDTH="85" HEIGHT="20" WC="0.92" CONTENT="hvadan"/><SP WIDTH="15" VPOS="1104" HPOS="561"/>
							<String ID="string_220" HPOS="576" VPOS="1103" WIDTH="71" HEIGHT="21" WC="0.96" CONTENT="finska"/><SP WIDTH="16" VPOS="1103" HPOS="647"/>
							<String ID="string_221" HPOS="663" VPOS="1105" WIDTH="84" HEIGHT="19" WC="0.96" CONTENT="statens"/><SP WIDTH="15" VPOS="1105" HPOS="747"/>
							<String ID="string_222" HPOS="762" VPOS="1103" WIDTH="71" HEIGHT="27" WC="0.93" CONTENT="årliga"/><SP WIDTH="14" VPOS="1103" HPOS="833"/>
							<String ID="string_223" HPOS="847" VPOS="1103" WIDTH="92" HEIGHT="21" WC="0.92" CONTENT="totalut-"/>
						</TextLine>
						<TextLine ID="line_28" HPOS="188" VPOS="1136" WIDTH="751" HEIGHT="28">
							<String ID="string_224" HPOS="188" VPOS="1136" WIDTH="42" HEIGHT="26" WC="0.96" CONTENT="gift"/><SP WIDTH="14" VPOS="1136" HPOS="230"/>
							<String ID="string_225" HPOS="244" VPOS="1136" WIDTH="34" HEIGHT="21" WC="0.93" CONTENT="för"/><SP WIDTH="16" VPOS="1136" HPOS="278"/>
							<String ID="string_226" HPOS="294" VPOS="1136" WIDTH="220" HEIGHT="28" WC="0.92" CONTENT="gvinnobildningens"/><SP WIDTH="20" VPOS="1136" HPOS="514"/>
							<String ID="string_227" HPOS="534" VPOS="1137" WIDTH="149" HEIGHT="27" WC="0.88" CONTENT="befrämjande"/><SP WIDTH="15" VPOS="1137" HPOS="683"/>
							<String ID="string_228" HPOS="698" VPOS="1144" WIDTH="91" HEIGHT="14" WC="0.92" CONTENT="numera"/><SP WIDTH="16" VPOS="1144" HPOS="789"/>
							<String ID="string_229" HPOS="805" VPOS="1137" WIDTH="84" HEIGHT="27" WC="0.91" CONTENT="uppgär"/><SP WIDTH="15" VPOS="1137" HPOS="889"/>
							<String ID="string_230" HPOS="904" VPOS="1137" WIDTH="35" HEIGHT="21" WC="0.96" CONTENT="till"/>
						</TextLine>
						<TextLine ID="line_29" HPOS="189" VPOS="1170" WIDTH="299" HEIGHT="27">
							<String ID="string_231" HPOS="189" VPOS="1170" WIDTH="91" HEIGHT="26" WC="0.92" CONTENT="158,443"/><SP WIDTH="16" VPOS="1170" HPOS="280"/>
							<String ID="string_232" HPOS="296" VPOS="1170" WIDTH="62" HEIGHT="21" WC="0.96" CONTENT="mark"/><SP WIDTH="15" VPOS="1170" HPOS="358"/>
							<String ID="string_233" HPOS="373" VPOS="1170" WIDTH="28" HEIGHT="22" WC="0.96" CONTENT="80"/><SP WIDTH="15" VPOS="1170" HPOS="401"/>
							<String ID="string_234" HPOS="416" VPOS="1172" WIDTH="72" HEIGHT="25" WC="0.96" CONTENT="penni."/>
						</TextLine>
					</TextBlock>
					<TextBlock ID="block_2" HPOS="187" VPOS="1204" WIDTH="756" HEIGHT="299">
						<TextLine ID="line_30" HPOS="256" VPOS="1204" WIDTH="685" HEIGHT="22">
							<String ID="string_235" HPOS="256" VPOS="1204" WIDTH="43" HEIGHT="21" WC="0.96" CONTENT="Vid"/><SP WIDTH="15" VPOS="1204" HPOS="299"/>
							<String ID="string_236" HPOS="314" VPOS="1210" WIDTH="81" HEIGHT="15" WC="0.96" CONTENT="samma"/><SP WIDTH="14" VPOS="1210" HPOS="395"/>
							<String ID="string_237" HPOS="409" VPOS="1205" WIDTH="34" HEIGHT="21" WC="0.96" CONTENT="tid"/><SP WIDTH="15" VPOS="1205" HPOS="443"/>
							<String ID="string_238" HPOS="458" VPOS="1211" WIDTH="45" HEIGHT="15" WC="0.93" CONTENT="som"/><SP WIDTH="15" VPOS="1211" HPOS="503"/>
							<String ID="string_239" HPOS="518" VPOS="1204" WIDTH="250" HEIGHT="22" WC="0.91" CONTENT="fruntimmersskolorna"/><SP WIDTH="15" VPOS="1204" HPOS="768"/>
							<String ID="string_240" HPOS="783" VPOS="1204" WIDTH="92" HEIGHT="21" WC="0.90" CONTENT="sålunda"/><SP WIDTH="14" VPOS="1204" HPOS="875"/>
							<String ID="string_241" HPOS="889" VPOS="1204" WIDTH="52" HEIGHT="22" WC="0.87" CONTENT="öka-"/>
						</TextLine>
						<TextLine ID="line_31" HPOS="189" VPOS="1238" WIDTH="752" HEIGHT="26">
							<String ID="string_242" HPOS="189" VPOS="1238" WIDTH="38" HEIGHT="20" WC="0.94" CONTENT="des"/><SP WIDTH="22" VPOS="1238" HPOS="227"/>
							<String ID="string_243" HPOS="249" VPOS="1238" WIDTH="35" HEIGHT="20" WC="0.94" CONTENT="till"/><SP WIDTH="22" VPOS="1238" HPOS="284"/>
							<String ID="string_244" HPOS="306" VPOS="1238" WIDTH="60" HEIGHT="26" WC="0.96" CONTENT="antal"/><SP WIDTH="24" VPOS="1238" HPOS="366"/>
							<String ID="string_245" HPOS="390" VPOS="1239" WIDTH="40" HEIGHT="20" WC="0.93" CONTENT="och"/><SP WIDTH="18" VPOS="1239" HPOS="430"/>
							<String ID="string_246" HPOS="448" VPOS="1238" WIDTH="84" HEIGHT="21" WC="0.91" CONTENT="klasser"/><SP WIDTH="15" VPOS="1238" HPOS="532"/>
							<String ID="string_247" HPOS="547" VPOS="1240" WIDTH="55" HEIGHT="19" WC="0.93" CONTENT="samt"/><SP WIDTH="15" VPOS="1240" HPOS="602"/>
							<String ID="string_248" HPOS="617" VPOS="1238" WIDTH="111" HEIGHT="26" WC="0.92" CONTENT="öppnades"/><SP WIDTH="15" VPOS="1238" HPOS="728"/>
							<String ID="string_249" HPOS="743" VPOS="1238" WIDTH="34" HEIGHT="20" WC="0.95" CONTENT="för"/><SP WIDTH="15" VPOS="1238" HPOS="777"/>
							<String ID="string_250" HPOS="792" VPOS="1238" WIDTH="45" HEIGHT="21" WC="0.93" CONTENT="alla"/><SP WIDTH="15" VPOS="1238" HPOS="837"/>
							<String ID="string_251" HPOS="852" VPOS="1238" WIDTH="66" HEIGHT="21" WC="0.93" CONTENT="ständ"/><SP WIDTH="14" VPOS="1238" HPOS="918"/>
							<String ID="string_252" HPOS="932" VPOS="1238" WIDTH="9" HEIGHT="20" WC="0.96" CONTENT="i"/>
						</TextLine>
						<TextLine ID="line_32" HPOS="188" VPOS="1270" WIDTH="754" HEIGHT="28">
							<String ID="string_253" HPOS="188" VPOS="1270" WIDTH="121" HEIGHT="27" WC="0.85" CONTENT="samhället,"/><SP WIDTH="15" VPOS="1270" HPOS="309"/>
							<String ID="string_254" HPOS="324" VPOS="1271" WIDTH="72" HEIGHT="21" WC="0.96" CONTENT="blefvo"/><SP WIDTH="16" VPOS="1271" HPOS="396"/>
							<String ID="string_255" HPOS="412" VPOS="1271" WIDTH="63" HEIGHT="21" WC="0.96" CONTENT="äfven"/><SP WIDTH="15" VPOS="1271" HPOS="475"/>
							<String ID="string_256" HPOS="490" VPOS="1272" WIDTH="63" HEIGHT="21" WC="0.93" CONTENT="deras"/><SP WIDTH="14" VPOS="1272" HPOS="553"/>
							<String ID="string_257" HPOS="567" VPOS="1272" WIDTH="123" HEIGHT="25" WC="0.96" CONTENT="läroplaner"/><SP WIDTH="15" VPOS="1272" HPOS="690"/>
							<String ID="string_258" HPOS="705" VPOS="1272" WIDTH="68" HEIGHT="26" WC="0.96" CONTENT="högst"/><SP WIDTH="15" VPOS="1272" HPOS="773"/>
							<String ID="string_259" HPOS="788" VPOS="1272" WIDTH="109" HEIGHT="26" WC="0.93" CONTENT="betydligt"/><SP WIDTH="10" VPOS="1272" HPOS="897"/>
							<String ID="string_260" HPOS="907" VPOS="1273" WIDTH="35" HEIGHT="20" WC="0.93" CONTENT="ut-"/>
						</TextLine>
						<TextLine ID="line_33" HPOS="188" VPOS="1304" WIDTH="752" HEIGHT="27">
							<String ID="string_261" HPOS="188" VPOS="1304" WIDTH="100" HEIGHT="27" WC="0.95" CONTENT="vidgade,"/><SP WIDTH="16" VPOS="1304" HPOS="288"/>
							<String ID="string_262" HPOS="304" VPOS="1304" WIDTH="89" HEIGHT="23" WC="0.96" CONTENT="framför"/><SP WIDTH="15" VPOS="1304" HPOS="393"/>
							<String ID="string_263" HPOS="408" VPOS="1305" WIDTH="40" HEIGHT="21" WC="0.96" CONTENT="allt"/><SP WIDTH="14" VPOS="1305" HPOS="448"/>
							<String ID="string_264" HPOS="462" VPOS="1305" WIDTH="37" HEIGHT="22" WC="0.96" CONTENT="vid"/><SP WIDTH="15" VPOS="1305" HPOS="499"/>
							<String ID="string_265" HPOS="514" VPOS="1305" WIDTH="85" HEIGHT="21" WC="0.96" CONTENT="landets"/><SP WIDTH="8" VPOS="1305" HPOS="599"/>
							<String ID="string_266" HPOS="607" VPOS="1304" WIDTH="121" HEIGHT="22" WC="0.93" CONTENT="förnämsta"/><SP WIDTH="8" VPOS="1304" HPOS="728"/>
							<String ID="string_267" HPOS="736" VPOS="1304" WIDTH="91" HEIGHT="22" WC="0.91" CONTENT="fruntim"/><SP WIDTH="11" VPOS="1304" HPOS="827"/>
							<String ID="string_268" HPOS="838" VPOS="1305" WIDTH="102" HEIGHT="21" WC="0.92" CONTENT="merssko-"/>
						</TextLine>
						<TextLine ID="line_34" HPOS="187" VPOS="1338" WIDTH="753" HEIGHT="29">
							<String ID="string_269" HPOS="187" VPOS="1338" WIDTH="22" HEIGHT="21" WC="0.95" CONTENT="la"/><SP WIDTH="15" VPOS="1338" HPOS="209"/>
							<String ID="string_270" HPOS="224" VPOS="1338" WIDTH="7" HEIGHT="21" WC="0.93" CONTENT="i"/><SP WIDTH="14" VPOS="1338" HPOS="231"/>
							<String ID="string_271" HPOS="245" VPOS="1338" WIDTH="168" HEIGHT="22" WC="0.48" CONTENT="hufvudstaden."/><SP WIDTH="29" VPOS="1338" HPOS="413"/>
							<String ID="string_272" HPOS="442" VPOS="1339" WIDTH="64" HEIGHT="21" WC="0.96" CONTENT="Hvad"/><SP WIDTH="22" VPOS="1339" HPOS="506"/>
							<String ID="string_273" HPOS="528" VPOS="1339" WIDTH="121" HEIGHT="22" WC="0.95" CONTENT="emellertid"/><SP WIDTH="22" VPOS="1339" HPOS="649"/>
							<String ID="string_274" HPOS="671" VPOS="1339" WIDTH="106" HEIGHT="21" WC="0.96" CONTENT="särskildt"/><SP WIDTH="24" VPOS="1339" HPOS="777"/>
							<String ID="string_275" HPOS="801" VPOS="1340" WIDTH="72" HEIGHT="27" WC="0.96" CONTENT="angår"/><SP WIDTH="25" VPOS="1340" HPOS="873"/>
							<String ID="string_276" HPOS="898" VPOS="1340" WIDTH="42" HEIGHT="21" WC="0.96" CONTENT="den"/>
						</TextLine>
						<TextLine ID="line_35" HPOS="189" VPOS="1373" WIDTH="752" HEIGHT="27">
							<String ID="string_277" HPOS="189" VPOS="1379" WIDTH="77" HEIGHT="21" WC="0.93" CONTENT="genom"/><SP WIDTH="16" VPOS="1379" HPOS="266"/>
							<String ID="string_278" HPOS="282" VPOS="1373" WIDTH="170" HEIGHT="27" WC="0.91" CONTENT="skolordningen"/><SP WIDTH="16" VPOS="1373" HPOS="452"/>
							<String ID="string_279" HPOS="468" VPOS="1374" WIDTH="23" HEIGHT="20" WC="0.96" CONTENT="af"/><SP WIDTH="14" VPOS="1374" HPOS="491"/>
							<String ID="string_280" HPOS="505" VPOS="1374" WIDTH="55" HEIGHT="20" WC="0.96" CONTENT="1856"/><SP WIDTH="16" VPOS="1374" HPOS="560"/>
							<String ID="string_281" HPOS="576" VPOS="1374" WIDTH="37" HEIGHT="21" WC="0.96" CONTENT="vid"/><SP WIDTH="15" VPOS="1374" HPOS="613"/>
							<String ID="string_282" HPOS="628" VPOS="1374" WIDTH="139" HEIGHT="26" WC="0.93" CONTENT="Helsingfors"/><SP WIDTH="16" VPOS="1374" HPOS="767"/>
							<String ID="string_283" HPOS="783" VPOS="1374" WIDTH="158" HEIGHT="22" WC="0.91" CONTENT="fruntimmers-"/>
						</TextLine>
						<TextLine ID="line_36" HPOS="188" VPOS="1407" WIDTH="755" HEIGHT="28">
							<String ID="string_284" HPOS="188" VPOS="1407" WIDTH="64" HEIGHT="21" WC="0.96" CONTENT="skola"/><SP WIDTH="21" VPOS="1407" HPOS="252"/>
							<String ID="string_285" HPOS="273" VPOS="1407" WIDTH="109" HEIGHT="22" WC="0.93" CONTENT="inrättade"/><SP WIDTH="22" VPOS="1407" HPOS="382"/>
							<String ID="string_286" HPOS="404" VPOS="1408" WIDTH="70" HEIGHT="27" WC="0.92" CONTENT="fjerde"/><SP WIDTH="22" VPOS="1408" HPOS="474"/>
							<String ID="string_287" HPOS="496" VPOS="1408" WIDTH="66" HEIGHT="27" WC="0.96" CONTENT="klass,"/><SP WIDTH="25" VPOS="1408" HPOS="562"/>
							<String ID="string_288" HPOS="587" VPOS="1408" WIDTH="40" HEIGHT="21" WC="0.96" CONTENT="bör"/><SP WIDTH="22" VPOS="1408" HPOS="627"/>
							<String ID="string_289" HPOS="649" VPOS="1414" WIDTH="50" HEIGHT="15" WC="0.95" CONTENT="man"/><SP WIDTH="15" VPOS="1414" HPOS="699"/>
							<String ID="string_290" HPOS="714" VPOS="1408" WIDTH="124" HEIGHT="27" WC="0.95" CONTENT="observera,"/><SP WIDTH="16" VPOS="1408" HPOS="838"/>
							<String ID="string_291" HPOS="854" VPOS="1410" WIDTH="33" HEIGHT="20" WC="0.96" CONTENT="att"/><SP WIDTH="17" VPOS="1410" HPOS="887"/>
							<String ID="string_292" HPOS="904" VPOS="1408" WIDTH="39" HEIGHT="22" WC="0.96" CONTENT="det"/>
						</TextLine>
						<TextLine ID="line_37" HPOS="189" VPOS="1441" WIDTH="753" HEIGHT="28">
							<String ID="string_293" HPOS="189" VPOS="1441" WIDTH="78" HEIGHT="22" WC="0.96" CONTENT="härvid"/><SP WIDTH="21" VPOS="1441" HPOS="267"/>
							<String ID="string_294" HPOS="288" VPOS="1442" WIDTH="48" HEIGHT="21" WC="0.93" CONTENT="icke"/><SP WIDTH="23" VPOS="1442" HPOS="336"/>
							<String ID="string_295" HPOS="359" VPOS="1442" WIDTH="136" HEIGHT="27" WC="0.90" CONTENT="egenteligen"/><SP WIDTH="19" VPOS="1442" HPOS="495"/>
							<String ID="string_296" HPOS="514" VPOS="1448" WIDTH="38" HEIGHT="15" WC="0.96" CONTENT="var"/><SP WIDTH="15" VPOS="1448" HPOS="552"/>
							<String ID="string_297" HPOS="567" VPOS="1442" WIDTH="42" HEIGHT="21" WC="0.96" CONTENT="den"/><SP WIDTH="16" VPOS="1442" HPOS="609"/>
							<String ID="string_298" HPOS="625" VPOS="1442" WIDTH="110" HEIGHT="21" WC="0.93" CONTENT="allmänna"/><SP WIDTH="14" VPOS="1442" HPOS="735"/>
							<String ID="string_299" HPOS="749" VPOS="1442" WIDTH="143" HEIGHT="21" WC="0.92" CONTENT="skolkursens"/><SP WIDTH="16" VPOS="1442" HPOS="892"/>
							<String ID="string_300" HPOS="908" VPOS="1444" WIDTH="34" HEIGHT="20" WC="0.92" CONTENT="ut-"/>
						</TextLine>
						<TextLine ID="line_38" HPOS="187" VPOS="1475" WIDTH="755" HEIGHT="28">
							<String ID="string_301" HPOS="187" VPOS="1475" WIDTH="112" HEIGHT="27" WC="0.90" CONTENT="vidgning,"/><SP WIDTH="9" VPOS="1475" HPOS="299"/>
							<String ID="string_302" HPOS="308" VPOS="1482" WIDTH="45" HEIGHT="15" WC="0.94" CONTENT="som"/><SP WIDTH="15" VPOS="1482" HPOS="353"/>
							<String ID="string_303" HPOS="368" VPOS="1482" WIDTH="49" HEIGHT="15" WC="0.96" CONTENT="man"/><SP WIDTH="15" VPOS="1482" HPOS="417"/>
							<String ID="string_304" HPOS="432" VPOS="1476" WIDTH="48" HEIGHT="22" WC="0.96" CONTENT="haft"/><SP WIDTH="15" VPOS="1476" HPOS="480"/>
							<String ID="string_305" HPOS="495" VPOS="1477" WIDTH="7" HEIGHT="20" WC="0.93" CONTENT="i"/><SP WIDTH="15" VPOS="1477" HPOS="502"/>
							<String ID="string_306" HPOS="517" VPOS="1477" WIDTH="64" HEIGHT="26" WC="0.92" CONTENT="sigte,"/><SP WIDTH="16" VPOS="1477" HPOS="581"/>
							<String ID="string_307" HPOS="597" VPOS="1478" WIDTH="52" HEIGHT="19" WC="0.93" CONTENT="utan"/><SP WIDTH="16" VPOS="1478" HPOS="649"/>
							<String ID="string_308" HPOS="665" VPOS="1476" WIDTH="61" HEIGHT="27" WC="0.90" CONTENT="afsåg"/><SP WIDTH="15" VPOS="1476" HPOS="726"/>
							<String ID="string_309" HPOS="741" VPOS="1477" WIDTH="42" HEIGHT="21" WC="0.96" CONTENT="den"/><SP WIDTH="14" VPOS="1477" HPOS="783"/>
							<String ID="string_310" HPOS="797" VPOS="1483" WIDTH="43" HEIGHT="20" WC="0.95" CONTENT="nya"/><SP WIDTH="14" VPOS="1483" HPOS="840"/>
							<String ID="string_311" HPOS="854" VPOS="1477" WIDTH="88" HEIGHT="21" WC="0.94" CONTENT="klassen"/>
						</TextLine>
					</TextBlock>
				</ComposedBlock>
				<ComposedBlock ID="cblock_2" HPOS="260" VPOS="1521" WIDTH="477" HEIGHT="19">
					<TextBlock ID="block_3" HPOS="260" VPOS="1521" WIDTH="477" HEIGHT="19">
						<TextLine ID="line_39" HPOS="260" VPOS="1521" WIDTH="477" HEIGHT="19">
							<String ID="string_312" HPOS="260" VPOS="1521" WIDTH="94" HEIGHT="18" WC="0.93" CONTENT="Allmänna"/><SP WIDTH="12" VPOS="1521" HPOS="354"/>
							<String ID="string_313" HPOS="366" VPOS="1522" WIDTH="165" HEIGHT="18" WC="0.91" CONTENT="Besvärsutskottets"/><SP WIDTH="13" VPOS="1522" HPOS="531"/>
							<String ID="string_314" HPOS="544" VPOS="1522" WIDTH="105" HEIGHT="18" WC="0.96" CONTENT="betänkande"/><SP WIDTH="12" VPOS="1522" HPOS="649"/>
							<String ID="string_315" HPOS="661" VPOS="1521" WIDTH="34" HEIGHT="18" WC="0.96" CONTENT="N:o"/><SP WIDTH="15" VPOS="1521" HPOS="695"/>
							<String ID="string_316" HPOS="710" VPOS="1522" WIDTH="27" HEIGHT="18" WC="0.96" CONTENT="10."/>
						</TextLine>
					</TextBlock>
				</ComposedBlock>
			</PrintSpace>
		</Page>
	</Layout>
</alto>
