1042 1709
253 153 27 20 14
394 154 313 19 Petitionsbetänkande
722 155 47 18 N:o
784 156 34 16 13.

224 220 69 26 pästä,
318 222 33 18 att
375 220 63 21 dessa
459 220 147 22 bemödanden
629 220 71 21 skulle
719 220 57 20 varit
791 219 110 21 fruktlösa
916 219 55 21 eller

224 254 34 22 till
283 254 34 21 sin
335 254 133 28 anläggning
481 254 114 27 förfelade;
611 256 94 20 tvärtom
715 254 40 21 har
770 254 199 27 arbetetigvinno-

224 289 140 28 bildningens
386 290 68 27 tjenst
473 297 58 15 mera
546 292 26 19 än
588 290 51 21 flere
655 290 68 21 andra
738 296 77 20 grenar
831 289 23 22 af
867 289 49 22 värt
931 296 39 15 un-

225 324 233 27 dervisningsväsende
481 325 98 21 befunnit
601 325 34 26 sig
659 325 8 20 i
682 330 27 15 en
721 324 59 27 jemn
797 324 39 22 och
851 325 69 20 snabb
936 325 34 20 ut-

224 358 111 27 veckling;
356 359 56 20 hvad
427 365 45 15 som
487 360 68 20 redan
570 359 164 21 ästadkommits
749 359 69 21 mäste
833 358 137 27 följaktligen

224 393 92 27 erbjuda
334 399 26 15 en
378 394 81 26 mängd
477 393 130 28 förträffliga
625 393 188 28 utgängspunkter
831 393 34 21 för
881 393 89 21 fortsatt

225 427 75 22 arbete
322 427 7 21 i
355 433 80 16 samma
460 427 62 28 syfte.
556 428 27 21 Sä
603 429 15 20 t.
635 434 32 15 ex.
683 428 45 21 kan
745 427 36 21 det
796 427 109 27 knappast
919 433 53 15 vara

225 463 67 20 annat
312 463 28 19 än
360 468 27 15 en
406 462 113 27 tidsfräga,
534 462 108 21 huruvida
657 462 315 26 undervisningsprogrammet

224 496 8 21 i
247 496 49 21 värt
310 496 64 21 lands
392 496 225 22 fruntimmersskolor
631 496 24 21 af
668 497 69 20 andra
747 502 81 21 rangen
837 495 56 22 skall
901 495 70 21 utvid-

225 536 38 21 gas
285 530 50 21 med
350 530 90 27 ledning
455 530 23 21 af
492 531 41 20 den
547 531 37 21 vid
599 530 174 21 hufvudstadens
788 529 112 27 offentliga
916 529 55 22 läro-

226 565 81 21 anstalt
324 564 35 21 för
374 564 76 22 flickor
464 571 72 15 vunna
552 565 133 25 erfarenhet;
701 565 148 21 sammalunda
864 569 65 22 synes
943 565 28 26 pä

225 599 224 22 folkskoleväsendets
474 599 41 21 fält
536 599 161 26 hufvudfrägan
712 599 34 21 för
761 599 136 21 närvarande
912 605 57 20 vara,

224 635 34 19 att
279 633 195 27 undervisningens
488 633 110 22 förmäner
612 633 67 21 mätte
695 633 85 21 komma
795 633 48 21 dem
858 633 33 21 till
908 633 63 26 godo,

223 667 75 22 hvilka
322 667 49 22 icke
394 669 58 20 ännu
476 668 57 21 varit
554 669 8 20 i
587 667 128 27 åtnjutande
736 667 67 21 deraf.
836 667 41 21 Att
892 667 27 21 dä
935 667 36 21 vid

224 701 80 21 sädant
324 701 136 22 förhällande
479 702 49 20 med
542 702 145 26 petitionären
704 702 7 20 i
727 702 71 21 denna
813 701 62 26 fräga
889 701 83 27 päyrkä

224 735 28 21 de
276 735 116 27 ”lifligaste
415 736 195 26 ansträngningar”
633 735 67 21 bland
715 737 67 19 annat
797 735 33 21 för
845 737 33 19 att
893 735 78 26 bringa

224 768 150 23 folkskolorna
397 770 69 20 under
491 769 90 27 ledning
595 769 24 22 af
632 769 51 21 fullt
697 769 101 27 pälitliga
813 769 39 21 och
867 771 104 19 samvets-

225 809 83 21 granna
332 803 206 27 föreständarinnor,
562 804 37 21 det
621 806 24 18 är
667 804 123 26 säkerligen
809 805 32 19 att
856 804 47 21 icke
919 805 53 25 göra

226 838 26 21 de
267 838 68 21 redan
350 844 72 15 vunna
436 838 120 21 resultaten
572 838 39 21 full
626 838 99 21 rättvisa.
755 833 66 26 Öfver
833 838 84 21 hufvud
927 840 44 25 tyc-

225 872 39 22 kes
279 872 49 21 hela
349 872 120 27 petitionen
485 873 18 26 ej
520 872 23 21 så
558 872 86 27 mycket
659 871 46 22 afse
720 874 33 19 att
767 873 73 26 bygga
854 873 75 21 vidare
944 872 28 27 på

226 907 41 21 den
283 906 113 27 grundval,
419 913 45 14 som
479 907 67 21 redan
562 909 24 18 är
600 907 57 26 lagd,
677 909 53 18 utan
745 906 103 21 fastmera
863 907 27 26 gå
905 909 25 19 ut
944 907 29 26 på

225 943 33 19 att
280 941 48 21 från
353 941 148 27 begynnelsen
524 941 130 22 konstruera
672 943 32 19 ett
719 943 50 25 nytt
784 943 80 25 system
879 941 35 21 för
930 942 41 20 den

225 974 135 28 uppfostran,
383 981 45 15 som
451 975 68 21 borde
539 975 86 21 komma
646 975 105 21 Finlands
773 976 92 26 gvinnor
879 976 35 20 till
930 976 41 21 del.

221 1009 55 21 Med
292 1009 26 21 de
333 1009 64 21 ofvan
411 1009 123 22 refererade
549 1009 61 21 fakta
624 1009 34 21 för
673 1011 84 24 ögonen
772 1009 62 21 torde
848 1015 50 15 man
907 1009 65 22 emel-

224 1043 66 21 lertid
309 1043 54 21 böra
378 1043 101 26 erkänna,
496 1045 33 19 att
543 1045 33 20 ett
591 1043 78 21 sädant
683 1045 44 19 sätt
743 1045 32 19 att
790 1043 119 27 tillvägagä
923 1044 49 20 här-

224 1077 37 22 vid
290 1077 19 26 ej
332 1083 52 15 vore
408 1079 33 20 att
465 1077 94 22 förorda.
594 1077 118 21 Kännbara
732 1077 81 22 brister
827 1077 74 21 kunna
915 1078 35 20 väl
965 1077 7 21 i

224 1112 50 21 värt
292 1111 124 22 nuvarande
436 1111 97 27 gvinliga
548 1111 264 27 undervisningsväsende
827 1117 53 15 vara
894 1113 33 23 att
942 1112 31 21 af-

224 1146 80 27 hjelpa,
327 1145 111 28 åtskilliga
461 1146 76 21 luckor
560 1147 33 20 att
607 1145 60 28 fylla,
683 1151 49 16 men
747 1146 8 21 i
770 1145 118 22 allmänhet
903 1146 70 21 taladt

224 1182 26 19 är
270 1180 40 21 det
331 1179 190 23 för..närvarande
536 1180 107 27 vigtigare
659 1181 33 20 att
706 1180 135 27 konsegvent
857 1180 39 21 och
912 1187 60 14 ener-

224 1214 60 27 giskt
308 1214 102 27 fullfölja,
432 1215 57 21 hvad
507 1221 46 14 som
567 1215 68 21 redan
650 1215 100 26 begynts,
766 1216 27 19 än
809 1216 32 19 att
855 1215 49 20 med
919 1215 53 21 eller

225 1250 54 18 utan
301 1248 102 20 afseende
423 1249 29 25 pä
471 1249 42 19 den
532 1248 79 21 hittills
626 1254 79 19 vunna,
721 1247 69 21 delvis
805 1248 169 26 knapphändiga

226 1281 156 26 erfarenheten,
406 1281 62 27 börja
489 1283 98 25 uppgöra
608 1287 42 20 nya
671 1281 84 26 planer.
791 1281 28 21 Ju
841 1281 68 27 högre
923 1288 49 14 man

223 1315 131 27 uppskattar
369 1315 74 26 vigten
458 1314 24 22 af
486 1314 87 27 sjelfva
588 1315 41 21 den
645 1314 68 27 fräga,
728 1314 89 22 hvilken
830 1315 142 21 förevarande

224 1349 93 26 petition
339 1348 127 28 behandlar,
490 1348 50 22 dess
563 1354 81 22 nogare
666 1348 69 22 mäste
754 1355 49 15 man
819 1348 62 22 äfven
896 1349 76 26 pröfva

225 1383 28 21 de
266 1383 115 27 praktiska
395 1384 55 20 mätt
464 1383 41 22 och
521 1385 54 25 steg,
591 1382 76 22 hvilka
681 1383 68 21 redan
759 1383 73 21 blifvit
839 1383 133 27 tillämpade,

224 1419 24 25 ty
262 1417 55 22 allra
331 1417 66 21 minst
412 1424 26 15 en
455 1418 39 21 sak
509 1417 24 21 af
547 1418 70 21 denna
627 1417 156 22 beskaffenhet
797 1417 43 21 kan
850 1418 68 21 varda
925 1418 47 20 hul-

224 1456 42 24 pen
279 1452 51 21 med
345 1452 118 22 'sväfvande
478 1452 82 27 förslag
577 1452 40 22 och
632 1452 108 22 allmänna
755 1452 86 22 teorier.

246 1482 10 3 +
292 1486 114 22 Utskottet
416 1486 68 22 måste
492 1487 81 27 jemväl
583 1487 54 27 hysa
647 1486 176 27 betänkligheter
837 1486 135 22 beträffande

292 1533 91 17 Allmänna
395 1532 166 18 Besvärsutskottets
573 1532 104 18 betänkande
690 1532 34 17 N:o
739 1532 27 17 10.
