1034 1711
241 149 20 18 16
425 147 240 21 Petitionsbetänkande
676 147 39 19 N:o
728 147 34 18 20.

215 205 93 19 bitterhet.
331 205 36 18 Det
379 206 76 18 allenast
466 207 30 17 må
508 207 58 22 sägas,
579 206 28 17 att
618 205 201 23 undervisningsverken
830 205 7 17 i
845 204 40 18 vårt
893 203 74 19 älskade

216 234 77 18 Finland
309 235 34 17 och
357 235 87 18 särskildt
458 235 22 18 de
496 235 51 18 lärda
562 234 84 19 skolorna
658 235 47 16 ännu
718 235 30 16 äro
761 233 78 18 ordnade
850 232 24 24 på
887 233 26 18 ett
925 233 42 21 sätt,

216 269 37 12 som
268 263 15 23 ej
298 263 36 18 kan
345 263 68 19 lemnas
428 263 121 19 oförändradt.
573 263 64 19 Denna
648 263 78 23 pinsamt
737 262 67 24 farliga
816 261 50 20 refva
877 261 55 19 borde
944 267 24 12 nu

216 292 92 24 ändtligen
323 292 53 18 botas
390 292 8 18 i
412 293 97 18 rättvisans
526 292 33 19 och
573 292 116 23 billighetens
705 298 54 12 namn
770 292 30 17 till
812 290 83 19 inbördes
907 290 61 19 förlik-

215 321 45 23 ning
271 321 33 18 och
316 321 40 18 frid.
379 321 44 19 Mitt
435 322 112 18 vördsamma
557 321 69 23 förslag
637 326 47 16 vore,
697 322 29 17 att
738 320 30 19 det
780 320 69 24 redliga
861 320 107 18 bondestån-

216 349 30 19 det
257 351 70 17 ensamt
338 350 27 18 för
377 350 32 24 sig,
422 351 61 18 derest
495 351 20 17 så
526 350 57 19 måste
595 350 36 21 ske,
644 356 39 12 men
695 355 29 13 om
736 350 22 18 de
770 350 57 23 öfriga
839 349 75 19 stånden
926 348 42 19 ville

216 384 28 12 om
259 384 66 13 samma
339 379 79 23 yrkande
436 380 62 18 förena
513 380 32 23 sig,
564 380 119 18 tillsammans
700 379 40 18 med
756 378 44 22 dem,
818 378 64 18 nalkas
896 378 32 18 vår
943 378 25 18 äl-

215 407 55 19 skade
283 408 97 18 Storfurste
392 408 40 19 med
444 408 79 24 följande
536 408 83 24 ödmjuka
631 408 84 23 petition:

283 460 20 24 1)
315 463 26 15 att
355 460 107 24 Helsingfors
471 461 58 23 finska
541 461 125 23 privatlycewm
680 460 54 18 skulle
744 459 112 19 underhållas
869 460 37 17 med
919 462 48 15 stats-

250 489 62 21 medel;

283 518 20 23 2)
315 521 25 15 att
349 519 188 23 parallelafdelningen
547 519 8 17 i
568 513 36 23 Åbo
617 518 62 23 lyceum
691 518 53 18 skulle
755 518 55 23 blifva
818 518 52 22 finsk;

282 547 20 23 8)
315 550 25 14 att
355 548 112 22 Björneborgs
476 548 111 23 fyrklassiga
602 547 63 23 lycevm
680 547 53 17 skulle
740 547 107 23 förvandlas
859 546 28 18 till
898 550 21 15 ett
932 547 34 23 sju-

249 575 71 23 klassigt
327 576 51 23 finskt
390 576 68 23 lyceum,
471 577 88 22 äfvensom

281 605 21 22 4)
314 607 25 15 att
353 605 64 22 jemväl
435 605 91 23 Uleåborgs
536 605 57 23 finska
605 605 127 23 privatlyceum
746 605 54 17 skulle
813 604 104 23 uppehällas
930 605 38 18 med

249 633 98 18 statsmedel.

281 685 52 18 Hvad
352 685 55 22 angår
425 685 51 18 dessa
494 685 28 18 för
537 685 87 18 Finlands
639 685 37 18 folk
692 685 20 18 så
726 686 66 21 ytterst
804 685 92 23 naturliga
907 685 60 21 behof,

213 713 54 18 hafva
281 713 104 23 visserligen
396 713 31 18 vid
439 719 22 12 en
473 713 106 24 föregående
591 713 88 24 landtdag
691 713 109 18 åtminstone
812 713 56 18 delvis
880 713 87 18 underdå-

213 742 42 23 niga
271 742 97 23 petitioner
379 741 57 24 gjorts
450 742 66 21 derom,
532 743 33 18 och
577 743 55 17 saken
643 742 33 18 har
688 742 61 18 blifvit
761 742 65 18 utredd
837 742 94 23 tydligare,
944 743 23 16 än

213 770 66 23 dagens
291 770 37 23 ljus
341 771 27 20 är;
380 776 40 13 men
431 771 28 18 för
472 771 111 18 närvarande
594 771 51 18 torde
656 771 49 18 blott
717 776 21 12 en
750 772 38 17 röst
800 771 38 18 låta
846 771 44 18 höra
899 771 27 23 sig
933 771 33 18 hos

212 799 57 18 folket
287 799 33 18 och
339 799 38 18 dess
393 799 37 18 alla
446 800 69 17 klasser
529 799 76 19 rörande
621 799 57 19 denna
694 799 20 18 så
725 800 70 23 vigtiga
807 800 37 18 sak.
868 799 36 19 Det
915 799 52 18 torde

213 827 68 19 således
296 828 15 23 ej
327 833 43 13 vara
384 828 56 23 något
456 828 93 24 dåraktigt
563 829 55 23 hopp,
634 829 28 18 att
678 829 87 18 Finlands
780 829 47 18 folks
842 829 125 23 reprentanter

212 856 115 24 enstämmigt
337 857 44 23 taga
393 856 58 19 denna
463 857 32 18 sak
507 857 30 18 till
549 857 28 18 sin
591 862 69 18 omsorg
672 858 47 17 samt
730 857 66 23 bringa
807 857 102 19 densamma
920 857 46 19 inför

212 885 31 18 vår
255 885 102 19 herrskares
369 886 45 18 tron.
439 886 36 23 Jag
488 888 20 16 är
519 886 88 18 förvissad
621 892 33 16 om,
667 887 28 17 att
706 886 88 18 Finlands
806 886 98 18 Storfurste
916 886 7 18 i
935 886 31 18 nå-

212 914 31 18 der
254 914 47 18 skall
313 914 61 23 lyssna
385 914 30 18 till
428 914 58 18 denna
497 914 66 23 billiga
575 914 121 23 underdåniga
709 915 82 22 petition.

777 950 16 16 J.
807 949 89 18 Brusila.«

235 984 157 28 (Öfversättning.)

394 1029 55 23 yTill
460 1029 139 23 högvördiga
611 1029 175 19 Prestaständet.

280 1064 29 18 Dä
319 1064 5 18 i
335 1063 40 19 värt
386 1063 43 18 land
440 1064 95 18 förefinnes
547 1064 31 19 det
589 1064 27 18 för
629 1063 33 19 den
674 1064 92 18 allmänna
774 1064 114 23 bildningens
896 1064 66 19 förkof-

212 1099 33 13 ran
256 1093 79 23 menliga
346 1093 162 21 missförhällande,
521 1094 28 17 att
561 1093 6 18 i
579 1098 22 13 en
613 1093 46 21 stad,
672 1093 82 22 omkring
762 1093 72 18 hvilken
843 1093 121 18 landtbefolk-

212 1123 66 22 ningen
295 1122 48 18 talar
360 1121 62 21 finska,
440 1122 34 17 och
491 1122 53 18 hvars
562 1121 107 19 innevånare
684 1122 85 22 antingen
784 1122 84 22 vanligen
882 1122 82 23 begagna

212 1151 51 17 detta
277 1150 54 24 spräk
346 1150 43 18 eller
403 1150 33 18 ock
451 1152 31 16 äro
497 1150 98 18 detsamma
609 1150 81 23 mäktiga
702 1150 33 18 och
747 1150 60 18 kunna
818 1150 95 23 lätteligen
925 1150 38 19 läta

212 1179 39 18 sina
263 1179 46 18 barn
319 1179 55 18 vinna
385 1178 91 24 färdighet
487 1178 7 18 i
506 1178 104 22 detsamma,
621 1179 57 23 lyceer
687 1180 33 17 och
728 1179 180 18 fruntimmersskolor
916 1180 47 18 med-

212 1207 40 19 dela
264 1207 128 23 undervisning
403 1208 78 17 allenast
493 1207 19 18 ät
525 1208 34 18 den
570 1207 83 24 ungdom,
665 1213 38 12 som
715 1210 21 16 är
746 1208 70 23 mäktig
828 1208 75 18 svenska
915 1208 48 24 sprä-

211 1236 36 22 ket,
259 1236 116 22 hvarigenom
386 1236 64 22 mänga
462 1236 40 18 med
514 1236 47 22 goda
572 1236 116 22 naturgäfvor
701 1236 93 18 utrustade
805 1236 45 18 barn
862 1236 49 19 säväl
923 1237 39 18 frän

211 1264 68 21 staden,
291 1269 38 13 som
344 1264 103 22 isynnerhet
461 1264 40 17 från
516 1264 62 18 landet
592 1264 74 18 hindras
681 1265 29 17 att
724 1264 56 23 draga
792 1265 52 22 nytta
856 1264 20 18 af
886 1264 77 18 nämnda

210 1291 135 21 läroanstalter;
358 1292 20 17 sä
389 1292 29 17 fär
426 1291 32 23 jag
470 1292 102 22 ödmjukast
583 1292 70 21 föreslä,
670 1293 28 17 att
709 1292 111 23 högvördiga
828 1293 135 18 Prestaständet

210 1320 42 18 ville
263 1320 34 18 hos
309 1320 87 18 Finlands
408 1320 98 18 Storfurste
519 1320 73 18 anhälla
605 1326 28 12 om
645 1320 64 24 ätgärd
721 1321 30 17 till
763 1321 115 23 afhjelpande
886 1321 20 19 af
913 1322 49 18 detta

209 1348 160 22 missförhällande,
387 1349 42 18 eller
444 1350 28 17 att
488 1349 58 18 finska
558 1349 73 23 spräket
643 1350 57 18 skulle
712 1351 53 21 göras
776 1350 30 18 till
818 1350 143 24 undervisnings-

209 1378 54 23 språk
277 1377 7 19 i
299 1371 45 28 Åbo,
360 1378 124 23 Björneborgs,
500 1378 89 23 Wiborgs,
607 1378 27 18 S:t
648 1378 75 18 Michels
739 1379 33 17 och
787 1378 99 25 Uleåborgs
898 1380 62 23 lyceer,

210 1406 89 19 äfvensom
311 1407 6 17 i
329 1400 45 28 Åbo,
386 1407 89 23 Wiborgs,
487 1407 70 23 Kuopio
571 1407 32 18 och
616 1407 98 23 Uleåborgs
726 1408 185 19 fruntimmersskolor.

278 1441 112 24 Helsingfors
402 1441 34 19 den
448 1443 12 18 3
471 1441 87 19 Februari
570 1443 50 18 1877.

754 1473 20 16 A.
792 1473 100 17 Warelius.*

277 1505 95 18 Allmänna
383 1506 160 19 Besvärsutskottets
553 1506 105 19 betänkande
670 1507 36 16 N:o
718 1507 28 17 17.
