1039 1703
228 157 313 20 Petitionsbetänkande
555 159 47 18 N:o
617 160 35 17 32.
769 166 12 11 5

70 225 75 19 stämts
168 223 70 21 säsom
260 224 130 26 vigtsenhet.
426 224 72 27 Nyare
522 230 149 21 noggrannare
693 225 118 20 undersök-

69 257 77 26 ningar
160 257 65 21 hafva
239 257 35 21 väl
289 257 121 27 ådagalagt,
426 259 32 19 att
473 258 133 21 sistnämnda
621 259 141 26 bestämning,
771 259 40 20 lik-

69 297 45 15 som
137 291 41 21 den
201 291 158 27 ursprungliga,
383 291 68 27 enligt
470 291 86 22 hvilken
572 294 83 19 metern
670 292 49 21 bort
734 294 78 25 utgöra

66 325 69 27 jemnt
158 331 24 15 en
200 325 27 20 40
243 325 147 21 milliondedel
406 325 23 20 af
442 331 26 15 en
483 325 116 21 meridians
614 326 65 26 längd
694 325 47 21 icke
756 326 56 20 varit

68 358 52 29 fullt
143 358 72 27 exakt,
233 359 39 21 och
290 360 32 20 att
337 359 41 21 den
393 359 105 21 rationela
514 359 75 27 grund,
606 365 44 15 som
668 366 48 14 man
732 359 80 27 åsyftat

69 395 32 19 att
143 392 58 28 gifva
236 393 37 21 det
310 393 102 21 metriska
449 395 108 25 systemet,
587 394 7 20 i
622 394 60 20 detta
710 393 101 21 afseende

69 429 84 25 strängt
184 428 60 26 taget
266 427 47 21 icke
335 426 122 22 förefinnes.
489 427 31 21 På
542 427 49 21 dess
606 427 97 27 pratiska
717 428 94 20 använd-

69 462 76 20 barhet
168 462 39 20 har
232 461 77 21 sådant
324 461 55 21 dock
389 461 47 21 icke
447 461 105 21 inverkat.
575 461 45 21 Den
630 462 182 26 utomordentliga

68 496 106 25 enkelhet,
198 495 160 27 följdriktighet
377 495 39 21 och
432 496 64 20 enhet
511 495 7 21 i
534 495 84 27 planen,
635 502 45 14 som
695 495 116 27 genomgår

68 530 123 26 detsamma,
214 529 39 21 och
276 536 45 14 som
336 529 112 21 förbinder
463 529 69 27 mått-,
549 529 52 21 mål-
616 530 39 20 och
671 530 138 26 vigtbestäm-

67 564 106 26 ningarna
194 563 48 21 med
257 563 128 25 hvarandra,
400 563 64 21 hafva
479 564 7 20 i
502 563 99 27 förening
616 564 49 20 med
681 563 26 21 de
722 569 88 21 synner-

66 598 58 26 ligen
139 597 65 22 enkla
218 597 40 22 och
276 597 134 27 konseqvent
425 597 99 21 använda
538 597 183 27 beteckningarna
735 597 28 27 på
777 597 34 21 så-

66 632 34 21 väl
123 631 168 28 mängfalderna,
314 637 46 16 som
382 632 234 26 underafdelningarna
638 631 22 21 af
674 632 26 20 de
716 633 94 24 antagna

67 666 123 26 enheterna,
212 665 113 21 förskaffat
347 666 37 20 det
406 666 104 21 metriska
533 667 103 25 systemet
652 666 36 20 det
703 666 108 20 allmänna

65 700 145 26 erkännande,
226 701 32 20 att
274 700 118 21 detsamma
407 700 113 21 efterhand
537 700 102 26 antagits,
655 700 48 20 icke
718 700 92 20 allenast

65 734 7 20 i
95 733 127 27 Frankrike,
245 735 51 19 utan
320 733 62 21 äfven
404 734 8 20 i
435 734 94 21 Holland
552 734 39 21 och
613 734 96 26 Belgien,
724 734 85 26 Italien,

65 768 110 25 Schweitz,
199 767 109 27 Portugal,
324 768 70 26 Tyska
409 768 63 26 riket,
488 768 118 24 Grekland,
621 768 96 25 Turkiet,
735 763 72 25 Öster-

66 802 47 21 rike
134 802 40 20 och
198 801 94 27 Ungern,
314 802 78 26 Norge,
419 803 70 19 större
512 802 61 20 delen
592 801 23 21 af
630 801 52 27 Syd-
697 801 112 21 Amerikas

67 837 68 19 stater
151 835 41 21 och
207 835 27 21 de
248 835 104 21 brittiska
367 836 172 26 besittningarne
553 836 7 20 i
577 835 119 26 Ostindien,
712 836 56 20 samt
776 834 34 21 till

65 870 171 25 konventionelt,
253 870 68 20 ehuru
336 870 47 20 icke
399 870 89 20 allmänt
503 869 55 21 bruk
569 870 5 20 i
584 869 99 27 England
691 870 39 20 och
741 869 60 21 Nord

65 904 113 20 Amerikas
203 904 95 20 Förenta
312 905 74 25 stater,
402 906 60 18 utom
477 905 33 19 att
525 904 119 21 detsamma
659 903 23 21 så
697 904 53 26 godt
765 909 44 15 som

64 938 138 21 uteslutande
224 938 108 21 användes
350 938 7 20 i
372 938 163 26 vetenskapliga
550 938 92 21 arbeten
659 938 39 20 och
713 938 36 20 vid
766 938 43 20 sta-

63 972 87 21 tistiska
162 971 141 27 jemförelser.

130 1006 33 21 De
194 1006 173 26 betänkligheter
399 1006 107 20 utskottet
537 1005 66 21 likväl
635 1005 49 27 hyst
714 1006 35 20 vid
772 1007 33 19 att

65 1040 87 21 förorda
167 1040 7 20 i
190 1039 62 27 fråga
266 1039 94 21 varande
376 1039 185 27 petitionsförslag
577 1039 89 21 härröra
681 1039 65 22 också
760 1039 48 21 icke

64 1073 66 26 deraf,
155 1075 32 19 att
202 1073 108 21 utskottet
325 1073 70 21 skulle
410 1073 68 26 hyllat
494 1079 26 15 en
535 1079 70 15 annan
622 1073 56 27 åsigt
693 1080 33 14 om
743 1073 66 26 lämp-

65 1107 94 27 ligheten
177 1107 23 21 af
214 1107 36 21 det
265 1107 105 21 metriska
384 1109 114 24 systemets
514 1107 124 27 antagande
653 1107 7 20 i
674 1107 93 21 Finland
782 1109 26 18 än

65 1142 40 20 den
129 1141 67 21 redan
220 1141 22 21 af
263 1141 138 21 1863—1864
416 1141 35 20 års
467 1141 92 21 Ständer
575 1141 103 22 uttalade.
708 1141 100 22 Tvärtom

63 1175 68 21 håller
153 1175 107 21 utskottet
282 1175 46 21 före
351 1177 33 19 att
402 1175 92 21 Finland
509 1175 47 22 icke
572 1175 56 22 skall
643 1175 72 21 kunna
730 1176 78 20 under-

62 1209 45 20 låta
128 1211 33 18 att
183 1209 70 20 införa
275 1215 81 14 samma
380 1210 79 25 system
481 1209 33 20 för
529 1209 60 26 mått,
617 1209 42 20 mål
675 1209 40 21 och
731 1209 76 26 vigter,

62 1249 44 14 som
122 1249 29 14 nu
167 1243 66 20 redan
248 1245 24 18 är
288 1244 88 25 antaget
390 1243 7 20 i
413 1249 25 15 en
455 1245 45 19 stor
515 1243 35 21 del
565 1243 23 21 af
602 1243 41 21 den
658 1243 87 21 bildade
753 1243 55 20 verl-

67 1277 48 26 den,
131 1277 39 21 och
187 1283 45 14 som
256 1277 48 21 med
320 1277 28 20 all
364 1277 137 21 sannolikhet
515 1277 68 21 måste
598 1277 128 21 förutsättas
741 1277 67 21 blifva

61 1313 88 24 antaget
164 1311 62 21 äfven
242 1311 7 20 i
265 1311 26 20 de
306 1311 81 25 länder,
404 1311 38 20 der
458 1311 60 21 detta
532 1313 57 19 ännu
605 1311 18 26 ej
640 1311 63 21 skett.

133 1344 51 21 Icke
199 1344 69 21 heller
283 1344 26 21 de
325 1344 139 25 svårigheter,
480 1350 45 15 som
541 1350 25 15 en
582 1344 79 21 reform
676 1344 7 20 i
698 1344 37 21 det
749 1343 56 22 före-

63 1378 76 26 slagna
162 1377 67 27 syftet
247 1377 70 21 skulle
332 1379 64 24 möta,
412 1379 24 18 är
451 1378 43 25 det,
510 1383 45 15 som
571 1377 106 21 utskottet
692 1378 36 20 vid
744 1379 61 19 ären-

61 1412 48 21 dets
126 1411 132 28 behandling
274 1411 153 22 företrädesvis
442 1411 47 22 haft
504 1411 101 22 afseende
620 1411 36 27 på;
672 1418 48 15 men
732 1411 27 21 då
770 1412 36 20 det

60 1447 39 20 här
114 1446 68 27 gäller
197 1448 33 19 att
244 1446 94 27 granska
352 1446 38 21 och
399 1447 58 25 yttra
466 1447 32 26 sig
506 1446 60 21 öfver
575 1448 31 19 ett
615 1446 192 27 petitionsförslag,

61 1481 78 21 sådant
154 1480 118 21 detsamma
288 1480 73 21 blifvit
376 1480 129 27 framstäldt,
521 1482 55 19 samt
592 1480 103 27 förslaget
710 1480 47 21 icke
772 1480 31 21 af-

126 1526 174 17 Ekonomiutskottets
312 1526 104 17 betänkande
431 1526 31 17 N:o
475 1526 27 17 14.
