1025 1706
282 139 254 27 Petitionsbetänkande
552 140 40 25 N:o
607 140 22 25 5;
684 162 3 2 =.
792 140 12 21 5

80 207 99 21 vetsgrann
192 204 34 19 och
238 206 29 17 att
278 205 37 18 han
327 204 29 19 till
368 210 23 14 en
403 205 51 23 ledig
465 206 58 22 tjenst
533 205 33 19 vill
577 204 57 20 hafva
642 204 88 25 antingen
738 204 29 19 sin
775 204 59 24 dräng

79 233 56 19 Matti
152 233 47 19 eller
215 233 62 23 någon
288 239 67 17 annan,
367 239 40 13 som
419 234 36 18 han
467 234 37 18 lärt
514 234 63 18 känna
588 239 52 13 mera
651 234 29 17 för
693 234 142 18 samvetslöshet

80 264 24 16 än
121 262 178 22 samvetsgrannhet,
314 262 24 17 då
353 263 35 17 har
404 262 91 22 tjenstens
506 262 111 18 besättande
629 253 73 36 lyckats
714 262 71 18 mindre
797 262 36 21 väl,

79 291 34 17 och
131 290 54 18 hvem
203 295 60 13 annan
281 292 24 16 än
323 290 32 18 det
371 291 85 18 stackars
471 290 61 19 folket
546 292 20 16 är
582 290 37 22 det,
634 296 39 12 som
690 290 50 18 svårt
751 290 29 18 får
795 290 40 18 lida

80 318 76 19 derför?
174 318 38 24 Jag
223 319 78 23 hoppas,
314 320 28 16 att
354 319 69 18 enhvar
436 325 39 12 som
487 321 35 20 vet,
534 319 48 18 huru
593 319 75 23 mycket
680 318 45 23 godt
734 318 47 18 eller
789 318 46 19 ondt

79 347 23 19 de
114 347 81 18 nämnda
206 347 178 23 kronobetjenterna
395 348 63 18 kunna
469 348 63 22 verka,
544 347 64 19 hvilka
620 346 53 19 alltid
682 349 33 17 äro
723 347 44 19 med
773 347 61 21 folket

78 376 127 22 tillsammans,
221 376 53 18 skola
286 376 65 18 förena
363 376 29 23 sig
403 376 43 18 med
457 376 38 23 mig
506 376 27 18 uti
545 376 75 18 anfördt
632 375 48 24 syfte
693 378 48 16 samt
753 376 80 22 anhålla,

79 407 27 16 att
122 404 24 18 då
160 405 61 22 någon
236 404 20 18 af
271 404 23 18 de
307 404 79 18 nämnda
398 405 103 22 tjensterna
511 405 37 18 blir
560 404 57 23 ledig,
629 404 204 22 kommunalnämnden,

78 433 52 22 eller,
148 432 33 19 der
195 433 174 18 kommunalnämnd
385 433 16 22 ej
416 433 65 22 finnes,
497 438 22 13 en
532 433 62 18 derför
607 433 66 18 enkom
685 433 68 18 tillsatt
764 432 69 19 komité

78 462 56 18 måtte
147 461 19 18 få
178 462 28 23 sig
218 462 104 23 uppdraget
334 464 28 16 att
374 461 54 19 anslå
439 462 80 23 tjensten
531 462 29 18 till
573 461 103 23 ansökning
687 462 50 17 inom
746 462 22 17 14
776 461 58 23 dagar

78 491 42 18 från
134 491 60 18 andra
209 490 180 24 kungörelsedagen,
403 491 80 22 uppföra
494 494 28 15 tre
535 491 24 22 på
571 490 77 23 förslag,
658 491 26 22 på
697 490 87 18 bestämd
797 489 37 23 dag

78 519 106 18 undersöka
201 519 55 19 deras
272 519 97 23 duglighet
385 522 49 15 samt
449 519 47 19 efter
511 522 28 16 att
552 519 57 19 hafva
623 519 84 18 förordat
719 523 24 13 en
755 519 21 18 af
786 518 47 22 dem,

79 549 59 18 sända
152 548 135 23 handlingarne
303 548 29 18 till
345 549 61 18 länets
418 551 97 20 guvernör,
528 554 40 13 som
580 548 58 19 sedan
649 547 7 18 i
668 548 47 19 sista
726 547 51 19 hand
789 551 45 19 eger

79 580 28 16 att
118 577 66 24 afgöra
196 577 64 18 saken.

147 606 124 24 Helsingfors,
284 606 35 18 den
332 608 10 16 5
355 606 91 18 Februari
459 607 50 18 1877,

578 630 64 17 Robert
652 629 113 18 Lukander."

147 687 42 22 Vid
208 687 160 28 behandlingen
386 687 23 22 af
426 687 63 22 dessa
503 687 49 22 med
567 687 121 22 hvarandra
703 685 131 29 gemenskap

79 722 82 28 egande
176 721 43 22 mål
234 722 40 21 har
288 721 40 23 hos
342 722 107 21 utskottet
462 722 64 29 ingen
540 721 79 22 tvekan
634 722 36 27 egt
684 728 47 14 rum
741 721 92 21 rörande

78 757 75 28 sjelfva
168 755 162 30 hufvudfrågan,
342 756 53 23 eller
405 757 36 21 det
452 756 114 29 tvingande
575 756 101 22 behofvet
686 755 24 22 af
718 763 27 14 en
754 755 80 22 reform

79 791 48 22 med
141 791 123 22 hänseende
280 791 33 22 till
327 791 221 22 kronolänsmännens
561 790 109 29 ställning.
704 789 11 22 I
729 790 59 21 detta
803 789 32 22 af-

77 826 79 22 seende
170 825 40 23 har
225 826 41 22 den
281 826 110 22 allmänna
405 827 112 28 meningen
532 825 68 23 redan
614 825 78 22 hunnit
701 824 24 23 så
734 824 100 23 fullkom-

77 861 39 28 ligt
130 861 79 28 stadga
222 861 40 28 sig,
278 863 32 20 att
324 861 125 28 ytterligare
464 861 110 28 bevisning
590 860 40 22 och
646 859 125 28 motivering
784 865 50 16 vore

77 895 131 30 Ofverflödig.
233 896 50 22 Men
297 897 41 21 när
352 896 37 22 det
404 896 97 22 deremot
514 895 69 29 gäller
597 897 33 20 att
642 895 8 21 i
665 895 66 28 detalj
741 894 92 27 angifva,

76 931 56 21 huru
147 931 41 21 den
202 931 162 27 nödigbefunna
378 931 107 21 reformen
499 931 41 21 bör
554 929 90 26 utföras,
657 929 70 22 förete
742 928 33 28 sig
790 928 45 22 del-

76 966 32 22 vis
128 965 58 22 olika
204 966 96 28 utvägar,
320 965 41 22 och
380 965 40 21 har
439 966 36 20 det
489 964 75 22 härvid
578 964 56 22 varit
647 962 118 23 utskottets
779 962 56 28 pligt

78 1002 32 20 att
118 1000 78 22 främst
204 999 58 23 fästa
272 999 101 22 afseende
383 999 35 22 vid
427 1000 58 21 vissa
495 999 108 22 allmänna
613 998 139 28 synpunkter,
763 996 72 24 hvilka

77 1036 105 21 utskottet
196 1041 64 15 anser
274 1034 34 22 vid
324 1041 26 15 en
365 1035 80 21 reform
459 1035 8 21 i
481 1034 115 28 synnerhet
609 1033 55 22 böra
679 1033 64 21 afses.

149 1075 43 22 För
212 1077 31 19 att
258 1076 56 21 först
327 1074 102 23 betrakta
445 1075 41 21 den
500 1074 100 28 rättsliga
613 1073 62 23 sidan
691 1073 24 22 af
727 1072 108 22 länsmän-

77 1117 53 15 nens
150 1110 108 29 ställning,
279 1116 64 16 anser
361 1109 105 23 utskottet
477 1122 26 4 —
514 1111 53 20 utan
582 1110 33 20 att
628 1106 51 30 ingä
693 1108 8 21 i
715 1106 73 29 nägon
802 1106 33 22 hi-

77 1144 190 29 storiskt-juridisk
286 1144 161 28 undersökning
466 1151 35 15 om
519 1143 125 29 betydelsen
660 1142 40 22 och
715 1141 120 28 rättmätig-

77 1180 65 21 heten
162 1179 23 22 af
203 1179 41 22 den
264 1178 24 23 år
304 1180 53 21 1831
375 1179 41 21 den
431 1180 27 20 24
473 1178 89 22 Januari
575 1177 116 22 utfärdade
705 1175 129 29 kungörelse

77 1227 29 3 —
121 1215 33 20 att
172 1214 141 21 länsmannen
331 1213 35 21 för
387 1213 133 21 närvarande
540 1213 25 21 är
584 1212 39 21 allt
641 1211 34 22 för
693 1210 86 28 mycket
796 1209 39 22 be-

78 1248 80 22 roende
174 1248 24 21 af
210 1248 33 21 sin
258 1248 118 28 guvernörs
391 1247 112 28 godtycke.
528 1246 33 22 En
576 1245 26 23 sä
616 1247 46 20 stor
676 1244 160 28 magtfullkom-

78 1283 68 30 lighet
162 1282 35 22 för
213 1282 112 28 guvernör,
340 1288 47 15 som
402 1283 33 20 att
450 1281 66 29 enligt
530 1287 50 22 nyss
596 1280 95 22 citerade
705 1274 130 36 kungörelse

78 1318 74 20 kunna
168 1322 53 16 utan
240 1317 75 21 vidare
334 1316 91 28 omgång
443 1320 75 24 genast
533 1315 57 29 från
608 1316 91 27 tjensten
713 1314 68 28 skilja
798 1312 37 21 och

80 1350 84 29 afsätta
180 1349 105 26 länsmän,
300 1356 47 15 som
362 1349 43 27 uti
419 1349 93 27 tjensten
526 1348 70 22 finnas
611 1346 111 23 värdslöse
737 1346 41 22 och
792 1345 45 21 för-

79 1384 97 28 sumlige,
196 1383 54 22 eller
268 1390 77 21 genom
365 1382 37 22 sitt
416 1382 134 28 uppförande
565 1380 109 23 förverkat
688 1378 149 24 landshöfdin-

80 1426 52 22 gens
146 1418 146 26 förtroende",
302 1417 86 23 hvilken
399 1416 78 29 åtgärd
487 1416 124 29 ytterligare
621 1417 44 21 icke
671 1416 43 29 får
723 1416 10 21 i
742 1415 94 21 besvärs-

79 1457 44 23 väg
137 1453 81 29 dragas
235 1452 69 22 under
318 1453 63 28 högre
395 1453 124 20 auktoritets
533 1450 104 30 pröfning
652 1451 37 21 och
703 1448 135 24 bedömande,

149 1496 102 19 Allmänna
266 1496 183 19 Besvärs-utskottets
463 1495 115 18 betänkande
593 1493 36 20 N:o
644 1493 19 19 5.
