1048 1703
254 141 320 20 Petitionsbetänkande
590 141 50 21 N:o
655 141 47 21 33.
808 142 10 19 3

275 204 56 19 ”Till
346 205 146 23 Högvördiga
503 206 175 19 Prestaståndet.

171 233 40 18 Med
224 234 93 23 anledning
329 234 54 22 deraf,
395 237 25 14 att
427 235 60 21 Borgå
495 235 45 18 stifts
549 236 110 22 presterskap
668 236 28 17 vid
707 236 43 17 1875
759 236 28 17 års
796 238 54 20 prest-

103 263 47 16 möte
164 262 75 22 beslutit,
253 265 25 14 att
290 262 110 23 underdånig
413 263 74 22 petition
498 263 29 17 vid
539 263 57 18 denna
607 264 82 22 landtdag
701 264 54 17 borde
767 263 84 18 inlemnas

102 289 66 22 derom,
188 292 25 15 att
231 291 33 16 den
282 290 171 23 öfverhandtagande
465 291 56 22 fylleri
533 291 55 18 lasten
604 293 60 20 måtte,
678 292 56 17 såvidt
745 291 68 23 möjligt
824 294 24 18 är,

102 317 78 18 hämmas
191 324 61 16 genom
266 319 80 17 minskad
355 319 74 22 tillgång
435 319 24 22 på
466 320 73 17 bränvin
548 319 33 18 och
589 320 54 17 andra
648 320 112 22 rusgifvande
770 319 80 22 drycker,

102 345 27 17 får
146 346 136 22 undertecknad,
302 346 28 18 för
347 346 30 19 det
394 347 107 17 närvarande
518 347 48 17 äldre
584 353 77 12 assessor
672 348 29 17 vid
712 347 139 23 Domkapitlet
841 341 14 34 i

102 374 64 22 Borgå,
186 374 26 18 till
228 375 30 17 det
275 375 114 22 Högvördiga
407 375 82 18 Ståndets
505 376 114 21 behjertande
637 376 95 18 framställa
750 376 102 17 förberörda

102 399 136 30 önskningsmål.
439 407 2 2 5

171 431 82 18 Likasom
267 438 21 11 en
300 432 66 22 sorglig
377 432 99 18 erfarenhet
487 434 73 22 intygar,
575 435 25 15 att
611 433 92 17 bränvinet
713 433 62 17 alstrat
782 433 70 22 mycket

102 460 86 17 materielt
206 460 61 18 elände
284 460 34 18 och
335 463 37 15 stor
388 461 83 18 moralisk
483 462 107 22 förnedring,
604 464 44 15 samt
661 464 25 14 att
698 464 47 15 ruset
760 461 51 23 gifvit
822 467 30 11 an-

102 488 71 23 ledning
190 489 26 17 till
234 489 102 23 oräkneliga
353 492 55 15 större
425 490 33 18 och
469 490 68 18 mindre
549 490 52 21 brott,
615 490 19 17 sä
645 490 51 17 torde
708 490 29 17 det
748 489 51 18 äfven
811 495 41 12 vara

104 523 21 11 en
137 517 71 17 allmänt
221 518 64 17 erkänd
298 518 79 23 sanning,
389 521 25 15 att
425 518 5 17 i
443 524 66 12 samma
521 519 40 17 män
573 524 38 12 som
625 518 134 23 tillverkningen
770 518 21 17 af
800 518 51 17 brän-

102 546 30 17 vin
150 546 56 22 ökats,
225 547 31 17 har
274 547 34 18 ock
326 543 113 26 fyllerilasten
455 548 76 22 tilltagit,
551 547 99 23 isynnerhet
663 547 6 17 i
680 547 81 18 städerna
772 547 34 18 och
818 547 33 17 den

102 575 26 16 till
146 575 81 17 städerna
240 577 78 16 närmast
333 576 74 22 belägna
418 576 125 23 landsbygden,
557 576 31 17 der
599 577 95 21 tillgången
705 576 27 17 till
743 581 53 12 varan
808 575 44 18 varit

102 603 67 18 lättare.
194 603 36 18 För
240 606 26 15 att
277 604 96 17 förderfvet
385 605 33 16 och
426 605 29 17 det
464 605 71 17 dermed
543 605 77 22 följande
628 604 68 17 eländet
708 604 40 17 icke
756 604 30 17 allt
794 603 58 18 vidare

103 632 29 17 mä
143 632 50 22 gripa
205 632 81 22 omkring
298 633 31 22 sig,
343 633 55 17 borde
414 633 67 18 således
489 633 76 22 kraftiga
573 633 80 22 åtgärder
661 633 83 22 vidtagas.
763 632 43 17 Icke
817 632 36 17 kan

104 660 29 17 det
145 660 132 23 ifrågavarande
289 661 46 17 onda
352 661 81 22 besegras
445 661 61 18 endast
517 661 40 18 med
569 661 66 18 andans
647 667 61 16 vapen,
723 661 41 17 eller
775 660 78 17 hämmas

104 688 62 17 endast
177 694 63 16 genom
252 689 212 22 religionsundervisning,
479 689 103 23 uppfostran
594 689 33 17 och
639 689 110 22 upplysning,
762 690 46 16 samt
819 688 33 17 för-

105 717 73 17 ädlande
189 717 52 22 nöjen
253 724 23 10 m.
290 724 31 15 m.,
335 720 18 20 ty
365 718 31 16 der
407 718 93 22 passionen
511 718 34 17 fått
556 720 41 20 taga
606 717 95 18 öfverhand
709 718 33 16 och
750 717 103 17 menniskan

104 746 57 16 blifvit
178 746 35 17 slaf
226 746 54 17 under
292 746 106 22 densamma,
411 746 32 18 der
455 746 67 22 hjelper
533 746 39 18 icke
584 752 48 11 mera
644 746 127 22 öfvertygelsen
783 751 29 12 om
824 745 29 17 det

104 774 106 23 förderfliga,
229 775 30 17 der
271 777 19 15 är
301 774 45 18 enda
357 775 106 17 botemedlet
475 776 30 16 det
516 778 25 14 att
553 775 36 17 hon
601 774 81 18 beröfvas
692 774 69 18 tillfälle
772 777 26 15 att
820 774 34 17 till-

104 802 47 18 freds
163 803 50 18 ställa
223 803 33 18 den
268 803 67 23 nesliga
346 804 63 16 lustan.

171 832 26 17 På
214 832 57 22 grund
286 832 20 17 af
319 832 30 18 det
363 832 74 17 anförda
452 832 78 17 anhåller
539 832 31 22 jag
583 832 99 22 ödmjukast
694 834 25 15 att
731 831 72 18 Ståndet
814 831 40 18 ville

105 860 61 18 förena
178 861 27 22 sig
216 866 29 12 om
258 867 21 11 en
291 860 74 23 petition
377 861 6 16 i
395 860 77 22 följande
483 860 53 22 syfte:

174 890 34 16 1:0.
231 889 34 17 Att
277 888 88 18 bränvins
377 888 140 23 tillverkningen
528 888 8 18 i
548 888 62 18 landet
621 888 93 21 minskas;

173 918 34 17 2:0.
232 918 33 17 Att
277 917 96 19 bränvinet
383 923 63 17 genom
454 917 78 23 förhöjd
543 917 114 23 beskattning
664 917 98 23 fördyras,
775 917 31 18 och

174 946 34 18 3:0.
233 946 34 18 Att
285 944 99 26 tillgången
401 946 30 18 till
447 946 60 18 denna
525 952 50 15 vara,
594 945 94 23 äfvensom
700 946 30 18 till
741 945 61 19 andra
814 951 40 12 rus-

230 974 89 24 gifvande
335 974 82 24 drycker,
434 980 64 18 genom
516 974 89 24 lämpliga
622 975 76 23 stadgar
712 973 92 25 angäende
814 974 41 23 för-

232 1004 103 22 säljningen
347 1004 25 23 af
380 1004 93 18 desamma
485 1002 21 20 sä
517 1003 71 23 mycket
599 1008 39 14 som
649 1000 71 26 möjligt
727 1002 105 23 försvåras.

175 1037 111 23 Helsingfors
297 1038 35 18 den
343 1039 10 17 9
366 1038 84 18 Februari
464 1039 48 17 1877.

574 1078 22 18 A.
610 1078 22 17 F.
644 1077 109 18 Borenius.”

421 1153 115 18 ”Petition.

177 1188 78 17 Allmänt
266 1188 50 17 torde
329 1188 29 17 det
370 1194 41 10 vara
422 1188 80 22 kunnigt,
515 1188 83 17 hurusom
613 1187 44 17 efter
671 1187 185 17 husbehofsbränvins-

110 1216 118 23 bränningens
240 1216 107 18 afskaffande
359 1216 74 22 fylleriet
444 1216 23 22 pä
478 1216 132 22 landsbyggden
621 1216 67 21 tycktes
700 1215 52 17 hafva
763 1215 62 23 aftagit
834 1216 24 22 pä

110 1247 24 16 ett
151 1245 6 17 i
175 1247 68 20 ögonen
260 1245 76 17 fallande
351 1247 40 15 sätt.
421 1244 63 18 Denna
501 1244 57 23 glädje
570 1250 30 11 var
612 1243 46 18 dock
670 1246 58 20 tyvärr
740 1244 15 22 ej
768 1244 90 22 längvarig

110 1274 106 17 åtminstone
249 1273 22 17 de
283 1274 49 17 flesta
343 1276 53 15 orter.
421 1273 26 22 Ty
459 1273 34 17 den
504 1272 169 18 landthandlandene
680 1272 89 22 medgifna
776 1272 82 22 rättighet

110 1304 25 15 att
152 1301 71 23 försälja
240 1302 16 17 öl
268 1302 34 17 och
314 1302 55 17 andra
379 1302 49 17 inom
439 1302 59 16 landet
509 1300 117 23 förfärdigade
636 1300 102 23 jäsdrycker
749 1300 6 16 i
767 1299 37 18 sina
816 1300 41 16 han-

112 1330 92 18 delsbodar
216 1330 36 21 har,
266 1330 106 17 åtminstone
384 1330 19 17 sä
414 1330 48 22 långt
474 1330 36 16 min
521 1330 99 16 kännedom
632 1328 77 18 sträcker
720 1328 32 21 sig,
762 1328 45 21 ånyo
816 1330 42 19 öpp-

110 1360 31 14 nat
151 1358 28 16 för
191 1357 75 22 fylleriet
278 1358 127 21 oberäkneliga
415 1358 81 16 rännilar.
516 1357 35 17 Det
563 1359 19 14 är
589 1356 27 17 väl
624 1358 56 19 sannt,
690 1355 169 17 landthandlandene

110 1385 53 18 hafva
174 1387 35 16 rätt
220 1385 61 18 endast
292 1388 26 14 att
329 1385 72 22 försälja
412 1391 40 11 men
464 1385 15 22 ej
492 1387 26 15 att
530 1384 86 18 utskänka
628 1384 23 19 öl;
666 1389 40 12 men
717 1383 47 17 såväl
772 1383 86 22 köparens

111 1414 72 18 intresse
196 1414 58 22 oftast,
268 1420 38 11 som
318 1414 100 22 isynnerhet
430 1414 84 22 säljarens
526 1413 78 18 förvexla
615 1413 20 16 sä
646 1417 54 17 gerna
712 1411 49 18 dessa
773 1411 83 23 begrepp,

110 1443 82 18 hvarföre
210 1443 51 18 äfven
278 1443 22 17 de
315 1443 50 18 flesta
376 1442 201 18 landthandlarebutiker
588 1443 31 15 äro
631 1441 81 22 ölkrogar
724 1441 34 17 och
769 1441 5 16 i
786 1440 73 17 ölbutel-

109 1473 41 22 jens
166 1472 68 23 skyggd
252 1472 31 23 går
300 1474 42 15 utan
360 1471 60 18 tvifvel
432 1471 76 22 ätskillig
519 1476 57 12 annan
588 1469 58 23 fuktig
656 1475 42 12 vara
709 1469 113 23 tacknämligt
834 1469 23 17 ät.

179 1506 187 19 Ekonomiutskottets
378 1505 111 19 betänkande
500 1505 37 19 N:o
549 1506 27 17 15.
