1031 1709
262 136 238 21 Petitionsbetänkande
511 138 38 18 N:o
561 138 34 18 20.
759 140 21 17 21

62 194 20 18 år
94 194 106 19 1834—143.
310 194 21 18 år
342 195 107 19 1847—108.
563 196 20 18 år
595 196 67 19 1861—
672 197 30 18 85.

59 236 9 8 »
92 223 106 18 1885—123.
314 236 8 9 »
340 224 107 18 1848—111;
567 237 9 9 n»
594 225 107 18 1862—:96.

62 265 8 8 »
89 251 107 20 1836—114.
312 265 8 8 »
338 252 106 18 1849—122.
565 263 16 11 »:
593 253 67 18 1863—
672 254 28 17 89.

61 293 8 8 »
90 280 107 18 1837—114.
312 293 8 8 »
339 280 106 19 1850—112.
566 294 8 9 »
593 281 67 18 1864—
672 282 28 17 90.

61 321 8 9 »
88 308 108 19 1838—110.
311 321 9 9 »
338 308 108 19 1851—111.
459 304 9 31 )
477 308 66 18 Skolan
566 322 8 9 ,
592 309 68 18 1865—
671 310 29 17 82.

64 349 8 9 »
92 337 106 18 1839—124.
314 350 8 8 »
341 337 67 18 1853—
421 337 26 18 71.
508 337 6 17 i
566 351 9 8 »
594 338 66 17 1866—
672 338 28 18 83.

62 377 9 9 »
90 365 67 18 1840—
169 365 27 17 86.
312 378 9 9 »
340 365 67 18 1854—
420 366 28 17 60.
463 361 11 31 |
478 365 72 18 Raumo.
565 379 9 9 ,
593 366 67 18 1867—
673 367 27 17 72.

60 406 8 9 »
89 393 67 18 1841—
168 393 28 18 80.
311 406 9 9 »
338 393 67 18 1855—
417 395 27 17 98.
565 407 8 9 »
592 395 67 18 1868—
672 395 26 18 77.

60 434 8 9 »
88 421 67 19 1842—
167 422 27 17 90.
310 435 8 8 »
338 422 66 18 1856—
417 423 27 17 93.
565 436 8 8 »
592 423 67 18 1869—
671 423 27 18 85.

60 463 8 8 »
87 450 67 18 1843—
166 450 28 17 87.
310 463 8 8 »
337 450 65 18 1857—
416 451 28 17 96.
564 464 8 9 »
592 451 67 18 1870—
671 452 27 17 97.

60 491 8 9 »
87 478 67 18 1844—
166 479 28 17 92.
309 491 9 9 »
336 479 68 18 1858—
416 479 28 18 67.
564 493 9 8 »
592 480 106 18 1871—109.

60 519 8 9 »
87 507 67 18 1845—
166 507 28 17 80.
310 519 9 9 »
338 507 66 18 1859—
418 507 26 18 74.
684 524 2 2 :

59 547 9 9 »
86 534 68 19 1846—
166 535 28 18 94.
308 547 9 9 »
336 535 67 18 1860—
415 536 29 17 83.

230 586 57 22 »Till
299 585 125 24 Vällofliga
435 587 195 22 Borgareständet.

120 621 38 18 Hos
170 620 61 24 hvarje
242 620 43 21 folk,
298 626 37 13 som
347 620 55 19 under
413 621 102 18 nuvarande
526 621 28 18 tid
564 621 67 18 önskar
638 621 50 18 hälla
694 622 59 23 jemna
761 624 39 22 steg

52 650 39 18 med
107 649 34 18 den
156 650 75 17 allmänt
247 649 99 23 menskliga
360 649 113 24 bildningens
489 651 32 17 och
536 651 92 17 kulturens
642 651 89 24 framsteg,
744 651 56 19 mäste

55 679 27 17 ett
98 678 56 23 lifigt
168 678 102 18 sträfvande
281 680 44 21 göra
337 678 28 23 sig
377 679 89 22 gällande,
482 680 27 17 att
522 679 51 18 äfven
584 679 30 18 till
626 679 22 18 de
660 679 82 24 djupaste
753 687 45 12 sam-

52 707 98 23 hällslager
162 707 60 23 sprida
233 707 35 22 ljus
281 707 33 18 och
325 707 87 24 kunskap.
433 707 105 23 Isynnerhet
549 707 56 18 måste
617 709 27 16 ett
655 708 41 18 litet
707 709 43 22 folk,
759 709 40 18 ifall

52 735 31 18 det
94 735 65 18 önskar
170 735 56 18 häfda
237 735 28 18 sin
277 736 48 22 plats
336 736 7 17 i
354 735 76 22 veriden,
443 736 54 23 lägga
508 736 28 23 sig
548 736 62 18 härom
621 737 47 21 vinn,
682 737 23 18 dä
716 737 32 18 hos
761 737 38 19 det-

52 769 67 13 samma
130 763 68 19 bristen
210 763 6 19 i
228 763 80 19 materiel
320 763 49 19 kraft
379 764 36 18 kan
426 766 93 21 uppvägas
530 764 64 18 endast
604 770 64 17 genom
676 771 22 12 en
706 766 37 18 alla
752 766 46 18 klas-

52 798 27 12 ser
94 792 19 18 af
122 792 86 18 nationen
219 792 104 18 förädlande
335 794 46 16 samt
392 793 30 17 till
434 793 62 23 andlig
508 794 32 17 och
552 794 80 17 materiel
644 794 112 18 verksamhet
770 795 28 18 lif-

52 821 56 18 vande
120 821 107 23 intelligens.
250 821 36 17 Det
297 820 36 18 kan
344 821 42 23 föga
397 821 94 22 bestridas,
504 822 28 17 att
542 822 136 18 förhällandena
689 823 7 17 i
708 823 40 18 värt
756 823 43 19 land

52 850 7 17 i
70 849 64 24 antydt
145 849 100 18 hänseende
256 849 47 18 varit
315 849 41 24 föga
367 855 109 18 gynsamma.
494 850 38 18 Den
543 850 55 23 högre
607 851 19 18 af
633 852 59 17 staten
700 851 97 19 bekostade

51 878 150 23 undervisningen
212 878 33 18 har
257 878 47 18 ända
315 879 30 17 till
357 879 69 18 senaste
438 879 46 18 tider
496 880 64 17 nästan
572 880 113 18 uteslutande
700 881 48 18 varit
759 881 38 18 lan-

51 907 39 19 dets
102 907 76 23 fätaliga
192 907 136 18 svensktalande
340 907 104 23 befolkning
455 907 115 22 förbehällen,
582 909 114 22 hvarigenom
708 909 30 18 det
750 911 49 17 stora

51 935 119 19 finsktalande
181 935 77 19 flertalet
270 935 19 18 af
299 935 126 24 befolkningen
437 936 47 18 varit
496 937 64 23 stängd
571 937 40 18 frän
619 937 111 24 delaktighet
738 938 20 18 af
764 938 34 18 den

50 965 55 23 högre
119 964 115 23 bildningens
248 964 73 18 frukter.
344 964 28 18 En
387 964 55 19 sädan
457 965 85 18 sakernas
554 965 80 24 ordning,
648 971 37 13 som
697 967 55 18 under
764 967 34 18 för-

50 993 72 24 gångna
132 993 52 26 tider
191 993 69 18 kunnat
271 993 55 18 hafva
337 993 55 24 något
404 993 40 18 stöd
456 994 33 17 och
497 994 124 23 berättigande
632 995 7 17 i
651 995 43 18 våra
706 995 92 23 egendom-

50 1023 38 23 liga
98 1023 98 18 historiska
206 1022 130 21 förhällanden,
348 1023 20 17 är
379 1028 73 12 numera
464 1023 19 17 af
493 1023 46 18 intet
550 1023 107 23 berättigad,
668 1025 44 16 utan
724 1024 74 18 innebär

50 1052 76 17 tvertom
138 1057 21 12 en
171 1051 104 18 kränkande
287 1051 87 18 orättvisa
385 1052 37 17 mot
434 1057 71 12 massan
517 1052 20 17 af
546 1051 70 18 landets
628 1052 109 23 befolkning.
760 1053 38 18 Hos

50 1080 70 19 landets
134 1080 58 17 finska
207 1079 104 23 befolkning
322 1079 34 18 har
367 1079 83 18 behofvet
462 1080 19 17 af
491 1080 35 23 ljus
538 1080 34 18 och
582 1080 82 23 kunskap
676 1081 36 23 dag
723 1081 27 18 för
762 1081 36 24 dag

50 1108 60 18 blifvit
128 1109 33 17 allt
178 1113 48 13 mera
240 1108 95 21 kännbart,
353 1109 33 17 och
401 1108 40 18 dess
452 1109 57 22 yrkan
521 1108 23 23 pä
556 1109 121 23 likställighet
691 1110 6 17 i
710 1109 88 24 språkligt

50 1137 100 18 hänseende
164 1137 40 18 med
219 1136 33 19 den
264 1137 137 18 svensktalande
412 1137 127 23 befolkningen
551 1137 33 18 allt
596 1143 48 12 mera
654 1138 60 23 lifligt.
738 1139 60 18 Under

49 1165 68 18 sådana
131 1165 124 18 förhållanden
270 1167 20 16 är
306 1165 31 18 det
351 1171 21 12 en
387 1165 83 24 oafvislig
485 1165 138 24 nödvändighet,
636 1167 28 17 att.
675 1166 123 24 bildningsan-

50 1194 86 17 stalterna
151 1193 20 18 sä
186 1193 69 22 ordnas,
268 1195 28 16 att
307 1193 89 19 desamma
407 1194 60 18 kunna
478 1200 59 17 gagna
549 1195 41 17 hela
601 1195 57 17 folket
669 1195 33 18 och
711 1195 15 23 ej
735 1195 63 18 endast

50 1228 22 12 en
83 1223 36 17 viss
132 1223 138 17 samhällsklass.
294 1223 56 17 Detta
362 1223 38 18 åter
411 1214 35 27 kad
458 1223 31 18 ske
501 1223 63 18 endast
576 1223 105 23 derigenom,
690 1224 28 17 att
726 1225 27 16 ett
760 1225 38 17 till-

50 1251 77 23 räckligt
139 1251 50 17 antal
201 1251 53 22 högre
262 1251 222 23 undervisningsanstalter
492 1251 40 18 med
540 1252 68 17 finskan
616 1252 30 17 till
654 1252 144 24 undervisnings-

50 1279 54 23 språk
120 1279 82 19 inrättas.
226 1279 38 18 Den
280 1279 118 23 naturligaste
412 1279 202 24 bestämningsgrunden
629 1280 63 18 härvid
708 1281 26 21 är,
746 1281 28 18 att
786 1281 11 18 å

49 1307 120 19 finsktalande
184 1308 46 17 orter
242 1308 126 18 läroanstalter
379 1308 39 18 med
430 1308 58 18 finska
499 1308 30 18 till
540 1308 190 24 undervisningsspräk
742 1309 55 19 inrät-

50 1338 33 18 tas,
102 1336 23 18 dä
140 1336 10 17 ä
164 1336 68 18 sädana
247 1337 47 17 orter
309 1336 51 18 äfven
375 1337 34 17 den
424 1337 92 17 säkallade
530 1337 73 17 bildade
618 1337 80 17 klassens
709 1338 45 17 barn
766 1340 31 15 äro

50 1363 135 18 hemmastadda
199 1363 7 17 i
220 1364 58 17 finska
293 1364 77 22 språket,
388 1364 38 18 ofta
441 1364 42 18 vida
497 1364 59 18 bättre
571 1366 23 16 än
606 1364 6 18 i
624 1364 30 18 det
666 1365 80 21 svenska,
764 1366 33 16 och

50 1392 82 21 säyonda
146 1392 37 18 alla
198 1392 162 17 samhällsklassers
375 1392 45 18 barn
434 1392 60 18 kunna
508 1392 56 18 blifva
580 1392 91 23 delaktiga
682 1392 20 18 af
712 1392 34 18 den
758 1393 39 17 med

49 1423 65 19 folkets
133 1420 90 18 allmänna
240 1419 57 19 medel
314 1419 97 20 bekostade
425 1420 92 23 offentliga
532 1420 153 24 undervisningen.
709 1421 33 17 Att
756 1421 41 18 här-

48 1452 54 24 jemte
118 1450 10 18 &
142 1448 48 18 vissa
204 1448 47 18 orter
266 1448 60 18 kunna
341 1448 67 18 tarfvas
423 1448 49 18 såväl
488 1448 125 19 läroanstalter
624 1448 40 19 med
676 1449 72 19 svenskt
760 1455 36 13 som

120 1484 95 19 Allmänna
226 1483 159 19 Besvärsutskottets
396 1484 104 18 betänkande
511 1484 35 17 N:o
558 1484 28 17 17.
