1048 1714
243 159 11 18 8
424 155 242 20 Petitionsbetänkande
677 154 37 19 N:o
726 154 32 19 23.

221 215 58 18 städes
298 215 46 16 skall
362 219 33 17 ega
412 219 43 16 rum,
473 213 82 18 hvarföre
573 213 72 16 stocken
663 211 56 18 måste
734 213 131 20 transporteras
880 211 41 18 med
934 213 37 16 stor

220 243 77 18 kostnad
309 243 48 17 öfver
369 248 21 12 en
402 243 36 22 hög
450 241 62 19 landås
526 241 74 18 emellan
612 241 90 22 Näsijärvi
715 241 33 16 och
760 240 96 23 Pyhäjärvi
869 239 55 23 sjöar;

288 272 28 17 2:0
335 273 19 16 är
371 271 115 22 Kyröskoski,
500 270 31 17 vid
545 270 83 22 utloppet
642 269 40 17 från
697 269 102 22 Kyrösjärvi
814 268 76 23 belägna
902 269 37 17 fors
952 268 19 18 sä

220 301 59 20 brant,
290 300 65 22 krokig
367 299 33 18 och
412 299 62 22 bergig
486 299 28 17 att
526 299 57 22 enligt
595 298 123 17 erfarenheten
730 298 24 18 30
765 303 48 18 proc.
822 297 19 18 af
851 297 73 18 stocken
933 298 38 17 der-

221 329 60 18 städes
293 328 84 17 förstöres
388 327 31 18 vid
431 327 150 22 nedflottningen;
594 327 33 16 och

289 358 27 18 3:0
329 358 20 16 är
360 357 38 17 lax-
406 356 32 18 och
448 356 80 18 sikfisket
539 356 8 17 i
558 356 57 17 Kumo
628 355 25 17 elf
664 361 21 12 en
697 355 65 23 näring
774 354 20 19 af
807 355 19 17 sä
838 356 46 17 stort
896 355 75 18 intresse

220 387 103 22 isynnerhet
334 385 28 18 för
373 385 74 21 kronan,
460 391 38 12 som
510 386 43 21 äger
565 385 21 17 de
598 385 67 16 största
677 384 33 17 och
718 385 45 16 mest
771 383 83 24 gifvande
862 383 109 21 fiskerierna,

221 417 32 19 att,
266 415 55 18 ehuru
336 414 109 23 sägägarene
461 413 77 24 erbjudit
554 414 46 17 ända
617 413 31 17 till
666 413 63 21 30,000
740 413 50 18 mark
809 413 68 23 årligen
889 413 7 18 i
908 414 64 17 ersätt-

220 444 44 22 ning
275 443 28 18 för
315 443 30 18 det
362 442 89 18 förstörda
468 443 58 19 fisket,
539 442 21 17 de
573 442 45 17 dock
633 441 65 18 endast
709 441 56 18 under
778 447 21 12 en
811 441 41 18 kort
863 442 28 17 tid
903 441 20 18 af
934 441 38 18 äret

220 472 19 18 få
250 473 81 22 begagna
346 471 58 18 elfven
415 471 31 18 till
457 471 84 22 fiottning
554 471 19 17 af
586 471 54 17 virke.
665 470 60 18 Under
737 470 67 18 sådana
816 470 124 18 förhållanden
952 472 20 16 är

221 501 31 18 det
263 501 56 22 gifvet
331 501 28 17 att
370 501 54 22 ingen
436 505 58 13 annan
506 501 55 21 utväg
573 500 56 17 finnes
642 501 22 16 än
678 501 27 16 att
717 499 77 23 anlägga
808 499 52 23 sägar
872 499 31 18 vid
914 500 59 17 strän-

222 531 55 17 derna
295 530 19 18 af
329 529 90 23 Näsijärvi
432 530 32 17 och
479 529 102 23 Kyrösjärvi
594 529 32 18 och
639 528 79 18 derifrän
734 534 21 12 en
771 529 75 23 jernväg
858 529 30 18 till
899 528 73 23 Björne-

221 559 45 23 borg
277 559 24 23 pä
313 559 79 18 kortaste
405 558 73 23 möjliga
489 560 41 21 väg.

289 588 29 18 Då
330 587 33 18 den
375 593 25 12 nu
411 587 101 23 föreslagna
522 587 60 17 banan
592 587 38 23 just
646 586 46 18 afser
708 587 27 17 att
746 586 46 23 fylla
804 587 50 17 detta
865 586 59 21 behof,
937 586 36 18 kan

222 617 29 18 det
263 616 16 23 ej
291 622 43 12 vara
352 615 114 19 öfverdrifvet
480 616 28 17 att
522 616 66 22 antaga
601 616 33 17 den
646 614 92 19 blifvande
750 616 114 22 transporten
877 615 19 17 af
907 614 66 24 sågade

221 645 93 18 trädvaror
326 645 27 17 för
365 646 62 22 export
438 644 30 17 till
480 644 55 23 nägot
547 644 48 17 öfver
607 645 12 17 4
630 643 82 23 miljoner
727 643 37 19 Ctr.
788 644 65 18 Resten
870 644 20 17 af
902 644 71 18 varori

221 679 67 13 samma
299 674 49 18 klass
361 674 20 17 är
393 672 92 19 beräknad
498 674 28 16 att
537 672 52 18 bestä
601 672 37 18 dels
651 672 20 18 af
680 672 91 18 brännved
780 672 27 18 för
815 672 112 19 fabrikernas
940 672 32 18 och

223 702 92 18 städernas
327 702 59 21 behof,
400 702 37 18 dels
450 701 19 18 af
480 703 56 16 sämre
549 701 134 23 sägprodukter,
695 702 63 17 hvilka
769 702 39 18 icke
821 702 47 22 duga
876 702 28 17 för
912 702 62 22 export

223 732 32 18 och
267 731 68 18 derföre
347 736 24 13 nu
383 730 41 24 gätt
435 730 38 18 helt
485 731 33 18 och
530 730 57 18 hället
599 730 94 20 förlorade,
702 736 39 12 men
750 731 30 17 väl
788 736 32 18 per
830 730 74 24 jernväg
912 730 61 18 kunna

222 760 48 19 föras
282 760 30 18 till
325 759 84 19 städerna
422 760 33 17 och
467 759 91 18 derstädes
573 758 88 24 försäljas.
684 759 116 23 Björneborg,
814 759 33 18 den
859 760 23 18 15
894 759 79 23 Septem-

222 790 31 18 ber
265 790 51 18 1872.

724 817 72 17 Edvard
809 817 95 17 Molander.

291 851 113 18 Anmärkn.
428 851 60 18 Under
500 851 83 18 sistlidne
595 851 20 17 är
627 852 45 18 1876
683 851 120 23 utskeppades
815 851 39 18 frän
863 851 110 23 Björneborg

223 881 22 20 84
257 880 82 23 miljoner
349 880 43 18 kub.
404 879 27 19 fot
443 880 98 18 trädvaror.
564 880 118 22 Helsingfors,
694 880 34 17 den
741 882 21 16 10
774 880 86 18 Februari
873 882 50 17 1877.

712 909 74 17 Edvard
797 909 107 17 Molander."

291 966 37 28 3:0)
350 966 42 22 från
413 966 152 28 Borgareständet
583 973 22 14 en
624 966 20 21 af
660 967 44 20 Herr
718 967 91 27 Lindberg
827 967 81 28 ingifven
927 968 46 27 peti-

223 1002 37 21 tion
282 1008 27 14 om
328 1000 196 28 jernvägsförbindelse
546 1001 65 21 mellan
630 1000 146 22 Willmanstrand
790 1001 34 21 och
837 1002 67 21 Simola
920 1002 52 27 jern-

223 1036 118 27 vägsstation,
357 1036 20 20 af
389 1034 80 28 följande
483 1034 89 22 innehäll:

398 1094 8 8 »
408 1080 44 18 Till
464 1080 132 23 Wällofliga
607 1080 195 23 Borgareständet.

291 1114 62 18 Redan
365 1114 31 18 vid
408 1115 90 18 1863—64
511 1114 28 18 ärs
551 1114 87 23 landtdag
650 1114 104 23 godkändes
766 1115 20 17 af
797 1115 101 18 Ständerna
910 1115 34 18 den
957 1116 18 17 af

224 1143 95 23 Styrelsen,
334 1144 7 16 i
355 1143 51 23 fräga
421 1148 28 12 om
461 1144 71 17 landets
543 1143 177 21 kommunikationer,
733 1144 113 18 framställda
857 1145 43 22 plan
913 1146 28 16 att
953 1145 21 17 de

223 1172 38 18 inre
272 1172 130 22 vattendragen
414 1172 57 17 skulle
482 1172 40 18 med
533 1171 118 24 jernvägarna
662 1172 96 20 förbindas,
772 1172 114 23 hvarigenom
898 1173 77 17 trafiken

223 1201 40 17 från
280 1201 130 17 vidsträcktare
428 1200 82 19 områden
529 1201 56 17 skulle
603 1200 77 18 tillföras
694 1201 127 23 jernvägarna;
837 1202 39 17 med
892 1201 82 18 afseende

223 1230 44 18 härä
282 1236 31 12 var
326 1229 32 17 ock
370 1230 30 17 vid
413 1230 45 18 1867
470 1229 28 18 års
510 1230 87 23 landtdag
609 1229 124 23 ifrägakomna
744 1230 79 18 Riihimäki
843 1230 131 23 Petersburg

221 1259 75 21 jernväg
313 1258 100 21 föreslagen
431 1258 32 19 att,
479 1263 63 17 genom
560 1262 21 12 en
598 1258 102 21 nordligare
715 1258 108 22 sträckning,
838 1258 30 17 vid
880 1258 94 18 Willman-

224 1285 61 18 strand
303 1285 24 17 nä
345 1285 138 17 Saimavattnen.
507 1285 28 18 Då
547 1285 155 23 jernvägsarbetet
717 1286 99 18 emellertid
830 1286 58 18 skulle
900 1286 74 21 utföras,

224 1324 22 3 —
257 1313 43 18 fann
318 1309 156 27 Öfveringeniören
492 1314 28 17 för
532 1313 212 23 jernvägsbyggnaderna
760 1314 30 18 det
804 1319 43 13 vara
861 1314 70 19 mindre
945 1315 29 17 väl

223 1342 76 18 betänkt
313 1344 28 16 att
355 1347 63 17 genom
434 1342 33 17 den
484 1344 63 20 omväg
561 1342 107 17 berörandet
680 1342 20 17 af
710 1342 194 24 Saima-vattendraget
916 1344 58 17 skulle

223 1371 97 20 förorsaka,
337 1370 83 23 förlänga
437 1371 111 20 stambanan,
563 1372 44 16 utan
622 1371 56 18 borde
692 1371 7 17 i
714 1371 62 18 stället
791 1377 22 12 en
827 1371 67 19 bibana
905 1372 69 23 byggas

223 1400 30 17 till
271 1399 152 18 Willmanstrand.
448 1399 9 18 I
474 1399 65 18 sådant
554 1399 82 18 afseende
651 1399 119 18 verkställdes
786 1401 32 17 ock
830 1400 20 18 af
859 1401 84 22 Ingeniör
954 1401 20 18 E.

224 1429 121 22 Wasastjerna
359 1428 132 23 undersökning
506 1429 19 17 af
541 1429 121 17 bansträckan
678 1428 238 19 Simola—Willmanstrand
929 1431 45 17 samt

223 1458 107 23 uppgjordes
347 1457 153 23 kostnadsförslag
516 1457 105 24 uppgående
635 1457 31 18 till
682 1459 92 21 2,088,000
784 1459 51 17 mark
846 1458 28 18 för
886 1459 88 23 ifrägava-

290 1489 89 30 Jernvägs-
387 1489 83 30 Utskottets
480 1493 104 17 betänkande
595 1493 34 17 N:o
641 1493 23 17 2..
