1056 1706
236 150 320 20 Petitionsbetänkande
571 148 49 20 N:o
635 148 45 20 27.
797 147 24 21 11

105 217 78 18 tressen
206 222 74 19 genom
300 214 105 20 desamma
426 214 61 20 äfven
507 214 119 26 befrämjas,
645 214 79 19 lemnar
746 214 105 20 desamma

105 244 36 19 sitt
157 243 119 19 understöd.

172 276 68 20 Jemte
263 277 36 19 det
321 276 101 20 utskottet
445 276 62 20 alltsä
525 276 32 20 för
572 276 31 19 sin
620 276 33 19 del
670 276 47 20 icke
733 276 73 20 tvekar
821 278 30 18 att

105 318 49 12 anse
170 310 26 20 de
212 310 95 20 enskilde
323 310 87 26 pligtige
425 312 30 17 att
471 310 43 19 läta
529 310 46 19 sina
591 310 50 19 barn
653 310 80 19 erhälla
744 310 106 20 undervis-

105 346 56 24 ning,
185 345 40 19 oeh
241 344 150 20 kommunerna
404 340 12 34 &
441 344 30 19 sin
488 344 46 19 sida
548 344 88 26 pligtige
651 345 30 17 att
696 344 77 19 inrätta
788 344 64 20 erfor-

106 379 75 25 derligt
194 378 59 20 antal
270 378 77 25 skolor,
363 378 38 19 har
416 378 102 19 utskottet
534 377 65 19 likväl
614 377 48 19 icke
673 377 80 20 kunnat
764 378 87 19 tillsluta

105 416 82 22 ögonen
211 412 31 20 för
265 412 25 20 de
313 412 153 24 förhällanden,
484 412 73 19 hvilka
576 412 136 19 tillsvidare
704 408 12 34 i
729 412 57 19 detta
800 412 50 19 land

105 446 139 27 omöjliggöra
266 447 160 26 ifrågavarande
450 447 91 25 princips
560 445 135 20 omedelbara
711 446 138 25 tillämpning.

105 481 73 19 Såsom
201 481 112 26 hinderligt
333 481 6 18 i
361 480 58 20 detta
442 480 98 20 afseende
564 480 37 19 har
624 480 102 19 utskottet
749 480 99 20 härofvan

104 515 64 19 redan
192 515 115 19 framhållit
324 514 219 26 landtbefolkningens
563 514 111 25 fattigdom
690 514 38 19 och
746 514 46 20 dess
808 515 45 19 vidt

104 549 148 26 kringspridda
274 549 173 26 boningsplatser.
484 549 36 18 Ett
544 549 64 18 annat
628 547 73 21 hinder
724 550 60 25 utgör
799 548 51 20 tills-

105 583 72 20 vidare
200 583 61 19 äfven
280 583 35 20 det
333 583 59 26 ringa
411 583 58 19 antal
487 582 151 25 erforderligen
654 582 108 20 utbildade
776 583 75 26 lärare,

106 623 43 14 som
166 617 65 20 under
247 618 104 18 närmaste
366 616 82 20 framtid
466 617 40 18 kan
523 616 110 25 påräknas.
665 617 45 19 Men
726 616 52 20 huru
794 617 56 19 mäk-

106 651 43 26 tiga
165 651 61 20 dessa
241 651 75 20 hinder
331 653 26 17 än
374 650 33 20 må
423 657 57 18 vara,
495 651 71 19 kunna
580 650 39 19 och
630 650 51 20 böra
692 651 26 19 de
728 651 66 20 likväl
805 651 47 20 icke

107 685 112 20 afskräcka
241 685 100 19 Finlands
361 685 44 19 folk
426 685 44 18 från
487 686 30 17 att
532 685 64 19 redan
612 691 27 12 nu
655 684 31 20 för
701 685 31 25 sig
749 685 103 26 uppställa

106 726 24 12 en
147 719 137 26 obligatorisk
300 719 141 26 folkbildning
457 719 67 19 såsom
541 718 41 19 mål
593 718 32 19 för
636 719 35 19 sitt
681 719 121 20 sträfvande
812 720 39 19 och

106 755 30 17 att
158 753 32 20 för
212 753 91 20 nämnda
327 753 50 20 måls
392 753 125 26 uppnående
533 752 61 20 träffa
609 752 79 20 sådana
704 753 148 26 anordningar,

105 793 43 14 som
165 787 23 20 af
201 787 159 20 förhållandena
375 787 122 26 medgifvas.

175 821 30 20 Af
222 822 25 19 de
262 829 28 12 nu
305 821 144 26 föreliggande
465 821 203 26 petitionsförslagen
685 821 117 20 innehåller
817 822 35 19 det

106 855 52 20 först
183 856 86 26 intagna
294 858 30 17 ett
344 856 96 26 yrkande
463 855 28 26 på
512 855 144 26 skoltvångets
676 855 134 20 omedelbara
821 856 30 19 in-

107 890 88 20 förande
210 890 47 19 med
274 889 98 20 afseende
388 890 12 19 å
416 889 158 25 barnskolorna,
590 889 22 19 åt
626 889 72 20 hvilka
713 890 138 25 petitionären

106 924 32 20 för
160 924 76 19 sådant
258 923 97 20 ändamål
371 924 75 19 önskat
461 923 57 26 gifva
533 930 25 13 en
574 923 65 26 något
654 923 100 26 utvidgad
769 924 82 26 organi-

105 958 74 19 sation.
210 958 40 19 Vid
267 958 155 26 granskningen
439 957 22 20 af
473 957 58 20 detta
542 957 78 26 förslag
630 957 38 20 har
679 958 111 19 utskottets
801 965 49 19 upp-

106 992 141 20 märksamhet
262 993 6 18 i
284 992 85 20 främsta
385 993 87 18 rummet
488 993 62 25 rigtat
564 992 32 26 sig
611 992 27 25 pä
653 998 25 13 en
690 992 161 27 omständighet,

106 1033 44 13 som
166 1027 65 19 redan
246 1027 7 18 i
269 1026 35 20 det
318 1026 126 25 föregående
459 1026 68 19 blifvit
538 1026 86 25 antydd,
636 1026 103 26 nemligen
750 1027 31 18 att
791 1027 60 19 barn-

107 1061 99 19 skolorna
226 1061 5 18 i
250 1060 75 26 sjelfva
345 1060 75 20 verket
435 1063 36 16 äro
486 1060 98 26 kyrkliga
599 1060 139 26 inrättningar
752 1061 54 18 samt
821 1061 30 18 att

107 1094 78 25 förslag
205 1094 109 26 angående
334 1094 60 19 deras
414 1094 130 25 ombildning
567 1094 82 19 således
665 1094 111 25 rätteligen
792 1094 60 19 torde

107 1129 84 19 tillhöra
208 1128 143 25 kyrkomötets
366 1128 97 19 initiativ.
493 1127 149 20 Förhållandet
658 1128 59 19 torde
727 1127 48 21 icke
787 1128 65 19 blifva

106 1162 123 20 förändradt
244 1162 128 26 derigenom,
388 1164 31 17 att
434 1162 61 25 vissa,
511 1162 6 19 i
532 1161 200 27 petitionsförslaget
747 1162 104 26 ingående

106 1196 221 26 detaljbestämningar
351 1195 66 26 åsyfta
442 1197 30 18 att
494 1196 21 19 åt
536 1195 39 20 den
592 1196 118 25 borgerliga
725 1196 126 19 kommunen

105 1230 129 20 öfverlemna
250 1229 192 20 beslutanderätten
457 1230 6 18 i
480 1229 70 26 frågor
565 1229 89 20 rörande
669 1229 73 26 anslag
756 1229 32 20 för
803 1229 46 20 sko-

105 1262 69 21 lornas
198 1263 108 20 underhåll
325 1265 53 17 samt
396 1263 118 26 fördelning
534 1263 38 20 och
588 1263 94 25 uppbörd
698 1263 23 19 af
734 1263 26 20 de
776 1263 74 24 medel,

106 1297 73 20 hvilka
201 1297 32 20 för
254 1297 120 19 ändamålet
395 1297 103 25 beviljats.
535 1296 134 20 Beträffande
691 1297 75 25 sjelfva
785 1297 65 19 saken

108 1331 66 18 häller
190 1330 101 19 utskottet
301 1330 61 19 äfven
374 1330 50 24 före,
435 1332 30 17 att
477 1331 40 18 den
529 1330 139 25 tvångsmakt,
679 1337 44 12 som
734 1330 7 19 i
752 1331 98 19 afseende

106 1364 12 19 å
133 1363 61 20 dessa
209 1363 71 19 skolor
295 1362 108 20 allaredan
419 1365 23 16 är
457 1363 49 25 lagd
521 1363 6 18 i
543 1363 164 25 presterskapets
723 1363 39 19 och
774 1363 75 26 kyrko-

106 1397 113 26 styrelsens
236 1396 86 25 händer,
334 1398 22 17 är
372 1395 47 20 fullt
434 1395 113 27 tillräcklig
563 1397 31 18 att
609 1395 21 20 åt
644 1396 160 26 ifrågavarande
819 1396 30 20 in-

106 1432 93 19 stitution
219 1430 58 26 gifva
297 1430 28 19 all
344 1431 40 19 den
399 1430 128 26 utveckling,
543 1437 45 13 som
603 1430 46 20 dess
665 1431 105 26 egentliga
786 1431 63 20 ända-

107 1466 40 20 mål
164 1464 89 27 kräfver,
269 1466 53 18 samt
334 1466 30 18 att
380 1464 119 20 derutöfver
513 1465 28 25 på
556 1466 30 18 ett
601 1464 193 21 tillfredsställande
809 1467 41 19 sätt

173 1503 102 20 Allmänna
287 1503 176 20 Besvärsutskottets
477 1503 111 20 betänkande
600 1503 36 21 N:o
648 1505 27 18 19.
