1028 1700
271 108 250 24 Petitionsbetänkande
537 110 39 26 N:o
591 110 39 22 44.
781 111 12 19 1

78 174 92 22 sitionen
185 174 22 22 af
221 174 120 22 Ständerna
355 175 110 27 hänsköts,
481 175 115 28 upplystes,
613 176 32 21 att
655 175 120 27 Kejserliga
784 174 38 23 Se-

77 210 64 21 naten
156 208 56 22 hade
226 208 95 23 förordat
338 216 26 15 en
378 210 74 27 period
468 210 22 21 af
504 212 32 20 tre
551 210 29 27 är,
597 216 48 16 men
658 210 113 22 Utskottet
777 211 46 21 tve-

77 243 57 21 kade
147 243 65 22 likväl
226 244 47 22 icke
288 246 34 19 att
336 244 106 28 tillstyrka
457 244 119 27 antagande
592 244 22 22 af
627 244 41 22 den
677 244 8 21 i
694 244 128 28 propositio-

76 283 41 15 nen
131 276 121 28 föreslagna
265 278 135 27 bestämning
414 280 57 20 samt
484 278 90 28 yttrade,
590 278 8 21 i
612 278 60 27 fråga
687 284 34 15 om
735 278 88 26 lagtima

76 310 109 28 landtdag,
207 311 65 22 bland
295 314 65 20 annat
377 312 103 28 följande:
506 312 123 26 ,Utskottet
650 318 63 16 anser
727 312 55 22 efter
797 318 26 16 en

76 345 43 22 viss
140 345 87 22 kortare
251 346 110 22 mellantid
383 346 174 23 återkommande
579 346 127 28 landtdagar
728 346 96 22 medföra

76 381 59 20 stora
154 380 41 22 och
208 380 81 28 vigtiga
303 380 98 23 fördelar.
431 382 33 21 En
476 382 95 27 jemnare
585 381 136 22 verksamhet
735 381 40 21 hos
789 388 34 15 re-

76 415 173 27 presentationen
268 418 24 19 är
311 417 32 20 ett
358 416 152 27 oundgängligt
524 416 68 22 vilkor
606 416 33 22 för
653 417 33 21 att
700 416 123 27 landtdags-

77 449 102 23 arbetena
194 450 18 27 ej
228 450 62 22 skola
304 450 104 28 fördröjas
419 450 120 28 derigenom
550 452 32 20 att
592 456 68 16 vanan
669 450 36 22 vid
715 450 109 22 desamma

76 484 68 22 under
166 490 26 16 en
210 485 73 27 längre
298 485 111 22 mellantid
422 485 97 27 förloras,
536 486 107 22 äfvensom
659 486 94 21 arbetets
769 485 55 28 gång

76 518 106 23 försväras
205 521 55 20 samt
280 526 26 16 en
321 520 82 22 olikhet
417 520 40 22 och
476 522 32 21 ett
522 520 116 22 vacklande
653 520 8 22 i
675 521 58 21 vissa
745 520 78 27 princi-

76 560 49 21 pers
140 554 133 28 tillämpning
287 556 90 26 uppstär
393 561 76 22 genom
484 557 33 20 ett
531 557 69 21 större
615 555 85 28 ombyte
715 554 23 23 af
750 561 73 22 perso-

76 595 44 20 ner,
135 589 82 22 hvilket
232 589 46 22 äter
292 589 75 22 blifver
382 596 27 15 en
423 589 121 28 nödvändig
558 590 52 27 följd
621 589 22 22 af
652 596 27 15 en
687 590 75 27 längre
772 589 52 22 mel-

75 618 74 27 lantid.
179 623 41 23 För
234 624 84 22 landets
334 625 91 28 styrelse
439 625 69 22 måste
524 625 41 27 det,
581 625 8 20 i
604 625 39 22 och
658 624 33 22 för
705 624 119 28 uppfyllan-

77 658 36 22 det
127 659 22 20 af
163 658 49 22 dess
231 659 157 26 bestämmelse,
408 659 102 28 derjemte
525 665 50 16 vara
591 659 23 21 af
627 659 81 22 största
722 665 55 21 gagn
793 660 33 20 att

77 692 54 23 efter
144 693 58 22 vissa
216 693 86 22 kortare
316 693 135 22 mellantider
466 695 58 20 möta
539 693 114 22 ständerna
669 693 39 22 och
723 692 22 22 fä
759 693 34 22 del
804 692 23 22 af

77 727 26 22 de
119 727 80 27 äsigter
214 727 39 22 och
269 728 135 27 önskningar,
419 727 72 23 hvilka
505 729 57 20 inom
576 728 73 22 landet
664 728 56 27 gjort
735 727 34 28 sig
779 727 45 28 gäl-

75 762 68 21 lande.
173 762 147 23 Förevarande
339 763 14 26 $
367 763 8 21 i
391 763 40 21 den
449 763 77 27 nådiga
539 762 160 28 propositionen
714 763 63 26 utgör
792 763 31 20 ett

77 796 134 22 erkännande
230 796 23 22 af
270 797 64 22 dessa
348 797 145 27 grundsatser,
510 803 34 16 om
558 797 41 22 den
614 796 62 23 äfven
690 797 34 21 till
739 796 83 27 ordaly-

77 830 73 23 delsen
165 831 81 22 afviker
259 830 47 23 frän
321 831 37 22 det
373 831 22 22 af
408 832 120 27 Kejserliga
538 831 104 23 Senatens
652 831 110 28 pluralitet
769 831 53 27 god-

75 865 72 23 kända
161 866 98 27 förslag".

143 901 34 21 Dä
199 901 37 21 det
256 907 36 21 nu,
312 901 77 22 endast
403 901 30 22 tio
449 901 24 22 är
486 901 54 22 efter
555 901 37 22 det
607 901 119 22 Ständerna
740 900 82 29 antagit

76 934 55 23 hvad
147 937 12 20 2
175 936 13 26 8
203 935 7 21 i
229 935 241 28 Landtdagsordningen
485 935 123 28 innehåller,
623 936 75 22 väckts
713 935 60 28 fråga
789 941 33 16 om

76 976 26 15 en
116 969 132 28 underdånig
262 970 92 28 petition
368 971 109 27 angående
493 971 89 27 ändring
597 970 64 27 deraf,
678 969 25 24 så
717 971 39 22 har
765 970 57 22 inom

75 1005 153 27 Lagutskottet
248 1005 126 28 visserligen
396 1005 88 22 uttalats
502 1006 84 26 tvekan,
601 1005 106 22 huruvida
721 1005 37 22 det
771 1011 51 16 vore

74 1039 97 28 lämpligt
193 1041 33 21 att
247 1040 49 22 med
318 1047 26 15 en
359 1040 66 21 sådan
443 1039 90 28 petition
547 1040 66 22 redan
628 1046 29 15 nu
672 1040 75 22 nalkas
761 1039 60 22 Hans

74 1075 119 28 Kejserliga
215 1075 108 28 Majestät.
352 1075 61 22 Dock
431 1075 39 22 har
489 1075 111 22 Utskottet
614 1075 65 27 vågat
694 1071 128 26 öfverlemna

73 1110 34 28 sig
121 1111 22 21 åt
166 1110 40 21 den
228 1109 148 28 förhoppning,
400 1111 38 25 att,
460 1109 8 22 i
490 1109 36 22 fall
541 1109 74 28 giltiga
629 1109 48 24 skäl
691 1109 130 22 förekomma

74 1145 32 22 till
121 1152 27 15 en
170 1145 65 22 sådan
249 1144 243 28 grundlagsförändring,
512 1145 59 21 Hans
586 1144 120 28 Kejserliga
719 1145 102 27 Majestät

74 1180 54 22 skall
150 1179 7 22 i
175 1179 66 22 nåder
258 1178 57 23 finna
334 1179 37 22 det
385 1179 83 27 möjligt
486 1180 32 20 att
532 1179 131 27 tillmötesgå
678 1186 26 14 en
719 1178 101 22 tiltitsfull

75 1214 40 22 och
129 1214 131 26 underdänig
274 1213 98 23 anhällän
389 1213 71 22 derom
476 1213 23 22 af
511 1215 200 26 representanterne
721 1212 33 23 för
761 1213 59 22 Hans

73 1248 69 22 finska.
156 1248 50 22 folk.

141 1282 42 23 Vid
204 1282 154 28 öfvervägande
380 1282 23 22 af
423 1276 74 39 skälen
510 1280 34 24 för
562 1282 40 22 och
617 1283 58 21 emot
689 1288 27 16 en
730 1282 91 27 petition

74 1324 34 16 om
122 1318 85 22 kortare
222 1316 214 28 landtdagsperioder
450 1317 39 21 har
499 1317 157 26 Lagutskottet,
669 1323 45 15 som
724 1323 29 15 nu
763 1318 58 20 emot

74 1352 66 22 slutet
154 1350 23 23 af
189 1351 41 21 den
245 1350 67 22 andra
326 1350 108 27 landtdag,
444 1350 121 22 hvarunder
576 1352 53 20 1869
642 1349 35 22 ärs
686 1350 135 26 Landtdags-

73 1387 89 27 ordning
183 1385 122 27 tillämpats,
326 1384 92 22 förehaft
440 1384 60 22 detta
518 1385 78 21 ärende
614 1384 32 22 till
661 1383 158 29 öfverläggning

74 1422 39 22 och
129 1421 83 22 säledes
226 1420 82 22 kunnat
326 1419 32 21 till
374 1419 54 28 godo
444 1420 52 27 göra
511 1419 33 27 sig
559 1419 60 22 äfven
634 1419 42 22 den
691 1419 128 27 erfarenhet,

141 1464 133 24 Lagutskottets
288 1462 114 19 betänkande
416 1462 36 18 N:o
467 1460 33 21 23.
