1039 1709
291 142 242 21 Petitionsbetänkande
544 144 38 19 N:o
593 144 35 20 20.
794 140 22 23 15

84 212 52 17 vore
150 206 58 23 inom
226 206 46 23 åtta
290 206 25 23 år
332 208 126 26 genomförd
472 210 52 20 utan
539 208 56 23 skild
609 209 93 22 kostnad
717 209 35 22 för
766 211 70 20 staten

83 241 40 22 och
137 242 52 21 utan
204 242 32 20 att
250 241 71 27 någon
335 242 53 26 elev,
404 248 47 16 som
466 242 114 29 ådagalagt
595 244 66 21 sådan
675 243 33 22 flit
722 245 33 20 att
763 244 43 20 han
816 244 20 26 ej

82 274 92 23 behöfde
194 277 129 25 gvarstanna
340 276 37 21 två
395 276 25 21 år
437 276 28 27 på
483 282 26 16 en
527 277 40 22 och
586 283 81 16 samma
685 278 66 26 klass,
767 278 69 21 skulle

81 309 85 27 tvingas
181 311 32 20 att
231 309 87 28 ombyta
335 310 235 28 undervisningsspråk.
604 312 39 21 Att
657 312 48 21 åter
718 312 49 21 från
780 312 56 21 lära-

81 350 64 16 renes
160 345 48 21 sida
225 344 70 28 någon
314 345 118 22 nämnvärd
450 345 107 28 svårighet
576 352 51 16 vore
646 348 32 20 att
697 347 80 26 befara,
793 346 43 22 kan

82 379 19 27 ej
117 379 133 27 förutsättas,
271 379 28 22 då
317 379 36 22 det
372 379 94 23 faktiska
484 382 25 19 är
527 382 31 21 att
572 382 16 20 t.
607 387 32 16 ex.
655 381 180 26 undervisningen

81 414 37 21 vid
133 414 32 21 S:t
179 413 90 23 Michels
284 414 83 27 lyceum
385 415 67 21 redan
467 421 29 15 nu
511 415 68 22 måste
594 415 39 22 ske
647 416 49 21 med
711 417 72 26 träget
798 421 36 16 an-

81 448 81 22 litande
178 448 23 22 af
218 447 90 28 finskan,
328 448 39 22 och
382 449 70 28 lyceet
466 449 89 22 sålunda
570 450 77 21 endast
661 452 25 19 är
700 450 34 21 till
749 451 86 20 namnet

81 483 93 27 svenskt,
191 484 52 21 utan
257 485 32 20 att
303 489 53 16 vara
370 483 36 22 det
420 484 34 21 till
469 486 85 25 gagnet.
583 484 64 22 Hvad
661 486 56 20 tröst
730 484 48 21 häri
791 485 43 20 kan

80 517 65 28 ligga,
160 519 24 20 är
200 517 19 28 ej
235 518 41 21 lätt
291 519 32 20 att
336 517 54 22 inse.
419 518 43 22 Det
477 520 24 19 är
516 519 65 26 svårt,
597 525 34 15 om
646 519 19 28 ej
682 519 104 27 omöjligt,
802 520 31 20 att

80 552 7 21 i
102 553 50 21 hela
167 551 91 23 Savolax
273 552 40 22 och
327 552 95 22 Karelen
435 552 86 28 påfinna
535 559 27 16 en
577 553 55 22 enda
645 560 84 21 person,
740 559 51 16 vare
801 554 33 26 sig

79 587 61 22 äldre
163 587 53 22 eller
237 593 73 22 yngre,
334 593 46 16 som
402 587 20 27 ej
441 587 80 22 förmår
543 587 99 28 uttrycka
660 588 33 27 sig
712 587 28 28 på
757 587 75 27 finska,

79 622 111 22 hvaremot
204 621 34 22 för
252 622 133 21 närvarande
400 622 97 27 omkring
504 622 81 22 hälften
596 622 39 22 och
649 623 8 21 i
672 629 26 15 en
709 628 51 15 snar
768 622 65 22 fram-

78 657 33 21 tid
125 656 123 27 antagligen
266 657 38 20 det
322 657 58 20 stora
398 656 92 22 flertalet
505 657 24 21 af
543 657 54 26 dem,
618 663 45 15 som
682 656 53 21 söka
749 656 83 22 inträde

79 691 36 22 vid
135 691 83 27 lyceum
232 691 8 21 i
259 690 32 22 S:t
304 690 86 27 Michel,
407 691 19 27 ej
442 693 25 18 är
481 691 84 22 hemma
579 691 8 21 i
602 691 111 22 svenskan.
743 691 44 22 Det
801 691 31 21 fö-

79 725 88 22 refaller
186 725 142 27 oförklarligt,
346 725 57 22 hvad
420 731 50 16 man
484 726 7 21 i
507 725 80 22 sådana
603 725 82 22 trakter
700 725 37 21 vill
752 727 80 20 uträtta

79 760 50 21 med
144 759 180 27 svenskspråkiga
338 759 106 22 läroverk.

147 794 30 21 Af
198 793 124 22 Utskottets
346 793 112 28 pluralitet
480 800 62 21 synes
563 793 48 22 icke
633 800 52 15 vara
706 793 125 27 tillräckligt

79 827 218 28 uppmärksammadt,
312 829 32 20 att
364 834 26 15 en
408 827 94 28 begäran
516 834 34 15 om
565 828 82 27 lyceers
661 828 121 21 inrättande
797 828 35 21 till

77 863 26 22 så
125 864 55 20 stort
198 863 64 25 antal,
286 868 46 16 som
353 862 71 21 blefve
444 863 23 21 af
483 863 72 21 nöden
570 868 35 16 om
620 863 41 21 den
680 861 24 22 af
721 862 111 21 Utskottet

79 897 116 22 förordade
213 897 115 27 grundsats
346 896 84 27 följdes,
450 896 73 23 alltför
537 897 85 27 mycket
636 896 69 22 skulle
720 899 51 25 taga
789 898 43 20 sta-

76 935 49 19 tens
141 931 116 28 tillgångar
270 931 8 22 i
293 931 94 28 anspråk
406 931 39 22 och
463 931 89 22 sålunda
570 931 47 22 icke
632 931 62 22 torde
707 931 73 22 kunna
793 931 37 27 på-

78 967 68 21 räkna
164 967 121 27 Styrelsens
304 966 68 21 bifall.
402 965 82 23 Genom
497 967 32 20 att
544 968 81 25 spänna
640 965 69 27 bågen
723 965 34 22 för
771 965 60 28 högt,

76 1001 160 22 åstadkommer
254 1007 50 16 man
320 1001 55 21 intet
393 1002 70 25 annat,
479 1003 27 19 än
525 1002 32 20 att
576 1001 41 22 den
635 1000 85 25 brister,
740 1000 39 21 och
797 1000 34 21 så-

78 1036 65 21 lunda
157 1035 77 22 blifver
250 1035 37 22 det
301 1035 56 28 goda
371 1035 100 27 uppsåtet
485 1035 33 22 sin
533 1041 54 21 egen
601 1035 111 22 baneman.

146 1070 50 21 Icke
211 1069 122 22 osannolikt
347 1071 24 20 är
386 1069 69 27 äfven,
471 1071 31 20 att
517 1069 36 22 det
568 1069 24 22 så
606 1075 56 21 noga
676 1069 111 22 bestämda
798 1071 32 20 ut-

77 1105 108 28 pekandet
202 1104 23 22 af
242 1105 44 22 alla
304 1105 27 21 de
350 1105 79 26 städer,
448 1105 39 22 der
505 1110 41 21 nya
564 1104 44 27 sju-
627 1104 53 22 eller
701 1103 129 28 fyrklassiga

77 1140 72 27 lyceer
163 1139 66 22 borde
243 1139 97 27 inrättas,
356 1139 42 21 kan
412 1139 90 27 bidraga
515 1139 34 22 till
564 1138 138 27 fördröjande
717 1138 54 22 eller
786 1144 44 16 om-

75 1174 150 27 intetgörande
244 1174 23 22 af
283 1174 154 27 petitionernas
455 1173 118 28 framgång.
602 1173 42 27 Jag
659 1173 70 22 skulle
743 1173 87 26 följakt-

76 1209 59 28 ligen
153 1215 51 15 anse
224 1209 36 22 det
274 1215 53 15 vara
340 1208 213 27 ändamålsenligare,
569 1209 32 20 att
615 1207 8 22 i
637 1207 62 28 fråga
713 1213 35 16 om
763 1207 66 22 allde-

77 1243 32 23 les
123 1249 42 22 nya
183 1243 157 28 finskspråkiga
357 1243 110 22 läroverks
486 1243 122 22 inrättande
626 1242 50 27 nöja
691 1242 33 27 sig
738 1242 50 21 med
802 1248 28 15 en

77 1279 133 21 allmännare
224 1278 146 27 formulering.

146 1312 76 22 Såsom
236 1319 28 15 en
278 1311 195 28 hufvudgrundsats
488 1312 8 21 i
511 1311 226 26 statshushållningen,
752 1310 77 21 liksom

77 1347 7 20 i
99 1347 29 20 all
143 1346 143 26 hushållning,
306 1345 68 22 måste
392 1345 113 22 fasthållas
520 1347 33 19 att
567 1345 49 21 med
631 1345 24 21 så
669 1345 53 20 liten
737 1344 92 21 kostnad

76 1386 47 15 som
139 1379 83 27 möjligt
239 1379 53 22 söka
310 1379 64 21 vinna
392 1379 37 21 det
447 1379 62 21 bästa
526 1379 89 26 möjliga
633 1377 97 22 resultat.
759 1378 70 21 Jemte

77 1414 38 22 det
128 1413 124 27 härigenom
268 1413 36 22 det
318 1413 130 28 föregående
462 1413 8 21 i
484 1413 44 21 min
538 1412 158 27 framställning
706 1412 122 26 motiveras,

79 1448 70 28 gifver
165 1448 69 22 denna
248 1448 114 28 grundsats
377 1448 115 28 anledning
506 1448 34 22 till
554 1447 125 28 påpekande
694 1446 23 22 af
731 1448 57 20 ännu
802 1453 27 15 en

147 1488 95 18 Allmänna
254 1488 160 18 Besvärsutskottets
424 1488 103 18 betänkande
539 1488 35 17 N:o
587 1488 28 18 17.
