<?xml version="1.0" encoding="UTF-8"?>
<alto xmlns="http://www.loc.gov/standards/alto/ns-v3#" xmlns:xlink="http://www.w3.org/1999/xlink" xmlns:xsi="http://www.w3.org/2001/XMLSchema-instance" xsi:schemaLocation="http://www.loc.gov/standards/alto/ns-v3# http://www.loc.gov/alto/v3/alto-3-0.xsd">
	<Description>
		<MeasurementUnit>pixel</MeasurementUnit>
		<sourceImageInformation>
			<fileName>/tmp/tess_hfna5_ec_input.PNG</fileName>
		</sourceImageInformation>
		<OCRProcessing ID="OCR_0">
			<ocrProcessingStep>
				<processingSoftware>
					<softwareName>tesseract 5.3.4</softwareName>
				</processingSoftware>
			</ocrProcessingStep>
		</OCRProcessing>
	</Description>
	<Layout>
		<Page WIDTH="1045" HEIGHT="1703" PHYSICAL_IMG_NR="0" ID="page_0">
			<PrintSpace HPOS="0" VPOS="0" WIDTH="1045" HEIGHT="1703">
				<ComposedBlock ID="cblock_0" HPOS="244" VPOS="131" WIDTH="565" HEIGHT="23">
					<TextBlock ID="block_0" HPOS="244" VPOS="131" WIDTH="565" HEIGHT="23">
						<TextLine ID="line_0" HPOS="244" VPOS="131" WIDTH="565" HEIGHT="23">
							<String ID="string_0" HPOS="244" VPOS="132" WIDTH="325" HEIGHT="21" WC="0.81" CONTENT="Petitionsbetämkande"/><SP WIDTH="16" VPOS="132" HPOS="569"/>
							<String ID="string_1" HPOS="585" VPOS="133" WIDTH="49" HEIGHT="21" WC="0.96" CONTENT="N:o"/><SP WIDTH="15" VPOS="133" HPOS="634"/>
							<String ID="string_2" HPOS="649" VPOS="131" WIDTH="50" HEIGHT="22" WC="0.93" CONTENT="20."/><SP WIDTH="86" VPOS="131" HPOS="699"/>
							<String ID="string_3" HPOS="785" VPOS="133" WIDTH="24" HEIGHT="20" WC="0.96" CONTENT="13"/>
						</TextLine>
					</TextBlock>
				</ComposedBlock>
				<ComposedBlock ID="cblock_1" HPOS="82" VPOS="199" WIDTH="756" HEIGHT="1320">
					<TextBlock ID="block_1" HPOS="157" VPOS="199" WIDTH="679" HEIGHT="28">
						<TextLine ID="line_1" HPOS="157" VPOS="199" WIDTH="679" HEIGHT="28">
							<String ID="string_4" HPOS="157" VPOS="204" WIDTH="70" HEIGHT="15" WC="0.96" CONTENT="annan"/><SP WIDTH="15" VPOS="204" HPOS="227"/>
							<String ID="string_5" HPOS="242" VPOS="200" WIDTH="33" HEIGHT="19" WC="0.96" CONTENT="ort"/><SP WIDTH="13" VPOS="200" HPOS="275"/>
							<String ID="string_6" HPOS="288" VPOS="199" WIDTH="57" HEIGHT="20" WC="0.96" CONTENT="inom"/><SP WIDTH="16" VPOS="199" HPOS="345"/>
							<String ID="string_7" HPOS="361" VPOS="199" WIDTH="30" HEIGHT="21" WC="0.88" CONTENT="S:t"/><SP WIDTH="15" VPOS="199" HPOS="391"/>
							<String ID="string_8" HPOS="406" VPOS="199" WIDTH="87" HEIGHT="20" WC="0.97" CONTENT="Michels"/><SP WIDTH="15" VPOS="199" HPOS="493"/>
							<String ID="string_9" HPOS="508" VPOS="199" WIDTH="51" HEIGHT="20" WC="0.93" CONTENT="eller"/><SP WIDTH="15" VPOS="199" HPOS="559"/>
							<String ID="string_10" HPOS="574" VPOS="199" WIDTH="91" HEIGHT="28" WC="0.96" CONTENT="Viborgs"/><SP WIDTH="16" VPOS="199" HPOS="665"/>
							<String ID="string_11" HPOS="681" VPOS="199" WIDTH="42" HEIGHT="27" WC="0.95" CONTENT="län,"/><SP WIDTH="15" VPOS="199" HPOS="723"/>
							<String ID="string_12" HPOS="738" VPOS="205" WIDTH="44" HEIGHT="14" WC="0.93" CONTENT="som"/><SP WIDTH="12" VPOS="205" HPOS="782"/>
							<String ID="string_13" HPOS="794" VPOS="200" WIDTH="42" HEIGHT="25" WC="0.93" CONTENT="sty-"/>
						</TextLine>
					</TextBlock>
					<TextBlock ID="block_2" HPOS="156" VPOS="233" WIDTH="396" HEIGHT="26">
						<TextLine ID="line_2" HPOS="156" VPOS="233" WIDTH="396" HEIGHT="26">
							<String ID="string_14" HPOS="156" VPOS="233" WIDTH="68" HEIGHT="20" WC="0.92" CONTENT="relsen"/><SP WIDTH="16" VPOS="233" HPOS="224"/>
							<String ID="string_15" HPOS="240" VPOS="233" WIDTH="41" HEIGHT="19" WC="0.95" CONTENT="kan"/><SP WIDTH="16" VPOS="233" HPOS="281"/>
							<String ID="string_16" HPOS="297" VPOS="233" WIDTH="57" HEIGHT="20" WC="0.93" CONTENT="finna"/><SP WIDTH="16" VPOS="233" HPOS="354"/>
							<String ID="string_17" HPOS="370" VPOS="233" WIDTH="69" HEIGHT="20" WC="0.92" CONTENT="dertill"/><SP WIDTH="15" VPOS="233" HPOS="439"/>
							<String ID="string_18" HPOS="454" VPOS="233" WIDTH="98" HEIGHT="26" WC="0.91" CONTENT="lämplig:"/>
						</TextLine>
					</TextBlock>
					<TextBlock ID="block_3" HPOS="88" VPOS="266" WIDTH="750" HEIGHT="156">
						<TextLine ID="line_3" HPOS="159" VPOS="266" WIDTH="678" HEIGHT="27">
							<String ID="string_19" HPOS="159" VPOS="266" WIDTH="76" HEIGHT="20" WC="0.91" CONTENT="medan"/><SP WIDTH="23" VPOS="266" HPOS="235"/>
							<String ID="string_20" HPOS="258" VPOS="267" WIDTH="44" HEIGHT="20" WC="0.93" CONTENT="åter"/><SP WIDTH="18" VPOS="267" HPOS="302"/>
							<String ID="string_21" HPOS="320" VPOS="266" WIDTH="136" HEIGHT="27" WC="0.92" CONTENT="Högvördiga"/><SP WIDTH="19" VPOS="266" HPOS="456"/>
							<String ID="string_22" HPOS="475" VPOS="267" WIDTH="217" HEIGHT="26" WC="0.91" CONTENT="Prestaständet,"/><SP WIDTH="16" VPOS="267" HPOS="692"/>
							<String ID="string_23" HPOS="708" VPOS="267" WIDTH="46" HEIGHT="20" WC="0.93" CONTENT="med"/><SP WIDTH="16" VPOS="267" HPOS="754"/>
							<String ID="string_24" HPOS="770" VPOS="266" WIDTH="67" HEIGHT="20" WC="0.91" CONTENT="förka-"/>
						</TextLine>
						<TextLine ID="line_4" HPOS="92" VPOS="299" WIDTH="746" HEIGHT="28">
							<String ID="string_25" HPOS="92" VPOS="300" WIDTH="74" HEIGHT="20" WC="0.92" CONTENT="stande"/><SP WIDTH="15" VPOS="300" HPOS="166"/>
							<String ID="string_26" HPOS="181" VPOS="299" WIDTH="23" HEIGHT="20" WC="0.93" CONTENT="af"/><SP WIDTH="14" VPOS="299" HPOS="204"/>
							<String ID="string_27" HPOS="218" VPOS="299" WIDTH="118" HEIGHT="21" WC="0.96" CONTENT="Utskottets"/><SP WIDTH="15" VPOS="299" HPOS="336"/>
							<String ID="string_28" HPOS="351" VPOS="302" WIDTH="97" HEIGHT="24" WC="0.93" CONTENT="moment,"/><SP WIDTH="16" VPOS="302" HPOS="448"/>
							<String ID="string_29" HPOS="464" VPOS="301" WIDTH="81" HEIGHT="26" WC="0.96" CONTENT="antagit"/><SP WIDTH="16" VPOS="301" HPOS="545"/>
							<String ID="string_30" HPOS="561" VPOS="301" WIDTH="35" HEIGHT="20" WC="0.80" CONTENT="det"/><SP WIDTH="13" VPOS="301" HPOS="596"/>
							<String ID="string_31" HPOS="609" VPOS="301" WIDTH="3" HEIGHT="19" WC="0.80" CONTENT="i"/><SP WIDTH="10" VPOS="301" HPOS="612"/>
							<String ID="string_32" HPOS="622" VPOS="301" WIDTH="81" HEIGHT="20" WC="0.93" CONTENT="Doktor"/><SP WIDTH="14" VPOS="301" HPOS="703"/>
							<String ID="string_33" HPOS="717" VPOS="300" WIDTH="121" HEIGHT="27" WC="0.92" CONTENT="Hornborgs"/>
						</TextLine>
						<TextLine ID="line_5" HPOS="91" VPOS="333" WIDTH="746" HEIGHT="27">
							<String ID="string_34" HPOS="91" VPOS="334" WIDTH="129" HEIGHT="19" WC="0.92" CONTENT="reservation"/><SP WIDTH="23" VPOS="334" HPOS="220"/>
							<String ID="string_35" HPOS="243" VPOS="333" WIDTH="123" HEIGHT="21" WC="0.92" CONTENT="framstälda"/><SP WIDTH="22" VPOS="333" HPOS="366"/>
							<String ID="string_36" HPOS="388" VPOS="333" WIDTH="84" HEIGHT="27" WC="0.96" CONTENT="förslag,"/><SP WIDTH="20" VPOS="333" HPOS="472"/>
							<String ID="string_37" HPOS="492" VPOS="336" WIDTH="30" HEIGHT="18" WC="0.93" CONTENT="att"/><SP WIDTH="20" VPOS="336" HPOS="522"/>
							<String ID="string_38" HPOS="542" VPOS="334" WIDTH="245" HEIGHT="26" WC="0.91" CONTENT="undervisningsspräket"/><SP WIDTH="14" VPOS="334" HPOS="787"/>
							<String ID="string_39" HPOS="801" VPOS="334" WIDTH="36" HEIGHT="19" WC="0.96" CONTENT="vid"/>
						</TextLine>
						<TextLine ID="line_6" HPOS="88" VPOS="367" WIDTH="748" HEIGHT="25">
							<String ID="string_40" HPOS="88" VPOS="367" WIDTH="83" HEIGHT="25" WC="0.92" CONTENT="lyceum"/><SP WIDTH="16" VPOS="367" HPOS="171"/>
							<String ID="string_41" HPOS="187" VPOS="368" WIDTH="6" HEIGHT="19" WC="0.96" CONTENT="i"/><SP WIDTH="17" VPOS="368" HPOS="193"/>
							<String ID="string_42" HPOS="210" VPOS="367" WIDTH="31" HEIGHT="20" WC="0.92" CONTENT="S:t"/><SP WIDTH="14" VPOS="367" HPOS="241"/>
							<String ID="string_43" HPOS="255" VPOS="368" WIDTH="76" HEIGHT="20" WC="0.96" CONTENT="Michel"/><SP WIDTH="15" VPOS="368" HPOS="331"/>
							<String ID="string_44" HPOS="346" VPOS="368" WIDTH="67" HEIGHT="20" WC="0.93" CONTENT="skulle"/><SP WIDTH="15" VPOS="368" HPOS="413"/>
							<String ID="string_45" HPOS="428" VPOS="369" WIDTH="57" HEIGHT="19" WC="0.93" CONTENT="klass"/><SP WIDTH="10" VPOS="369" HPOS="485"/>
							<String ID="string_46" HPOS="495" VPOS="368" WIDTH="32" HEIGHT="20" WC="0.92" CONTENT="för"/><SP WIDTH="10" VPOS="368" HPOS="527"/>
							<String ID="string_47" HPOS="537" VPOS="368" WIDTH="56" HEIGHT="21" WC="0.92" CONTENT="klass"/><SP WIDTH="10" VPOS="368" HPOS="593"/>
							<String ID="string_48" HPOS="603" VPOS="369" WIDTH="114" HEIGHT="19" WC="0.88" CONTENT="successivt"/><SP WIDTH="10" VPOS="369" HPOS="717"/>
							<String ID="string_49" HPOS="727" VPOS="367" WIDTH="109" HEIGHT="21" WC="0.92" CONTENT="förändras"/>
						</TextLine>
						<TextLine ID="line_7" HPOS="92" VPOS="401" WIDTH="121" HEIGHT="21">
							<String ID="string_50" HPOS="92" VPOS="401" WIDTH="32" HEIGHT="20" WC="0.95" CONTENT="till"/><SP WIDTH="15" VPOS="401" HPOS="124"/>
							<String ID="string_51" HPOS="139" VPOS="401" WIDTH="74" HEIGHT="21" WC="0.95" CONTENT="finska."/>
						</TextLine>
					</TextBlock>
					<TextBlock ID="block_4" HPOS="86" VPOS="435" WIDTH="751" HEIGHT="299">
						<TextLine ID="line_8" HPOS="158" VPOS="435" WIDTH="677" HEIGHT="27">
							<String ID="string_52" HPOS="158" VPOS="436" WIDTH="137" HEIGHT="20" WC="0.91" CONTENT="Hedervärda"/><SP WIDTH="24" VPOS="436" HPOS="295"/>
							<String ID="string_53" HPOS="319" VPOS="436" WIDTH="205" HEIGHT="21" WC="0.90" CONTENT="Bondeständet"/><SP WIDTH="23" VPOS="436" HPOS="524"/>
							<String ID="string_54" HPOS="547" VPOS="437" WIDTH="38" HEIGHT="19" WC="0.92" CONTENT="har"/><SP WIDTH="22" VPOS="437" HPOS="585"/>
							<String ID="string_55" HPOS="607" VPOS="435" WIDTH="68" HEIGHT="21" WC="0.92" CONTENT="likasä"/><SP WIDTH="22" VPOS="435" HPOS="675"/>
							<String ID="string_56" HPOS="697" VPOS="435" WIDTH="74" HEIGHT="27" WC="0.92" CONTENT="ogillat"/><SP WIDTH="23" VPOS="435" HPOS="771"/>
							<String ID="string_57" HPOS="794" VPOS="442" WIDTH="41" HEIGHT="13" WC="0.90" CONTENT="mo-"/>
						</TextLine>
						<TextLine ID="line_9" HPOS="89" VPOS="470" WIDTH="748" HEIGHT="26">
							<String ID="string_58" HPOS="89" VPOS="472" WIDTH="85" HEIGHT="23" WC="0.92" CONTENT="mentet,"/><SP WIDTH="16" VPOS="472" HPOS="174"/>
							<String ID="string_59" HPOS="190" VPOS="470" WIDTH="75" HEIGHT="20" WC="0.91" CONTENT="sädant"/><SP WIDTH="15" VPOS="470" HPOS="265"/>
							<String ID="string_60" HPOS="280" VPOS="470" WIDTH="114" HEIGHT="20" WC="0.92" CONTENT="detsamma"/><SP WIDTH="15" VPOS="470" HPOS="394"/>
							<String ID="string_61" HPOS="409" VPOS="470" WIDTH="70" HEIGHT="20" WC="0.91" CONTENT="blifvit"/><SP WIDTH="14" VPOS="470" HPOS="479"/>
							<String ID="string_62" HPOS="493" VPOS="470" WIDTH="23" HEIGHT="20" WC="0.93" CONTENT="af"/><SP WIDTH="12" VPOS="470" HPOS="516"/>
							<String ID="string_63" HPOS="528" VPOS="470" WIDTH="107" HEIGHT="20" WC="0.92" CONTENT="Utskottet"/><SP WIDTH="14" VPOS="470" HPOS="635"/>
							<String ID="string_64" HPOS="649" VPOS="470" WIDTH="120" HEIGHT="26" WC="0.92" CONTENT="föreslaget,"/><SP WIDTH="14" VPOS="470" HPOS="769"/>
							<String ID="string_65" HPOS="783" VPOS="471" WIDTH="54" HEIGHT="18" WC="0.96" CONTENT="samt"/>
						</TextLine>
						<TextLine ID="line_10" HPOS="91" VPOS="503" WIDTH="745" HEIGHT="28">
							<String ID="string_66" HPOS="91" VPOS="504" WIDTH="180" HEIGHT="20" WC="0.0" CONTENT="äterremitterade"/><SP WIDTH="16" VPOS="504" HPOS="271"/>
							<String ID="string_67" HPOS="287" VPOS="504" WIDTH="116" HEIGHT="20" WC="0.94" CONTENT="detsamma"/><SP WIDTH="15" VPOS="504" HPOS="403"/>
							<String ID="string_68" HPOS="418" VPOS="505" WIDTH="31" HEIGHT="19" WC="0.96" CONTENT="för"/><SP WIDTH="16" VPOS="505" HPOS="449"/>
							<String ID="string_69" HPOS="465" VPOS="506" WIDTH="31" HEIGHT="18" WC="0.93" CONTENT="att"/><SP WIDTH="14" VPOS="506" HPOS="496"/>
							<String ID="string_70" HPOS="510" VPOS="504" WIDTH="141" HEIGHT="27" WC="0.92" CONTENT="omredigeras"/><SP WIDTH="12" VPOS="504" HPOS="651"/>
							<String ID="string_71" HPOS="663" VPOS="504" WIDTH="85" HEIGHT="25" WC="0.92" CONTENT="derhän,"/><SP WIDTH="11" VPOS="504" HPOS="748"/>
							<String ID="string_72" HPOS="759" VPOS="504" WIDTH="32" HEIGHT="18" WC="0.96" CONTENT="att"/><SP WIDTH="10" VPOS="504" HPOS="791"/>
							<String ID="string_73" HPOS="801" VPOS="503" WIDTH="35" HEIGHT="20" WC="0.96" CONTENT="det"/>
						</TextLine>
						<TextLine ID="line_11" HPOS="90" VPOS="537" WIDTH="746" HEIGHT="22">
							<String ID="string_74" HPOS="90" VPOS="538" WIDTH="122" HEIGHT="20" WC="0.96" CONTENT="nuvarande"/><SP WIDTH="24" VPOS="538" HPOS="212"/>
							<String ID="string_75" HPOS="236" VPOS="538" WIDTH="90" HEIGHT="20" WC="0.93" CONTENT="svenska"/><SP WIDTH="15" VPOS="538" HPOS="326"/>
							<String ID="string_76" HPOS="341" VPOS="538" WIDTH="120" HEIGHT="21" WC="0.96" CONTENT="läroverket"/><SP WIDTH="13" VPOS="538" HPOS="461"/>
							<String ID="string_77" HPOS="474" VPOS="539" WIDTH="8" HEIGHT="19" WC="0.96" CONTENT="i"/><SP WIDTH="16" VPOS="539" HPOS="482"/>
							<String ID="string_78" HPOS="498" VPOS="538" WIDTH="30" HEIGHT="21" WC="0.86" CONTENT="S:t"/><SP WIDTH="14" VPOS="538" HPOS="528"/>
							<String ID="string_79" HPOS="542" VPOS="539" WIDTH="76" HEIGHT="20" WC="0.95" CONTENT="Michel"/><SP WIDTH="16" VPOS="539" HPOS="618"/>
							<String ID="string_80" HPOS="634" VPOS="539" WIDTH="67" HEIGHT="19" WC="0.93" CONTENT="skulle"/><SP WIDTH="14" VPOS="539" HPOS="701"/>
							<String ID="string_81" HPOS="715" VPOS="537" WIDTH="121" HEIGHT="21" WC="0.95" CONTENT="förvandlas"/>
						</TextLine>
						<TextLine ID="line_12" HPOS="86" VPOS="571" WIDTH="749" HEIGHT="28">
							<String ID="string_82" HPOS="86" VPOS="572" WIDTH="33" HEIGHT="20" WC="0.93" CONTENT="till"/><SP WIDTH="21" VPOS="572" HPOS="119"/>
							<String ID="string_83" HPOS="140" VPOS="572" WIDTH="156" HEIGHT="27" WC="0.91" CONTENT="finskspräkigt,"/><SP WIDTH="15" VPOS="572" HPOS="296"/>
							<String ID="string_84" HPOS="311" VPOS="574" WIDTH="54" HEIGHT="18" WC="0.96" CONTENT="samt"/><SP WIDTH="18" VPOS="574" HPOS="365"/>
							<String ID="string_85" HPOS="383" VPOS="574" WIDTH="31" HEIGHT="19" WC="0.93" CONTENT="att"/><SP WIDTH="19" VPOS="574" HPOS="414"/>
							<String ID="string_86" HPOS="433" VPOS="573" WIDTH="100" HEIGHT="26" WC="0.89" CONTENT="derjemte"/><SP WIDTH="16" VPOS="573" HPOS="533"/>
							<String ID="string_87" HPOS="549" VPOS="573" WIDTH="35" HEIGHT="20" WC="0.93" CONTENT="det"/><SP WIDTH="15" VPOS="573" HPOS="584"/>
							<String ID="string_88" HPOS="599" VPOS="571" WIDTH="156" HEIGHT="28" WC="0.70" CONTENT="önskningsmäl"/><SP WIDTH="15" VPOS="571" HPOS="755"/>
							<String ID="string_89" HPOS="770" VPOS="571" WIDTH="65" HEIGHT="21" WC="0.97" CONTENT="borde"/>
						</TextLine>
						<TextLine ID="line_13" HPOS="87" VPOS="605" WIDTH="747" HEIGHT="27">
							<String ID="string_90" HPOS="87" VPOS="606" WIDTH="23" HEIGHT="20" WC="0.93" CONTENT="af"/><SP WIDTH="15" VPOS="606" HPOS="110"/>
							<String ID="string_91" HPOS="125" VPOS="606" WIDTH="117" HEIGHT="20" WC="0.90" CONTENT="Ständerna"/><SP WIDTH="15" VPOS="606" HPOS="242"/>
							<String ID="string_92" HPOS="257" VPOS="606" WIDTH="85" HEIGHT="26" WC="0.93" CONTENT="uttalas,"/><SP WIDTH="17" VPOS="606" HPOS="342"/>
							<String ID="string_93" HPOS="359" VPOS="608" WIDTH="31" HEIGHT="18" WC="0.93" CONTENT="att"/><SP WIDTH="15" VPOS="608" HPOS="390"/>
							<String ID="string_94" HPOS="405" VPOS="606" WIDTH="107" HEIGHT="26" WC="0.92" CONTENT="Styrelsen"/><SP WIDTH="15" VPOS="606" HPOS="512"/>
							<String ID="string_95" HPOS="527" VPOS="607" WIDTH="49" HEIGHT="19" WC="0.96" CONTENT="ville"/><SP WIDTH="16" VPOS="607" HPOS="576"/>
							<String ID="string_96" HPOS="592" VPOS="607" WIDTH="23" HEIGHT="19" WC="0.96" CONTENT="sä"/><SP WIDTH="10" VPOS="607" HPOS="615"/>
							<String ID="string_97" HPOS="625" VPOS="608" WIDTH="57" HEIGHT="18" WC="0.93" CONTENT="snart"/><SP WIDTH="9" VPOS="608" HPOS="682"/>
							<String ID="string_98" HPOS="691" VPOS="607" WIDTH="38" HEIGHT="18" WC="0.93" CONTENT="ske"/><SP WIDTH="11" VPOS="607" HPOS="729"/>
							<String ID="string_99" HPOS="740" VPOS="605" WIDTH="41" HEIGHT="20" WC="0.93" CONTENT="kan"/><SP WIDTH="9" VPOS="605" HPOS="781"/>
							<String ID="string_100" HPOS="790" VPOS="605" WIDTH="44" HEIGHT="20" WC="0.92" CONTENT="vid-"/>
						</TextLine>
						<TextLine ID="line_14" HPOS="86" VPOS="639" WIDTH="749" HEIGHT="28">
							<String ID="string_101" HPOS="86" VPOS="642" WIDTH="49" HEIGHT="25" WC="0.95" CONTENT="taga"/><SP WIDTH="15" VPOS="642" HPOS="135"/>
							<String ID="string_102" HPOS="150" VPOS="641" WIDTH="74" HEIGHT="26" WC="0.95" CONTENT="åtgärd"/><SP WIDTH="12" VPOS="641" HPOS="224"/>
							<String ID="string_103" HPOS="236" VPOS="641" WIDTH="77" HEIGHT="25" WC="0.96" CONTENT="derom,"/><SP WIDTH="12" VPOS="641" HPOS="313"/>
							<String ID="string_104" HPOS="325" VPOS="641" WIDTH="31" HEIGHT="19" WC="0.96" CONTENT="att"/><SP WIDTH="11" VPOS="641" HPOS="356"/>
							<String ID="string_105" HPOS="367" VPOS="640" WIDTH="32" HEIGHT="21" WC="0.96" CONTENT="för"/><SP WIDTH="11" VPOS="640" HPOS="399"/>
							<String ID="string_106" HPOS="410" VPOS="643" WIDTH="59" HEIGHT="17" WC="0.96" CONTENT="östra"/><SP WIDTH="11" VPOS="643" HPOS="469"/>
							<String ID="string_107" HPOS="480" VPOS="641" WIDTH="100" HEIGHT="20" WC="0.93" CONTENT="Finlands"/><SP WIDTH="10" VPOS="641" HPOS="580"/>
							<String ID="string_108" HPOS="590" VPOS="640" WIDTH="66" HEIGHT="21" WC="0.91" CONTENT="behof"/><SP WIDTH="7" VPOS="640" HPOS="656"/>
							<String ID="string_109" HPOS="663" VPOS="642" WIDTH="30" HEIGHT="18" WC="0.93" CONTENT="ett"/><SP WIDTH="10" VPOS="642" HPOS="693"/>
							<String ID="string_110" HPOS="703" VPOS="639" WIDTH="132" HEIGHT="27" WC="0.96" CONTENT="fullständigt"/>
						</TextLine>
						<TextLine ID="line_15" HPOS="87" VPOS="673" WIDTH="747" HEIGHT="27">
							<String ID="string_111" HPOS="87" VPOS="675" WIDTH="211" HEIGHT="20" WC="0.92" CONTENT="elementarläroverk"/><SP WIDTH="12" VPOS="675" HPOS="298"/>
							<String ID="string_112" HPOS="310" VPOS="675" WIDTH="46" HEIGHT="19" WC="0.93" CONTENT="med"/><SP WIDTH="12" VPOS="675" HPOS="356"/>
							<String ID="string_113" HPOS="368" VPOS="675" WIDTH="81" HEIGHT="19" WC="0.93" CONTENT="finskan"/><SP WIDTH="12" VPOS="675" HPOS="449"/>
							<String ID="string_114" HPOS="461" VPOS="675" WIDTH="32" HEIGHT="19" WC="0.93" CONTENT="till"/><SP WIDTH="10" VPOS="675" HPOS="493"/>
							<String ID="string_115" HPOS="503" VPOS="674" WIDTH="208" HEIGHT="26" WC="0.92" CONTENT="undervisnigsspräk"/><SP WIDTH="8" VPOS="674" HPOS="711"/>
							<String ID="string_116" HPOS="719" VPOS="673" WIDTH="115" HEIGHT="20" WC="0.93" CONTENT="inrättades"/>
						</TextLine>
						<TextLine ID="line_16" HPOS="86" VPOS="705" WIDTH="181" HEIGHT="29">
							<String ID="string_117" HPOS="86" VPOS="710" WIDTH="5" HEIGHT="18" WC="0.93" CONTENT="i"/><SP WIDTH="8" VPOS="710" HPOS="91"/>
							<String ID="string_118" HPOS="99" VPOS="705" WIDTH="100" HEIGHT="29" WC="0.92" CONTENT="Viborgs"/><SP WIDTH="15" VPOS="705" HPOS="199"/>
							<String ID="string_119" HPOS="214" VPOS="709" WIDTH="53" HEIGHT="19" WC="0.97" CONTENT="stad."/>
						</TextLine>
					</TextBlock>
					<TextBlock ID="block_5" HPOS="82" VPOS="742" WIDTH="753" HEIGHT="638">
						<TextLine ID="line_17" HPOS="155" VPOS="742" WIDTH="680" HEIGHT="27">
							<String ID="string_120" HPOS="155" VPOS="742" WIDTH="83" HEIGHT="20" WC="0.92" CONTENT="Jemväl"/><SP WIDTH="22" VPOS="742" HPOS="238"/>
							<String ID="string_121" HPOS="260" VPOS="743" WIDTH="7" HEIGHT="19" WC="0.93" CONTENT="i"/><SP WIDTH="23" VPOS="743" HPOS="267"/>
							<String ID="string_122" HPOS="290" VPOS="742" WIDTH="68" HEIGHT="20" WC="0.93" CONTENT="denna"/><SP WIDTH="23" VPOS="742" HPOS="358"/>
							<String ID="string_123" HPOS="381" VPOS="742" WIDTH="66" HEIGHT="27" WC="0.92" CONTENT="punkt"/><SP WIDTH="21" VPOS="742" HPOS="447"/>
							<String ID="string_124" HPOS="468" VPOS="743" WIDTH="64" HEIGHT="20" WC="0.92" CONTENT="hafva"/><SP WIDTH="18" VPOS="743" HPOS="532"/>
							<String ID="string_125" HPOS="550" VPOS="743" WIDTH="81" HEIGHT="20" WC="0.92" CONTENT="säledes"/><SP WIDTH="16" VPOS="743" HPOS="631"/>
							<String ID="string_126" HPOS="647" VPOS="742" WIDTH="104" HEIGHT="21" WC="0.92" CONTENT="Ständens"/><SP WIDTH="15" VPOS="742" HPOS="751"/>
							<String ID="string_127" HPOS="766" VPOS="742" WIDTH="69" HEIGHT="20" WC="0.96" CONTENT="beslut"/>
						</TextLine>
						<TextLine ID="line_18" HPOS="86" VPOS="776" WIDTH="746" HEIGHT="27">
							<String ID="string_128" HPOS="86" VPOS="776" WIDTH="54" HEIGHT="20" WC="0.96" CONTENT="varit"/><SP WIDTH="14" VPOS="776" HPOS="140"/>
							<String ID="string_129" HPOS="154" VPOS="776" WIDTH="24" HEIGHT="20" WC="0.93" CONTENT="sä"/><SP WIDTH="15" VPOS="776" HPOS="178"/>
							<String ID="string_130" HPOS="193" VPOS="776" WIDTH="94" HEIGHT="26" WC="0.62" CONTENT="stridiga,"/><SP WIDTH="16" VPOS="776" HPOS="287"/>
							<String ID="string_131" HPOS="303" VPOS="778" WIDTH="31" HEIGHT="18" WC="0.96" CONTENT="att"/><SP WIDTH="15" VPOS="778" HPOS="334"/>
							<String ID="string_132" HPOS="349" VPOS="778" WIDTH="50" HEIGHT="19" WC="0.96" CONTENT="utan"/><SP WIDTH="16" VPOS="778" HPOS="399"/>
							<String ID="string_133" HPOS="415" VPOS="777" WIDTH="120" HEIGHT="26" WC="0.93" CONTENT="betydande"/><SP WIDTH="15" VPOS="777" HPOS="535"/>
							<String ID="string_134" HPOS="550" VPOS="776" WIDTH="168" HEIGHT="21" WC="0.96" CONTENT="modifikationer"/><SP WIDTH="10" VPOS="776" HPOS="718"/>
							<String ID="string_135" HPOS="728" VPOS="776" WIDTH="65" HEIGHT="26" WC="0.93" CONTENT="något"/><SP WIDTH="9" VPOS="776" HPOS="793"/>
							<String ID="string_136" HPOS="802" VPOS="782" WIDTH="30" HEIGHT="13" WC="0.93" CONTENT="re-"/>
						</TextLine>
						<TextLine ID="line_19" HPOS="86" VPOS="810" WIDTH="746" HEIGHT="27">
							<String ID="string_137" HPOS="86" VPOS="810" WIDTH="63" HEIGHT="20" WC="0.92" CONTENT="sultat"/><SP WIDTH="14" VPOS="810" HPOS="149"/>
							<String ID="string_138" HPOS="163" VPOS="810" WIDTH="45" HEIGHT="20" WC="0.93" CONTENT="från"/><SP WIDTH="19" VPOS="810" HPOS="208"/>
							<String ID="string_139" HPOS="227" VPOS="810" WIDTH="128" HEIGHT="20" WC="0.92" CONTENT="Ständernas"/><SP WIDTH="15" VPOS="810" HPOS="355"/>
							<String ID="string_140" HPOS="370" VPOS="811" WIDTH="46" HEIGHT="19" WC="0.93" CONTENT="sida"/><SP WIDTH="16" VPOS="811" HPOS="416"/>
							<String ID="string_141" HPOS="432" VPOS="812" WIDTH="18" HEIGHT="25" WC="0.96" CONTENT="ej"/><SP WIDTH="12" VPOS="812" HPOS="450"/>
							<String ID="string_142" HPOS="462" VPOS="812" WIDTH="59" HEIGHT="20" WC="0.96" CONTENT="torde"/><SP WIDTH="10" VPOS="812" HPOS="521"/>
							<String ID="string_143" HPOS="531" VPOS="811" WIDTH="71" HEIGHT="20" WC="0.93" CONTENT="kunna"/><SP WIDTH="10" VPOS="811" HPOS="602"/>
							<String ID="string_144" HPOS="612" VPOS="811" WIDTH="67" HEIGHT="19" WC="0.90" CONTENT="ernäs."/><SP WIDTH="22" VPOS="811" HPOS="679"/>
							<String ID="string_145" HPOS="701" VPOS="810" WIDTH="81" HEIGHT="20" WC="0.93" CONTENT="Presta-"/><SP WIDTH="11" VPOS="810" HPOS="782"/>
							<String ID="string_146" HPOS="793" VPOS="810" WIDTH="39" HEIGHT="19" WC="0.69" CONTENT="och"/>
						</TextLine>
						<TextLine ID="line_20" HPOS="85" VPOS="844" WIDTH="748" HEIGHT="30">
							<String ID="string_147" HPOS="85" VPOS="844" WIDTH="173" HEIGHT="21" WC="0.91" CONTENT="Bondeständens"/><SP WIDTH="16" VPOS="844" HPOS="258"/>
							<String ID="string_148" HPOS="274" VPOS="844" WIDTH="68" HEIGHT="30" WC="0.96" CONTENT="beslut"/><SP WIDTH="15" VPOS="844" HPOS="342"/>
							<String ID="string_149" HPOS="357" VPOS="851" WIDTH="33" HEIGHT="13" WC="0.93" CONTENT="om"/><SP WIDTH="16" VPOS="851" HPOS="390"/>
							<String ID="string_150" HPOS="406" VPOS="845" WIDTH="134" HEIGHT="26" WC="0.92" CONTENT="förvandling"/><SP WIDTH="14" VPOS="845" HPOS="540"/>
							<String ID="string_151" HPOS="554" VPOS="844" WIDTH="24" HEIGHT="20" WC="0.93" CONTENT="af"/><SP WIDTH="12" VPOS="844" HPOS="578"/>
							<String ID="string_152" HPOS="590" VPOS="844" WIDTH="243" HEIGHT="27" WC="0.93" CONTENT="undervisningsspräket"/>
						</TextLine>
						<TextLine ID="line_21" HPOS="86" VPOS="878" WIDTH="747" HEIGHT="27">
							<String ID="string_153" HPOS="86" VPOS="880" WIDTH="6" HEIGHT="18" WC="0.92" CONTENT="i"/><SP WIDTH="17" VPOS="880" HPOS="92"/>
							<String ID="string_154" HPOS="109" VPOS="878" WIDTH="30" HEIGHT="20" WC="0.51" CONTENT="S:t"/><SP WIDTH="15" VPOS="878" HPOS="139"/>
							<String ID="string_155" HPOS="154" VPOS="878" WIDTH="87" HEIGHT="21" WC="0.96" CONTENT="Michels"/><SP WIDTH="15" VPOS="878" HPOS="241"/>
							<String ID="string_156" HPOS="256" VPOS="879" WIDTH="91" HEIGHT="20" WC="0.93" CONTENT="svenska"/><SP WIDTH="14" VPOS="879" HPOS="347"/>
							<String ID="string_157" HPOS="361" VPOS="879" WIDTH="83" HEIGHT="26" WC="0.96" CONTENT="lyceum"/><SP WIDTH="15" VPOS="879" HPOS="444"/>
							<String ID="string_158" HPOS="459" VPOS="880" WIDTH="74" HEIGHT="19" WC="0.96" CONTENT="strider"/><SP WIDTH="15" VPOS="880" HPOS="533"/>
							<String ID="string_159" HPOS="548" VPOS="879" WIDTH="44" HEIGHT="20" WC="0.97" CONTENT="helt"/><SP WIDTH="15" VPOS="879" HPOS="592"/>
							<String ID="string_160" HPOS="607" VPOS="879" WIDTH="39" HEIGHT="20" WC="0.93" CONTENT="och"/><SP WIDTH="15" VPOS="879" HPOS="646"/>
							<String ID="string_161" HPOS="661" VPOS="878" WIDTH="67" HEIGHT="21" WC="0.96" CONTENT="hållet"/><SP WIDTH="14" VPOS="878" HPOS="728"/>
							<String ID="string_162" HPOS="742" VPOS="879" WIDTH="57" HEIGHT="19" WC="0.96" CONTENT="emot"/><SP WIDTH="8" VPOS="879" HPOS="799"/>
							<String ID="string_163" HPOS="807" VPOS="878" WIDTH="26" HEIGHT="19" WC="0.96" CONTENT="de"/>
						</TextLine>
						<TextLine ID="line_22" HPOS="84" VPOS="912" WIDTH="747" HEIGHT="27">
							<String ID="string_164" HPOS="84" VPOS="913" WIDTH="23" HEIGHT="19" WC="0.93" CONTENT="af"/><SP WIDTH="13" VPOS="913" HPOS="107"/>
							<String ID="string_165" HPOS="120" VPOS="912" WIDTH="155" HEIGHT="27" WC="0.92" CONTENT="Ridderskapet"/><SP WIDTH="12" VPOS="912" HPOS="275"/>
							<String ID="string_166" HPOS="287" VPOS="914" WIDTH="40" HEIGHT="19" WC="0.93" CONTENT="och"/><SP WIDTH="11" VPOS="914" HPOS="327"/>
							<String ID="string_167" HPOS="338" VPOS="912" WIDTH="68" HEIGHT="21" WC="0.93" CONTENT="Adeln"/><SP WIDTH="10" VPOS="912" HPOS="406"/>
							<String ID="string_168" HPOS="416" VPOS="916" WIDTH="54" HEIGHT="17" WC="0.93" CONTENT="samt"/><SP WIDTH="9" VPOS="916" HPOS="470"/>
							<String ID="string_169" HPOS="479" VPOS="913" WIDTH="177" HEIGHT="26" WC="0.92" CONTENT="Borgareständet"/><SP WIDTH="9" VPOS="913" HPOS="656"/>
							<String ID="string_170" HPOS="665" VPOS="912" WIDTH="80" HEIGHT="20" WC="0.95" CONTENT="fattade"/><SP WIDTH="11" VPOS="912" HPOS="745"/>
							<String ID="string_171" HPOS="756" VPOS="912" WIDTH="75" HEIGHT="26" WC="0.96" CONTENT="beslut,"/>
						</TextLine>
						<TextLine ID="line_23" HPOS="85" VPOS="945" WIDTH="746" HEIGHT="29">
							<String ID="string_172" HPOS="85" VPOS="946" WIDTH="39" HEIGHT="22" WC="0.93" CONTENT="och"/><SP WIDTH="16" VPOS="946" HPOS="124"/>
							<String ID="string_173" HPOS="140" VPOS="947" WIDTH="60" HEIGHT="21" WC="0.93" CONTENT="torde"/><SP WIDTH="15" VPOS="947" HPOS="200"/>
							<String ID="string_174" HPOS="215" VPOS="947" WIDTH="82" HEIGHT="20" WC="0.93" CONTENT="säledes"/><SP WIDTH="13" VPOS="947" HPOS="297"/>
							<String ID="string_175" HPOS="310" VPOS="948" WIDTH="19" HEIGHT="26" WC="0.92" CONTENT="ej"/><SP WIDTH="11" VPOS="948" HPOS="329"/>
							<String ID="string_176" HPOS="340" VPOS="947" WIDTH="64" HEIGHT="20" WC="0.92" CONTENT="hafva"/><SP WIDTH="10" VPOS="947" HPOS="404"/>
							<String ID="string_177" HPOS="414" VPOS="948" WIDTH="64" HEIGHT="26" WC="0.90" CONTENT="utsigt"/><SP WIDTH="10" VPOS="948" HPOS="478"/>
							<String ID="string_178" HPOS="488" VPOS="949" WIDTH="30" HEIGHT="19" WC="0.91" CONTENT="att"/><SP WIDTH="10" VPOS="949" HPOS="518"/>
							<String ID="string_179" HPOS="528" VPOS="948" WIDTH="64" HEIGHT="19" WC="0.91" CONTENT="vinna"/><SP WIDTH="9" VPOS="948" HPOS="592"/>
							<String ID="string_180" HPOS="601" VPOS="946" WIDTH="113" HEIGHT="27" WC="0.92" CONTENT="pluralitet,"/><SP WIDTH="11" VPOS="946" HPOS="714"/>
							<String ID="string_181" HPOS="725" VPOS="946" WIDTH="40" HEIGHT="20" WC="0.93" CONTENT="och"/><SP WIDTH="10" VPOS="946" HPOS="765"/>
							<String ID="string_182" HPOS="775" VPOS="945" WIDTH="56" HEIGHT="20" WC="0.92" CONTENT="hvad"/>
						</TextLine>
						<TextLine ID="line_24" HPOS="87" VPOS="980" WIDTH="746" HEIGHT="26">
							<String ID="string_183" HPOS="87" VPOS="981" WIDTH="44" HEIGHT="20" WC="0.93" CONTENT="åter"/><SP WIDTH="8" VPOS="981" HPOS="131"/>
							<String ID="string_184" HPOS="139" VPOS="981" WIDTH="157" HEIGHT="21" WC="0.92" CONTENT="Bondeständet"/><SP WIDTH="7" VPOS="981" HPOS="296"/>
							<String ID="string_185" HPOS="303" VPOS="981" WIDTH="79" HEIGHT="21" WC="0.93" CONTENT="sbeslut"/><SP WIDTH="8" VPOS="981" HPOS="382"/>
							<String ID="string_186" HPOS="390" VPOS="988" WIDTH="34" HEIGHT="13" WC="0.93" CONTENT="om"/><SP WIDTH="16" VPOS="988" HPOS="424"/>
							<String ID="string_187" HPOS="440" VPOS="982" WIDTH="119" HEIGHT="20" WC="0.96" CONTENT="inrättande"/><SP WIDTH="9" VPOS="982" HPOS="559"/>
							<String ID="string_188" HPOS="568" VPOS="982" WIDTH="23" HEIGHT="19" WC="0.96" CONTENT="af"/><SP WIDTH="5" VPOS="982" HPOS="591"/>
							<String ID="string_189" HPOS="596" VPOS="982" WIDTH="30" HEIGHT="18" WC="0.92" CONTENT="ett"/><SP WIDTH="10" VPOS="982" HPOS="626"/>
							<String ID="string_190" HPOS="636" VPOS="981" WIDTH="82" HEIGHT="25" WC="0.92" CONTENT="lyceum"/><SP WIDTH="9" VPOS="981" HPOS="718"/>
							<String ID="string_191" HPOS="727" VPOS="981" WIDTH="6" HEIGHT="19" WC="0.93" CONTENT="i"/><SP WIDTH="9" VPOS="981" HPOS="733"/>
							<String ID="string_192" HPOS="742" VPOS="980" WIDTH="91" HEIGHT="26" WC="0.96" CONTENT="Viborgs"/>
						</TextLine>
						<TextLine ID="line_25" HPOS="82" VPOS="1014" WIDTH="749" HEIGHT="27">
							<String ID="string_193" HPOS="82" VPOS="1016" WIDTH="47" HEIGHT="19" WC="0.93" CONTENT="stad"/><SP WIDTH="15" VPOS="1016" HPOS="129"/>
							<String ID="string_194" HPOS="144" VPOS="1016" WIDTH="137" HEIGHT="25" WC="0.92" CONTENT="vidkommer,"/><SP WIDTH="16" VPOS="1016" HPOS="281"/>
							<String ID="string_195" HPOS="297" VPOS="1016" WIDTH="65" HEIGHT="20" WC="0.96" CONTENT="måste"/><SP WIDTH="10" VPOS="1016" HPOS="362"/>
							<String ID="string_196" HPOS="372" VPOS="1016" WIDTH="62" HEIGHT="20" WC="0.96" CONTENT="äfven"/><SP WIDTH="12" VPOS="1016" HPOS="434"/>
							<String ID="string_197" HPOS="446" VPOS="1016" WIDTH="57" HEIGHT="20" WC="0.93" CONTENT="detta"/><SP WIDTH="10" VPOS="1016" HPOS="503"/>
							<String ID="string_198" HPOS="513" VPOS="1015" WIDTH="158" HEIGHT="26" WC="0.50" CONTENT="önskningsmäl"/><SP WIDTH="21" VPOS="1015" HPOS="671"/>
							<String ID="string_199" HPOS="692" VPOS="1015" WIDTH="93" HEIGHT="25" WC="0.93" CONTENT="förfalla,"/><SP WIDTH="15" VPOS="1015" HPOS="785"/>
							<String ID="string_200" HPOS="800" VPOS="1014" WIDTH="31" HEIGHT="20" WC="0.92" CONTENT="sä-"/>
						</TextLine>
						<TextLine ID="line_26" HPOS="85" VPOS="1048" WIDTH="746" HEIGHT="21">
							<String ID="string_201" HPOS="85" VPOS="1053" WIDTH="43" HEIGHT="16" WC="0.90" CONTENT="som"/><SP WIDTH="16" VPOS="1053" HPOS="128"/>
							<String ID="string_202" HPOS="144" VPOS="1049" WIDTH="91" HEIGHT="20" WC="0.90" CONTENT="uttaladt"/><SP WIDTH="15" VPOS="1049" HPOS="235"/>
							<String ID="string_203" HPOS="250" VPOS="1049" WIDTH="54" HEIGHT="20" WC="0.95" CONTENT="blott"/><SP WIDTH="15" VPOS="1049" HPOS="304"/>
							<String ID="string_204" HPOS="319" VPOS="1049" WIDTH="23" HEIGHT="20" WC="0.97" CONTENT="af"/><SP WIDTH="13" VPOS="1049" HPOS="342"/>
							<String ID="string_205" HPOS="355" VPOS="1051" WIDTH="29" HEIGHT="18" WC="0.93" CONTENT="ett"/><SP WIDTH="15" VPOS="1051" HPOS="384"/>
							<String ID="string_206" HPOS="399" VPOS="1050" WIDTH="66" HEIGHT="19" WC="0.96" CONTENT="stånd."/><SP WIDTH="30" VPOS="1050" HPOS="465"/>
							<String ID="string_207" HPOS="495" VPOS="1049" WIDTH="48" HEIGHT="20" WC="0.93" CONTENT="Med"/><SP WIDTH="16" VPOS="1049" HPOS="543"/>
							<String ID="string_208" HPOS="559" VPOS="1049" WIDTH="132" HEIGHT="20" WC="0.96" CONTENT="uteslutande"/><SP WIDTH="15" VPOS="1049" HPOS="691"/>
							<String ID="string_209" HPOS="706" VPOS="1049" WIDTH="24" HEIGHT="19" WC="0.93" CONTENT="af"/><SP WIDTH="13" VPOS="1049" HPOS="730"/>
							<String ID="string_210" HPOS="743" VPOS="1048" WIDTH="88" HEIGHT="20" WC="0.93" CONTENT="alterna-"/>
						</TextLine>
						<TextLine ID="line_27" HPOS="84" VPOS="1082" WIDTH="746" HEIGHT="27">
							<String ID="string_211" HPOS="84" VPOS="1084" WIDTH="52" HEIGHT="19" WC="0.89" CONTENT="tivet"/><SP WIDTH="14" VPOS="1084" HPOS="136"/>
							<String ID="string_212" HPOS="150" VPOS="1083" WIDTH="174" HEIGHT="20" WC="0.92" CONTENT="Willmanstrand"/><SP WIDTH="16" VPOS="1083" HPOS="324"/>
							<String ID="string_213" HPOS="340" VPOS="1091" WIDTH="24" HEIGHT="12" WC="0.96" CONTENT="ur"/><SP WIDTH="15" VPOS="1091" HPOS="364"/>
							<String ID="string_214" HPOS="379" VPOS="1083" WIDTH="41" HEIGHT="21" WC="0.96" CONTENT="den"/><SP WIDTH="14" VPOS="1083" HPOS="420"/>
							<String ID="string_215" HPOS="434" VPOS="1084" WIDTH="23" HEIGHT="19" WC="0.93" CONTENT="af"/><SP WIDTH="7" VPOS="1084" HPOS="457"/>
							<String ID="string_216" HPOS="464" VPOS="1083" WIDTH="155" HEIGHT="26" WC="0.92" CONTENT="Ridderskapet"/><SP WIDTH="10" VPOS="1083" HPOS="619"/>
							<String ID="string_217" HPOS="629" VPOS="1083" WIDTH="39" HEIGHT="20" WC="0.93" CONTENT="och"/><SP WIDTH="10" VPOS="1083" HPOS="668"/>
							<String ID="string_218" HPOS="678" VPOS="1082" WIDTH="68" HEIGHT="21" WC="0.92" CONTENT="Adeln"/><SP WIDTH="12" VPOS="1082" HPOS="746"/>
							<String ID="string_219" HPOS="758" VPOS="1082" WIDTH="21" HEIGHT="19" WC="0.93" CONTENT="ät"/><SP WIDTH="10" VPOS="1082" HPOS="779"/>
							<String ID="string_220" HPOS="789" VPOS="1089" WIDTH="41" HEIGHT="13" WC="0.92" CONTENT="mo-"/>
						</TextLine>
						<TextLine ID="line_28" HPOS="83" VPOS="1117" WIDTH="749" HEIGHT="27">
							<String ID="string_221" HPOS="83" VPOS="1119" WIDTH="80" HEIGHT="18" WC="0.92" CONTENT="mentet"/><SP WIDTH="23" VPOS="1119" HPOS="163"/>
							<String ID="string_222" HPOS="186" VPOS="1117" WIDTH="57" HEIGHT="27" WC="0.89" CONTENT="gifna"/><SP WIDTH="18" VPOS="1117" HPOS="243"/>
							<String ID="string_223" HPOS="261" VPOS="1117" WIDTH="140" HEIGHT="27" WC="0.96" CONTENT="formulering,"/><SP WIDTH="16" VPOS="1117" HPOS="401"/>
							<String ID="string_224" HPOS="417" VPOS="1118" WIDTH="74" HEIGHT="26" WC="0.93" CONTENT="tyckes"/><SP WIDTH="15" VPOS="1118" HPOS="491"/>
							<String ID="string_225" HPOS="506" VPOS="1117" WIDTH="94" HEIGHT="21" WC="0.92" CONTENT="deremot"/><SP WIDTH="15" VPOS="1117" HPOS="600"/>
							<String ID="string_226" HPOS="615" VPOS="1123" WIDTH="26" HEIGHT="14" WC="0.93" CONTENT="en"/><SP WIDTH="15" VPOS="1123" HPOS="641"/>
							<String ID="string_227" HPOS="656" VPOS="1117" WIDTH="109" HEIGHT="20" WC="0.96" CONTENT="redaktion"/><SP WIDTH="16" VPOS="1117" HPOS="765"/>
							<String ID="string_228" HPOS="781" VPOS="1122" WIDTH="51" HEIGHT="14" WC="0.96" CONTENT="vara"/>
						</TextLine>
						<TextLine ID="line_29" HPOS="83" VPOS="1149" WIDTH="750" HEIGHT="29">
							<String ID="string_229" HPOS="83" VPOS="1151" WIDTH="86" HEIGHT="26" WC="0.91" CONTENT="ernådd,"/><SP WIDTH="22" VPOS="1151" HPOS="169"/>
							<String ID="string_230" HPOS="191" VPOS="1157" WIDTH="44" HEIGHT="14" WC="0.95" CONTENT="som"/><SP WIDTH="20" VPOS="1157" HPOS="235"/>
							<String ID="string_231" HPOS="255" VPOS="1152" WIDTH="7" HEIGHT="19" WC="0.93" CONTENT="i"/><SP WIDTH="15" VPOS="1152" HPOS="262"/>
							<String ID="string_232" HPOS="277" VPOS="1151" WIDTH="132" HEIGHT="27" WC="0.91" CONTENT="väsendtliga"/><SP WIDTH="15" VPOS="1151" HPOS="409"/>
							<String ID="string_233" HPOS="424" VPOS="1152" WIDTH="59" HEIGHT="20" WC="0.93" CONTENT="delar"/><SP WIDTH="15" VPOS="1152" HPOS="483"/>
							<String ID="string_234" HPOS="498" VPOS="1151" WIDTH="107" HEIGHT="27" WC="0.96" CONTENT="uttrycker"/><SP WIDTH="14" VPOS="1151" HPOS="605"/>
							<String ID="string_235" HPOS="619" VPOS="1151" WIDTH="36" HEIGHT="20" WC="0.96" CONTENT="det"/><SP WIDTH="14" VPOS="1151" HPOS="655"/>
							<String ID="string_236" HPOS="669" VPOS="1149" WIDTH="164" HEIGHT="26" WC="0.87" CONTENT="hufvudsakliga"/>
						</TextLine>
						<TextLine ID="line_30" HPOS="83" VPOS="1184" WIDTH="747" HEIGHT="28">
							<String ID="string_237" HPOS="83" VPOS="1186" WIDTH="24" HEIGHT="20" WC="0.92" CONTENT="af"/><SP WIDTH="21" VPOS="1186" HPOS="107"/>
							<String ID="string_238" HPOS="128" VPOS="1186" WIDTH="105" HEIGHT="20" WC="0.92" CONTENT="Ständens"/><SP WIDTH="22" VPOS="1186" HPOS="233"/>
							<String ID="string_239" HPOS="255" VPOS="1186" WIDTH="88" HEIGHT="26" WC="0.92" CONTENT="önskan,"/><SP WIDTH="20" VPOS="1186" HPOS="343"/>
							<String ID="string_240" HPOS="363" VPOS="1186" WIDTH="104" HEIGHT="26" WC="0.92" CONTENT="nemligen"/><SP WIDTH="17" VPOS="1186" HPOS="467"/>
							<String ID="string_241" HPOS="484" VPOS="1188" WIDTH="30" HEIGHT="18" WC="0.93" CONTENT="att"/><SP WIDTH="14" VPOS="1188" HPOS="514"/>
							<String ID="string_242" HPOS="528" VPOS="1186" WIDTH="83" HEIGHT="20" WC="0.91" CONTENT="tillfälle"/><SP WIDTH="15" VPOS="1186" HPOS="611"/>
							<String ID="string_243" HPOS="626" VPOS="1186" WIDTH="31" HEIGHT="19" WC="0.95" CONTENT="till"/><SP WIDTH="15" VPOS="1186" HPOS="657"/>
							<String ID="string_244" HPOS="672" VPOS="1186" WIDTH="65" HEIGHT="25" WC="0.93" CONTENT="högre"/><SP WIDTH="19" VPOS="1186" HPOS="737"/>
							<String ID="string_245" HPOS="756" VPOS="1184" WIDTH="74" HEIGHT="20" WC="0.93" CONTENT="under-"/>
						</TextLine>
						<TextLine ID="line_31" HPOS="83" VPOS="1218" WIDTH="748" HEIGHT="28">
							<String ID="string_246" HPOS="83" VPOS="1220" WIDTH="82" HEIGHT="26" WC="0.92" CONTENT="visning"/><SP WIDTH="16" VPOS="1220" HPOS="165"/>
							<String ID="string_247" HPOS="181" VPOS="1220" WIDTH="27" HEIGHT="26" WC="0.93" CONTENT="pä"/><SP WIDTH="16" VPOS="1220" HPOS="208"/>
							<String ID="string_248" HPOS="224" VPOS="1220" WIDTH="146" HEIGHT="20" WC="0.91" CONTENT="modersmälet"/><SP WIDTH="15" VPOS="1220" HPOS="370"/>
							<String ID="string_249" HPOS="385" VPOS="1221" WIDTH="18" HEIGHT="25" WC="0.93" CONTENT="ej"/><SP WIDTH="17" VPOS="1221" HPOS="403"/>
							<String ID="string_250" HPOS="420" VPOS="1220" WIDTH="64" HEIGHT="20" WC="0.92" CONTENT="mätte"/><SP WIDTH="15" VPOS="1220" HPOS="484"/>
							<String ID="string_251" HPOS="499" VPOS="1220" WIDTH="32" HEIGHT="20" WC="0.95" CONTENT="för"/><SP WIDTH="16" VPOS="1220" HPOS="531"/>
							<String ID="string_252" HPOS="547" VPOS="1220" WIDTH="25" HEIGHT="20" WC="0.95" CONTENT="de"/><SP WIDTH="10" VPOS="1220" HPOS="572"/>
							<String ID="string_253" HPOS="582" VPOS="1219" WIDTH="68" HEIGHT="20" WC="0.93" CONTENT="finska"/><SP WIDTH="9" VPOS="1219" HPOS="650"/>
							<String ID="string_254" HPOS="659" VPOS="1219" WIDTH="86" HEIGHT="19" WC="0.93" CONTENT="talande"/><SP WIDTH="10" VPOS="1219" HPOS="745"/>
							<String ID="string_255" HPOS="755" VPOS="1218" WIDTH="76" HEIGHT="20" WC="0.96" CONTENT="saknas"/>
						</TextLine>
						<TextLine ID="line_32" HPOS="83" VPOS="1250" WIDTH="748" HEIGHT="30">
							<String ID="string_256" HPOS="83" VPOS="1250" WIDTH="6" HEIGHT="20" WC="0.89" CONTENT="i"/><SP WIDTH="20" VPOS="1250" HPOS="89"/>
							<String ID="string_257" HPOS="109" VPOS="1254" WIDTH="40" HEIGHT="20" WC="0.90" CONTENT="den"/><SP WIDTH="20" VPOS="1254" HPOS="149"/>
							<String ID="string_258" HPOS="169" VPOS="1254" WIDTH="129" HEIGHT="20" WC="0.82" CONTENT="vidsträckta"/><SP WIDTH="20" VPOS="1254" HPOS="298"/>
							<String ID="string_259" HPOS="318" VPOS="1254" WIDTH="34" HEIGHT="20" WC="0.96" CONTENT="del"/><SP WIDTH="18" VPOS="1254" HPOS="352"/>
							<String ID="string_260" HPOS="370" VPOS="1254" WIDTH="23" HEIGHT="20" WC="0.96" CONTENT="af"/><SP WIDTH="12" VPOS="1254" HPOS="393"/>
							<String ID="string_261" HPOS="405" VPOS="1254" WIDTH="79" HEIGHT="26" WC="0.96" CONTENT="landet,"/><SP WIDTH="15" VPOS="1254" HPOS="484"/>
							<String ID="string_262" HPOS="499" VPOS="1260" WIDTH="44" HEIGHT="14" WC="0.93" CONTENT="som"/><SP WIDTH="16" VPOS="1260" HPOS="543"/>
							<String ID="string_263" HPOS="559" VPOS="1253" WIDTH="70" HEIGHT="20" WC="0.92" CONTENT="tillhör"/><SP WIDTH="16" VPOS="1253" HPOS="629"/>
							<String ID="string_264" HPOS="645" VPOS="1253" WIDTH="31" HEIGHT="20" WC="0.96" CONTENT="S:t"/><SP WIDTH="13" VPOS="1253" HPOS="676"/>
							<String ID="string_265" HPOS="689" VPOS="1252" WIDTH="87" HEIGHT="20" WC="0.96" CONTENT="Michels"/><SP WIDTH="15" VPOS="1252" HPOS="776"/>
							<String ID="string_266" HPOS="791" VPOS="1252" WIDTH="40" HEIGHT="20" WC="0.96" CONTENT="och"/>
						</TextLine>
						<TextLine ID="line_33" HPOS="83" VPOS="1287" WIDTH="748" HEIGHT="27">
							<String ID="string_267" HPOS="83" VPOS="1288" WIDTH="90" HEIGHT="26" WC="0.92" CONTENT="Viborgs"/><SP WIDTH="15" VPOS="1288" HPOS="173"/>
							<String ID="string_268" HPOS="188" VPOS="1288" WIDTH="41" HEIGHT="20" WC="0.96" CONTENT="län."/><SP WIDTH="31" VPOS="1288" HPOS="229"/>
							<String ID="string_269" HPOS="260" VPOS="1288" WIDTH="112" HEIGHT="20" WC="0.90" CONTENT="Allmänna"/><SP WIDTH="20" VPOS="1288" HPOS="372"/>
							<String ID="string_270" HPOS="392" VPOS="1288" WIDTH="191" HEIGHT="20" WC="0.92" CONTENT="Besvärsutskottet"/><SP WIDTH="18" VPOS="1288" HPOS="583"/>
							<String ID="string_271" HPOS="601" VPOS="1287" WIDTH="32" HEIGHT="20" WC="0.91" CONTENT="fär"/><SP WIDTH="15" VPOS="1287" HPOS="633"/>
							<String ID="string_272" HPOS="648" VPOS="1288" WIDTH="62" HEIGHT="19" WC="0.93" CONTENT="alltsä"/><SP WIDTH="15" VPOS="1288" HPOS="710"/>
							<String ID="string_273" HPOS="725" VPOS="1287" WIDTH="106" HEIGHT="20" WC="0.96" CONTENT="vördsamt"/>
						</TextLine>
						<TextLine ID="line_34" HPOS="82" VPOS="1321" WIDTH="749" HEIGHT="26">
							<String ID="string_274" HPOS="82" VPOS="1322" WIDTH="88" HEIGHT="25" WC="0.92" CONTENT="inbjuda"/><SP WIDTH="22" VPOS="1322" HPOS="170"/>
							<String ID="string_275" HPOS="192" VPOS="1322" WIDTH="92" HEIGHT="20" WC="0.92" CONTENT="Ständen"/><SP WIDTH="23" VPOS="1322" HPOS="284"/>
							<String ID="string_276" HPOS="307" VPOS="1324" WIDTH="31" HEIGHT="17" WC="0.96" CONTENT="att"/><SP WIDTH="19" VPOS="1324" HPOS="338"/>
							<String ID="string_277" HPOS="357" VPOS="1322" WIDTH="31" HEIGHT="20" WC="0.93" CONTENT="till"/><SP WIDTH="17" VPOS="1322" HPOS="388"/>
							<String ID="string_278" HPOS="405" VPOS="1322" WIDTH="79" HEIGHT="20" WC="0.92" CONTENT="besluts"/><SP WIDTH="16" VPOS="1322" HPOS="484"/>
							<String ID="string_279" HPOS="500" VPOS="1321" WIDTH="103" HEIGHT="21" WC="0.93" CONTENT="ernäende"/><SP WIDTH="15" VPOS="1321" HPOS="603"/>
							<String ID="string_280" HPOS="618" VPOS="1321" WIDTH="124" HEIGHT="20" WC="0.92" CONTENT="härutinnan"/><SP WIDTH="16" VPOS="1321" HPOS="742"/>
							<String ID="string_281" HPOS="758" VPOS="1321" WIDTH="73" HEIGHT="19" WC="0.91" CONTENT="förena"/>
						</TextLine>
						<TextLine ID="line_35" HPOS="83" VPOS="1354" WIDTH="347" HEIGHT="26">
							<String ID="string_282" HPOS="83" VPOS="1355" WIDTH="31" HEIGHT="25" WC="0.96" CONTENT="sig"/><SP WIDTH="16" VPOS="1355" HPOS="114"/>
							<String ID="string_283" HPOS="130" VPOS="1361" WIDTH="33" HEIGHT="12" WC="0.93" CONTENT="om"/><SP WIDTH="16" VPOS="1361" HPOS="163"/>
							<String ID="string_284" HPOS="179" VPOS="1355" WIDTH="131" HEIGHT="25" WC="0.89" CONTENT="underdänig"/><SP WIDTH="14" VPOS="1355" HPOS="310"/>
							<String ID="string_285" HPOS="324" VPOS="1354" WIDTH="106" HEIGHT="25" WC="0.92" CONTENT="anhällan,"/>
						</TextLine>
					</TextBlock>
					<TextBlock ID="block_6" HPOS="149" VPOS="1386" WIDTH="681" HEIGHT="133">
						<TextLine ID="line_36" HPOS="185" VPOS="1386" WIDTH="645" HEIGHT="29">
							<String ID="string_286" HPOS="185" VPOS="1388" WIDTH="24" HEIGHT="27" WC="0.96" CONTENT="9)"/><SP WIDTH="15" VPOS="1388" HPOS="209"/>
							<String ID="string_287" HPOS="224" VPOS="1390" WIDTH="33" HEIGHT="19" WC="0.96" CONTENT="att"/><SP WIDTH="14" VPOS="1390" HPOS="257"/>
							<String ID="string_288" HPOS="271" VPOS="1389" WIDTH="29" HEIGHT="19" WC="0.92" CONTENT="ett"/><SP WIDTH="8" VPOS="1389" HPOS="300"/>
							<String ID="string_289" HPOS="308" VPOS="1387" WIDTH="71" HEIGHT="28" WC="0.89" CONTENT="finskt"/><SP WIDTH="15" VPOS="1387" HPOS="379"/>
							<String ID="string_290" HPOS="394" VPOS="1387" WIDTH="82" HEIGHT="28" WC="0.92" CONTENT="lyceum"/><SP WIDTH="14" VPOS="1387" HPOS="476"/>
							<String ID="string_291" HPOS="490" VPOS="1388" WIDTH="66" HEIGHT="20" WC="0.92" CONTENT="mätte"/><SP WIDTH="15" VPOS="1388" HPOS="556"/>
							<String ID="string_292" HPOS="571" VPOS="1386" WIDTH="36" HEIGHT="25" WC="0.96" CONTENT="för"/><SP WIDTH="10" VPOS="1386" HPOS="607"/>
							<String ID="string_293" HPOS="617" VPOS="1389" WIDTH="60" HEIGHT="20" WC="0.95" CONTENT="östra"/><SP WIDTH="10" VPOS="1389" HPOS="677"/>
							<String ID="string_294" HPOS="687" VPOS="1386" WIDTH="99" HEIGHT="22" WC="0.93" CONTENT="Finland"/><SP WIDTH="9" VPOS="1386" HPOS="786"/>
							<String ID="string_295" HPOS="795" VPOS="1387" WIDTH="35" HEIGHT="20" WC="0.93" CONTENT="in-"/>
						</TextLine>
						<TextLine ID="line_37" HPOS="150" VPOS="1421" WIDTH="680" HEIGHT="29">
							<String ID="string_296" HPOS="150" VPOS="1423" WIDTH="71" HEIGHT="20" WC="0.96" CONTENT="rättas"/><SP WIDTH="19" VPOS="1423" HPOS="221"/>
							<String ID="string_297" HPOS="240" VPOS="1421" WIDTH="39" HEIGHT="22" WC="0.93" CONTENT="och"/><SP WIDTH="18" VPOS="1421" HPOS="279"/>
							<String ID="string_298" HPOS="297" VPOS="1421" WIDTH="117" HEIGHT="29" WC="0.94" CONTENT="förläggas"/><SP WIDTH="15" VPOS="1421" HPOS="414"/>
							<String ID="string_299" HPOS="429" VPOS="1421" WIDTH="36" HEIGHT="21" WC="0.93" CONTENT="till"/><SP WIDTH="15" VPOS="1421" HPOS="465"/>
							<String ID="string_300" HPOS="480" VPOS="1423" WIDTH="73" HEIGHT="26" WC="0.96" CONTENT="någon"/><SP WIDTH="17" VPOS="1423" HPOS="553"/>
							<String ID="string_301" HPOS="570" VPOS="1423" WIDTH="34" HEIGHT="20" WC="0.95" CONTENT="ort"/><SP WIDTH="16" VPOS="1423" HPOS="604"/>
							<String ID="string_302" HPOS="620" VPOS="1422" WIDTH="59" HEIGHT="21" WC="0.96" CONTENT="inom"/><SP WIDTH="15" VPOS="1422" HPOS="679"/>
							<String ID="string_303" HPOS="694" VPOS="1421" WIDTH="33" HEIGHT="21" WC="0.95" CONTENT="S:t"/><SP WIDTH="14" VPOS="1421" HPOS="727"/>
							<String ID="string_304" HPOS="741" VPOS="1421" WIDTH="89" HEIGHT="22" WC="0.96" CONTENT="Michels"/>
						</TextLine>
						<TextLine ID="line_38" HPOS="149" VPOS="1455" WIDTH="680" HEIGHT="29">
							<String ID="string_305" HPOS="149" VPOS="1456" WIDTH="54" HEIGHT="21" WC="0.93" CONTENT="eller"/><SP WIDTH="12" VPOS="1456" HPOS="203"/>
							<String ID="string_306" HPOS="215" VPOS="1456" WIDTH="90" HEIGHT="28" WC="0.95" CONTENT="Viborgs"/><SP WIDTH="9" VPOS="1456" HPOS="305"/>
							<String ID="string_307" HPOS="314" VPOS="1456" WIDTH="44" HEIGHT="27" WC="0.95" CONTENT="län,"/><SP WIDTH="9" VPOS="1456" HPOS="358"/>
							<String ID="string_308" HPOS="367" VPOS="1463" WIDTH="44" HEIGHT="14" WC="0.93" CONTENT="som"/><SP WIDTH="7" VPOS="1463" HPOS="411"/>
							<String ID="string_309" HPOS="418" VPOS="1457" WIDTH="104" HEIGHT="26" WC="0.96" CONTENT="styrelsen"/><SP WIDTH="8" VPOS="1457" HPOS="522"/>
							<String ID="string_310" HPOS="530" VPOS="1456" WIDTH="44" HEIGHT="21" WC="0.96" CONTENT="kan"/><SP WIDTH="2" VPOS="1456" HPOS="574"/>
							<String ID="string_311" HPOS="576" VPOS="1455" WIDTH="65" HEIGHT="28" WC="0.93" CONTENT="finna"/><SP WIDTH="8" VPOS="1455" HPOS="641"/>
							<String ID="string_312" HPOS="649" VPOS="1455" WIDTH="75" HEIGHT="22" WC="0.88" CONTENT="dertill"/><SP WIDTH="8" VPOS="1455" HPOS="724"/>
							<String ID="string_313" HPOS="732" VPOS="1455" WIDTH="97" HEIGHT="28" WC="0.96" CONTENT="lämplig."/>
						</TextLine>
						<TextLine ID="line_39" HPOS="152" VPOS="1495" WIDTH="634" HEIGHT="24">
							<String ID="string_314" HPOS="152" VPOS="1496" WIDTH="75" HEIGHT="23" WC="0.91" CONTENT="Bihang"/><SP WIDTH="12" VPOS="1496" HPOS="227"/>
							<String ID="string_315" HPOS="239" VPOS="1497" WIDTH="30" HEIGHT="18" WC="0.96" CONTENT="till"/><SP WIDTH="11" VPOS="1497" HPOS="269"/>
							<String ID="string_316" HPOS="280" VPOS="1496" WIDTH="101" HEIGHT="19" WC="0.93" CONTENT="Allmänna"/><SP WIDTH="11" VPOS="1496" HPOS="381"/>
							<String ID="string_317" HPOS="392" VPOS="1496" WIDTH="186" HEIGHT="19" WC="0.93" CONTENT="Besvärs-utskottets"/><SP WIDTH="12" VPOS="1496" HPOS="578"/>
							<String ID="string_318" HPOS="590" VPOS="1495" WIDTH="110" HEIGHT="20" WC="0.91" CONTENT="betänkande"/><SP WIDTH="11" VPOS="1495" HPOS="700"/>
							<String ID="string_319" HPOS="711" VPOS="1495" WIDTH="36" HEIGHT="20" WC="0.96" CONTENT="N:o"/><SP WIDTH="11" VPOS="1495" HPOS="747"/>
							<String ID="string_320" HPOS="758" VPOS="1496" WIDTH="28" HEIGHT="23" WC="0.94" CONTENT="17,"/>
						</TextLine>
					</TextBlock>
				</ComposedBlock>
				<GraphicalElement ID="cblock_2" HPOS="1038" VPOS="1368" WIDTH="7" HEIGHT="335"></GraphicalElement >
			</PrintSpace>
		</Page>
	</Layout>
</alto>
