1039 1717
218 162 22 18 68
411 157 239 20 Petitionsbetänkande
661 157 38 19 N:o
711 156 34 19 20.

198 225 66 21 sedda
286 223 132 22 läroverkets
440 222 238 26 undervisningsspråk,
701 222 76 20 endast
798 220 95 27 anhållit,
917 222 32 20 att

199 258 144 28 Björneborgs
359 257 48 21 stad
421 257 66 21 måtte
503 256 81 22 erhålla
599 258 31 20 ett
644 256 136 26 fullständigt
793 255 89 27 lyceum.

268 293 38 21 Att
321 287 47 27 Åbo
383 292 39 21 och
436 291 143 27 Björneborgs
595 290 36 22 län
645 290 50 22 med
710 290 49 22 dess
774 290 34 21 till
823 291 80 20 största
914 290 36 21 de-

199 329 36 21 len
249 327 69 22 finska
332 326 124 27 befolkning
470 327 25 20 är
509 326 7 21 i
531 324 66 23 behof
610 325 24 21 af
647 331 27 15 en
688 324 55 22 finsk
759 324 60 22 skola
833 324 8 22 i
856 324 96 28 enlighet

199 363 49 22 med
267 362 26 22 de
313 360 164 28 önskningsmäl,
496 366 46 16 som
559 366 29 15 nu
604 360 39 21 och
657 359 138 22 härförinnan
809 359 71 22 blifvit
894 359 8 21 i
918 359 33 22 sä-

200 398 51 22 dant
270 397 55 27 syfte
343 396 128 26 framburna,
491 402 62 15 anser
572 395 105 22 utskottet
694 401 52 15 vara
760 395 130 27 fullkomligt
905 395 47 27 tyd-

199 433 46 27 ligt.
275 432 103 21 Deremot
392 431 40 21 har
446 430 39 22 hos
499 430 106 22 utskottet
615 430 49 21 rädt
673 430 70 27 nägon
753 430 78 22 tvekan
842 430 110 27 angäende

199 467 136 27 lämpligaste
353 466 84 27 platsen
455 466 33 21 för
504 466 58 21 detta
576 464 109 22 blifvande
699 464 69 22 finska
782 464 106 27 läroverk,
904 471 49 15 men

199 502 105 21 utskottet
322 501 40 21 har
380 500 53 22 dock
451 501 53 21 trott
522 500 36 21 det
576 506 51 15 vara
646 499 23 21 af
683 499 156 27 öfvervägande
854 500 52 26 vigt,
922 500 31 20 att

200 536 124 26 detsamma,
343 535 68 21 hellre
430 537 26 19 än
475 536 31 20 att
524 534 109 27 förläggas
651 534 34 21 till
704 540 26 15 en
745 536 40 25 ort,
802 534 38 22 der
854 534 100 27 tilloppet

200 570 23 22 af
240 570 72 22 elever
330 570 102 26 möjligen
450 576 50 15 vore
519 569 82 21 mindre
620 568 40 22 och
677 568 123 22 läroverket
818 568 136 28 följaktligen

199 605 47 21 icke
260 605 8 21 i
283 604 77 22 afsedd
374 604 52 27 grad
442 604 69 21 skulle
525 603 96 28 uppfylla
642 603 37 21 sitt
694 603 105 27 ändamäl,
814 603 71 22 blefve
900 610 53 20 upp-

200 639 82 22 rättadt
299 640 8 20 i
325 633 53 27 Åbo.
407 639 72 26 Några
497 638 139 28 petitionärer
650 638 65 21 hafva
729 638 104 27 anmärkt,
848 639 33 21 att
895 638 37 22 det
946 638 8 22 i

200 669 46 27 Åbo
262 674 48 21 stad
328 673 94 21 varande
438 673 91 21 svenska
543 673 70 27 lyceet
628 672 39 21 har
681 674 78 20 tvenne
775 672 141 28 afdelningar,
932 672 23 22 af

200 709 72 21 hvilka
291 708 41 21 den
350 708 68 20 andra
435 707 70 21 kunde
524 706 121 22 förfinskas.
674 707 48 21 Den
741 707 23 21 af
777 707 177 28 skolstyrelsen
940 702 16 38 i

200 744 61 27 tryck
279 742 84 28 utgifna
381 742 119 22 statistiska
515 741 130 28 öfversigten
661 742 22 21 af
697 742 256 22 elementarläroverkens

200 779 7 21 i
225 778 93 21 Finland
335 777 97 21 tillständ
451 777 38 21 och
507 776 136 22 verksamhet
661 777 68 21 under
744 777 52 21 ären
812 777 141 21 1870—1875

200 812 69 28 gifver
283 812 36 21 vid
334 812 90 26 handen,
440 813 31 19 att
486 811 61 22 äfven
563 811 34 21 för
606 812 140 26 närvarande,
758 811 27 22 dä
794 811 80 27 lyceets
884 812 70 27 begge

201 846 134 26 afdelningar
352 846 56 21 varit
427 846 97 26 svenska,
543 847 32 20 ett
592 845 47 21 icke
657 846 62 26 ringa
736 845 58 22 antal
814 846 71 22 elever
904 846 50 22 med

200 880 66 22 finskt
283 880 129 21 modersmål
431 880 38 21 der
488 880 48 21 sökt
554 880 33 27 sig
606 880 90 26 inträde,
711 880 103 21 vexlande
830 880 80 22 mellan
925 880 27 22 59

201 916 39 21 och
256 915 34 26 70,
305 914 77 22 medan
396 914 50 21 hela
464 914 118 22 anstaltens
598 914 106 22 elevantal
718 914 57 22 varit
789 914 99 28 omkring
902 916 51 20 440.

200 950 11 21 I
230 949 95 27 enlighet
342 948 50 22 med
410 949 47 21 sina
475 948 63 22 ofvan
557 948 87 28 angifna
665 949 107 27 principer
791 949 39 22 har
848 950 106 22 utskottet

201 984 54 22 dock
277 984 71 21 ansett
370 983 36 21 det
426 989 52 15 vara
500 990 59 15 mera
580 983 125 22 välbetänkt
723 985 32 20 att
774 984 19 27 ej
809 984 103 22 reducera
927 991 27 16 en

202 1019 67 26 skola,
288 1024 46 16 som
351 1018 40 21 har
410 1018 76 26 elever,
506 1024 48 16 men
573 1018 34 22 väl
625 1018 80 27 begära
725 1020 32 20 ett
775 1018 64 22 finskt
854 1020 100 21 läroverk

200 1053 34 21 till
256 1047 56 32 Äbo;
335 1052 108 22 blifvande
466 1052 36 22 det
521 1052 115 28 styrelsens
658 1053 38 21 sak
716 1054 31 20 att
765 1053 82 27 pröfva,
863 1060 35 15 om
914 1054 40 22 och

201 1090 39 19 när
263 1087 101 27 möjligen
386 1087 41 21 den
450 1093 39 15 ena
508 1087 137 27 afdelningen
667 1088 24 21 af
708 1088 132 22 dervarande
861 1088 93 22 svenska

201 1122 83 27 lyceum
298 1121 102 27 möjligen
414 1121 71 21 blefve
499 1122 112 26 umbärlig.
637 1122 45 21 Hos
697 1122 105 22 utskottet
816 1122 40 22 har
866 1123 88 21 dernäst

201 1156 8 22 i
224 1156 141 21 betraktande
383 1155 95 27 kommit,
493 1155 104 23 huruvida
611 1156 34 21 till
660 1156 144 28 Björneborgs
820 1157 48 21 stad
883 1157 70 27 nägon

201 1197 29 21 ny
245 1190 61 21 skola
320 1190 66 21 borde
401 1189 108 28 förläggas
525 1190 54 22 eller
594 1191 41 21 den
650 1191 38 21 der
698 1191 115 22 bestäende
824 1191 129 28 fyrklassiga

201 1224 67 22 borde
290 1224 94 21 förökas.
413 1224 35 21 Dä
468 1224 84 22 landets
574 1225 116 27 tillgängar
708 1226 119 21 emellertid
846 1226 19 27 ej
880 1226 73 21 kunna

202 1259 108 26 medgifva
324 1261 32 18 att
371 1259 178 21 omkostnaderna
567 1260 34 20 för
616 1260 150 21 skolväsendet
780 1260 74 21 alltför
868 1261 85 27 mycket

203 1293 58 25 ökas,
280 1292 40 21 har
339 1292 37 21 det
392 1292 71 27 tyckts
477 1292 111 27 utskottet,
604 1294 32 20 att
650 1294 105 26 vigtigare
770 1294 43 21 mål
828 1294 33 21 för
876 1296 76 20 närva-

202 1327 66 21 rande
286 1326 106 27 föreligga
410 1328 26 20 än
455 1326 139 28 utvidgandet
608 1327 24 21 af
644 1327 144 29 Björneborgs
803 1328 91 22 svenska
909 1329 43 27 fyr-

203 1362 96 27 klassiga
316 1362 83 26 lyceum
414 1361 34 22 till
464 1363 31 20 ett
509 1361 136 29 fullständigt
659 1363 221 22 elementarläroverk.
910 1364 43 22 Det

202 1402 62 22 synes
288 1396 96 22 deremot
405 1402 53 16 vara
479 1398 31 20 ett
530 1396 71 28 billigt
620 1398 99 27 anspräk,
739 1399 32 21 att
786 1398 40 22 den
840 1398 32 22 uti
888 1398 63 22 dessa

201 1431 75 27 nejder
290 1431 82 21 boende
386 1430 69 22 finska
469 1431 151 28 befolkningen
635 1432 70 22 skulle
721 1433 81 22 erhålla
817 1434 31 21 ett
861 1433 91 28 fyrklas-

203 1466 42 28 sigt
259 1465 65 22 finskt
338 1466 88 27 lyceum.

270 1506 94 17 Allmänna
375 1506 159 19 Besvärsutskottets
545 1507 104 19 betänkande
660 1508 34 17 N:o
707 1508 28 17 17.
