1045 1711
244 134 13 19 2
358 134 317 20 Petitionsbetänkande
690 133 47 20 N:o
752 134 46 20 37.

217 200 27 16 vid
263 199 33 17 den
311 200 5 16 i
333 199 62 22 början
411 199 20 17 af
441 199 94 17 1840-talet
546 198 115 22 genomförda
672 198 109 22 ombildning
793 198 20 17 af
822 197 138 18 elementarläro-

217 228 65 17 verken
299 228 5 16 i
322 228 59 16 landet
395 227 59 17 blefvo
470 229 61 16 räntan
543 226 20 18 af
573 226 33 18 den
618 226 123 22 Lindskogska
752 226 105 18 donationen
869 226 33 17 och
914 226 46 17 löne-

219 256 79 22 bidraget
310 256 38 17 från
360 256 109 23 stedskassan
478 256 82 17 oväntadt
568 255 113 23 disponerade
689 255 28 17 för
725 255 76 17 kronans
809 255 34 17 och
851 254 111 18 statsverkets

217 285 79 22 räkning,
315 284 78 21 sålunda,
411 286 26 15 att
455 284 49 18 dessa
522 284 61 22 medel,
601 284 26 17 till
638 284 93 22 besparing
742 284 6 16 i
760 283 111 18 statsverkets
883 282 77 23 utgifter,

217 313 59 18 blefvo
294 313 81 22 anslagne
388 313 18 17 åt
418 313 60 18 rektor
490 313 28 17 vid
530 313 34 18 den
575 313 48 22 lägre
635 312 149 22 elementarskola,
797 317 38 12 som
847 311 6 17 i
864 310 96 18 Jakobstad

219 341 81 23 (likasom
315 342 6 17 i
333 341 53 18 andra
404 342 57 17 städer
476 342 39 17 med
533 347 36 12 mer
581 343 22 16 än
615 343 67 16 ettusen
693 341 112 17 innevånare)
817 339 93 18 inrättades
922 339 39 18 med

216 376 58 11 annan
292 370 123 22 organisation,
434 372 22 15 än
473 370 40 17 med
528 369 106 18 donationen
646 369 33 18 och
691 369 68 18 stadens
771 368 102 23 lönebidrag
881 368 78 22 åsyftats;

220 399 91 17 hvarutom
323 398 34 18 den
365 399 82 22 anslagna
458 398 158 23 tionde-spanmåln
624 398 113 17 reducerades
745 397 38 22 och,
794 397 43 17 efter
845 399 26 15 tre
879 397 49 17 rubel
936 396 27 17 för

217 429 72 20 tannan,
309 427 61 17 medan
389 427 89 22 gångbara
489 427 53 22 priset
554 433 30 11 var
595 427 34 17 fem
642 427 55 21 rubel,
711 426 86 18 nedsattes
809 426 25 17 till
846 425 60 18 inalles
918 425 44 22 fyra-

217 455 61 18 tiofem
290 456 49 17 rubel
351 455 63 18 silfver.

287 484 68 17 Genom
367 484 136 22 skolordningen
514 484 20 17 af
544 484 33 17 den
590 484 9 17 7
611 483 51 23 April
674 485 44 16 1856
726 483 66 18 förblef
797 483 57 18 denna
862 483 39 17 frän
908 482 53 18 dona-

217 513 69 17 tionens
297 513 34 17 och
343 513 30 17 det
383 513 99 22 Kejserliga
494 512 184 18 fastställelsebrefvets
690 512 45 22 syfte
746 512 93 17 afvikande
846 511 82 23 ställning
935 511 25 17 bi-

216 541 86 22 behällen,
317 543 41 16 enär
369 541 60 18 rektor
441 541 19 18 af
470 541 104 18 statsverket
585 541 111 18 tillerkändes
707 541 61 17 endast
779 541 19 17 sä
809 541 70 22 mycket
887 542 25 15 att
919 540 40 21 han,

216 570 39 16 med
274 570 115 22 inberäkning
401 570 20 16 af
431 570 161 17 donationsmedlen
603 569 34 18 och
649 569 119 18 stadskassans
779 569 66 22 bidrag,
859 569 56 21 åtnjöt
926 569 36 16 lika

217 600 36 15 stor
270 598 77 22 aflöning
365 598 39 17 med
420 598 102 18 rektorerne
538 598 28 17 vid
582 598 55 22 öfriga
651 598 48 22 lägre
711 598 154 17 elementarskolor
875 597 6 17 i
893 596 65 21 landet;

218 626 33 18 och
266 626 21 17 de
299 632 63 16 genom
375 626 106 18 donationen
492 626 72 18 afsedda
575 627 99 17 läroimnen
686 632 43 11 voro
742 626 97 17 äsidosatte.
868 625 28 17 Då
908 625 53 17 Dom-

218 655 82 22 kapitlets
312 655 154 22 uppmärksamhet
478 655 75 17 omsider
564 655 42 17 härä
618 654 67 22 fästats,
700 654 39 18 blef
748 654 67 18 rektors
824 654 137 22 undervisnings-

219 683 98 22 skyldighet
329 683 45 17 ökad
386 683 38 17 med
437 684 55 22 några
503 684 69 16 timmar
583 684 6 16 i
601 684 66 17 veckan
679 683 27 17 för
717 683 80 17 lefvande
805 683 58 22 språk,
873 689 39 11 men
920 685 41 15 utan

218 712 132 21 lönetillökning
362 712 41 17 eller
415 718 57 11 annan
484 712 115 22 godtgörelse.

285 745 50 17 Efter
352 742 28 20 det
397 751 63 16 genom
478 745 137 23 skolordningen
631 745 20 18 af
665 746 33 17 den
714 747 10 16 8
736 745 75 22 Augusti
823 745 43 18 1872
879 745 81 22 stadgats,

216 775 24 16 att
259 773 206 18 elementar-läroverken
476 775 6 16 i
494 774 58 17 landet
569 774 50 18 skola
635 776 70 20 utgöras
716 774 21 17 af
745 775 58 21 lyceer
814 774 33 17 och
859 773 101 22 realskolor,

217 802 39 22 och,
270 802 54 22 enligt
336 802 22 17 de
369 802 6 17 i
387 803 60 22 nädigt
458 803 73 22 reseript
542 803 26 17 till
580 803 171 22 skolöfverstyrelsen
763 803 20 16 af
792 803 33 17 den
838 803 21 16 23
872 802 34 23 Maj
918 803 43 17 1873

215 831 90 17 bestämda
315 831 106 22 lärokurser,
441 831 122 23 undervisning
574 832 5 17 i
593 831 106 18 fremmande
711 832 52 22 språk
774 831 39 18 icke
825 831 24 18 uti
857 831 105 23 tväklassiga

216 859 95 18 realskolor
323 860 94 20 meddelas,
430 860 52 17 hafva
493 860 134 17 medlemmarne
639 860 20 17 af
668 860 106 18 Jakobstads
785 860 85 18 kommun
883 860 33 18 och
927 860 34 18 för-

235 888 60 22 mling,
314 888 28 17 vid
359 888 54 17 skedd
429 888 130 23 &fverläggning
570 889 6 17 i
588 891 63 19 ämnet,
669 891 58 15 ansett
738 889 49 17 dessa
798 889 47 22 lägre
857 889 104 17 realskolors

222 916 72 18 ärokurs
311 916 40 18 icke
367 918 87 16 motsvara
472 923 22 11 en
507 923 53 16 nyare
575 917 34 17 tids
624 917 98 22 fordringar
739 918 22 22 pä
773 918 98 22 utbildning
883 917 27 18 för
922 918 38 16 blif-

215 945 55 17 vande
281 945 81 22 köpmän,
377 945 183 22 skeppsbefälhafvare
572 946 33 17 och
617 946 139 22 industriidkare,
770 946 56 17 såsom
835 946 39 17 med
883 946 33 18 den
924 952 36 12 om-

214 972 85 18 förmälda
311 973 107 18 donationen
429 974 78 22 äsyftats,
520 977 45 15 samt
576 977 31 18 att,
621 974 22 17 då
654 974 54 23 något
721 980 48 12 mera
783 974 107 18 omfattande
898 975 62 17 under-

214 1002 74 22 visning,
301 1002 53 17 bland
365 1004 53 15 annat
433 1002 5 17 i
453 1003 58 21 spräk,
525 1003 87 17 meddelas
621 1002 25 18 uti
657 1003 33 17 den
698 1003 98 17 nuvarande
804 1003 47 22 lägre
860 1004 100 16 elementar-

214 1030 68 23 skolan,
296 1030 109 18 densammas
418 1031 108 22 ombildning
537 1031 26 17 till
575 1031 94 22 tväklassig
677 1031 86 17 realskola
770 1032 39 16 icke
817 1037 42 12 vore
867 1032 91 17 önskvärd.

282 1064 85 18 Deremot
378 1064 52 18 hafva
442 1065 115 17 kommunens
570 1065 33 17 och
615 1065 131 22 församlingens
757 1066 113 17 medlemmar
878 1066 82 22 enhälligt

214 1092 68 18 förenat
294 1093 26 22 sig
331 1099 30 11 om
373 1093 29 17 det
414 1094 135 22 önskningsmäl,
562 1096 26 14 att
600 1100 21 11 en
628 1093 107 23 fyrklassig
746 1094 85 17 realskola
843 1094 54 18 måtte
909 1094 5 17 i
926 1097 33 15 sta-

214 1121 34 17 den
260 1121 71 17 inrättas
343 1121 34 17 och
389 1121 34 17 den
434 1121 89 22 befintliga
535 1122 148 22 skolbyggnaden,
697 1128 38 12 som
743 1122 54 18 under
807 1122 44 18 elfva
859 1123 25 21 år,
892 1132 22 3 —
921 1122 39 18 från

215 1150 44 17 1852
271 1149 27 18 till
310 1151 43 16 1863
366 1158 21 3 —
400 1150 44 16 varit
456 1150 89 22 begagnad
558 1150 20 17 af
587 1150 52 17 Wasa
651 1151 113 22 gymnasium,
778 1151 53 17 blifva
843 1151 26 17 till
877 1151 46 18 lokal
932 1151 28 18 för

214 1177 97 19 realskolan
330 1180 85 20 antagen;
435 1178 95 22 hvarjemte
543 1184 21 12 en
576 1179 41 17 eller
629 1179 30 17 två
670 1178 21 18 af
700 1179 104 18 lärosalarne
815 1180 6 16 i
833 1180 34 17 den
879 1180 20 17 af
908 1179 52 19 Wasa

213 1206 81 18 tekniska
311 1207 86 17 realskola
415 1207 52 22 sagde
484 1207 25 17 tid
521 1207 100 23 begagnade
633 1207 127 23 skolbyggnad,
773 1208 25 17 uti
810 1208 33 17 den
855 1208 105 22 närbelägna

213 1235 19 17 så
250 1235 67 18 kallade
335 1235 118 22 stadsgården,
470 1235 58 21 kunde
545 1236 26 17 till
583 1236 136 22 gymnastikrum
732 1236 41 17 eller
784 1239 54 14 annat
849 1236 70 18 skolans
930 1237 29 17 be-

213 1263 33 17 hof
256 1264 85 21 upplåtas,
355 1266 45 15 samt
412 1264 119 17 stadskassans
543 1265 101 16 förberörde
655 1265 102 22 lönebidrag
768 1265 41 22 ingå
820 1265 25 16 uti
857 1265 34 17 den
899 1265 59 22 betyd-

212 1291 35 22 liga
258 1291 81 22 kostnad,
352 1291 68 17 hvartill
434 1291 65 22 staden,
513 1298 63 16 genom
589 1292 33 17 den
635 1292 76 17 önskade
723 1293 106 17 realskolans
841 1293 117 20 etablerande,

212 1318 166 24 författningsenligt
389 1319 58 18 blefve
459 1319 103 18 förbunden.

280 1353 26 18 På
317 1354 40 17 hela
368 1354 122 18 kuststräckan
502 1355 73 17 emellan
587 1354 108 18 Nikolaistad
709 1355 33 18 och
753 1355 90 23 Uleåborg
854 1357 19 16 tr
881 1356 39 17 icke
928 1356 30 17 nå-

212 1388 35 16 gon
265 1382 92 23 fyrklassig
375 1383 85 17 realskola
476 1384 86 22 placerad,'
581 1384 33 17 och
629 1384 97 17 inrättande
738 1385 20 16 af
768 1385 94 22 tvåklassig
873 1385 86 18 realskola

213 1410 44 17 lärer
275 1411 5 16 i
299 1411 100 22 Nykarleby
412 1412 42 17 eller
466 1412 133 22 Gamlakarleby
612 1412 37 17 stad
661 1412 39 18 icke
712 1413 59 17 kunna
783 1414 70 17 komma
865 1414 6 16 i
883 1414 56 20 stånd,
953 1414 5 17 i

210 1439 86 18 anseende
315 1439 26 18 till
359 1440 65 17 saknad
442 1440 20 17 af
477 1441 56 17 elever
549 1441 4 16 i
572 1441 83 17 hvardera
667 1441 69 18 stadens
748 1442 47 22 lägre
807 1443 149 22 elementarskola,

211 1468 67 17 hvilket
294 1468 108 18 förhållande
417 1469 54 17 delvis
487 1470 71 17 orsakas
570 1469 20 18 af
599 1470 164 18 lärareseminariets
774 1471 118 18 normalskola
904 1472 5 16 i
922 1472 33 17 den

278 1502 101 18 Allmänna
391 1503 185 18 Besvärs-utskottets
588 1503 111 19 betänkande
710 1504 38 18 N:o
760 1505 27 18 21.
