1039 1700
257 142 322 20 Petitionsbetänkande
594 141 51 21 N:o
662 141 41 21 17.
800 141 22 19 11

103 209 65 17 annat
183 206 135 21 betänkande
333 207 93 25 föreslår,
443 208 68 19 skulle
527 209 98 18 omsättas
641 207 6 18 i
663 208 30 18 ett
708 213 25 13 en
749 206 56 25 gång
819 205 32 20 för

103 241 42 19 alla
160 240 90 21 fixeradt
267 240 75 26 belopp
359 241 6 18 i
382 242 121 25 penningar,
519 247 33 13 om
568 241 72 19 vidare
656 240 67 26 skälig
739 239 109 20 skatteför-

102 274 93 26 medling
215 274 53 25 egde
288 281 45 12 rum
348 275 6 18 i
372 275 25 18 de
414 275 59 19 delar
488 275 23 18 af
524 274 77 26 landet,
617 275 85 18 hvarest
717 273 64 20 sådan
798 275 52 18 mest

102 315 50 13 vore
172 308 23 19 af
209 307 99 20 behofvet
322 308 106 26 påkallad,
446 315 31 13 om
494 308 97 26 slutligen
607 307 106 20 storskifte
729 307 40 20 och
784 307 64 19 skatt-

101 342 102 27 läggning
213 343 6 18 i
232 342 25 19 de
274 344 61 23 orter,
352 343 36 19 der
404 343 26 19 de
441 345 54 17 ännu
506 343 47 20 icke
564 342 69 21 blifvit
643 341 128 26 verkstälda,
782 341 69 20 skulle

101 377 77 19 ordnas
201 377 27 25 på
251 379 30 17 ett
304 377 102 20 snabbare
426 377 40 20 och
485 377 79 20 mindre
583 377 101 19 kostsamt
699 377 48 24 sätt,
763 375 23 20 så
800 381 51 14 vore

101 411 89 20 sålunda
206 410 99 27 framsteg
320 417 76 19 vunna,
413 411 72 19 hvilka
495 411 6 19 i
512 411 47 20 icke
574 411 61 25 ringa
645 410 52 26 grad
707 409 68 20 skulle
785 409 65 20 lända

99 445 125 25 jordbruket
243 445 32 18 till
290 444 95 20 fromma.
416 445 29 19 På
460 444 69 21 denna
544 445 39 20 den
599 444 119 20 successiva
733 443 115 20 utvecklin-

100 484 51 20 gens
175 481 40 22 väg
236 478 68 19 skulle
325 478 65 26 enligt
406 479 116 20 Utskottets
538 479 54 26 åsigt
607 477 195 21 tillfredsställande
817 483 31 14 re-

100 512 64 19 sultat
183 512 47 19 icke
252 511 108 25 uteblifva,
380 512 39 19 och
440 512 68 19 denna
527 515 40 24 väg
588 515 23 17 är
631 514 30 17 att
675 511 96 20 förordas
786 511 62 19 äfven

100 546 48 19 med
168 545 78 20 fästadt
266 545 98 20 afseende
380 546 12 19 å
409 547 47 18 vårt
470 546 285 26 jordbeskattningssystems
771 545 76 20 sekler-

100 580 63 26 långa
182 580 94 26 bestånd,
292 580 81 20 hvilket
388 587 73 13 manar
476 581 31 19 till
523 588 25 13 en
565 582 41 18 viss
622 580 119 20 varsamhet
757 580 34 20 vid
807 580 39 20 för-

99 614 118 20 ändrandet
240 614 23 20 af
283 614 71 20 denna
373 615 116 19 institution
505 616 38 19 och
560 615 25 20 de
601 616 76 25 många
693 614 85 20 dermed
794 620 52 14 sam-

99 648 161 26 manhängande
276 648 80 20 sociala
371 649 39 19 och
427 649 136 20 ekonomiska
579 648 152 20 förhållanden.

167 682 31 19 De
214 682 214 26 petitionsmemorial,
445 689 45 13 som
505 683 105 20 föranledt
624 683 108 19 Utskottet
743 682 32 20 till
786 682 61 19 dessa

100 716 130 25 uttalanden,
246 717 102 20 innebära
363 717 115 20 emellertid
495 719 29 18 ett
539 719 64 18 annat
619 723 97 20 program
727 719 26 17 än
765 716 25 20 de
801 723 44 13 suc-

99 751 81 19 cessiva
197 750 144 20 reformernas.
367 751 41 18 Till
424 751 51 26 följd
491 751 60 20 deraf
560 751 79 26 nödgas
652 751 106 20 Utskottet
769 752 75 18 stanna

97 784 37 19 vid
150 784 35 19 det
200 784 47 25 slut,
264 786 31 17 att
310 784 38 20 hos
364 785 118 20 Ständerna
497 786 106 19 vördsamt
618 785 85 20 föreslå:

234 825 32 18 att
283 823 175 28 ifrågavarande
469 824 190 28 petitionsförslag
675 823 45 22 icke
735 824 65 21 måtte
810 823 35 21 till

166 858 71 27 någon
254 857 80 27 åtgärd
346 857 127 27 föranleda.

167 897 135 27 Helsingfors,
320 899 39 19 den
375 899 27 19 21
418 898 59 27 April
497 899 57 20 1877.

264 1501 124 23 Helsingfors,
402 1501 15 17 J.
431 1500 71 18 Simelii
515 1501 96 23 arfvingar
624 1501 49 17 1877.
