1042 1709
235 140 12 18 4
364 138 248 21 Petitionsbetänk
618 140 72 18 ande
705 138 50 20 N:o
770 138 49 20 20.

207 206 81 20 Presta-
305 206 40 20 och
360 206 162 20 Bondestånden
538 207 68 19 ansett
621 212 79 13 samma
714 204 68 27 punkt
796 205 52 20 böra
858 204 45 20 helt
913 204 40 20 och

207 240 65 20 hållet
295 246 24 14 ur
342 240 127 21 Ständernas
492 239 144 26 underdäniga
654 239 154 26 framställning
823 238 56 27 utgå.
909 238 46 20 All-

209 273 102 21 denstund
337 275 35 19 två
396 274 62 19 stånd
483 274 80 20 således
588 273 126 20 härutinnan
736 274 83 19 stannat
843 275 44 18 mot
911 273 42 24 två,

207 308 72 21 kunde
302 308 81 27 tyckas,
406 310 31 17 att
451 307 118 21 Utskottets
584 307 80 26 förslag
678 307 7 20 i
702 307 69 20 denna
786 307 34 20 del
835 307 66 20 borde
916 307 40 20 för-

207 343 58 21 falla.
294 342 115 21 Allmänna
423 343 192 20 Besvärsutskottet
630 342 66 19 måste
710 341 115 21 emellertid
837 341 57 20 hålla
904 341 51 27 före,

208 379 31 17 att
254 377 161 26 ifrågavarande
430 378 92 19 moment
537 378 61 25 utgör
613 383 25 13 en
654 376 134 26 synnerligen
804 376 66 27 vigtig
884 376 51 19 länk
950 376 7 19 i

209 411 39 20 den
272 411 95 26 åsyftade
387 411 180 26 framställningen
588 410 32 20 till
639 410 58 21 Hans
717 410 117 27 Kejserliga
852 411 104 26 Majestät,

208 451 47 14 men
275 445 26 20 då
320 445 65 26 något
405 445 99 20 samfäldt
522 445 69 20 beslut
609 445 125 19 härutinnan
755 444 47 21 icke
822 446 49 18 utan
891 447 65 17 ömse-

207 479 68 26 sidiga
295 479 115 27 eftergifter
432 479 39 20 och
495 479 231 26 detaljbestämningars
745 479 147 20 utelemnande
914 479 42 19 kan

209 513 162 27 åstadkommas,
387 514 66 20 finner
467 513 108 21 Utskottet
589 514 32 20 för
637 514 30 19 sin
684 513 34 21 del
734 520 26 13 en
776 513 60 26 billig
848 513 110 26 jemkning

208 547 87 27 erbjuda
317 548 32 26 sig
365 548 50 26 deri,
431 550 31 17 att
477 548 118 21 Ständerna
610 549 50 19 utan
675 548 104 27 ingäende
794 549 7 18 i
816 547 142 20 enskildheter

207 582 69 20 skulle
294 582 23 19 åt
338 583 113 25 styrelsens
472 589 82 20 omsorg
570 582 128 21 öfverlemna
714 584 30 18 att
759 582 52 20 efter
828 582 94 19 hörande
937 581 23 20 af

209 616 130 27 sakkunnige
359 623 100 19 personer
473 617 80 26 pröfva,
569 617 74 20 hvilka
659 617 97 26 åtgärder
772 617 47 19 bäst
834 616 60 19 skola
909 615 49 20 leda

208 649 32 21 till
260 650 35 20 det
310 651 7 19 i
332 653 114 18 momentet
467 651 24 26 a)
506 651 68 20 såsom
590 651 220 20 eftersträfvansvärdt
824 650 132 20 betecknade

207 684 70 21 mälet.
300 684 113 21 Allmänna
428 685 192 20 Besvärsutskottet
635 685 97 20 anhäller
746 685 108 20 vördsamt
864 684 37 20 hos
912 684 45 20 lan-

208 719 45 19 dets
268 718 114 27 höglofliga
398 719 89 20 Ständer
502 726 33 13 om
552 719 58 20 bifall
622 719 31 20 till
669 719 59 20 detta
738 718 218 27 medelvägs-förslag.

208 752 107 21 Utskottet
334 753 32 21 får
384 754 46 20 med
453 754 24 20 så
491 754 85 27 mycket
591 756 65 18 större
673 754 49 20 tillit
736 753 87 27 inbjuda
837 753 120 27 Höglofliga

207 787 154 27 Ridderskapet
376 788 39 20 och
432 788 68 21 Adeln
511 790 53 18 samt
572 788 114 26 Vällofliga
696 788 176 27 Borgareståndet
883 790 32 18 att
925 788 33 26 sig

209 828 34 14 om
258 828 25 14 en
299 822 65 20 sådan
380 822 130 20 allmännare
524 822 137 27 formulering
676 822 24 20 af
712 825 115 18 momentet
837 822 79 25 förena,
932 821 27 21 då

209 856 25 19 de
252 855 23 21 af
293 863 78 14 samma
392 857 62 20 stånd
474 857 111 20 förordade
606 856 222 27 detaljföreskrifterna
842 857 117 26 ingalunda

209 890 118 27 dymedelst
337 891 69 20 blifvit
417 891 104 20 uteslutna
531 891 45 20 från
587 891 99 26 pröfning
696 892 39 19 och
748 891 104 21 definitivt
863 892 93 25 godkän-

208 925 75 26 nande,
299 925 88 20 likasom
403 926 35 19 det
453 926 32 20 för
500 925 62 26 öfrigt
577 925 48 20 icke
639 926 56 19 lärer
704 925 110 26 bestridas,
826 928 30 17 att
866 926 92 19 enskild-

208 959 59 20 heter
288 959 6 19 i
317 959 251 21 elementarläroverkens
592 959 134 27 läseordning
749 960 61 20 skola
830 960 47 20 med
892 962 67 18 större

199 989 174 31 'planmässighet
395 994 39 19 och
457 1000 98 19 mognare
571 994 63 25 insigt
649 994 71 19 kunna
742 994 131 26 handläggas
889 994 23 19 af
923 1001 35 13 ve-

209 1027 130 20 derbörande
363 1028 146 25 myndigheter
525 1030 31 18 än
582 1027 23 20 af
622 1027 82 20 landets
726 1027 95 21 Ständer.
858 1022 19 25 Å
893 1028 66 19 andra

209 1061 60 20 sidan
285 1061 31 20 får
331 1061 108 21 Utskottet
455 1063 44 19 åter
509 1062 87 26 inbjuda
605 1062 136 26 Högvördiga
751 1062 157 20 Prestaständet
918 1062 40 20 och

209 1095 136 20 Hedervärda
367 1095 156 20 Bondeståndet
543 1098 30 17 att
592 1096 47 19 med
662 1096 99 19 afseende
777 1097 13 18 &
805 1096 69 20 denna
889 1095 69 27 frågas

209 1130 56 18 stora
284 1130 45 25 vigt
343 1129 40 20 och
398 1129 130 26 betydenhet
543 1129 31 20 för
589 1130 47 19 vårt
651 1130 150 19 skolväsendes
816 1129 141 26 organisation

209 1162 73 26 frångå
305 1163 46 20 sina
369 1163 89 26 tidigare
476 1163 85 25 fattade,
584 1163 43 21 helt
643 1163 38 20 och
698 1163 66 20 hållet
778 1163 97 21 nekande
890 1164 69 20 beslut

209 1198 54 18 samt
277 1197 114 25 godkänna
405 1203 26 14 en
447 1197 98 20 anhållan
562 1204 33 13 om
611 1197 74 26 åtgärd
705 1197 6 20 i
728 1197 41 20 den
784 1197 52 20 form
851 1197 108 20 Utskottet

208 1231 45 19 haft
268 1233 50 18 äran
333 1231 83 20 föreslå.
454 1231 76 20 Likaså
544 1231 38 20 ber
596 1231 109 20 Utskottet
720 1233 30 18 att
766 1231 47 20 med
830 1231 97 20 afseende
943 1231 13 19 å

208 1264 81 20 formen
305 1265 23 19 af
342 1264 61 20 dessa
418 1265 66 25 begge
500 1267 92 25 moment
602 1265 21 19 få
634 1264 90 26 förorda,
736 1266 32 17 att
778 1265 106 19 desamma
894 1264 65 20 måtte

209 1298 107 20 förbindas
333 1298 30 20 till
379 1304 25 14 en
421 1298 66 26 punkt
500 1299 7 19 i
518 1298 67 20 likhet
595 1298 46 20 med
653 1298 55 20 hvad
719 1298 178 26 Borgareståndet
907 1298 50 20 alla-

208 1332 65 20 redan
289 1332 68 20 funnit
372 1332 31 20 för
419 1332 51 27 godt
485 1332 122 20 bestämma.

277 1366 10 20 I
306 1366 102 21 händelse
427 1366 64 20 ofvan
506 1366 75 27 gjorda
596 1366 154 27 framställning
765 1367 73 20 vinner
854 1367 104 20 Ståndens

210 1400 67 27 bifall,
299 1401 60 21 torde
381 1403 118 19 momenten
519 1402 25 27 a)
564 1401 39 20 och
624 1401 21 27 b)
666 1402 6 18 i
690 1401 118 21 Utskottets
824 1400 133 22 betänkande

210 1436 51 20 böra
275 1436 87 26 utbytas
377 1438 44 18 mot
436 1436 94 30 följande
545 1436 189 20 sammanfattande
749 1439 101 17 moment:

279 1508 75 28 Pihang
366 1509 30 18 till
407 1510 102 18 Allmänna
520 1510 184 19 Besvärs-utskottets
718 1509 111 19 betänkande
840 1508 37 20 N:o
888 1510 28 18 17.
