1892 1686
329 91 256 25 Petitionsbetänkande
602 94 38 23 N:o
655 95 39 22 25.

254 219 166 25 Borgareståndet.

40 360 4 4 .
67 332 113 28 Vällofliga
194 334 185 28 Borgareständet
394 336 76 27 beslöt,
488 336 54 22 efter
551 337 91 21 slutförd

34 360 120 28 liskussion,
176 364 32 19 att
227 363 128 22 återförvisa
371 364 88 22 ärendet
480 365 33 21 till
528 366 114 21 Allmänna

34 389 192 23 3esvärsutskottet
231 392 68 28 jemte
308 393 106 21 anmodan
423 395 31 19 att
465 394 104 21 utskottet
583 394 58 22 måtte

34 418 97 32 akomma
139 420 49 20 med
196 422 46 24 nytt
252 421 144 26 betänkande,
405 421 7 21 i
420 422 53 27 syfte
482 424 33 18 att
524 423 117 21 ständerna

34 446 72 21 emlikt
121 446 26 22 hr
161 447 103 27 Chydenii
279 450 136 20 reservation
426 450 68 21 skulle
503 451 137 26 petitionera,

33 475 28 21 let
77 474 26 22 de
119 476 123 22 nuvarande
257 477 189 27 bestämningarne
461 485 35 15 om
513 478 71 22 finska
600 480 40 21 och

35 504 82 20 venska
137 504 104 27 språkens
258 506 141 27 begagnande
414 507 34 21 vid
464 507 40 21 och
520 507 22 22 af
555 508 85 22 landets

33 532 127 32 mbetsverk
175 533 66 22 borde
258 534 72 22 såsom
352 536 94 21 varande
468 536 46 21 dels
538 536 101 28 otydliga,

33 560 36 21 lels
86 561 148 27 otillräckliga,
250 563 89 25 utbytas
355 565 46 19 mot
416 570 26 15 en
451 570 27 21 ny
487 564 23 21 af
515 566 77 25 regent
600 565 40 21 och

34 588 78 22 tänder
118 592 134 24 gemensamt
260 591 100 27 vidtagen
376 591 130 28 författning,
516 599 46 15 som
570 593 70 22 skulle

33 617 53 32 räda
107 618 7 21 i
136 617 58 22 kraft
210 619 134 22 omedelbart
360 619 55 23 efter
430 621 48 21 dess
502 621 138 23 stadfästelse

32 646 31 21 ich
78 652 7 14 i
100 645 121 23 hufvudsak
236 654 52 15 vara
304 648 24 21 af
341 648 93 27 följande
448 649 104 22 innehåll:

67 676 39 20 1:0.
124 675 92 22 Skrifter
230 677 40 20 och
286 677 84 26 inlagor
378 677 23 22 af
408 678 54 21 hvad
471 678 47 27 slag
528 685 46 15 som
582 679 58 21 helst

32 703 25 20 nä
74 703 34 21 till
124 704 136 21 embetsverk
276 705 41 21 och
332 706 148 27 myndigheter
495 709 53 19 utan
558 708 82 21 undan-

32 737 27 21 ag
74 731 22 22 få
110 732 105 21 inlemnas
230 733 29 27 pä
274 732 71 23 finska
361 734 52 21 eller
428 736 92 21 svenska
531 735 47 22 fritt
586 735 55 22 efter

32 760 32 21 len
78 760 146 22 inlemnandes
240 762 76 27 behag.

65 790 40 20 2:0.
122 789 80 28 Hvarje
211 791 137 21 embetsverk
359 791 52 22 eller
419 793 122 26 myndighet
550 794 24 19 är
582 793 57 27 skyl-

31 817 26 27 lig
72 819 38 25 att,
127 818 24 21 sä
166 817 62 24 framt
243 819 47 22 icke
306 820 105 21 särskildt
425 821 133 21 annorlunda
565 821 74 22 ästun-

31 846 29 21 las
80 846 23 22 af
116 847 41 21 den
173 848 129 27 begärande,
320 849 22 20 ät
358 849 96 21 enskilda
468 848 82 28 utgifva
566 852 73 24 proto-

30 875 66 26 <oller,
115 875 133 28 handlingar,
264 877 61 27 intyg
347 883 18 15 0.
390 883 16 15 s.
429 884 25 19 v.,
471 884 46 15 som
533 878 27 26 pä
576 878 64 21 dessa

30 904 43 21 'erk
84 904 40 21 och
133 905 150 27 myndigheter
290 906 74 21 kunna
373 906 118 25 ankomma,
494 900 13 37 ä
522 906 37 21 det
568 906 70 27 språk,

30 933 84 21 venska
123 932 53 22 eller
183 933 75 27 finska,
268 934 82 26 hvarpä
358 934 99 27 begäran,
472 934 121 27 skriftligen
609 934 29 22 el-

30 967 24 15 er
66 960 120 28 muntligen
200 961 138 22 framställes.

50 991 41 20 3:0.
108 990 40 20 Vid
164 990 125 21 skrifvelser
297 990 137 22 embetsverk
443 991 39 21 och
490 991 150 27 myndigheter

30 1018 88 26 :mellan,
127 1018 109 27 begagnar
244 1018 74 28 hvarje
329 1019 135 21 embetsverk
480 1019 53 21 eller
543 1019 95 27 myndig-

30 1052 29 16 wet
82 1047 36 21 det
138 1047 70 27 språk,
226 1048 94 21 svenska
336 1048 53 21 eller
401 1047 75 27 finska,
492 1054 46 15 som
554 1048 38 21 det
606 1047 34 22 för

29 1076 45 26 jodt
96 1074 79 27 finner;
194 1075 32 22 för
242 1076 27 21 de
285 1076 107 21 särskilda
408 1076 174 22 embetsverkens
598 1076 40 21 och

29 1104 179 27 nyndigheternas
222 1104 46 21 inre
285 1104 155 25 anteckningar
454 1105 110 26 begagnas
573 1105 37 20 det
618 1104 23 21 af

29 1132 91 27 ipräken,
145 1139 46 14 som
215 1132 40 21 den
278 1132 130 21 beslutande
423 1133 55 21 inom
494 1133 77 21 verket
587 1133 52 21 eller

29 1160 144 28 nyndigheten
188 1161 137 21 bestämmer.

50 1191 40 19 4:0.
105 1189 48 21 Alla
168 1189 108 21 allmänna
290 1189 148 28 kungörelser,
452 1188 186 28 tillkännagifvan-

28 1218 42 25 len,
87 1218 74 26 anslag
176 1223 18 16 0.
212 1223 16 16 s.
245 1225 27 18 v.,
288 1223 48 16 som
351 1217 97 22 utfärdas
464 1217 22 22 af
496 1218 142 26 embetsverk,

29 1246 116 27 nyndighet
160 1246 53 21 eller
228 1246 140 26 embetsman,
384 1246 53 22 böra
451 1245 98 22 utfärdas
565 1247 74 20 samti-

28 1275 40 26 ligt
84 1274 55 21 bäde
155 1274 29 27 pä
198 1273 70 22 finska
282 1275 42 20 och
340 1275 101 26 svenska;
457 1274 110 22 äfvensom

66 1304 32 19 att
126 1302 122 22 Ständerna
269 1302 75 22 vidare
366 1302 68 22 måtte
450 1303 86 21 anhålla
550 1303 40 20 hos
606 1309 33 14 re-

28 1331 96 26 zeringen
140 1332 33 20 att
189 1331 54 21 efter
257 1331 95 21 nämnda
366 1331 136 27 författnings
511 1331 129 21 utfärdande

28 1365 50 21 10ga
92 1360 56 21 vaka
163 1359 59 22 öfver
238 1359 50 21 dess
304 1359 127 22 efterlefnad
447 1362 55 19 samt
518 1361 32 20 att
559 1359 80 22 derför-

29 1394 56 14 nnan
99 1388 93 20 likasom
208 1387 62 22 äfven
287 1389 123 20 sedermera
425 1389 27 25 pä
467 1388 39 21 allt
522 1389 45 19 sätt
578 1388 62 26 eljest

27 1416 61 21 vårda
103 1416 33 26 sig
152 1422 34 14 om
195 1418 33 19 att
236 1416 178 21 embetsmännen
422 1416 34 20 mä
463 1416 100 26 begagna
570 1416 70 26 begge

27 1444 88 26 spräken
135 1444 40 21 allt
190 1444 54 21 efter
260 1450 47 15 som
323 1444 27 21 de
365 1444 85 21 komma
464 1444 7 20 i
482 1444 101 27 beröring
591 1443 50 22 med

26 1472 66 22 finska
112 1472 53 22 eller
180 1472 93 22 svenska
288 1472 88 22 talande
392 1472 122 22 allmänhet.

1261 98 256 25 Petitionsbetänkande
1534 99 39 23 N:o
1589 99 38 24 25.

730 223 144 22 Bondeståndet.

690 338 139 23 Hedervärda
852 340 84 22 Bonde-

661 373 87 21 ståndet
762 374 40 21 har
809 375 49 21 med
869 374 67 22 öfver-

660 408 96 25 vägande
772 408 111 26 pluralitet
895 410 40 20 och

660 441 6 20 i
692 436 12 36 —
712 440 222 24 öfverensstämmelse

659 475 50 21 med
724 476 119 22 utskottets
859 476 76 22 betän-

659 509 70 22 kande
738 510 90 21 beslutit
843 510 91 32 anhälla,

660 545 33 19 att
712 544 49 21 med
776 544 122 21 beaktande
915 544 22 22 af

660 577 27 21 de
702 577 7 22 i
724 578 148 21 betänkandet
897 585 36 15 an-

659 612 63 22 förda
744 612 189 27 omständigheter,

660 647 94 21 särskild
772 647 161 27 uppmärksam-

659 681 39 22 het
704 681 142 22 mättefästas
853 682 80 26 dervid,

660 717 33 20 att
719 716 26 21 de
773 716 159 27 bestämningar

661 752 53 19 1863
725 750 40 21 och
781 752 54 19 1865
847 751 35 20 ärs
890 750 42 21 för-

659 785 116 26 ordningar
790 780 15 36 —
817 784 116 26 innehälla,

658 820 68 21 mätte
745 819 50 21 med
810 819 89 25 ändring
914 817 22 22 af

658 854 11 27 8
678 856 12 18 6
698 854 7 20 i
713 853 58 27 Kejs.
783 852 151 26 förordningen

658 887 23 22 af
702 887 40 21 den
766 888 27 20 30
816 886 42 27 Maj
879 887 53 19 1871

657 922 64 21 vinna
735 920 126 26 fullständig
890 919 43 21 till-

657 955 115 27 lämpning,
789 956 57 19 samt
860 955 33 20 att
902 953 32 21 äf-

657 996 41 15 ven
711 989 7 21 i
734 989 64 26 öfrigt
809 988 123 21 sädana'ät-

658 1023 78 27 gärder
750 1022 70 22 blefve
829 1022 101 26 vidtagna

658 1058 32 21 till
705 1056 118 22 reformens
838 1055 93 22 befräm-

654 1092 73 27 jande,
744 1092 33 20 att
790 1090 71 22 finska
872 1090 60 26 språ-

656 1126 50 21 kets
721 1126 44 20 rätt
780 1124 35 21 vid
825 1124 108 25 utgången

658 1159 22 22 af
695 1161 54 20 1883
769 1159 43 20 kan
834 1157 50 21 med
899 1159 33 19 sä-

657 1193 78 22 kerhet
749 1191 185 26 träda
817 1187 12 36 i
839 1191 95 26 utöfning

659 1227 66 28 enligt
744 1226 152 27 ordalydelsen
912 1225 23 21 af

658 1263 56 20 1863
730 1261 36 22 års
782 1260 130 27 förordning.

63 1508 78 24 Bihang
157 1509 25 18 till
197 1508 103 19 Allmänna
315 1509 174 18 Besvärsutskottets
504 1508 116 18 betänkande
634 1508 36 18 N:o
686 1506 30 20 18.

1122 225 97 20 Allmänna
1232 225 187 20 Besvärsutskottets
1432 225 267 24 sammanjemkningsförslag.

1099 342 77 21 Såsom
1199 340 23 22 af
1241 341 128 21 vidstående
1392 340 201 27 sammanställning
1610 340 99 28 framgår,
1726 341 64 22 hafva

1031 376 100 27 samtliga
1147 375 91 23 stånden
1253 375 57 22 varit
1325 381 52 16 ense
1393 381 34 15 om
1442 375 137 21 vidhållande
1595 374 23 22 af
1632 375 26 21 de
1674 375 116 27 grundsat-

1031 418 40 19 ser,
1087 410 72 22 hvilka
1175 410 7 20 i
1197 410 79 26 nådiga
1291 408 178 28 förordningarna
1484 408 23 22 af
1520 409 41 21 den
1579 410 9 19 1
1605 410 56 26 Aug.
1679 411 53 19 1863
1749 409 40 21 och

1030 447 27 20 20
1079 445 62 21 Febr.
1163 445 56 20 1865
1235 443 68 21 finnas
1318 442 105 28 uttalade,
1439 448 49 16 men
1504 443 27 21 då
1545 442 113 22 frukterna
1673 442 22 22 af
1709 449 81 15 samma

1028 479 149 27 förordningar
1192 478 109 22 befunnits
1317 478 49 21 icke
1381 480 58 18 ännu
1453 476 64 22 hafva
1533 477 92 27 uppnått
1641 478 40 20 den
1697 478 92 26 mognad

1030 520 45 15 som
1098 513 95 27 önskligt
1215 512 62 26 varit,
1300 511 64 23 hafva
1386 512 91 21 stånden
1493 511 70 21 tillika
1578 512 73 20 ansett
1665 512 124 26 ytterligare

1029 548 100 26 åtgärder
1151 546 110 22 behöfvas.
1293 546 10 21 I
1326 546 61 21 detta
1409 545 102 21 afseende
1530 544 63 22 hafva
1609 546 26 21 de
1651 547 33 20 tre
1701 545 87 22 ofrälse-

1029 581 91 22 stånden
1142 580 32 21 uti
1194 580 67 27 något
1277 579 113 22 afvikande
1406 579 89 27 ordalag
1507 579 84 26 begärt,
1609 581 32 19 att
1657 579 27 21 de
1699 585 29 15 nu
1743 579 45 26 gäl-

1028 615 63 23 lande
1113 615 191 26 bestämningarna
1326 614 68 21 måtte
1414 619 77 21 genom
1513 619 42 21 nya
1574 613 135 22 föreskrifter
1723 613 66 22 blifva

1029 650 44 21 dels
1089 649 150 28 förtydligade,
1258 649 45 21 dels
1320 648 123 27 utvidgade,
1459 648 77 21 medan
1551 647 48 22 åter
1613 647 115 28 höglofliga
1735 647 52 22 Rid-

1029 685 116 26 derskapet
1160 684 40 21 och
1216 683 70 22 Adeln
1302 682 23 23 af
1338 683 107 27 styrelsen
1459 682 112 22 förväntar
1585 682 78 27 nödiga
1679 682 107 27 åtgärder,

1027 719 8 20 i
1058 718 55 28 syfte
1136 719 32 20 att
1192 719 55 20 1863
1271 718 35 21 års
1328 716 135 27 förordnings
1486 715 142 28 grundsatser
1642 716 69 21 måtte
1725 715 64 22 vinna

1029 754 111 26 strängare
1156 751 141 27 tillämpning.
1328 751 41 21 Vid
1385 750 78 22 sådant
1478 749 134 22 förhållande
1627 749 68 22 finner
1703 750 33 27 sig
1743 750 44 21 All-

1028 789 78 20 männa
1128 786 205 22 Besvärsutskottet
1347 785 54 22 böra
1417 785 72 21 såsom
1504 784 206 27 sammanjemkning
1725 784 22 21 af
1761 785 26 20 de

1029 821 70 21 skilda
1121 821 101 21 besluten
1245 820 80 22 föreslå
1347 826 27 15 en
1396 825 123 21 gemensam
1534 819 99 27 petition,
1649 819 59 21 hvari
1724 818 63 21 Stän-

1029 855 66 21 derna
1116 854 40 22 hos
1176 854 59 21 Hans
1252 853 123 27 Kejserliga
1390 852 103 27 Majestät
1508 852 7 21 i
1530 852 173 26 underdånighet
1718 852 69 21 skulle

1029 888 84 22 anhålla

1238 924 31 19 att
1287 920 146 28 stadgandena
1451 927 32 15 om
1499 920 24 20 de
1538 920 57 21 båda
1609 919 103 27 språkens
1727 919 60 21 ställ-

1166 956 53 26 ning
1233 956 9 20 i
1256 955 101 26 Finland,
1369 955 64 27 jemte
1449 954 135 22 vidhållande
1599 954 27 26 af
1628 953 160 28 föreskrifterna

1166 990 8 20 i
1196 990 62 20 1863
1281 988 36 22 och
1340 990 61 20 1865
1417 990 38 19 års
1469 988 158 26 förordningar,
1643 988 65 20 måtte
1722 987 66 21 varda

1166 1022 204 28 fullständiggjorda
1394 1022 36 22 och
1453 1022 140 27 förtydligade
1614 1028 74 20 genom
1709 1021 79 27 nödiga

1165 1064 44 20 nya
1225 1058 164 26 bestämningar.

1061 1506 79 22 Bihang
1155 1506 26 17 till
1196 1505 103 18 Allmänna
1315 1505 173 19 Besvärsutskottets
1503 1505 114 19 betänkande
1631 1505 36 19 N:o
1683 1503 30 21 18.
