1025 1703
229 111 11 20 6
394 107 251 26 Petitlonsbetänkande
661 109 39 24 N:o
715 109 39 24 44.

200 174 33 28 sig
254 173 73 28 borde,
350 173 72 22 kunde
443 180 59 16 mera
519 173 51 28 följa
589 173 32 22 sin
637 180 53 21 egen
706 173 147 29 öfvertygelse.
883 175 65 21 Detta

199 207 80 28 förslag
292 208 41 22 har
346 207 66 23 likväl
428 207 22 22 af
463 207 66 23 andre
544 208 67 21 talare
626 208 69 22 blifvit
707 209 114 26 motsagdt.

267 242 32 23 Ur
312 241 207 29 petitionsförslaget
533 241 98 28 framgär,
647 244 32 21 att
695 243 118 22 detsamma
828 242 79 28 äsyftar
923 249 25 16 en

199 277 132 28 underdänig
346 277 100 22 anhällan
462 283 35 16 om
511 277 73 28 nädigt
594 277 91 23 initiativ
696 277 32 22 till
738 277 90 28 ändring
838 277 23 22 af
869 277 79 22 Landt-

201 311 170 29 dagsordningen
392 312 8 21 i
422 311 57 23 hvad
498 312 69 21 denna
584 312 104 28 grundlag
702 312 137 22 föreskrifver
854 312 45 23 dels
915 319 35 16 om

200 346 65 27 tiden,
282 346 27 22 dä
323 346 89 27 lagtima
426 346 103 27 landtdag
544 347 54 21 skall
612 346 75 28 hällas,
704 347 40 21 och
760 346 46 22 dels
817 353 34 15 om
862 346 41 22 den
910 347 38 27 tid,

199 380 33 22 för
246 380 87 22 hvilken
350 382 199 26 representanterne
565 381 7 21 i
587 381 91 27 Preste-,
694 381 104 27 Borgare-
815 381 39 22 och
864 381 85 23 Bonde-

200 416 91 21 stånden
305 415 55 22 böra
373 416 74 26 väljas.
477 416 10 21 I
502 415 57 22 förra
573 416 134 22 hänseendet
722 418 24 20 är
760 416 7 22 i
777 416 172 27 Landtdagsord-

199 450 90 28 ningens
304 451 13 20 2
333 450 11 28 $
360 450 112 27 stadgadt:
489 446 15 36 ,,
502 450 105 26 Finlands
623 450 93 22 Ständer
726 451 176 21 sammankomma
917 452 32 21 åt-

199 486 104 20 minstone
324 484 61 22 hvart
402 484 62 28 femte
484 485 25 20 år
527 484 31 22 till
573 484 84 28 lagtima
676 485 101 27 landtdag
789 486 32 26 på
836 485 114 28 Kejsarens

202 520 36 21 och
257 519 143 27 Storfurstens
420 519 81 22 kallelse
517 519 36 22 och
567 520 73 21 kunna
649 520 80 27 jemväl
744 520 31 22 till
789 520 78 22 urtima
881 520 68 21 landt-

201 554 41 28 dag
255 553 169 28 sammankallas,
440 554 30 21 då
484 553 102 29 Kejsaren
604 555 27 21 sä
645 554 73 28 nödigt
731 555 88 27 finner".
849 555 10 21 1
874 561 77 15 senare

201 588 112 23 afseendet
327 589 47 21 äter
392 588 93 28 framgär
499 596 25 14 ur
539 591 12 20 4
567 590 18 26 &,
599 588 91 28 jemförd
705 590 49 21 med
768 590 67 22 andra
850 589 100 27 stadgan-

201 623 41 23 den
257 624 8 21 i
273 623 242 27 Landtdagsordningen
531 625 56 21 samt
600 624 8 21 i
623 624 115 28 synnerhet
754 624 49 22 dess
821 626 31 24 11,
869 626 33 24 12,
917 626 32 25 13,

202 660 33 25 14,
252 660 25 20 15
294 658 40 22 och
351 660 25 19 18
392 657 28 28 $$,
438 660 32 20 att
483 658 164 27 landtdagsmän
663 658 8 22 i
685 658 140 22 förenämnda
840 660 33 21 tre
887 658 63 23 stånd

200 693 53 22 böra
267 692 66 28 väljas
349 692 103 22 särskildt
465 692 33 22 för
512 693 73 27 hvarje
599 693 109 27 landtdag.

268 727 74 22 Under
357 727 62 21 ofvan
428 727 93 22 berörda
535 727 121 22 diskussion
671 727 57 22 inom
742 727 159 28 Ridderskapet
912 728 39 21 och

200 761 69 23 Adeln
283 762 40 21 har
336 761 144 28 petitionären
495 762 50 27 sjelf
557 762 120 27 framhållit,
694 764 33 20 att
740 762 103 28 förslaget
857 769 34 15 om
901 763 49 21 kor-

199 798 47 21 tare
260 796 215 27 landtdagsperioder
489 797 48 22 icke
551 797 89 22 innebär
654 797 70 27 någon
740 798 94 27 egentlig
843 797 66 28 nyhet
918 797 33 22 för

199 831 100 22 Finlands
315 830 139 28 lagstiftning.
484 831 11 22 I
511 833 25 20 17
552 832 10 27 &
578 831 22 22 af
613 832 200 27 Regeringsformen
829 832 41 21 den
885 834 11 20 3
907 832 43 22 No-

199 873 38 15 ver
252 867 61 26 1660,
329 865 87 22 hvilken
430 865 115 23 innefattar
560 866 75 27 tillägg
650 866 32 22 till
697 867 201 27 Regeringsformen
909 867 41 21 den

199 903 28 20 29
242 900 44 23 Juli
303 902 61 25 1634,
380 907 38 16 var
432 901 102 27 stadgadt
549 903 32 20 att
597 901 119 23 Ständerne
730 901 69 22 skulle
809 902 63 21 hvart
881 901 69 28 tredje

201 936 23 21 år
242 935 187 23 sammankomma.
459 935 60 22 Efter
539 936 42 22 den
595 942 18 15 s.
627 936 21 22 k.
665 936 147 22 envåldstiden
827 937 122 21 bestämdes

197 969 80 28 jemväl
290 970 9 21 i
313 971 26 21 35
356 969 11 28 $
382 969 23 22 af
419 971 54 21 1719
489 971 34 21 års
540 971 40 22 och
596 972 26 20 45
638 970 11 29 &
664 970 24 23 af
702 972 54 21 1720
772 971 34 22 års
822 971 127 27 Regerings-

199 1005 84 26 former,
300 1007 33 19 att
351 1005 120 22 Ständerne
486 1005 69 22 skulle
570 1006 182 21 sammankomma
765 1005 63 22 hvart
842 1005 69 28 tredje
927 1006 25 21 år

200 1040 40 21 och
256 1039 148 27 dessemellan,
418 1041 40 20 när
477 1040 36 21 det
527 1039 76 23 funnes
618 1040 80 27 nödigt,
715 1040 39 21 och
770 1040 61 21 detta
845 1046 105 22 upprepa-

201 1074 37 22 des
253 1074 8 22 i
278 1075 7 19 1
305 1073 10 29 $
331 1073 23 22 af
366 1074 225 27 Riksdagsordningen
609 1074 40 21 den
666 1076 25 20 17
708 1074 97 22 Oktober
821 1076 61 20 1723.
913 1074 38 22 Sä-

201 1115 46 16 som
261 1108 81 22 bekant
357 1110 23 20 är
395 1109 81 21 skedde
493 1109 48 21 häri
557 1108 88 28 ändring
659 1115 77 21 genom
750 1108 201 28 Regeringsformen

201 1144 42 21 den
265 1145 26 21 21
314 1143 92 27 Augusti
430 1145 61 25 1772,
513 1144 8 21 i
535 1144 62 22 hvars
618 1145 27 20 38
665 1144 13 26 $
694 1144 58 21 tiden
770 1143 33 23 för
818 1144 132 22 Ständernas

201 1178 168 22 sammankomst
384 1178 85 27 gjordes
485 1178 107 22 beroende
607 1178 23 22 af
642 1178 129 22 Monarkens
787 1178 94 22 kallelse.
907 1179 44 21 När

200 1213 59 22 Hans
275 1212 121 28 Kejserliga
409 1213 102 27 Majestät
525 1213 8 21 i
548 1213 34 21 sin
597 1212 32 22 till
645 1214 54 21 1867
715 1213 35 21 ärs
765 1213 93 21 Ständer
873 1212 78 28 afgifna

201 1248 78 26 nädiga
299 1246 134 27 proposition
455 1247 110 26 angäende
586 1247 244 27 Landtdagsordningen
851 1247 99 27 föreslog,

201 1283 32 20 att
247 1281 88 27 lagtima
348 1280 103 28 landtdag
466 1281 69 21 skulle
549 1280 69 22 hällas
633 1280 127 22 ätminstone
775 1281 63 21 hvart
852 1280 65 22 femte
928 1281 24 21 är

201 1317 57 21 samt
273 1316 33 22 att
321 1314 61 23 äfven
396 1315 79 22 urtima
487 1314 102 28 landtdag
603 1315 72 23 kunde
690 1315 23 22 af
725 1315 105 28 Kejsaren
840 1315 41 23 och
891 1315 60 22 Stor-

201 1351 84 22 fursten
307 1350 171 27 sammankallas,
501 1351 25 21 sä
547 1351 88 21 innebar
657 1351 61 21 detta
733 1350 84 23 derföre
832 1352 31 20 ett
877 1350 75 27 nädigt

202 1386 148 27 medgifvande
366 1385 21 23 af
401 1386 87 27 dyrbart
503 1384 97 23 innehäll.
630 1386 11 22 I
655 1386 37 21 det
706 1385 142 28 betänkande,
864 1392 45 15 som
921 1385 29 22 af-

203 1421 46 29 gafs
265 1421 23 22 af
301 1421 36 22 det
355 1420 107 23 särskilda
481 1420 211 28 Grundlagsutskott,
716 1420 32 22 till
769 1421 83 22 hvilket
873 1427 77 22 propo-

270 1465 134 23 Lagutskottets
418 1464 113 18 betänkande
546 1464 35 18 N:o
596 1461 34 22 23.
