1017 1714
300 144 80 24 Ständ.
396 145 106 23 Petition
516 146 41 23 N:o
570 146 38 22 36.
778 147 14 21 3

80 208 108 26 kännbart,
203 208 55 22 helst
272 210 68 20 staten
355 208 61 23 äfven
431 208 51 30 sörjt
496 208 31 23 för
541 209 35 23 det
590 209 158 29 kringliggande
763 210 56 22 land-

79 242 83 29 skapets
176 242 65 22 behof
253 242 23 22 af
288 242 68 23 finska
369 243 70 22 skolor
452 243 33 22 för
498 251 70 21 gossar
580 252 76 20 genom
669 244 118 22 inrättande
799 244 23 22 af

78 276 36 22 det
128 276 124 29 sjuklassiga
265 278 69 28 lyceet
348 277 8 22 i
370 278 86 28 Kuopio
470 278 39 22 och
519 278 35 22 det
566 278 124 28 fyrklassiga
699 277 8 23 i
716 278 103 22 Joensuu.

147 310 105 29 Slutligen
272 310 86 30 utbedja
371 311 32 29 sig
418 311 122 27 Ständerna,
558 314 32 20 att
608 311 33 23 för
659 311 83 23 Eders
761 312 60 30 Kej-

78 345 98 29 serliga
193 345 127 30 Majestät
338 346 22 23 få
374 346 8 22 i
396 346 166 30 underdånighet
579 346 110 23 framhålla
706 347 42 22 den
766 349 55 21 stora

78 380 71 30 vigten
164 379 24 23 af
200 380 210 30 qvinnobildningens
424 381 142 30 befrämjande
580 381 8 22 i
602 381 70 23 landet
686 384 55 20 samt
754 383 31 21 att
794 381 26 22 de

78 415 117 26 kostnader,
211 423 45 15 som
271 416 32 22 för
317 415 73 23 sådant
404 416 96 23 ändamål
514 416 113 26 användas,
642 416 48 22 icke
704 416 72 22 kunna
786 424 34 14 an-

78 458 32 14 ses
125 449 139 30 öfverflödiga.

146 484 32 23 På
199 484 62 24 ofvan
282 484 86 24 anförda
389 486 46 22 skäl
452 486 24 23 få
492 486 117 23 Ständerna
627 486 8 22 i
654 486 166 29 underdånighet

78 519 83 23 anhålla

213 557 33 19 att
265 562 27 14 en
308 555 136 29 fullständig
465 556 65 29 högre
544 555 216 29 fruntimmersskola
774 555 47 22 med

142 589 70 28 finskt
231 589 235 30 undervisningsspräk
486 591 66 22 måtte
563 591 32 28 pä
609 593 81 20 statens
705 589 117 22 bekostnad

144 624 96 21 inrättas
255 625 9 20 i
278 623 129 30 Jyväskylä;

212 661 34 20 att
260 659 72 21 likaså
346 667 26 14 en
382 659 137 29 fullständig
534 659 65 29 högre
604 659 217 29 fruntimmersskola

145 694 47 21 med
206 694 91 27 finskan
312 694 70 22 såsom
400 694 233 29 undervisningsspråk
647 695 65 21 måtte
726 694 96 22 inrättas

148 729 8 20 i
171 727 99 29 Kuopio;
284 730 54 21 samt

212 765 33 19 att
266 763 82 22 landets
368 763 94 28 Styrelse
482 764 66 21 måtte
569 764 24 21 åt
616 763 204 29 gvinnobildningen

146 804 55 21 egna
216 798 112 28 synnerlig
343 805 84 20 omsorg
442 798 39 21 och
495 798 67 22 alltså
575 797 105 29 befrämja
690 798 130 27 densamma,

144 833 20 27 ej
179 832 52 21 blott
249 839 75 21 genom
342 833 179 28 svenskspråkiga
541 833 79 25 skolor,
636 833 38 20 der
688 832 86 21 sådana
788 833 33 21 be-

144 866 84 28 höfvas,
246 869 55 19 utan
318 866 38 22 ock
369 867 45 21 dels
433 874 75 20 genom
526 867 132 25 inrättande,
674 867 45 21 dels
734 867 86 21 subven-

145 901 127 21 tionerande
283 901 83 28 jemväl
380 901 30 27 af
425 901 73 27 finska
508 901 232 28 fruntimmersskolor,
756 901 65 21 hvar-

145 934 54 22 helst
221 934 67 29 behof
304 935 30 28 af
344 935 86 21 sådana
447 937 41 26 gör
504 936 34 28 sig
556 935 110 29 gällande,
678 936 32 27 pä
725 936 35 20 det
776 935 45 21 icke

145 970 41 21 den
196 969 76 28 finska
288 970 161 28 befolkningens
466 970 92 22 rättvisa
574 969 38 22 och
627 969 76 28 billiga
718 970 103 21 önsknin-

144 1011 42 21 gar
201 1003 37 23 och
257 1004 67 28 behof
338 1004 35 22 mä
387 1005 9 20 i
405 1004 145 28 förhållande
565 1004 36 22 till
614 1004 42 21 den
669 1004 90 22 svenska
769 1004 52 28 för-

147 1039 60 22 bises.

144 1085 44 22 För
205 1085 62 29 öfrigt
280 1093 50 14 anse
345 1084 117 24 Ständerna
475 1086 32 28 sig
521 1086 49 22 böra
584 1085 9 21 i
606 1084 167 30 underdänighet
785 1093 34 14 an-

76 1120 60 26 mäla,
152 1121 31 21 att
197 1119 176 30 Borgareständet
386 1119 47 23 icke
450 1120 82 22 förenat
546 1119 31 29 sig
591 1127 35 14 om
640 1119 131 23 förestäende
785 1127 33 21 pe-

76 1154 68 27 tition,
160 1156 51 21 utan
226 1155 72 22 endast
312 1154 57 22 velat
382 1155 67 22 uttala
464 1155 35 22 det
513 1154 161 29 önskningsmäl,
690 1156 31 21 att
735 1154 85 22 Eders

78 1189 156 29 Kejserliga
255 1188 124 30 Majestät
400 1189 33 22 för
449 1188 143 30 befrämjande
611 1188 24 22 af
650 1197 26 13 en
691 1189 128 21 allmännare

78 1223 162 29 ändamälsenlig
254 1223 173 29 gvinnobildning
442 1224 8 21 i
463 1224 71 22 landet
549 1223 49 23 ville
614 1223 82 29 nädigst
710 1223 62 26 tillse,
788 1224 30 21 att

77 1257 213 23 fruntimmersskolor
310 1258 33 22 till
364 1258 99 29 behöfligt
477 1258 56 22 antal
555 1257 48 23 med
624 1258 58 22 såväl
696 1257 64 23 finskt
775 1264 43 15 som

76 1292 87 24 svenskt
176 1292 223 30 undervisningsspräk
418 1293 27 29 pä
458 1293 70 22 dertill
542 1292 100 30 lämpliga
655 1294 55 20 orter
724 1292 94 26 inrättas,

77 1328 39 21 och
130 1329 31 21 att
174 1327 78 22 sädana
265 1327 83 28 privata
361 1327 219 26 fruntimmersskolor,
595 1335 45 14 som
654 1327 54 22 visat
722 1326 33 29 sig
769 1334 49 15 vara

78 1360 31 23 för
124 1360 118 23 ändamälet
256 1360 92 29 tjenliga,
364 1360 49 23 med
427 1360 120 23 statsmedel
561 1360 142 23 understödas.

145 1423 103 23 Finlands
262 1423 90 24 Ständer
366 1423 118 23 framhärda
498 1425 39 21 etc.

146 1487 140 30 Helsingfors,
302 1488 40 22 den
356 1489 26 21 31
399 1487 118 23 December
532 1488 60 22 1877.
