1050 1711
246 168 12 20 6
367 169 313 20 Petitionsbetänkande
695 167 47 21 N:o
758 169 31 18 28
804 173 20 14 a.

217 235 74 27 Enligt
312 236 43 20 min
376 236 56 26 åsigt
455 242 63 21 synes
535 236 36 20 det
586 235 85 22 derföre
685 236 88 26 rättare,
789 235 38 25 att,
840 234 66 26 jemte
922 233 37 21 det

218 270 142 21 ofvannämde
375 270 104 21 folkklass
501 270 138 26 naturligtvis
662 269 18 26 ej
697 270 89 21 alldeles
806 268 90 27 fritages
911 268 47 21 från

220 303 38 21 allt
267 303 128 27 deltagande
410 304 7 20 i
433 304 84 27 gåfvan,
533 309 25 16 en
574 305 69 20 större
659 305 77 24 anpart
751 303 61 21 deraf
820 302 62 21 faller
897 302 27 26 på
933 301 26 21 de

218 343 58 16 mera
297 338 90 27 lyckligt
408 338 83 21 lottade
506 337 165 22 folkklasserna.
700 337 84 21 Härvid
798 337 40 21 har
853 336 37 21 det
905 336 54 21 dock

218 374 60 25 synts
292 372 44 27 mig
352 373 111 20 rättvisast
479 374 32 19 att
526 373 25 20 de
568 372 135 26 folkklasser,
719 372 74 21 hvilka
808 371 98 22 härintill
921 371 37 20 bu-

216 406 29 21 rit
260 406 157 27 bevillningens
436 408 79 20 största
530 408 72 25 tunga,
619 407 66 21 borde
704 406 23 21 så
742 406 90 27 lindrigt
847 411 45 15 som
907 405 52 26 möj-

218 441 40 26 ligt
281 441 88 21 beröras
392 441 23 21 af
436 441 69 21 denna
528 443 61 19 extra
603 441 125 26 bevillning.
757 440 34 21 Då
804 440 37 27 jag
857 439 103 26 derjemte

218 475 100 21 besinnat
338 477 33 18 att
393 475 40 21 den
456 476 123 21 nuvarande
594 475 147 26 bevillningen
757 475 115 25 lindrigast
887 473 73 22 träffat

217 509 85 21 landets
322 509 114 27 jordegare
459 511 56 20 samt
537 511 32 19 att
588 509 74 27 hvarje
677 509 63 21 lands
753 508 133 27 jordegande
901 508 59 21 klass

215 543 25 26 ju
254 543 7 21 i
276 543 118 22 allmänhet
416 550 63 15 anses
501 545 77 25 utgöra
600 543 82 21 kärnan
698 543 23 22 af
735 543 67 21 folket
824 543 40 22 och
886 544 32 19 att
934 548 26 15 en

218 577 63 26 gåfva
299 577 107 27 utgående
422 578 75 20 främst
513 584 25 14 ur
557 578 69 21 denna
641 577 105 21 folkklass
762 577 39 21 bör
816 577 39 21 hos
871 578 89 19 emotta-

218 617 65 20 garen
298 617 40 21 ega
353 613 32 19 ett
400 612 23 20 så
439 612 84 27 mycket
538 614 69 19 större
622 612 73 26 värde,
711 612 39 20 har
763 611 37 27 jag
816 611 18 27 ej
846 610 74 22 tvekat
928 612 32 19 att

217 645 79 21 föreslå
318 647 33 19 att
371 646 148 22 broderlotten
542 646 23 21 af
578 646 85 21 skatten
686 646 40 21 bör
750 645 110 22 åhvälfvas
875 645 85 21 landets

215 679 123 27 jordegare;
363 680 39 20 och
423 680 38 21 har
481 680 38 27 jag
533 680 91 21 sålunda
647 680 18 26 ej
681 680 83 21 kunnat
778 679 75 22 förena
867 679 44 27 mig
926 685 33 15 om

218 713 40 21 den
274 713 23 21 af
310 713 107 22 utskottet
432 714 122 27 föreslagna
569 714 232 27 fördelningsgrunden
815 714 33 21 för
858 715 102 26 utgöran-

218 747 36 21 det
269 747 23 21 af
306 748 71 21 derna
391 750 62 19 extra
468 748 125 27 bevillning.

285 782 80 21 Vidare
384 782 39 21 har
441 783 37 27 jag
494 783 18 26 ej
528 783 69 21 heller
611 783 83 21 kunnat
711 783 115 26 godkänna
841 782 118 21 utskottets

218 816 80 27 förslag
314 818 32 19 att
361 816 28 27 på
403 816 52 22 flere
470 817 23 21 år
509 817 82 21 fördela
606 817 152 26 uttaxeringen
774 816 23 22 af
810 816 41 21 den
866 823 30 14 nu
909 815 51 22 ifrå-

218 851 122 26 gavarande
355 851 116 21 millionen.
501 851 42 21 För
558 852 43 20 min
617 851 34 21 del
667 857 64 15 anser
743 851 37 27 jag
796 851 106 26 nemligen
914 852 45 20 vär-

218 886 37 20 det
270 884 24 22 af
307 890 26 16 en
348 884 64 28 gåfva
426 885 34 21 stå
475 886 6 20 i
497 885 71 21 direkt
583 885 135 21 förhållande
733 885 34 21 till
782 885 41 21 den
838 884 122 28 uppoffring

218 919 97 27 gifvaren
330 919 83 21 känner
429 920 35 20 vid
479 920 90 26 gåfvans
585 919 130 27 afgifvande.
745 920 42 20 För
802 919 41 21 den
854 926 45 15 som
910 925 50 21 eger

218 956 56 19 stort
289 953 104 22 öfverflöd
409 954 52 21 eller
477 957 59 19 stora
550 954 142 27 besparingar
707 954 47 20 från
770 954 77 21 fordna
857 954 102 27 lyckliga-

218 995 24 14 re
256 988 57 21 tider
328 988 41 21 och
384 988 65 22 derur
464 988 143 27 godhetsfullt
621 988 81 22 lemnar
718 995 25 14 en
763 988 61 21 skärf
838 990 24 19 är
876 987 83 28 uppoff-

219 1022 74 27 ringen
317 1022 62 26 ringa
395 1022 52 21 eller
462 1022 70 28 ingen.
563 1022 33 21 Då
611 1022 47 22 åter
673 1028 26 16 en
715 1022 63 26 gåfva
794 1022 144 21 utminuteras
953 1022 7 21 i

218 1056 46 22 små
286 1058 80 24 poster,
389 1056 34 21 får
438 1056 41 22 den
499 1059 31 19 ett
545 1056 70 22 starkt
631 1056 62 27 tycke
710 1056 22 21 af
746 1062 26 15 en
788 1056 94 21 allmosa.
913 1056 47 21 Den

218 1091 46 21 åter
286 1096 46 16 som
348 1090 19 27 ej
383 1090 51 27 skyr
457 1093 32 18 att
511 1091 34 21 för
567 1091 33 21 sin
618 1090 87 22 lidande
720 1092 62 19 nästa
797 1092 52 25 göra
864 1090 96 26 verkliga

219 1124 147 27 uppoffringar
384 1124 39 21 och
439 1124 18 26 ej
474 1125 77 26 drager
566 1124 7 21 i
588 1124 136 21 betänkande
742 1126 33 19 att
793 1124 33 21 för
842 1124 37 21 det
894 1124 66 26 godas

219 1158 63 26 skull,
306 1163 44 16 som
374 1158 41 21 han
431 1158 88 27 åsyftar,
541 1159 81 25 ådraga
637 1158 32 26 sig
685 1157 51 28 sjelf
749 1158 74 21 arbete
839 1157 38 22 och
894 1157 65 21 försa-

218 1192 72 21 kelser
306 1203 22 4 —
347 1192 80 21 dennes
443 1192 64 27 gäfva
522 1199 63 20 synes
600 1192 43 27 mig
659 1198 40 21 ega
714 1192 66 27 något
795 1193 65 20 värde
876 1192 39 20 och
925 1197 34 15 va-

218 1233 24 14 ra
264 1226 92 27 förtjent
380 1226 23 21 af
416 1225 134 22 tacksamhet
565 1226 39 22 och
619 1226 145 21 erkännande.
794 1227 42 20 Det
851 1225 75 22 höfves
942 1225 17 27 ej

220 1259 66 26 enligt
304 1259 43 21 min
366 1260 85 26 mening
467 1260 36 20 det
518 1260 69 21 finska
602 1259 51 26 folk,
674 1266 45 15 som
735 1260 24 21 så
774 1261 135 19 storsinnadt
924 1259 37 21 off-

220 1294 34 19 rat
269 1293 70 20 denna
355 1299 82 14 summa
451 1293 34 21 för
499 1293 87 21 lidande
601 1293 185 21 medmenniskors
802 1293 68 26 bästa,
886 1295 32 19 att
928 1295 32 19 ut-

220 1329 57 19 sätta
299 1327 33 26 sig
357 1326 32 21 för
414 1327 41 21 den
470 1327 171 27 beskyllningen,
657 1329 32 19 att
704 1327 36 21 det
753 1327 25 26 ju
793 1327 33 21 för
842 1327 60 22 detta
916 1327 45 21 folk

220 1368 38 15 var
273 1367 27 16 en
314 1360 86 22 småsak
416 1363 32 19 att
463 1367 25 15 ur
503 1361 140 27 besparingar
658 1361 47 21 frän
720 1361 59 22 förra
793 1361 57 22 tider
864 1361 97 22 utbetala

220 1395 78 27 gåfvan
313 1396 40 20 och
368 1396 31 20 att
415 1395 117 22 detsamma
547 1396 66 21 sedan
629 1395 73 21 kastat
716 1396 164 26 ätergäldandet
896 1395 23 21 af
931 1395 31 21 lä-

220 1432 36 19 net
278 1429 28 28 på
328 1429 126 22 kommande
477 1429 62 22 tider.
569 1429 59 22 Skall
647 1429 71 22 finska
734 1429 68 22 folket
817 1429 63 22 hafva
895 1429 66 22 heder

220 1464 23 22 af
264 1464 32 21 sin
320 1464 63 27 gåfva
398 1464 55 21 skall
469 1465 37 20 det
521 1464 18 27 ej
556 1471 75 20 genom
648 1464 136 22 småsinnade
802 1464 101 27 åtgärder
918 1463 41 22 för-

220 1499 62 26 ringa
297 1499 49 21 dess
362 1498 71 22 värde.

288 1543 197 24 Bevillningsutskottets
497 1544 104 17 betänkande
615 1543 33 18 N:o
661 1543 17 18 2.
