1045 1706
234 132 27 21 12
346 132 322 22 Peotitionshetänkande
682 133 49 18 N:o
745 130 56 22 20.

207 199 110 20 deständet
336 200 31 18 att
387 198 47 22 med
457 198 128 26 frängäende
605 198 23 20 af
646 198 31 19 sin
696 197 76 20 förut
764 192 12 36 i
789 197 64 20 saken
868 196 84 26 yttrade

205 234 84 25 mening
303 233 83 21 besluta
401 232 130 26 underdänig
546 232 106 25 anhällan,

307 267 26 27 7)
347 269 32 19 att
391 269 30 19 ett
427 266 146 28 fullständigt
584 266 215 22 elementarläroverk
809 266 48 21 med
861 264 91 29 finskan

272 302 71 20 såsom
356 300 235 28 undervisningsspräk
604 301 67 21 måtte
686 300 96 21 inrättas
791 300 82 28 jemväl
887 300 9 20 i
906 293 46 27 Åbo

272 335 38 21 och
325 337 29 19 ett
364 334 136 31 fyrklassigt
514 334 69 26 finskt
598 329 80 33 lyceum
692 334 10 20 i
715 334 141 29 Björneborg.

272 404 114 21 Momentet
402 403 23 27 k)
441 403 23 20 af
476 402 117 20 Utskottets
610 402 134 21 betänkande
759 402 39 20 har

272 438 24 20 af
312 438 202 26 Ridderskapet
531 437 48 20 och
600 437 85 20 Adeln
703 437 68 21 blifvit
787 437 68 21 blifvit
869 437 82 21 oförän-

205 474 63 20 dradt
282 472 117 28 godkändt,
415 479 46 14 men
937 474 5 3 N

274 507 23 21 af
309 507 136 26 Högvördiga
459 506 209 20 Prestaständet
682 507 124 25 förkastadt,
821 506 75 20 medan
908 507 44 20 äter

272 541 136 21 Hedervärda
422 540 204 20 Bondeständet
646 541 85 20 beslutit
746 542 31 19 att
792 541 31 19 till
838 541 114 20 Allmänna

203 574 192 22 Besvärsutskottet
416 574 151 20 återremittera
588 574 117 20 detsamma
719 574 32 21 för
766 576 31 18 att
811 575 118 20 omarbetas
944 575 7 19 i

204 610 38 20 det
255 609 62 26 syfte,
332 610 31 19 att
378 611 50 17 enär
439 615 25 12 en
477 608 124 26 utvidgning
612 608 23 19 af
643 609 151 26 normallyceet
803 609 8 18 i
821 608 129 21 Tavastehus

205 644 54 19 visat
273 643 32 26 sig
320 648 51 14 vara
386 642 24 19 af
424 642 98 19 behofvet
532 641 106 27 päkallad,
650 648 25 13 en
686 642 65 20 sädan
762 643 18 26 ej
792 642 64 20 mätte
867 642 84 20 komma

203 677 7 19 i
230 677 66 26 fräga,
315 678 50 18 utan
381 676 5 19 i
403 675 70 20 stället
488 677 29 18 ett
532 677 47 24 nytt
594 675 130 27 fullständigt
739 676 211 20 elementarläroverk

204 711 47 20 med
274 711 81 19 finskan
375 709 67 20 såsom
462 709 222 26 undervisniagsspräk
700 710 23 19 sä
738 712 57 17 snart
810 709 37 20 ske
862 709 42 20 kan
920 710 29 19 in-

203 746 65 18 rättas
283 745 7 19 i
305 743 146 21 Tammerfors.

272 778 42 20 Vid
335 778 76 19 sädant
426 777 137 26 förhällande,
580 777 26 20 dä
622 777 52 20 blott
688 779 32 18 ett
734 777 60 20 ständ
809 778 7 19 i
832 777 69 20 denna
916 777 34 21 del

203 812 94 26 godkänt
318 811 117 20 Utskottets
458 811 133 21 betänkande
611 813 49 18 utan
680 811 128 27 förändring,
828 811 59 20 torde
902 812 48 20 icke

203 847 64 26 nägot
282 845 98 21 samfäldt
396 845 67 20 beslut
477 845 126 21 härutinnan
618 846 71 19 kunna
704 845 67 26 ernäs,
783 846 68 20 derest
864 847 18 25 ej
893 846 55 27 Hög-

204 880 88 26 vördiga
315 879 160 25 Prestaständet,
492 879 113 27 Vällofliga
626 879 177 26 Borgareständet
817 880 40 20 och
872 879 78 22 Heder-

204 914 64 19 värda
277 913 158 20 Bondeständet
444 913 6 19 i
462 913 92 26 enlighet
565 914 46 19 med
622 913 116 20 Utskottets
749 914 78 26 förslag
836 915 50 25 vilja
894 914 53 20 oför-

203 948 75 20 ändrat
292 947 113 27 godkänna
416 947 35 20 det
461 947 23 20 af
491 947 154 26 Ridderskapet
656 947 38 20 och
704 947 69 20 Adeln
784 947 79 20 fattade
875 948 73 25 beslut,

303 981 24 26 8)
343 983 32 18 att
389 981 72 20 derest
475 980 76 29 nödigt
565 981 67 27 blefve
647 983 33 19 att
694 981 89 27 utvidga
798 981 150 28 normallyceet

268 1015 10 20 i
302 1014 130 21 Tavastehus
452 1015 48 20 med
518 1021 25 14 en
559 1014 228 28 parallel-afdelning,
804 1022 25 13 en
843 1015 70 21 sådan
928 1016 20 27 ej

269 1049 64 21 mätte
348 1048 84 21 komma
450 1049 9 20 i
469 1049 80 27 fräga,
565 1051 54 19 utan
633 1049 9 20 i
655 1049 72 21 stället
742 1051 29 19 ett
783 1049 70 28 finskt
867 1050 80 27 lyceum

269 1083 94 21 inrättas
382 1083 4 20 i
403 1082 152 27 Tammerfors.

269 1151 146 20 Allmänna
429 1152 256 20 Besvärsutskottet
704 1152 54 20 hade
774 1152 71 20 vidare
860 1153 86 20 föresla-

201 1186 31 26 git
249 1186 3 19 i
268 1186 113 21 momentet
397 1185 23 26 I),

306 1221 31 18 att
359 1221 30 18 ett
410 1219 64 20 finskt
496 1219 83 26 lyceum
599 1220 64 19 måtte
685 1220 31 20 för
736 1222 57 18 östra
811 1220 89 20 Finland
915 1221 30 20 in-

267 1255 65 19 rättas
347 1253 40 19 och
402 1253 105 25 förläggas.
523 1253 31 19 till
572 1253 177 26 Willmanstrand;

257 1293 46 13 men
326 1285 38 20 har
385 1285 117 20 Utskottets
523 1285 78 26 förslag
621 1286 124 20 härutinnan
761 1287 18 26 ej
796 1287 73 19 vunnit
885 1287 59 20 Stän-

201 1321 75 20 dernas
292 1319 65 26 bifall,
372 1319 7 20 i
395 1321 22 24 ty
433 1321 31 18 att

267 1353 120 28 Höglofliga
414 1353 207 27 Ridderskapet;
636 1354 48 20 och
710 1354 85 21 Adeln
818 1355 32 20 för
865 1355 31 20 sin
912 1356 34 20 del

201 1389 90 26 beslutit,

304 1425 30 18 att
349 1424 31 19 ett
393 1422 64 20 finskt
472 1423 82 26 lyceum
569 1423 64 20 mätte
648 1423 32 20 för
691 1425 56 18 östra
757 1423 90 24 Finland
858 1424 86 21 inrättas

268 1457 39 21 och
329 1457 105 26 förläggas
457 1457 98 26 antingen
577 1457 6 20 i
606 1457 173 21 Willmanstrand
802 1459 58 25 eller;
875 1460 69 26 någon

266 1496 75 23 Bihang
354 1496 30 19 till
395 1496 102 24 Allmänna
508 1496 186 25 Besvärs-utskottets
706 1497 110 19 betänkande
827 1497 36 20 N:o
875 1498 27 17 17.
