1039 1706
289 140 239 20 Petitionsbetänkande
540 140 37 20 N:o
589 140 34 19 20.
783 141 22 17 93

80 207 63 26 måga
157 208 32 20 att
203 206 7 22 i
225 206 30 22 tal
271 206 38 21 och
325 205 62 22 skrift
402 205 139 22 obehindradt
555 205 97 27 begagna
666 205 36 21 det
717 205 66 20 andra
797 204 32 20 in-

80 240 89 22 hemska
191 240 92 27 språket.
317 240 50 20 Men
388 239 111 22 Utskottet
520 240 39 20 har
580 239 102 26 förbjudit
704 240 32 19 att
758 238 70 21 såsom

81 275 240 26 undervisningsämmen
347 274 34 20 för
406 274 36 20 det
464 274 66 20 andra
551 272 111 22 inhemska
684 272 87 26 språket
792 272 36 20 be-

81 315 70 21 gagna
165 308 98 26 språken,
279 308 59 20 såväl
353 308 26 20 de
394 307 70 27 gamla
479 313 45 15 som
540 307 26 21 de
579 307 108 21 moderna.
709 306 75 20 Ehuru
792 305 37 27 jag

81 350 29 14 nu
124 343 47 21 icke
186 342 42 21 kan
242 342 27 26 på
285 341 90 21 förhand
392 341 101 26 beräkna,
508 341 54 20 huru
577 342 45 19 stor
636 340 97 26 förmåga
748 342 31 18 att
794 340 36 21 be-

82 378 78 20 handla
182 377 36 21 det
240 377 67 21 andra
329 376 111 21 inhemska
462 375 86 27 språket
570 375 98 21 eleverna
690 380 76 21 genom
789 374 41 21 den

82 418 41 20 nya
141 411 147 26 anordningen
305 410 72 21 kunna
394 410 85 21 komma
496 411 32 19 att
545 409 70 26 vinna,
631 409 24 21 så
669 409 42 21 kan
723 409 38 26 jag
776 408 54 22 dock

81 446 29 27 på
127 445 69 28 grund
215 445 23 21 af
255 445 44 21 min
317 451 75 20 genom
407 444 109 27 mångårig
532 444 122 21 erfarenhet
667 449 71 16 vunna
751 443 80 21 känne-

83 481 48 20 dom
154 486 34 15 om
211 479 86 22 skolans
318 478 96 27 förmåga
436 480 31 20 att
488 479 98 26 bibringa
608 477 161 28 språkkunskap
792 477 38 22 och

83 513 178 28 språkfärdighet,
277 514 108 21 äfvensom
399 513 29 28 på
442 514 69 27 grund
526 513 22 22 af
562 513 63 22 ofvan
639 513 75 27 gjorda
725 512 105 27 öfverslag

83 549 49 22 med
150 549 80 21 visshet
248 549 117 26 förutsäga,
384 550 32 19 att
433 548 162 27 ifrågavarande
613 547 97 28 förmåga
727 547 47 21 icke
789 547 42 21 kan

83 583 67 22 blifva
172 583 135 28 synnerligen
329 584 51 25 stor,
402 582 46 21 icke
472 582 24 21 så
518 584 50 25 stor,
592 583 31 20 att
645 582 99 21 eleverna
762 581 70 22 skulle

83 618 72 21 kunna
172 617 106 22 behandla
293 617 36 21 det
344 617 66 21 andra
424 617 87 26 språket
525 617 147 21 obehindradt.
701 617 43 21 Det
758 616 74 27 gläder

84 653 49 26 mig,
157 654 37 24 att,
217 652 27 21 då
263 651 38 27 jag
323 651 79 21 uttalar
424 651 70 21 denna
512 651 148 28 öfvertygelse,
675 653 55 24 veta,
746 652 31 20 att
792 651 40 21 den

85 687 60 20 delas
160 686 23 21 af
200 685 77 27 sjelfva
295 685 117 22 utskottets
427 685 112 27 majoritet.
569 686 11 21 I
594 686 69 21 denna
677 685 68 27 punkt
760 687 36 19 äro
812 685 20 20 vi

85 721 44 20 alla
143 721 139 20 medlemmar
297 719 23 22 af
333 719 110 22 Utskottet
458 720 164 27 samstämmiga.
645 719 111 22 Utskottet
770 721 63 25 säger

85 755 107 27 nemligen
209 755 8 21 i
235 754 144 21 resolutionen
397 754 13 20 b
428 754 46 21 icke
494 755 31 20 att
542 754 191 27 undervisningens
748 754 86 21 medde-

85 789 64 22 lande
171 789 27 27 pä
220 789 36 21 det
278 789 67 20 andra
362 788 111 21 inhemska
491 788 87 27 språket
596 788 54 21 skall
669 788 45 21 leda
732 788 32 21 till
778 795 55 20 upp-

85 824 81 21 nående
188 823 27 26 af
232 823 34 21 det
287 821 112 28 uppstälda
421 822 69 27 målet,
512 825 51 19 utan
582 823 76 22 endast
676 825 32 19 att
724 824 37 21 det
779 823 55 21 skall

89 858 127 27 ybefrämja*
233 857 128 22 ändamålet.
389 857 43 21 För
450 859 32 20 att
496 857 65 22 målet
576 858 54 21 skall
646 857 122 28 verkeligen
782 863 53 22 upp-

88 894 38 21 nås
145 893 90 26 fordras,
255 892 61 21 äfven
335 892 67 27 enligt
419 892 115 21 utskottets
550 892 62 27 åsigt,
630 892 116 27 någonting
764 894 70 25 annat,

88 927 116 28 någonting
226 926 124 27 kraftigare,
372 926 107 27 nemligen
501 927 40 21 den
563 927 82 26 åtgärd,
668 927 85 21 hvilken
775 927 59 21 Hans

87 962 107 27 Majestät,
210 962 67 26 enligt
291 961 121 21 Utskottets
427 960 80 28 förslag
522 962 6 20 i
543 961 144 22 resolutionen
702 967 13 14 a
729 961 56 21 skall
798 967 36 15 an-

87 996 86 22 befalla.
203 996 67 21 Hvari
292 995 69 21 denna
383 995 75 27 åtgärd
480 995 120 27 egentligen
622 995 55 22 skall
696 995 67 27 bestå,
783 996 53 21 eller

88 1031 73 21 hvilka
175 1030 148 26 förändringar
337 1030 7 21 i
355 1029 85 22 skolans
451 1030 96 21 tillstånd
556 1036 76 20 genom
643 1031 123 21 densamma
776 1031 60 21 skola

89 1067 69 25 göras,
177 1065 60 21 detta
254 1064 55 21 hade
328 1065 55 20 varit
400 1065 116 21 intressant
534 1067 31 19 att
583 1066 97 21 närmare
695 1065 77 26 känna,
788 1071 47 16 men

88 1100 117 26 Utskottet,
221 1105 45 16 som
282 1099 59 27 sjelft
355 1101 50 20 utan
420 1099 73 22 tvifvel
508 1100 38 21 har
562 1099 65 22 saken
642 1100 48 21 klar
704 1099 34 22 för
748 1101 38 26 sig,
797 1100 39 21 har

90 1135 54 21 dock
159 1134 80 26 derom,
255 1134 70 21 såvidt
336 1133 38 28 jag
388 1134 81 21 kunnat
482 1133 63 27 finna,
560 1134 28 21 då
598 1134 143 22 betänkandet
750 1135 35 20 för
794 1136 43 26 mig

90 1169 35 21 vid
145 1169 134 26 justeringen
301 1169 116 26 upplästes,
440 1168 46 21 icke
509 1169 81 21 lemnat
611 1169 69 26 någon
702 1169 134 27 upplysning.

91 1203 78 22 Säkert
192 1205 24 18 är
238 1203 126 25 emellertid,
383 1204 32 19 att
433 1202 58 21 såväl
510 1203 66 26 enligt
594 1203 44 21 min
656 1209 44 15 som
716 1203 120 22 Utskottets

91 1238 57 26 åsigt
165 1237 96 21 hvarken
280 1237 149 28 meddelandet
444 1237 24 20 af
480 1237 151 26 undervisning
645 1237 7 21 i
671 1244 25 15 en
712 1237 34 22 del
762 1239 76 20 ämnen

91 1272 28 26 på
133 1272 37 21 det
187 1271 67 21 andra
272 1271 110 21 inhemska
397 1271 87 26 språket
502 1271 52 21 eller
569 1272 36 21 det
620 1271 17 26 ,i
652 1271 54 27 följd
721 1271 62 22 deraf
796 1271 42 22 för-

93 1305 68 21 ökade
183 1305 91 21 antalet”
297 1305 247 26 undervisningstimmar
568 1305 35 21 för
624 1311 80 15 samma
723 1305 64 27 språk
802 1307 36 20 äro

92 1339 130 26 tillräckliga
240 1339 69 20 medel
329 1338 33 21 för
380 1339 132 20 ändamålets
526 1339 110 24 vinnande,
651 1341 50 18 utan
717 1339 75 21 endast
806 1339 34 21 för

93 1373 48 21 dess
157 1372 149 27 befrämjande.

162 1407 49 21 Men
235 1407 58 21 detta
314 1406 84 27 projekt
420 1408 32 20 att
468 1407 7 21 i
494 1407 75 21 skolan
581 1407 119 22 -undervisa
718 1408 28 27 på
763 1409 77 20 tvenne

94 1441 65 28 språk
181 1442 54 21 låter
257 1441 33 28 sig
307 1441 46 22 icke
373 1441 122 27 genomföra
514 1443 51 20 utan
583 1441 150 28 uppoffringar.
766 1442 74 22 Redan

163 1476 93 17 Allmänna
268 1476 158 18 Besvärsutskottets
437 1476 103 18 betänkande
552 1477 34 17 N:o
600 1477 27 17 17.
