1039 1709
238 162 23 18 86
419 160 239 18 Petitionsbetänkande
669 160 37 18 N:o
718 159 34 18 20.

217 224 38 22 och
274 224 63 21 skrift
355 224 106 20 behandla
480 223 123 26 detsamma,
624 222 39 21 och
680 222 123 27 isynnerhet
820 228 33 14 om
872 221 42 21 hon
931 221 31 21 bi-

217 258 86 27 bringar
319 258 123 21 alumnerna
460 257 97 27 nöjaktig
572 256 96 27 förmåga
682 258 32 19 att
728 256 7 21 i
750 256 30 21 tal
796 255 38 22 och
850 254 63 22 skrift
927 255 35 21 be-

217 292 78 22 handla
310 292 92 27 språket,
413 292 79 21 enhvar
506 292 65 21 borde
586 298 51 15 vara
651 291 57 27 nöjd,
723 291 50 27 nöjd
788 290 49 22 med
851 290 113 22 resultatet

217 327 40 22 och
271 327 50 27 nöjd
336 327 49 21 med
399 327 81 26 skolan,
496 332 45 16 som
557 326 150 21 åstadkommit
717 326 123 21 detsamma.
870 324 50 22 Men
931 326 31 19 ut-

217 362 90 21 skottets
326 361 106 27 majoritet
450 367 38 15 var
505 361 46 21 icke
572 360 50 28 nöjd
640 360 48 22 med
708 360 24 21 så
750 360 53 21 litet.
836 359 50 21 Alla
901 359 63 22 dessa

216 396 105 27 förslager
336 396 66 21 måste
413 396 49 20 vika
477 395 33 21 för
524 395 145 27 majoritetens
684 394 218 28 kontraproposition:
917 393 45 27 för-

217 431 62 27 måga
297 432 30 19 att
345 430 135 21 obehindradt
497 430 9 20 i
520 429 30 21 tal
569 429 36 21 och
619 429 64 26 skrift
697 429 91 27 begagna
802 428 80 22 landets
897 428 67 21 andra

217 464 107 22 inhemska
341 464 71 27 språk.
447 464 112 27 "Uttrycket
576 464 167 21 ”obehindradt”
762 464 40 20 har
820 463 84 21 således
921 462 43 22 till-

218 500 89 21 kommit
328 499 47 21 icke
393 498 23 22 af
437 505 26 15 en
484 498 102 22 händelse
609 498 53 21 eller
683 504 76 20 genom
782 496 181 27 obetänksamhet,

217 536 52 19 utan
288 534 54 20 efter
360 539 76 21 mogen
456 532 160 27 öfverläggning
634 532 39 21 och
690 532 50 21 med
758 532 50 20 fullt
825 531 139 22 medvetande

218 568 23 21 af
261 568 118 27 uttryckets
400 567 154 21 innehållsrika
576 566 115 28 betydelse.
727 566 52 21 Man
800 568 40 24 gör
860 566 105 21 utskottet

218 602 83 22 således
316 602 64 27 ingen
395 603 62 25 orätt,
473 601 27 22 då
514 608 49 14 man
578 603 61 25 tager
654 600 56 22 fasta
723 600 28 27 på
766 600 48 22 dess
830 600 39 21 ord
884 600 39 21 och
937 600 28 26 på

217 637 41 21 den
272 637 71 25 tanke,
359 637 41 21 den
415 636 90 27 mening,
521 642 45 15 som
581 642 76 20 genom
673 636 36 20 det
727 634 105 28 afsigtligt
850 634 64 22 valda
931 640 34 16 or-

218 672 36 20 det
275 671 115 27 uttryckes.
423 670 121 22 Utskottets
568 670 107 27 majoritet
696 676 74 14 menar
791 669 109 27 verkligen
919 669 46 21 icke

218 705 65 27 något
297 705 83 21 mindre
395 707 27 19 än
438 705 40 21 den
493 706 53 26 sagt.

285 739 110 21 Utskottet
412 739 98 27 inbjuder
530 739 83 21 landets
632 738 91 22 Ständer
741 740 32 19 att
791 738 74 21 förena
883 738 32 27 sig
931 744 33 15 om

217 774 69 20 denna
301 774 84 26 mening
400 773 39 21 och
454 774 58 20 detta
527 773 89 27 uttryck.

286 808 40 20 Om
341 814 27 14 en
383 807 66 21 sådan
464 807 127 27 inbjudning
606 807 41 21 kan
660 807 37 26 jag
712 806 46 22 icke
773 806 75 22 förena
862 806 50 27 mig,
926 806 39 21 och

217 842 37 22 det
272 842 23 21 af
312 842 94 27 följande
424 842 54 22 skäl.
511 841 110 23 Utskottet
637 842 39 20 har
696 841 66 27 enligt
779 840 43 22 min
841 840 85 28 mening
944 840 23 21 af

217 877 36 21 det
270 877 139 26 fullständiga
434 876 238 22 elementarläroverket
694 876 53 21 eller
768 876 41 21 den
835 876 24 21 så
880 876 85 21 kallade

217 912 61 20 lärda
293 912 75 20 skolan
383 911 83 21 fordrat
479 918 45 14 mer
540 913 26 19 än
580 911 43 21 hon
638 911 66 27 enligt
719 911 33 21 sin
766 911 35 21 idé
816 910 39 22 bör
870 910 39 22 och
923 910 42 21 kan

217 948 108 25 prestera.
348 946 74 20 Denna
438 946 60 21 skola
514 948 23 19 är
552 946 105 26 nemligen
671 946 47 20 icke
734 952 26 14 en
767 945 122 27 inrättning,
904 944 62 22 hvar-

217 982 48 20 med
281 980 57 22 afses
353 982 32 19 att
398 980 99 27 bibringa
512 980 127 26 fullständig
654 980 96 26 kunskap
765 980 7 21 i
787 980 65 26 något
867 979 55 21 enda
935 979 31 21 lä-

217 1017 86 19 roämne
326 1015 53 21 eller
401 1014 130 22 obehindrad
551 1014 108 27 färdighet
677 1014 6 21 i
697 1014 161 26 kunskapernas
874 1013 92 22 använd-

217 1050 56 26 ning,
289 1050 51 20 utan
358 1049 41 21 hon
418 1051 30 23 är,
465 1048 69 22 såsom
550 1049 72 26 kändt,
638 1055 26 15 en
686 1048 226 22 förberedelseanstalt
932 1048 34 21 för

217 1083 158 21 Universitetet.
405 1083 41 21 Till
465 1083 53 27 följd
537 1083 23 21 af
576 1084 70 20 denna
665 1083 32 21 sin
715 1082 103 27 ställning
833 1082 82 28 åligger
930 1082 36 22 det

218 1118 69 20 denna
305 1117 61 21 skola
385 1119 31 19 att
434 1118 75 20 endast
528 1117 71 21 utföra
618 1119 30 19 ett
667 1116 155 22 förberedande
840 1116 80 26 arbete,
935 1118 31 19 att

217 1152 98 21 meddela
331 1152 79 20 sådana
424 1152 121 26 kunskaper
560 1152 39 21 och
609 1151 137 27 färdigheter,
757 1151 71 21 hvilka
839 1151 45 21 dels
895 1151 71 21 kunna

216 1187 59 26 tjena
293 1187 70 21 såsom
383 1186 103 27 grundval
504 1186 34 21 för
556 1186 66 27 högre
640 1186 148 26 vetenskaplig
802 1186 102 26 bildning,
920 1186 46 21 dels

217 1221 126 27 möjliggöra
353 1221 159 21 förvärfvandet
522 1220 23 22 af
554 1221 26 21 de
588 1220 105 22 särskilda
700 1220 186 27 fack-kunskaper,
893 1220 73 21 hvilka

216 1255 8 20 i
239 1256 60 20 lifvet
317 1257 38 18 äro
373 1255 105 26 behöfliga
499 1255 34 20 för
554 1255 114 20 utöfvande
687 1255 23 20 af
728 1255 57 20 olika
807 1254 159 21 verksamheter

216 1289 57 21 inom
292 1289 92 26 kyrkans
403 1288 39 21 och
461 1290 80 20 statens
562 1288 108 21 områden.
699 1288 121 21 Resultatet
837 1288 23 21 af
880 1288 85 21 skolans

216 1323 137 21 verksamhet
362 1322 42 22 kan
417 1322 83 22 derföre
516 1323 46 21 icke
578 1322 22 22 få
616 1322 128 22 karakteren
759 1322 24 22 af
796 1322 169 27 fullständighet,

216 1360 51 19 utan
281 1359 92 20 tvertom
388 1358 23 20 af
425 1357 182 27 ofullständighet,
624 1358 88 21 emedan
728 1357 74 21 skolan
818 1358 63 26 öppet
891 1357 75 21 erkän-

216 1399 45 20 ner,
276 1394 33 20 att
323 1392 50 22 dess
388 1392 73 22 arbete
480 1392 103 22 behöfver
598 1392 170 26 komplettering,
784 1392 40 21 den
839 1392 127 27 komplette-

216 1428 53 26 ring,
289 1434 46 14 som
353 1427 117 27 högskolan
488 1427 88 21 lemnar.
606 1427 93 21 Fordrar
717 1433 49 15 man
785 1426 25 22 af
826 1426 74 22 skolan
916 1426 49 22 full-

215 1462 128 27 ständighet,
363 1462 24 21 så
406 1464 24 18 är
448 1468 26 15 en
494 1462 66 21 sådan
575 1461 87 22 fordran
677 1461 120 27 berättigad
812 1461 76 22 endast
903 1461 7 21 i
926 1461 40 22 den

283 1503 94 17 Allmänna
388 1502 159 18 Besvärsutskottets
559 1502 103 17 betänkande
674 1502 34 17 N:o
720 1502 28 17 17.
