1048 1714
234 133 312 27 Petitionshetänkande
560 135 45 18 N:o
619 136 41 23 45.

234 158 76 16 2904307
328 159 48 14 aber
404 165 31 8 oli
461 161 82 12 drar
558 158 78 15 DE

356 402 177 28 Lagutskottets
548 402 146 29 betänkande
710 404 40 27 N:o
763 404 46 23 24
798 398 15 37 i

271 437 128 28 anledning
423 437 27 22 af
473 437 118 24 särskilda
605 438 204 29 petitionsförslag

274 479 39 16 om
328 472 81 27 nådigt
424 471 103 25 initiativ
542 473 50 22 dels
607 473 40 22 till
662 479 30 17 en
706 474 103 23 revision

275 507 27 22 af
323 506 53 23 1772
399 506 39 23 års
462 507 195 28 Regeringsform
672 509 62 22 samt
755 508 55 23 1789

275 542 40 22 års
338 540 140 29 Förenings-
497 541 44 23 och
556 541 178 29 Säkerhetsakt,
749 543 61 22 eller

276 575 143 23 åtminstone
441 581 29 17 en
487 576 157 22 kodifikation
659 577 27 22 af
701 577 110 27 samtliga

275 616 31 16 nu
329 610 108 28 gällande
461 609 40 23 till
526 610 64 23 detta
618 611 194 28 grundlagsgebit

276 644 105 23 hörande
397 644 151 29 stadganden,
558 645 44 23 och
611 645 50 23 dels
678 645 40 23 till
725 645 86 28 grund-

276 680 117 27 lagsenlig
406 680 151 27 bestämning
571 685 39 17 om
625 680 49 22 rätt
688 680 40 22 för
740 680 9 22 i
757 680 54 22 Fin-

276 714 57 22 land
348 714 91 22 bosatte
453 714 44 22 och
506 714 186 23 naturaliserade
704 715 109 27 grekisk-

276 748 74 28 ryska
375 747 191 24 trosförvandter
588 749 36 22 att
647 749 70 31 vinna
736 750 78 22 befor-

277 783 61 21 dran
351 782 40 22 till
405 782 102 28 tjenster
521 783 10 21 i
547 783 88 22 landet.

145 852 83 21 Genom
247 851 200 29 protokollsutdrag
471 852 34 21 för
527 852 41 22 den
593 853 26 20 10
639 852 104 22 Februari
760 854 52 21 1877

74 887 64 20 hafva
153 886 157 27 Ridderskapet
325 886 40 21 och
383 885 69 22 Adeln
467 886 34 21 för
516 886 117 27 beredning
642 886 34 21 till
685 886 128 28 Lagutskot-

75 923 31 19 tet
121 920 142 22 öfverlemnat
278 922 31 19 ett
324 920 186 28 petitionsförslag
525 920 24 22 af
562 920 95 28 följande
672 920 91 29 lydelse:

178 982 56 22 »Till
247 982 131 23 Höglotliga
390 982 177 23 Ridderskapet
580 983 40 17 och
634 982 80 19 Adeln.

144 1022 159 23 Lagstiftningens
316 1022 165 23 utvecklingsgäng
494 1022 74 22 företer,
582 1024 33 16 när
627 1028 22 12 en
662 1022 64 23 längre
737 1023 79 23 tidrymd

77 1052 128 22 Ofverblickas,
218 1052 4 16 i
236 1054 48 20 yttre
297 1051 46 18 eller
356 1051 74 18 formelt
443 1051 105 18 hänseende
561 1054 66 15 tvenne
640 1051 50 19 olika
696 1052 120 22 förfarnings-

78 1082 42 16 sätt.

146 1110 36 16 Det
195 1114 35 12 ena
242 1114 42 17 eger
297 1114 46 16 rum,
356 1108 23 18 dä
392 1108 77 22 ändring
482 1108 20 18 af
512 1108 48 18 vissa
572 1108 130 22 stadganden
694 1104 14 31 i
717 1108 100 18 bestäende

78 1138 35 23 lag,
133 1138 45 18 eller
197 1137 64 23 tillägg
274 1137 67 22 dertill,
355 1137 45 18 eller
413 1137 34 17 ock
460 1137 93 17 särskilda
566 1136 130 18 föreskrifter
690 1132 9 33 i
708 1137 56 22 något
777 1139 40 21 nytt

79 1170 52 15 ämne
144 1166 84 23 pröfvats
241 1166 93 23 behöfliga
346 1166 34 18 och
389 1166 50 18 detta
446 1166 58 18 behof
510 1166 92 22 afhjelpes
610 1171 65 17 genom
683 1166 134 22 förordningar,

78 1196 68 17 hvilka,
160 1195 110 17 anslutande
283 1195 28 21 sig
324 1194 28 17 till
368 1194 50 17 förut
430 1194 62 22 gifven
505 1194 30 22 lag
548 1194 45 18 eller
604 1194 88 22 komplex
704 1195 20 17 af
733 1195 85 22 stadgan-

78 1225 41 21 den,
139 1226 65 20 utgöra
223 1223 66 21 endast
307 1228 36 18 nya
361 1222 66 18 länkar
446 1223 5 17 i
470 1223 35 17 den
524 1223 61 23 gamla
597 1223 68 23 kedjan
678 1223 20 18 af
709 1223 109 23 lagbestäm-

79 1253 70 23 ningar.

147 1282 39 17 När
198 1280 128 23 lagstiftandet
339 1285 22 13 en
374 1280 63 23 längre
449 1280 27 18 tid
485 1281 78 18 sålunda
570 1281 78 22 fortgått
663 1280 70 19 medelst
743 1281 76 23 partiela

80 1311 93 20 reformer,
188 1309 48 18 visar
250 1309 30 17 det
293 1309 28 22 sig
334 1308 91 23 slutligen,
439 1311 26 15 att
479 1309 34 18 den
527 1310 135 22 ursprungliga,
676 1310 144 22 hufvudsakliga

79 1340 53 21 lagen
152 1339 48 16 inom
218 1338 30 17 det
267 1343 34 12 ena
320 1337 45 18 eller
387 1337 60 18 andra
465 1338 211 22 lagstiftningsområdet
688 1338 98 22 undergått
800 1339 20 16 så

80 1367 73 22 mycket
172 1365 134 22 förändringar,
326 1367 27 15 att
369 1365 66 16 endast
447 1365 74 22 spillror
534 1365 54 17 deraf
599 1367 50 15 ännu
661 1366 60 17 såsom
734 1365 85 23 gällande

80 1395 75 22 yvarstä
187 1394 42 17 Men
248 1393 24 18 då
290 1393 67 17 sådant
377 1393 116 18 förhållande
506 1393 74 21 inträdt,
594 1393 34 18 och
642 1396 44 15 enär
698 1394 31 17 det
742 1394 29 17 vid
784 1394 37 17 till.

81 1423 117 23 lämpningen
211 1422 71 18 medför
295 1421 107 23 betänkliga
413 1421 120 23 svårigheter,
546 1427 29 12 om
587 1422 28 17 till
623 1422 101 19 innehållet
731 1428 89 12 samman-

81 1452 82 19 hörande
175 1451 68 24 lagbud
256 1451 58 18 måste
327 1450 85 23 hopletas
425 1455 22 12 ur
460 1455 22 13 en
495 1451 67 22 mängd
575 1451 23 22 på
611 1451 51 18 olika
668 1451 48 18 tider
724 1451 96 18 utfärdade

81 1481 134 22 förordningar,
234 1480 88 18 framstår
340 1479 29 18 för
389 1479 116 22 lagstiftaren
524 1479 160 23 nödvändigheten
698 1482 27 16 att
738 1480 82 23 iakttaga

152 1515 140 23 Lagutskottets
306 1513 117 19 betänkande
434 1514 35 18 N:o
481 1515 28 16 24.
