1025 1709
223 162 27 21 10
396 160 241 19 Petitionsbetänkande
650 160 38 19 N:o
702 160 32 19 43.

262 226 92 22 Emedan
369 226 106 22 Utskottet
490 226 86 22 sålunda
589 226 6 22 i
607 226 39 22 allo
657 226 57 22 delar
723 226 146 27 petitionärens
881 226 54 28 åsigt

193 268 33 15 om
242 262 141 28 önskligheten
398 262 23 21 af
434 262 77 22 sådana
526 262 95 28 åtgärder
637 262 32 21 till
680 262 157 22 underlättande
848 261 23 23 af
877 262 58 27 jord-

194 297 122 28 afsöndring,
341 298 30 20 att
392 298 58 21 äfven
472 298 37 21 den
531 298 79 21 mindre
629 297 120 23 bemedlade
770 297 67 22 kunde
853 297 84 25 beredas

193 333 74 21 lättare
283 333 80 21 tillfälle
379 333 31 21 att
425 333 101 22 förvärfva
542 340 50 21 egen
607 333 46 27 jord
667 333 34 21 till
716 334 124 27 bosättning,
857 333 32 21 får
899 333 40 21 Ut-

195 369 82 25 skottet,
294 375 44 15 som
354 368 62 22 likväl
432 369 43 21 icke
491 370 67 20 ansett
573 369 32 27 sig
620 369 49 21 böra
684 368 50 28 ingå
748 369 8 21 i
771 371 94 19 närmare
875 368 64 22 bedö-

195 404 74 21 mande
288 404 22 22 af
325 404 24 21 de
365 404 101 28 åtgärder,
483 404 68 22 hvilka
567 404 6 21 i
589 404 73 21 sådant
678 404 93 22 afseende
787 404 33 22 till
835 404 104 28 äfventyrs

195 439 62 21 borde
273 440 100 28 vidtagas,
389 439 105 22 vördsamt
509 440 102 28 tillstyrka

302 482 32 20 det
350 481 76 21 landets
440 481 102 29 högloflige
557 480 87 22 Ständer
659 481 45 21 ville
718 481 30 21 till
758 481 60 21 Hans
828 481 113 29 Kejserliga

266 517 93 29 Majestät
379 518 48 27 ingå
445 518 46 21 med
507 518 126 28 underdånig
646 518 81 28 petition
744 518 75 25 derom,
836 521 27 17 att
879 517 60 21 Hans

267 552 92 30 Majestät
373 553 8 20 i
396 554 64 20 nåder
475 553 70 21 täcktes
561 553 41 21 låta
611 552 110 28 förbereda
736 554 87 28 ändring
838 554 9 20 i
861 553 79 29 gällan-

267 589 24 21 de
306 588 122 28 författning
446 596 33 14 om
490 589 173 28 jordafsöndring,
679 590 8 20 i
702 590 32 20 det
749 589 50 28 syfte
814 592 27 18 att
857 590 24 20 de
896 589 44 21 hin-

268 624 41 25 der,
331 632 40 12 som
392 632 28 13 nu
440 625 100 20 motverka
555 628 25 17 ett
595 624 125 22 allmännare
736 624 103 22 anlitande
854 624 25 28 af
887 632 52 20 par-

268 658 168 29 celleringsrätten,
454 660 61 28 blefve
530 662 23 19 så
568 660 41 20 vidt
625 660 74 28 möjligt
714 660 133 28 undanröjda.

197 700 132 28 Helsingfors,
348 700 37 22 den
404 702 26 20 19
447 702 110 21 november
574 702 61 21 1877.

354 1204 67 28 ÄBO,
434 1200 42 27 Åbo
487 1196 115 41 Boktryckeri
615 1196 112 41 Aktiebolag,
743 1211 50 17 1877.

245 1561 133 20 Sammansatta
394 1562 52 24 Lag-
462 1562 31 19 och
509 1562 180 19 Ekonomiutskottets
705 1562 110 20 betänkande
831 1562 37 20 N:o
883 1562 32 20 10.
