1042 1706
222 154 13 21 8
411 153 80 23 Ständ.
506 153 106 23 Petition
626 153 41 22 N:o
682 153 36 22 20.

193 215 75 21 medan
289 216 64 21 andre
375 215 72 22 endast
461 216 8 20 i
484 216 112 21 allmänhet
617 215 114 22 framhållit
752 214 98 23 behofvet
868 215 23 21 af
904 216 30 20 ett

192 249 63 22 finskt
269 250 84 28 lyceum
367 249 8 21 i
389 250 91 21 nämnda
494 250 40 21 län.
564 249 78 22 Likaså
656 250 38 21 har
709 251 30 20 ett
754 249 71 29 dylikt
839 249 96 22 läroverk

192 283 8 21 i
215 284 98 28 Wiborgs
327 284 35 21 län
376 283 104 29 päyrkats,
495 284 24 22 af
531 292 25 14 en
572 284 34 22 del
620 284 8 21 i
646 284 120 26 allmänhet,
788 284 24 22 af
824 284 63 22 andre
901 291 33 21 ge-

193 326 48 14 nom
255 319 91 28 begäran
361 326 33 14 om
409 318 46 22 dess
476 318 131 29 förläggande
629 318 33 22 till
676 318 99 29 Wiborgs
794 318 45 22 stad
861 318 38 22 och
914 318 23 21 af

193 353 63 22 andre
278 352 45 23 åter
344 353 88 22 medelst
446 353 93 29 yrkande
558 355 31 20 att
603 352 99 30 Wiborgs
716 352 120 23 nuvarande
851 353 83 28 lyceum

193 387 64 23 mätte
272 387 79 22 erhälla
364 388 82 21 finskan
459 388 34 21 till
509 387 229 29 undervisningsspräk.
768 387 35 21 Dä
817 387 117 22 Ständerna

193 424 68 20 ansett
275 422 59 22 dessa
348 422 174 29 petitionsförslag
543 430 49 15 vara
607 422 85 29 uttryck
708 422 33 21 för
755 424 30 20 ett
799 422 88 21 känbart
901 422 33 21 be-

192 457 43 26 hof,
249 456 63 23 hafva
328 457 122 26 Ständerna,
467 465 44 14 som
524 457 56 22 hälla
595 457 44 22 före
654 459 30 20 att
699 457 91 22 nämnda
808 456 65 22 behof
892 456 42 21 kan

192 491 113 30 lämpligen
319 491 62 29 fyllas
392 491 119 29 derigenom
522 493 30 20 att
568 494 30 19 ett
612 491 63 22 finskt
689 492 83 28 lyceum
787 491 100 28 förlägges
903 491 32 21 till

193 526 67 28 nägon
275 528 32 19 orti
334 528 55 20 östra
398 526 97 26 Finland,
507 528 50 20 trott
567 526 31 29 sig
608 527 50 20 böra
672 526 83 21 anhälla
768 533 35 14 om
816 525 118 22 inrättande

192 561 23 21 af
228 563 30 20 ett
272 555 73 28 sådant
358 561 95 22 läroverk
468 561 27 28 pä
516 561 67 28 någon
602 563 32 19 ort
656 561 57 21 inom
732 561 33 21 S:t
781 560 88 22 Michels
884 561 51 20 eller

193 595 98 29 Wiborgs
306 596 41 25 län,
362 603 45 14 som
422 595 107 29 Styrelsen
543 595 42 22 kan
600 596 57 21 finna
672 595 69 22 dertill
756 595 90 28 lämplig.

259 630 13 21 I
287 630 92 28 enlighet
393 630 48 21 med
455 630 36 21 det
505 629 86 22 anförda
606 629 21 22 fä
642 629 117 22 Ständerna
774 629 60 22 alltsä
847 629 4 22 i
861 629 73 22 under-

193 663 98 30 dänighet
305 664 92 22 anhålla:

328 699 21 26 1)
364 701 32 18 att
407 699 32 27 pä
455 699 34 21 det
507 699 92 21 eleverne
616 699 36 20 vid
674 699 85 20 landets
782 699 69 26 lyceer
869 698 65 21 mätte

259 733 66 21 vinna
335 740 25 13 en
371 733 40 21 allt
417 733 176 28 fullständigare
599 733 105 27 förmäga
716 735 32 18 att
758 733 8 20 i
778 733 32 20 tal
820 732 36 21 och
866 732 68 27 skrift

260 767 95 27 begagna
378 767 83 21 landets
483 767 71 21 andra
579 767 108 20 inhemska
710 767 117 27 tungomäl,
850 766 84 21 Eders

259 801 158 28 Kejserliga
432 801 126 27 Majestät
574 802 7 19 i
596 801 70 20 nåder
679 801 51 20 ville
745 804 52 23 taga
812 801 68 20 under
891 807 44 14 om-

256 835 109 28 pröfning
379 838 55 18 samt
445 836 54 26 efter
507 835 133 28 sakkunnige
656 837 60 19 mäns
725 835 95 21 hörande
835 837 100 19 närmare

260 869 114 21 bestämma
389 876 33 14 om
440 870 26 20 de
482 869 164 28 förändringar
661 870 8 19 i
684 869 251 21 elementarläroverkens

260 904 144 27 läseordning,
420 911 44 14 som
488 903 47 22 med
557 903 100 28 afseende
672 904 13 20 å
701 903 98 28 antyddä
821 903 113 28 syftemäls

260 938 106 20 erndende
380 937 73 21 kunna
469 937 68 27 blifva
552 937 143 28 nödvändiga.

327 973 22 26 2)
371 974 32 19 att
430 971 248 22 elementarläroverkens
700 971 235 28 undervisningsspräk

259 1007 37 20 vid
310 1006 157 21 skolväsendets
486 1007 149 27 organisering
651 1006 8 20 i
668 1006 125 27 framtiden
815 1007 65 24 mätte
902 1006 33 21 be-

259 1043 103 19 stämmas
377 1041 24 20 sä
416 1041 35 20 väl
466 1041 47 21 med
523 1041 99 27 afseende
633 1042 13 19 å
658 1041 34 21 det
702 1042 34 26 sig
743 1040 126 25 företeende
881 1041 52 20 bild-

259 1075 167 27 ningsbehofvet,
449 1082 44 14 som
515 1075 35 21 ock
569 1075 9 21 i
593 1075 217 27 öfverensstämmelse
831 1075 47 21 med
900 1075 35 21 det

259 1109 72 28 spräk,
347 1115 44 14 som
407 1109 35 20 det
457 1111 59 18 stora
533 1109 99 27 flertalet
655 1109 29 27 af
703 1109 41 20 den
766 1109 168 27 kringliggande

260 1143 87 28 nejdens
363 1143 124 28 befolkning
503 1143 64 26 talar,
582 1151 47 13 men
644 1144 50 20 atti
704 1145 70 19 större
789 1143 74 21 städer
877 1145 56 19 samt

255 1177 42 28 för
319 1177 67 28 öfrigt
408 1177 38 21 der
461 1177 107 21 blandade
590 1177 222 28 spräkförhällanden
827 1177 54 21 råda
897 1177 38 20 och

260 1215 72 18 tvenne
348 1211 95 22 löroverk
457 1212 46 20 visa
513 1212 33 27 sig
556 1219 52 13 vara
619 1211 29 28 af
654 1211 75 27 nöden,
740 1211 72 21 skolor
826 1211 30 27 af
862 1211 72 21 hvart-

259 1247 53 19 dera
327 1246 68 26 slaget
410 1247 64 18 mätte
490 1245 131 27 uppehällas.

326 1280 22 26 3)
364 1281 32 19 att
413 1279 119 27 framdeles
554 1279 172 20 statsunderstöd
743 1279 65 20 måtte
822 1279 74 27 gifvas
911 1279 24 20 åt

255 1315 90 26 privata
369 1313 74 28 lyceer,
459 1313 71 21 hvilka
552 1313 45 21 visa
617 1313 33 27 sig
670 1313 101 28 uppfylla
794 1315 28 19 ett
844 1313 91 28 verkligt

259 1348 68 28 behof.

326 1383 23 28 4)
365 1385 32 19 att
409 1384 62 27 ingen
477 1383 40 27 för
522 1383 132 28 fattigdoms
669 1382 58 21 skull
742 1383 34 20 mä
787 1382 57 27 från
860 1383 25 20 de
900 1381 33 28 of-

254 1418 99 28 fentliga
375 1418 183 21 läroanstalterna
582 1420 131 25 utestängas,
736 1417 38 21 och
797 1420 33 18 att
851 1417 82 22 således

259 1454 71 26 nägon
352 1454 76 26 sträng
451 1453 145 27 begränsning
611 1452 29 27 af
645 1452 149 28 friplatserna
810 1452 44 21 icke
869 1452 64 21 borde

259 1494 39 21 ega
313 1493 55 15 rum.
