<?xml version="1.0" encoding="UTF-8"?>
<alto xmlns="http://www.loc.gov/standards/alto/ns-v3#" xmlns:xlink="http://www.w3.org/1999/xlink" xmlns:xsi="http://www.w3.org/2001/XMLSchema-instance" xsi:schemaLocation="http://www.loc.gov/standards/alto/ns-v3# http://www.loc.gov/alto/v3/alto-3-0.xsd">
	<Description>
		<MeasurementUnit>pixel</MeasurementUnit>
		<sourceImageInformation>
			<fileName>/tmp/tess_q4hdz9kj_input.PNG</fileName>
		</sourceImageInformation>
		<OCRProcessing ID="OCR_0">
			<ocrProcessingStep>
				<processingSoftware>
					<softwareName>tesseract 5.3.4</softwareName>
				</processingSoftware>
			</ocrProcessingStep>
		</OCRProcessing>
	</Description>
	<Layout>
		<Page WIDTH="1048" HEIGHT="1706" PHYSICAL_IMG_NR="0" ID="page_0">
			<PrintSpace HPOS="0" VPOS="0" WIDTH="1048" HEIGHT="1706">
				<ComposedBlock ID="cblock_0" HPOS="255" VPOS="99" WIDTH="395" HEIGHT="25">
					<TextBlock ID="block_0" HPOS="255" VPOS="99" WIDTH="395" HEIGHT="25">
						<TextLine ID="line_0" HPOS="255" VPOS="99" WIDTH="395" HEIGHT="25">
							<String ID="string_0" HPOS="255" VPOS="99" WIDTH="285" HEIGHT="25" WC="0.92" CONTENT="Petitionsbetänkande"/><SP WIDTH="16" VPOS="99" HPOS="540"/>
							<String ID="string_1" HPOS="556" VPOS="100" WIDTH="45" HEIGHT="24" WC="0.96" CONTENT="N:o"/><SP WIDTH="15" VPOS="100" HPOS="601"/>
							<String ID="string_2" HPOS="616" VPOS="100" WIDTH="34" HEIGHT="24" WC="0.96" CONTENT="48."/>
						</TextLine>
					</TextBlock>
				</ComposedBlock>
				<ComposedBlock ID="cblock_1" HPOS="216" VPOS="337" WIDTH="617" HEIGHT="227">
					<TextBlock ID="block_1" HPOS="216" VPOS="337" WIDTH="617" HEIGHT="227">
						<TextLine ID="line_1" HPOS="285" VPOS="337" WIDTH="546" HEIGHT="29">
							<String ID="string_3" HPOS="285" VPOS="340" WIDTH="155" HEIGHT="26" WC="0.91" CONTENT="Lagutskottets"/><SP WIDTH="23" VPOS="340" HPOS="440"/>
							<String ID="string_4" HPOS="463" VPOS="337" WIDTH="131" HEIGHT="25" WC="0.90" CONTENT="betånkande"/><SP WIDTH="22" VPOS="337" HPOS="594"/>
							<String ID="string_5" HPOS="616" VPOS="339" WIDTH="37" HEIGHT="23" WC="0.95" CONTENT="N:o"/><SP WIDTH="25" VPOS="339" HPOS="653"/>
							<String ID="string_6" HPOS="678" VPOS="338" WIDTH="29" HEIGHT="24" WC="0.96" CONTENT="26"/><SP WIDTH="21" VPOS="338" HPOS="707"/>
							<String ID="string_7" HPOS="728" VPOS="339" WIDTH="7" HEIGHT="23" WC="0.93" CONTENT="i"/><SP WIDTH="23" VPOS="339" HPOS="735"/>
							<String ID="string_8" HPOS="758" VPOS="339" WIDTH="73" HEIGHT="23" WC="0.90" CONTENT="anled-"/>
						</TextLine>
						<TextLine ID="line_2" HPOS="217" VPOS="378" WIDTH="616" HEIGHT="29">
							<String ID="string_9" HPOS="217" VPOS="380" WIDTH="50" HEIGHT="26" WC="0.95" CONTENT="ning"/><SP WIDTH="26" VPOS="380" HPOS="267"/>
							<String ID="string_10" HPOS="293" VPOS="380" WIDTH="25" HEIGHT="22" WC="0.96" CONTENT="af"/><SP WIDTH="21" VPOS="380" HPOS="318"/>
							<String ID="string_11" HPOS="339" VPOS="381" WIDTH="29" HEIGHT="21" WC="0.90" CONTENT="ett"/><SP WIDTH="26" VPOS="381" HPOS="368"/>
							<String ID="string_12" HPOS="394" VPOS="380" WIDTH="55" HEIGHT="22" WC="0.92" CONTENT="inom"/><SP WIDTH="21" VPOS="380" HPOS="449"/>
							<String ID="string_13" HPOS="470" VPOS="379" WIDTH="174" HEIGHT="28" WC="0.92" CONTENT="Borgareståndet"/><SP WIDTH="21" VPOS="379" HPOS="644"/>
							<String ID="string_14" HPOS="665" VPOS="378" WIDTH="62" HEIGHT="25" WC="0.87" CONTENT="våckt"/><SP WIDTH="21" VPOS="378" HPOS="727"/>
							<String ID="string_15" HPOS="748" VPOS="378" WIDTH="85" HEIGHT="28" WC="0.96" CONTENT="förslag"/>
						</TextLine>
						<TextLine ID="line_3" HPOS="218" VPOS="419" WIDTH="613" HEIGHT="29">
							<String ID="string_16" HPOS="218" VPOS="420" WIDTH="31" HEIGHT="23" WC="0.93" CONTENT="till"/><SP WIDTH="24" VPOS="420" HPOS="249"/>
							<String ID="string_17" HPOS="273" VPOS="419" WIDTH="131" HEIGHT="28" WC="0.90" CONTENT="underdånig"/><SP WIDTH="22" VPOS="419" HPOS="404"/>
							<String ID="string_18" HPOS="426" VPOS="420" WIDTH="87" HEIGHT="27" WC="0.95" CONTENT="petition"/><SP WIDTH="21" VPOS="420" HPOS="513"/>
							<String ID="string_19" HPOS="534" VPOS="425" WIDTH="33" HEIGHT="18" WC="0.93" CONTENT="om"/><SP WIDTH="17" VPOS="425" HPOS="567"/>
							<String ID="string_20" HPOS="584" VPOS="420" WIDTH="147" HEIGHT="28" WC="0.92" CONTENT="upphäfvande"/><SP WIDTH="17" VPOS="420" HPOS="731"/>
							<String ID="string_21" HPOS="748" VPOS="420" WIDTH="27" HEIGHT="23" WC="0.93" CONTENT="af"/><SP WIDTH="14" VPOS="420" HPOS="775"/>
							<String ID="string_22" HPOS="789" VPOS="419" WIDTH="42" HEIGHT="24" WC="0.93" CONTENT="för-"/>
						</TextLine>
						<TextLine ID="line_4" HPOS="217" VPOS="459" WIDTH="614" HEIGHT="31">
							<String ID="string_23" HPOS="217" VPOS="460" WIDTH="63" HEIGHT="23" WC="0.96" CONTENT="budet"/><SP WIDTH="17" VPOS="460" HPOS="280"/>
							<String ID="string_24" HPOS="297" VPOS="461" WIDTH="7" HEIGHT="22" WC="0.96" CONTENT="i"/><SP WIDTH="18" VPOS="461" HPOS="304"/>
							<String ID="string_25" HPOS="322" VPOS="459" WIDTH="14" HEIGHT="24" WC="0.91" CONTENT="6"/><SP WIDTH="18" VPOS="459" HPOS="336"/>
							<String ID="string_26" HPOS="354" VPOS="460" WIDTH="15" HEIGHT="30" WC="0.90" CONTENT="$"/><SP WIDTH="16" VPOS="460" HPOS="369"/>
							<String ID="string_27" HPOS="385" VPOS="460" WIDTH="14" HEIGHT="23" WC="0.96" CONTENT="9"/><SP WIDTH="18" VPOS="460" HPOS="399"/>
							<String ID="string_28" HPOS="417" VPOS="461" WIDTH="48" HEIGHT="28" WC="0.87" CONTENT="kap,"/><SP WIDTH="19" VPOS="461" HPOS="465"/>
							<String ID="string_29" HPOS="484" VPOS="461" WIDTH="167" HEIGHT="22" WC="0.90" CONTENT="Handelsbalken"/><SP WIDTH="18" VPOS="461" HPOS="651"/>
							<String ID="string_30" HPOS="669" VPOS="461" WIDTH="32" HEIGHT="22" WC="0.95" CONTENT="att"/><SP WIDTH="16" VPOS="461" HPOS="701"/>
							<String ID="string_31" HPOS="717" VPOS="461" WIDTH="50" HEIGHT="27" WC="0.95" CONTENT="taga"/><SP WIDTH="12" VPOS="461" HPOS="767"/>
							<String ID="string_32" HPOS="779" VPOS="461" WIDTH="52" HEIGHT="23" WC="0.96" CONTENT="eller"/>
						</TextLine>
						<TextLine ID="line_5" HPOS="216" VPOS="499" WIDTH="614" HEIGHT="29">
							<String ID="string_33" HPOS="216" VPOS="500" WIDTH="45" HEIGHT="23" WC="0.93" CONTENT="låta"/><SP WIDTH="18" VPOS="500" HPOS="261"/>
							<String ID="string_34" HPOS="279" VPOS="500" WIDTH="114" HEIGHT="25" WC="0.87" CONTENT="förskrifva"/><SP WIDTH="17" VPOS="500" HPOS="393"/>
							<String ID="string_35" HPOS="410" VPOS="501" WIDTH="33" HEIGHT="27" WC="0.96" CONTENT="sig"/><SP WIDTH="17" VPOS="501" HPOS="443"/>
							<String ID="string_36" HPOS="460" VPOS="500" WIDTH="63" HEIGHT="28" WC="0.96" CONTENT="högre"/><SP WIDTH="18" VPOS="500" HPOS="523"/>
							<String ID="string_37" HPOS="541" VPOS="499" WIDTH="68" HEIGHT="28" WC="0.57" CONTENT="ränta,"/><SP WIDTH="18" VPOS="499" HPOS="609"/>
							<String ID="string_38" HPOS="627" VPOS="499" WIDTH="28" HEIGHT="25" WC="0.96" CONTENT="än"/><SP WIDTH="18" VPOS="499" HPOS="655"/>
							<String ID="string_39" HPOS="673" VPOS="507" WIDTH="36" HEIGHT="17" WC="0.96" CONTENT="sex"/><SP WIDTH="18" VPOS="507" HPOS="709"/>
							<String ID="string_40" HPOS="727" VPOS="500" WIDTH="34" HEIGHT="24" WC="0.93" CONTENT="för"/><SP WIDTH="16" VPOS="500" HPOS="761"/>
							<String ID="string_41" HPOS="777" VPOS="501" WIDTH="53" HEIGHT="23" WC="0.91" CONTENT="hun-"/>
						</TextLine>
						<TextLine ID="line_6" HPOS="217" VPOS="540" WIDTH="184" HEIGHT="24">
							<String ID="string_42" HPOS="217" VPOS="541" WIDTH="64" HEIGHT="23" WC="0.90" CONTENT="drade"/><SP WIDTH="17" VPOS="541" HPOS="281"/>
							<String ID="string_43" HPOS="298" VPOS="546" WIDTH="33" HEIGHT="18" WC="0.96" CONTENT="om"/><SP WIDTH="18" VPOS="546" HPOS="331"/>
							<String ID="string_44" HPOS="349" VPOS="540" WIDTH="52" HEIGHT="24" WC="0.96" CONTENT="året."/>
						</TextLine>
					</TextBlock>
				</ComposedBlock>
				<ComposedBlock ID="cblock_2" HPOS="80" VPOS="610" WIDTH="750" HEIGHT="131">
					<TextBlock ID="block_2" HPOS="80" VPOS="610" WIDTH="750" HEIGHT="131">
						<TextLine ID="line_7" HPOS="148" VPOS="610" WIDTH="682" HEIGHT="28">
							<String ID="string_45" HPOS="148" VPOS="610" WIDTH="11" HEIGHT="21" WC="0.93" CONTENT="1"/><SP WIDTH="14" VPOS="610" HPOS="159"/>
							<String ID="string_46" HPOS="173" VPOS="610" WIDTH="198" HEIGHT="27" WC="0.91" CONTENT="protokollsutdrag"/><SP WIDTH="14" VPOS="610" HPOS="371"/>
							<String ID="string_47" HPOS="385" VPOS="610" WIDTH="47" HEIGHT="22" WC="0.93" CONTENT="från"/><SP WIDTH="14" VPOS="610" HPOS="432"/>
							<String ID="string_48" HPOS="446" VPOS="610" WIDTH="183" HEIGHT="27" WC="0.92" CONTENT="Borgareständet"/><SP WIDTH="15" VPOS="610" HPOS="629"/>
							<String ID="string_49" HPOS="644" VPOS="610" WIDTH="22" HEIGHT="21" WC="0.97" CONTENT="af"/><SP WIDTH="14" VPOS="610" HPOS="666"/>
							<String ID="string_50" HPOS="680" VPOS="610" WIDTH="41" HEIGHT="22" WC="0.96" CONTENT="den"/><SP WIDTH="10" VPOS="610" HPOS="721"/>
							<String ID="string_51" HPOS="731" VPOS="612" WIDTH="28" HEIGHT="19" WC="0.93" CONTENT="29"/><SP WIDTH="10" VPOS="612" HPOS="759"/>
							<String ID="string_52" HPOS="769" VPOS="616" WIDTH="61" HEIGHT="22" WC="0.92" CONTENT="nyss-"/>
						</TextLine>
						<TextLine ID="line_8" HPOS="80" VPOS="643" WIDTH="750" HEIGHT="28">
							<String ID="string_53" HPOS="80" VPOS="643" WIDTH="92" HEIGHT="24" WC="0.92" CONTENT="förlidne"/><SP WIDTH="14" VPOS="643" HPOS="172"/>
							<String ID="string_54" HPOS="186" VPOS="645" WIDTH="120" HEIGHT="22" WC="0.95" CONTENT="November"/><SP WIDTH="14" VPOS="645" HPOS="306"/>
							<String ID="string_55" HPOS="320" VPOS="645" WIDTH="40" HEIGHT="21" WC="0.93" CONTENT="har"/><SP WIDTH="14" VPOS="645" HPOS="360"/>
							<String ID="string_56" HPOS="374" VPOS="645" WIDTH="155" HEIGHT="26" WC="0.92" CONTENT="Lagutskottet"/><SP WIDTH="15" VPOS="645" HPOS="529"/>
							<String ID="string_57" HPOS="544" VPOS="645" WIDTH="42" HEIGHT="22" WC="0.95" CONTENT="den"/><SP WIDTH="16" VPOS="645" HPOS="586"/>
							<String ID="string_58" HPOS="602" VPOS="647" WIDTH="10" HEIGHT="19" WC="0.95" CONTENT="1"/><SP WIDTH="17" VPOS="647" HPOS="612"/>
							<String ID="string_59" HPOS="629" VPOS="645" WIDTH="144" HEIGHT="22" WC="0.93" CONTENT="innevarande"/><SP WIDTH="14" VPOS="645" HPOS="773"/>
							<String ID="string_60" HPOS="787" VPOS="645" WIDTH="43" HEIGHT="21" WC="0.91" CONTENT="De-"/>
						</TextLine>
						<TextLine ID="line_9" HPOS="82" VPOS="679" WIDTH="748" HEIGHT="27">
							<String ID="string_61" HPOS="82" VPOS="679" WIDTH="85" HEIGHT="22" WC="0.91" CONTENT="cember"/><SP WIDTH="13" VPOS="679" HPOS="167"/>
							<String ID="string_62" HPOS="180" VPOS="679" WIDTH="42" HEIGHT="22" WC="0.95" CONTENT="fått"/><SP WIDTH="14" VPOS="679" HPOS="222"/>
							<String ID="string_63" HPOS="236" VPOS="679" WIDTH="7" HEIGHT="21" WC="0.96" CONTENT="i"/><SP WIDTH="10" VPOS="679" HPOS="243"/>
							<String ID="string_64" HPOS="253" VPOS="679" WIDTH="100" HEIGHT="22" WC="0.93" CONTENT="afseende"/><SP WIDTH="11" VPOS="679" HPOS="353"/>
							<String ID="string_65" HPOS="364" VPOS="679" WIDTH="13" HEIGHT="22" WC="0.93" CONTENT="å"/><SP WIDTH="8" VPOS="679" HPOS="377"/>
							<String ID="string_66" HPOS="385" VPOS="679" WIDTH="156" HEIGHT="22" WC="0.96" CONTENT="förberedande"/><SP WIDTH="10" VPOS="679" HPOS="541"/>
							<String ID="string_67" HPOS="551" VPOS="679" WIDTH="159" HEIGHT="27" WC="0.93" CONTENT="handläggning"/><SP WIDTH="11" VPOS="679" HPOS="710"/>
							<String ID="string_68" HPOS="721" VPOS="680" WIDTH="109" HEIGHT="26" WC="0.91" CONTENT="emottaga"/>
						</TextLine>
						<TextLine ID="line_10" HPOS="82" VPOS="713" WIDTH="391" HEIGHT="28">
							<String ID="string_69" HPOS="82" VPOS="715" WIDTH="32" HEIGHT="21" WC="0.93" CONTENT="ett"/><SP WIDTH="14" VPOS="715" HPOS="114"/>
							<String ID="string_70" HPOS="128" VPOS="713" WIDTH="189" HEIGHT="28" WC="0.92" CONTENT="petitionsförslag,"/><SP WIDTH="16" VPOS="713" HPOS="317"/>
							<String ID="string_71" HPOS="333" VPOS="713" WIDTH="25" HEIGHT="22" WC="0.96" CONTENT="så"/><SP WIDTH="14" VPOS="713" HPOS="358"/>
							<String ID="string_72" HPOS="372" VPOS="713" WIDTH="101" HEIGHT="28" WC="0.96" CONTENT="lydande:"/>
						</TextLine>
					</TextBlock>
				</ComposedBlock>
				<ComposedBlock ID="cblock_3" HPOS="202" VPOS="771" WIDTH="600" HEIGHT="27">
					<TextBlock ID="block_3" HPOS="202" VPOS="771" WIDTH="600" HEIGHT="27">
						<TextLine ID="line_11" HPOS="202" VPOS="771" WIDTH="600" HEIGHT="27">
							<String ID="string_73" HPOS="202" VPOS="787" WIDTH="8" HEIGHT="9" WC="0.37" CONTENT="n"/><SP WIDTH="6" VPOS="787" HPOS="210"/>
							<String ID="string_74" HPOS="216" VPOS="773" WIDTH="34" HEIGHT="23" WC="0.92" CONTENT="Till"/><SP WIDTH="19" VPOS="773" HPOS="250"/>
							<String ID="string_75" HPOS="269" VPOS="773" WIDTH="95" HEIGHT="24" WC="0.77" CONTENT="Vällofliga"/><SP WIDTH="14" VPOS="773" HPOS="364"/>
							<String ID="string_76" HPOS="378" VPOS="773" WIDTH="160" HEIGHT="25" WC="0.92" CONTENT="Borgareständet"/><SP WIDTH="14" VPOS="773" HPOS="538"/>
							<String ID="string_77" HPOS="552" VPOS="773" WIDTH="31" HEIGHT="18" WC="0.92" CONTENT="vid"/><SP WIDTH="14" VPOS="773" HPOS="583"/>
							<String ID="string_78" HPOS="597" VPOS="773" WIDTH="131" HEIGHT="24" WC="0.90" CONTENT="Landtdagen"/><SP WIDTH="15" VPOS="773" HPOS="728"/>
							<String ID="string_79" HPOS="743" VPOS="771" WIDTH="59" HEIGHT="20" WC="0.96" CONTENT="1877."/>
						</TextLine>
					</TextBlock>
				</ComposedBlock>
				<ComposedBlock ID="cblock_4" HPOS="81" VPOS="811" WIDTH="754" HEIGHT="628">
					<TextBlock ID="block_4" HPOS="81" VPOS="811" WIDTH="750" HEIGHT="137">
						<TextLine ID="line_12" HPOS="148" VPOS="811" WIDTH="681" HEIGHT="27">
							<String ID="string_80" HPOS="148" VPOS="812" WIDTH="67" HEIGHT="21" WC="0.92" CONTENT="Dertill"/><SP WIDTH="20" VPOS="812" HPOS="215"/>
							<String ID="string_81" HPOS="235" VPOS="815" WIDTH="106" HEIGHT="18" WC="0.64" CONTENT="föranledd-"/><SP WIDTH="10" VPOS="815" HPOS="341"/>
							<String ID="string_82" HPOS="351" VPOS="815" WIDTH="21" HEIGHT="17" WC="0.64" CONTENT="af"/><SP WIDTH="18" VPOS="815" HPOS="372"/>
							<String ID="string_83" HPOS="390" VPOS="821" WIDTH="22" HEIGHT="11" WC="0.96" CONTENT="en"/><SP WIDTH="15" VPOS="821" HPOS="412"/>
							<String ID="string_84" HPOS="427" VPOS="815" WIDTH="58" HEIGHT="18" WC="0.93" CONTENT="under"/><SP WIDTH="19" VPOS="815" HPOS="485"/>
							<String ID="string_85" HPOS="504" VPOS="811" WIDTH="120" HEIGHT="27" WC="0.92" CONTENT="Landtdagen"/><SP WIDTH="15" VPOS="811" HPOS="624"/>
							<String ID="string_86" HPOS="639" VPOS="815" WIDTH="84" HEIGHT="18" WC="0.96" CONTENT="inträffad"/><SP WIDTH="14" VPOS="815" HPOS="723"/>
							<String ID="string_87" HPOS="737" VPOS="815" WIDTH="92" HEIGHT="21" WC="0.96" CONTENT="händelse,"/>
						</TextLine>
						<TextLine ID="line_13" HPOS="81" VPOS="843" WIDTH="748" HEIGHT="25">
							<String ID="string_88" HPOS="81" VPOS="844" WIDTH="146" HEIGHT="24" WC="0.91" CONTENT="myntreformen,"/><SP WIDTH="15" VPOS="844" HPOS="227"/>
							<String ID="string_89" HPOS="242" VPOS="844" WIDTH="55" HEIGHT="22" WC="0.93" CONTENT="vägar"/><SP WIDTH="12" VPOS="844" HPOS="297"/>
							<String ID="string_90" HPOS="309" VPOS="844" WIDTH="32" HEIGHT="23" WC="0.96" CONTENT="jag"/><SP WIDTH="15" VPOS="844" HPOS="341"/>
							<String ID="string_91" HPOS="356" VPOS="844" WIDTH="92" HEIGHT="17" WC="0.91" CONTENT="vördsamt"/><SP WIDTH="13" VPOS="844" HPOS="448"/>
							<String ID="string_92" HPOS="461" VPOS="843" WIDTH="67" HEIGHT="18" WC="0.93" CONTENT="föreslä"/><SP WIDTH="14" VPOS="843" HPOS="528"/>
							<String ID="string_93" HPOS="542" VPOS="849" WIDTH="23" HEIGHT="12" WC="0.93" CONTENT="en"/><SP WIDTH="16" VPOS="849" HPOS="565"/>
							<String ID="string_94" HPOS="581" VPOS="843" WIDTH="113" HEIGHT="23" WC="0.89" CONTENT="underdänig"/><SP WIDTH="14" VPOS="843" HPOS="694"/>
							<String ID="string_95" HPOS="708" VPOS="844" WIDTH="80" HEIGHT="23" WC="0.92" CONTENT="petition"/><SP WIDTH="13" VPOS="844" HPOS="788"/>
							<String ID="string_96" HPOS="801" VPOS="844" WIDTH="28" HEIGHT="18" WC="0.96" CONTENT="till"/>
						</TextLine>
						<TextLine ID="line_14" HPOS="82" VPOS="871" WIDTH="748" HEIGHT="26">
							<String ID="string_97" HPOS="82" VPOS="873" WIDTH="23" HEIGHT="18" WC="0.67" CONTENT="E."/><SP WIDTH="15" VPOS="873" HPOS="105"/>
							<String ID="string_98" HPOS="120" VPOS="873" WIDTH="24" HEIGHT="18" WC="0.93" CONTENT="M."/><SP WIDTH="17" VPOS="873" HPOS="144"/>
							<String ID="string_99" HPOS="161" VPOS="873" WIDTH="112" HEIGHT="18" WC="0.78" CONTENT="Storfursten"/><SP WIDTH="14" VPOS="873" HPOS="273"/>
							<String ID="string_100" HPOS="287" VPOS="878" WIDTH="30" HEIGHT="13" WC="0.93" CONTENT="om"/><SP WIDTH="15" VPOS="878" HPOS="317"/>
							<String ID="string_101" HPOS="332" VPOS="872" WIDTH="126" HEIGHT="23" WC="0.82" CONTENT="upphäfvande"/><SP WIDTH="15" VPOS="872" HPOS="458"/>
							<String ID="string_102" HPOS="473" VPOS="873" WIDTH="20" HEIGHT="17" WC="0.96" CONTENT="af"/><SP WIDTH="12" VPOS="873" HPOS="493"/>
							<String ID="string_103" HPOS="505" VPOS="873" WIDTH="31" HEIGHT="17" WC="0.96" CONTENT="det"/><SP WIDTH="14" VPOS="873" HPOS="536"/>
							<String ID="string_104" HPOS="550" VPOS="873" WIDTH="6" HEIGHT="17" WC="0.96" CONTENT="i"/><SP WIDTH="16" VPOS="873" HPOS="556"/>
							<String ID="string_105" HPOS="572" VPOS="871" WIDTH="12" HEIGHT="19" WC="0.96" CONTENT="9"/><SP WIDTH="15" VPOS="871" HPOS="584"/>
							<String ID="string_106" HPOS="599" VPOS="873" WIDTH="42" HEIGHT="24" WC="0.95" CONTENT="kap."/><SP WIDTH="17" VPOS="873" HPOS="641"/>
							<String ID="string_107" HPOS="658" VPOS="871" WIDTH="11" HEIGHT="19" WC="0.93" CONTENT="6"/><SP WIDTH="16" VPOS="871" HPOS="669"/>
							<String ID="string_108" HPOS="685" VPOS="872" WIDTH="9" HEIGHT="22" WC="0.93" CONTENT="$"/><SP WIDTH="15" VPOS="872" HPOS="694"/>
							<String ID="string_109" HPOS="709" VPOS="873" WIDTH="24" HEIGHT="18" WC="0.93" CONTENT="H."/><SP WIDTH="14" VPOS="873" HPOS="733"/>
							<String ID="string_110" HPOS="747" VPOS="873" WIDTH="22" HEIGHT="17" WC="0.92" CONTENT="B."/><SP WIDTH="12" VPOS="873" HPOS="769"/>
							<String ID="string_111" HPOS="781" VPOS="873" WIDTH="49" HEIGHT="18" WC="0.89" CONTENT="stad-"/>
						</TextLine>
						<TextLine ID="line_15" HPOS="82" VPOS="901" WIDTH="749" HEIGHT="24">
							<String ID="string_112" HPOS="82" VPOS="902" WIDTH="47" HEIGHT="23" WC="0.91" CONTENT="gade"/><SP WIDTH="21" VPOS="902" HPOS="129"/>
							<String ID="string_113" HPOS="150" VPOS="901" WIDTH="66" HEIGHT="18" WC="0.91" CONTENT="förbud"/><SP WIDTH="19" VPOS="901" HPOS="216"/>
							<String ID="string_114" HPOS="235" VPOS="904" WIDTH="50" HEIGHT="15" WC="0.96" CONTENT="emot"/><SP WIDTH="14" VPOS="904" HPOS="285"/>
							<String ID="string_115" HPOS="299" VPOS="903" WIDTH="28" HEIGHT="16" WC="0.92" CONTENT="att"/><SP WIDTH="13" VPOS="903" HPOS="327"/>
							<String ID="string_116" HPOS="340" VPOS="903" WIDTH="43" HEIGHT="21" WC="0.93" CONTENT="taga"/><SP WIDTH="14" VPOS="903" HPOS="383"/>
							<String ID="string_117" HPOS="397" VPOS="901" WIDTH="45" HEIGHT="18" WC="0.93" CONTENT="eller"/><SP WIDTH="13" VPOS="901" HPOS="442"/>
							<String ID="string_118" HPOS="455" VPOS="901" WIDTH="38" HEIGHT="18" WC="0.92" CONTENT="läta"/><SP WIDTH="14" VPOS="901" HPOS="493"/>
							<String ID="string_119" HPOS="507" VPOS="901" WIDTH="97" HEIGHT="18" WC="0.92" CONTENT="förskrifva"/><SP WIDTH="18" VPOS="901" HPOS="604"/>
							<String ID="string_120" HPOS="622" VPOS="901" WIDTH="28" HEIGHT="23" WC="0.96" CONTENT="sig"/><SP WIDTH="18" VPOS="901" HPOS="650"/>
							<String ID="string_121" HPOS="668" VPOS="901" WIDTH="56" HEIGHT="23" WC="0.93" CONTENT="högre"/><SP WIDTH="15" VPOS="901" HPOS="724"/>
							<String ID="string_122" HPOS="739" VPOS="903" WIDTH="54" HEIGHT="16" WC="0.92" CONTENT="ränta"/><SP WIDTH="15" VPOS="903" HPOS="793"/>
							<String ID="string_123" HPOS="808" VPOS="903" WIDTH="23" HEIGHT="16" WC="0.96" CONTENT="än"/>
						</TextLine>
						<TextLine ID="line_16" HPOS="83" VPOS="930" WIDTH="284" HEIGHT="18">
							<String ID="string_124" HPOS="83" VPOS="936" WIDTH="31" HEIGHT="12" WC="0.96" CONTENT="sex"/><SP WIDTH="14" VPOS="936" HPOS="114"/>
							<String ID="string_125" HPOS="128" VPOS="931" WIDTH="28" HEIGHT="17" WC="0.93" CONTENT="för"/><SP WIDTH="14" VPOS="931" HPOS="156"/>
							<String ID="string_126" HPOS="170" VPOS="931" WIDTH="93" HEIGHT="17" WC="0.91" CONTENT="hundrade"/><SP WIDTH="14" VPOS="931" HPOS="263"/>
							<String ID="string_127" HPOS="277" VPOS="936" WIDTH="30" HEIGHT="12" WC="0.92" CONTENT="om"/><SP WIDTH="15" VPOS="936" HPOS="307"/>
							<String ID="string_128" HPOS="322" VPOS="930" WIDTH="45" HEIGHT="17" WC="0.90" CONTENT="äret."/>
						</TextLine>
					</TextBlock>
					<TextBlock ID="block_5" HPOS="83" VPOS="956" WIDTH="751" HEIGHT="198">
						<TextLine ID="line_17" HPOS="151" VPOS="956" WIDTH="682" HEIGHT="25">
							<String ID="string_129" HPOS="151" VPOS="959" WIDTH="60" HEIGHT="18" WC="0.93" CONTENT="Sedan"/><SP WIDTH="21" VPOS="959" HPOS="211"/>
							<String ID="string_130" HPOS="232" VPOS="956" WIDTH="43" HEIGHT="21" WC="0.96" CONTENT="vårt"/><SP WIDTH="22" VPOS="956" HPOS="275"/>
							<String ID="string_131" HPOS="297" VPOS="958" WIDTH="42" HEIGHT="18" WC="0.93" CONTENT="land"/><SP WIDTH="22" VPOS="958" HPOS="339"/>
							<String ID="string_132" HPOS="361" VPOS="964" WIDTH="74" HEIGHT="12" WC="0.73" CONTENT="numera"/><SP WIDTH="21" VPOS="964" HPOS="435"/>
							<String ID="string_133" HPOS="456" VPOS="958" WIDTH="29" HEIGHT="18" WC="0.93" CONTENT="till"/><SP WIDTH="18" VPOS="958" HPOS="485"/>
							<String ID="string_134" HPOS="503" VPOS="958" WIDTH="64" HEIGHT="23" WC="0.96" CONTENT="lagligt"/><SP WIDTH="14" VPOS="958" HPOS="567"/>
							<String ID="string_135" HPOS="581" VPOS="958" WIDTH="162" HEIGHT="23" WC="0.96" CONTENT="betalningsmedel"/><SP WIDTH="16" VPOS="958" HPOS="743"/>
							<String ID="string_136" HPOS="759" VPOS="958" WIDTH="74" HEIGHT="18" WC="0.96" CONTENT="erhållit"/>
						</TextLine>
						<TextLine ID="line_18" HPOS="83" VPOS="987" WIDTH="749" HEIGHT="24">
							<String ID="string_137" HPOS="83" VPOS="988" WIDTH="48" HEIGHT="23" WC="0.96" CONTENT="guld,"/><SP WIDTH="15" VPOS="988" HPOS="131"/>
							<String ID="string_138" HPOS="146" VPOS="988" WIDTH="74" HEIGHT="18" WC="0.96" CONTENT="hvilken"/><SP WIDTH="14" VPOS="988" HPOS="220"/>
							<String ID="string_139" HPOS="234" VPOS="988" WIDTH="62" HEIGHT="17" WC="0.96" CONTENT="metall"/><SP WIDTH="15" VPOS="988" HPOS="296"/>
							<String ID="string_140" HPOS="311" VPOS="987" WIDTH="54" HEIGHT="18" WC="0.96" CONTENT="äfven"/><SP WIDTH="14" VPOS="987" HPOS="365"/>
							<String ID="string_141" HPOS="379" VPOS="988" WIDTH="21" HEIGHT="16" WC="0.93" CONTENT="är"/><SP WIDTH="14" VPOS="988" HPOS="400"/>
							<String ID="string_142" HPOS="414" VPOS="987" WIDTH="172" HEIGHT="23" WC="0.90" CONTENT="betalningsmedlet"/><SP WIDTH="13" VPOS="987" HPOS="586"/>
							<String ID="string_143" HPOS="599" VPOS="987" WIDTH="33" HEIGHT="18" WC="0.96" CONTENT="hos"/><SP WIDTH="15" VPOS="987" HPOS="632"/>
							<String ID="string_144" HPOS="647" VPOS="987" WIDTH="22" HEIGHT="18" WC="0.96" CONTENT="de"/><SP WIDTH="14" VPOS="987" HPOS="669"/>
							<String ID="string_145" HPOS="683" VPOS="988" WIDTH="52" HEIGHT="17" WC="0.96" CONTENT="flesta"/><SP WIDTH="14" VPOS="988" HPOS="735"/>
							<String ID="string_146" HPOS="749" VPOS="993" WIDTH="30" HEIGHT="13" WC="0.93" CONTENT="oss"/><SP WIDTH="14" VPOS="993" HPOS="779"/>
							<String ID="string_147" HPOS="793" VPOS="993" WIDTH="39" HEIGHT="13" WC="0.93" CONTENT="om-"/>
						</TextLine>
						<TextLine ID="line_19" HPOS="83" VPOS="1016" WIDTH="747" HEIGHT="24">
							<String ID="string_148" HPOS="83" VPOS="1017" WIDTH="84" HEIGHT="23" WC="0.92" CONTENT="gifvande"/><SP WIDTH="14" VPOS="1017" HPOS="167"/>
							<String ID="string_149" HPOS="181" VPOS="1017" WIDTH="66" HEIGHT="21" WC="0.95" CONTENT="folken,"/><SP WIDTH="19" VPOS="1017" HPOS="247"/>
							<String ID="string_150" HPOS="266" VPOS="1017" WIDTH="41" HEIGHT="17" WC="0.96" CONTENT="med"/><SP WIDTH="14" VPOS="1017" HPOS="307"/>
							<String ID="string_151" HPOS="321" VPOS="1016" WIDTH="61" HEIGHT="18" WC="0.96" CONTENT="hvilka"/><SP WIDTH="14" VPOS="1016" HPOS="382"/>
							<String ID="string_152" HPOS="396" VPOS="1016" WIDTH="19" HEIGHT="17" WC="0.96" CONTENT="vi"/><SP WIDTH="14" VPOS="1016" HPOS="415"/>
							<String ID="string_153" HPOS="429" VPOS="1016" WIDTH="56" HEIGHT="18" WC="0.96" CONTENT="redan"/><SP WIDTH="14" VPOS="1016" HPOS="485"/>
							<String ID="string_154" HPOS="499" VPOS="1016" WIDTH="29" HEIGHT="18" WC="0.96" CONTENT="stå"/><SP WIDTH="14" VPOS="1016" HPOS="528"/>
							<String ID="string_155" HPOS="542" VPOS="1016" WIDTH="6" HEIGHT="17" WC="0.96" CONTENT="i"/><SP WIDTH="16" VPOS="1016" HPOS="548"/>
							<String ID="string_156" HPOS="564" VPOS="1016" WIDTH="100" HEIGHT="23" WC="0.92" CONTENT="betydande"/><SP WIDTH="18" VPOS="1016" HPOS="664"/>
							<String ID="string_157" HPOS="682" VPOS="1016" WIDTH="148" HEIGHT="18" WC="0.89" CONTENT="handelsrelatio-"/>
						</TextLine>
						<TextLine ID="line_20" HPOS="84" VPOS="1044" WIDTH="747" HEIGHT="24">
							<String ID="string_158" HPOS="84" VPOS="1051" WIDTH="38" HEIGHT="17" WC="0.96" CONTENT="ner,"/><SP WIDTH="21" VPOS="1051" HPOS="122"/>
							<String ID="string_159" HPOS="143" VPOS="1046" WIDTH="63" HEIGHT="17" WC="0.95" CONTENT="hvilka"/><SP WIDTH="17" VPOS="1046" HPOS="206"/>
							<String ID="string_160" HPOS="223" VPOS="1051" WIDTH="65" HEIGHT="17" WC="0.96" CONTENT="genom"/><SP WIDTH="19" VPOS="1051" HPOS="288"/>
							<String ID="string_161" HPOS="307" VPOS="1045" WIDTH="78" HEIGHT="17" WC="0.93" CONTENT="nämnda"/><SP WIDTH="15" VPOS="1045" HPOS="385"/>
							<String ID="string_162" HPOS="400" VPOS="1044" WIDTH="187" HEIGHT="23" WC="0.92" CONTENT="lagstiftningsåtgärd"/><SP WIDTH="15" VPOS="1044" HPOS="587"/>
							<String ID="string_163" HPOS="602" VPOS="1046" WIDTH="44" HEIGHT="16" WC="0.93" CONTENT="utan"/><SP WIDTH="15" VPOS="1046" HPOS="646"/>
							<String ID="string_164" HPOS="661" VPOS="1045" WIDTH="62" HEIGHT="17" WC="0.90" CONTENT="tvifvel"/><SP WIDTH="16" VPOS="1045" HPOS="723"/>
							<String ID="string_165" HPOS="739" VPOS="1046" WIDTH="50" HEIGHT="17" WC="0.93" CONTENT="skola"/><SP WIDTH="14" VPOS="1046" HPOS="789"/>
							<String ID="string_166" HPOS="803" VPOS="1047" WIDTH="28" HEIGHT="21" WC="0.91" CONTENT="yt-"/>
						</TextLine>
						<TextLine ID="line_21" HPOS="83" VPOS="1073" WIDTH="749" HEIGHT="24">
							<String ID="string_167" HPOS="83" VPOS="1076" WIDTH="79" HEIGHT="16" WC="0.87" CONTENT="termera"/><SP WIDTH="21" VPOS="1076" HPOS="162"/>
							<String ID="string_168" HPOS="183" VPOS="1074" WIDTH="76" HEIGHT="23" WC="0.87" CONTENT="tilltaga,"/><SP WIDTH="16" VPOS="1074" HPOS="259"/>
							<String ID="string_169" HPOS="275" VPOS="1074" WIDTH="19" HEIGHT="18" WC="0.96" CONTENT="så"/><SP WIDTH="15" VPOS="1074" HPOS="294"/>
							<String ID="string_170" HPOS="309" VPOS="1074" WIDTH="50" HEIGHT="18" WC="0.95" CONTENT="skola"/><SP WIDTH="15" VPOS="1074" HPOS="359"/>
							<String ID="string_171" HPOS="374" VPOS="1073" WIDTH="53" HEIGHT="18" WC="0.93" CONTENT="äfven"/><SP WIDTH="14" VPOS="1073" HPOS="427"/>
							<String ID="string_172" HPOS="441" VPOS="1073" WIDTH="189" HEIGHT="23" WC="0.92" CONTENT="guldströmningarna"/><SP WIDTH="13" VPOS="1073" HPOS="630"/>
							<String ID="string_173" HPOS="643" VPOS="1073" WIDTH="30" HEIGHT="18" WC="0.96" CONTENT="till"/><SP WIDTH="14" VPOS="1073" HPOS="673"/>
							<String ID="string_174" HPOS="687" VPOS="1074" WIDTH="34" HEIGHT="18" WC="0.96" CONTENT="och"/><SP WIDTH="14" VPOS="1074" HPOS="721"/>
							<String ID="string_175" HPOS="735" VPOS="1074" WIDTH="40" HEIGHT="18" WC="0.93" CONTENT="från"/><SP WIDTH="14" VPOS="1074" HPOS="775"/>
							<String ID="string_176" HPOS="789" VPOS="1074" WIDTH="43" HEIGHT="18" WC="0.90" CONTENT="Fin-"/>
						</TextLine>
						<TextLine ID="line_22" HPOS="84" VPOS="1102" WIDTH="750" HEIGHT="23">
							<String ID="string_177" HPOS="84" VPOS="1104" WIDTH="43" HEIGHT="17" WC="0.92" CONTENT="land"/><SP WIDTH="22" VPOS="1104" HPOS="127"/>
							<String ID="string_178" HPOS="149" VPOS="1104" WIDTH="83" HEIGHT="21" WC="0.89" CONTENT="betingas"/><SP WIDTH="19" VPOS="1104" HPOS="232"/>
							<String ID="string_179" HPOS="251" VPOS="1102" WIDTH="19" HEIGHT="18" WC="0.96" CONTENT="af"/><SP WIDTH="13" VPOS="1102" HPOS="270"/>
							<String ID="string_180" HPOS="283" VPOS="1102" WIDTH="94" HEIGHT="18" WC="0.95" CONTENT="enahanda"/><SP WIDTH="18" VPOS="1102" HPOS="377"/>
							<String ID="string_181" HPOS="395" VPOS="1102" WIDTH="74" HEIGHT="18" WC="0.96" CONTENT="orsaker"/><SP WIDTH="15" VPOS="1102" HPOS="469"/>
							<String ID="string_182" HPOS="484" VPOS="1108" WIDTH="38" HEIGHT="12" WC="0.96" CONTENT="som"/><SP WIDTH="14" VPOS="1108" HPOS="522"/>
							<String ID="string_183" HPOS="536" VPOS="1102" WIDTH="7" HEIGHT="17" WC="0.96" CONTENT="i"/><SP WIDTH="15" VPOS="1102" HPOS="543"/>
							<String ID="string_184" HPOS="558" VPOS="1102" WIDTH="22" HEIGHT="18" WC="0.93" CONTENT="de"/><SP WIDTH="15" VPOS="1102" HPOS="580"/>
							<String ID="string_185" HPOS="595" VPOS="1103" WIDTH="55" HEIGHT="17" WC="0.91" CONTENT="audra"/><SP WIDTH="14" VPOS="1103" HPOS="650"/>
							<String ID="string_186" HPOS="664" VPOS="1102" WIDTH="92" HEIGHT="23" WC="0.95" CONTENT="länderna,"/><SP WIDTH="15" VPOS="1102" HPOS="756"/>
							<String ID="string_187" HPOS="771" VPOS="1102" WIDTH="63" HEIGHT="18" WC="0.96" CONTENT="hvilka"/>
						</TextLine>
						<TextLine ID="line_23" HPOS="84" VPOS="1131" WIDTH="413" HEIGHT="23">
							<String ID="string_188" HPOS="84" VPOS="1132" WIDTH="54" HEIGHT="18" WC="0.95" CONTENT="hafva"/><SP WIDTH="14" VPOS="1132" HPOS="138"/>
							<String ID="string_189" HPOS="152" VPOS="1132" WIDTH="44" HEIGHT="22" WC="0.96" CONTENT="guld"/><SP WIDTH="14" VPOS="1132" HPOS="196"/>
							<String ID="string_190" HPOS="210" VPOS="1132" WIDTH="28" HEIGHT="17" WC="0.96" CONTENT="till"/><SP WIDTH="14" VPOS="1132" HPOS="238"/>
							<String ID="string_191" HPOS="252" VPOS="1132" WIDTH="65" HEIGHT="22" WC="0.96" CONTENT="lagligt"/><SP WIDTH="13" VPOS="1132" HPOS="317"/>
							<String ID="string_192" HPOS="330" VPOS="1131" WIDTH="167" HEIGHT="22" WC="0.94" CONTENT="betalningsmedel."/>
						</TextLine>
					</TextBlock>
					<TextBlock ID="block_6" HPOS="84" VPOS="1160" WIDTH="751" HEIGHT="167">
						<TextLine ID="line_24" HPOS="152" VPOS="1160" WIDTH="681" HEIGHT="22">
							<String ID="string_193" HPOS="152" VPOS="1161" WIDTH="64" HEIGHT="18" WC="0.86" CONTENT="Ehuru"/><SP WIDTH="21" VPOS="1161" HPOS="216"/>
							<String ID="string_194" HPOS="237" VPOS="1160" WIDTH="102" HEIGHT="18" WC="0.91" CONTENT="räntefoten"/><SP WIDTH="22" VPOS="1160" HPOS="339"/>
							<String ID="string_195" HPOS="361" VPOS="1160" WIDTH="106" HEIGHT="22" WC="0.95" CONTENT="visserligen"/><SP WIDTH="22" VPOS="1160" HPOS="467"/>
							<String ID="string_196" HPOS="489" VPOS="1160" WIDTH="40" HEIGHT="17" WC="0.96" CONTENT="icke"/><SP WIDTH="22" VPOS="1160" HPOS="529"/>
							<String ID="string_197" HPOS="551" VPOS="1160" WIDTH="21" HEIGHT="16" WC="0.93" CONTENT="är"/><SP WIDTH="18" VPOS="1160" HPOS="572"/>
							<String ID="string_198" HPOS="590" VPOS="1160" WIDTH="135" HEIGHT="22" WC="0.92" CONTENT="grundorsaken"/><SP WIDTH="14" VPOS="1160" HPOS="725"/>
							<String ID="string_199" HPOS="739" VPOS="1160" WIDTH="29" HEIGHT="17" WC="0.93" CONTENT="till"/><SP WIDTH="14" VPOS="1160" HPOS="768"/>
							<String ID="string_200" HPOS="782" VPOS="1160" WIDTH="51" HEIGHT="22" WC="0.93" CONTENT="guld-"/>
						</TextLine>
						<TextLine ID="line_25" HPOS="84" VPOS="1188" WIDTH="751" HEIGHT="22">
							<String ID="string_201" HPOS="84" VPOS="1190" WIDTH="153" HEIGHT="17" WC="0.91" CONTENT="fluktnationerna"/><SP WIDTH="21" VPOS="1190" HPOS="237"/>
							<String ID="string_202" HPOS="258" VPOS="1188" WIDTH="72" HEIGHT="18" WC="0.91" CONTENT="folkena"/><SP WIDTH="19" VPOS="1188" HPOS="330"/>
							<String ID="string_203" HPOS="349" VPOS="1189" WIDTH="82" HEIGHT="21" WC="0.94" CONTENT="emellan,"/><SP WIDTH="20" VPOS="1189" HPOS="431"/>
							<String ID="string_204" HPOS="451" VPOS="1188" WIDTH="20" HEIGHT="18" WC="0.96" CONTENT="så"/><SP WIDTH="14" VPOS="1188" HPOS="471"/>
							<String ID="string_205" HPOS="485" VPOS="1189" WIDTH="20" HEIGHT="16" WC="0.96" CONTENT="är"/><SP WIDTH="14" VPOS="1189" HPOS="505"/>
							<String ID="string_206" HPOS="519" VPOS="1188" WIDTH="36" HEIGHT="17" WC="0.96" CONTENT="den"/><SP WIDTH="15" VPOS="1188" HPOS="555"/>
							<String ID="string_207" HPOS="570" VPOS="1188" WIDTH="46" HEIGHT="17" WC="0.96" CONTENT="dock"/><SP WIDTH="14" VPOS="1188" HPOS="616"/>
							<String ID="string_208" HPOS="630" VPOS="1193" WIDTH="23" HEIGHT="12" WC="0.96" CONTENT="en"/><SP WIDTH="15" VPOS="1193" HPOS="653"/>
							<String ID="string_209" HPOS="668" VPOS="1188" WIDTH="19" HEIGHT="18" WC="0.90" CONTENT="så"/><SP WIDTH="15" VPOS="1188" HPOS="687"/>
							<String ID="string_210" HPOS="702" VPOS="1188" WIDTH="57" HEIGHT="22" WC="0.90" CONTENT="vigtig"/><SP WIDTH="14" VPOS="1188" HPOS="759"/>
							<String ID="string_211" HPOS="773" VPOS="1188" WIDTH="62" HEIGHT="18" WC="0.95" CONTENT="faktor"/>
						</TextLine>
						<TextLine ID="line_26" HPOS="84" VPOS="1216" WIDTH="749" HEIGHT="24">
							<String ID="string_212" HPOS="84" VPOS="1218" WIDTH="32" HEIGHT="18" WC="0.93" CONTENT="vid"/><SP WIDTH="14" VPOS="1218" HPOS="116"/>
							<String ID="string_213" HPOS="130" VPOS="1218" WIDTH="117" HEIGHT="22" WC="0.91" CONTENT="reglerandet"/><SP WIDTH="13" VPOS="1218" HPOS="247"/>
							<String ID="string_214" HPOS="260" VPOS="1217" WIDTH="77" HEIGHT="17" WC="0.93" CONTENT="medelst"/><SP WIDTH="14" VPOS="1217" HPOS="337"/>
							<String ID="string_215" HPOS="351" VPOS="1216" WIDTH="201" HEIGHT="23" WC="0.91" CONTENT="metallförsändningar"/><SP WIDTH="14" VPOS="1216" HPOS="552"/>
							<String ID="string_216" HPOS="566" VPOS="1216" WIDTH="20" HEIGHT="17" WC="0.96" CONTENT="af"/><SP WIDTH="7" VPOS="1216" HPOS="586"/>
							<String ID="string_217" HPOS="593" VPOS="1216" WIDTH="23" HEIGHT="18" WC="0.96" CONTENT="de"/><SP WIDTH="10" VPOS="1216" HPOS="616"/>
							<String ID="string_218" HPOS="626" VPOS="1222" WIDTH="64" HEIGHT="16" WC="0.96" CONTENT="genom"/><SP WIDTH="9" VPOS="1222" HPOS="690"/>
							<String ID="string_219" HPOS="699" VPOS="1216" WIDTH="79" HEIGHT="18" WC="0.93" CONTENT="handeln"/><SP WIDTH="10" VPOS="1216" HPOS="778"/>
							<String ID="string_220" HPOS="788" VPOS="1222" WIDTH="45" HEIGHT="18" WC="0.91" CONTENT="upp-"/>
						</TextLine>
						<TextLine ID="line_27" HPOS="84" VPOS="1245" WIDTH="747" HEIGHT="20">
							<String ID="string_221" HPOS="84" VPOS="1247" WIDTH="108" HEIGHT="18" WC="0.93" CONTENT="kommande"/><SP WIDTH="16" VPOS="1247" HPOS="192"/>
							<String ID="string_222" HPOS="208" VPOS="1246" WIDTH="189" HEIGHT="18" WC="0.91" CONTENT="skuldförhållandena"/><SP WIDTH="20" VPOS="1246" HPOS="397"/>
							<String ID="string_223" HPOS="417" VPOS="1246" WIDTH="77" HEIGHT="16" WC="0.95" CONTENT="emellan"/><SP WIDTH="14" VPOS="1246" HPOS="494"/>
							<String ID="string_224" HPOS="508" VPOS="1245" WIDTH="93" HEIGHT="20" WC="0.96" CONTENT="länderna,"/><SP WIDTH="22" VPOS="1245" HPOS="601"/>
							<String ID="string_225" HPOS="623" VPOS="1246" WIDTH="28" HEIGHT="16" WC="0.96" CONTENT="att"/><SP WIDTH="17" VPOS="1246" HPOS="651"/>
							<String ID="string_226" HPOS="668" VPOS="1246" WIDTH="31" HEIGHT="16" WC="0.96" CONTENT="det"/><SP WIDTH="15" VPOS="1246" HPOS="699"/>
							<String ID="string_227" HPOS="714" VPOS="1245" WIDTH="46" HEIGHT="17" WC="0.95" CONTENT="skall"/><SP WIDTH="15" VPOS="1245" HPOS="760"/>
							<String ID="string_228" HPOS="775" VPOS="1245" WIDTH="56" HEIGHT="18" WC="0.96" CONTENT="blifva"/>
						</TextLine>
						<TextLine ID="line_28" HPOS="85" VPOS="1273" WIDTH="749" HEIGHT="24">
							<String ID="string_229" HPOS="85" VPOS="1276" WIDTH="51" HEIGHT="17" WC="0.96" CONTENT="svårt"/><SP WIDTH="14" VPOS="1276" HPOS="136"/>
							<String ID="string_230" HPOS="150" VPOS="1276" WIDTH="28" HEIGHT="17" WC="0.96" CONTENT="att"/><SP WIDTH="14" VPOS="1276" HPOS="178"/>
							<String ID="string_231" HPOS="192" VPOS="1275" WIDTH="6" HEIGHT="17" WC="0.96" CONTENT="i"/><SP WIDTH="15" VPOS="1275" HPOS="198"/>
							<String ID="string_232" HPOS="213" VPOS="1274" WIDTH="62" HEIGHT="18" WC="0.93" CONTENT="landet"/><SP WIDTH="15" VPOS="1274" HPOS="275"/>
							<String ID="string_233" HPOS="290" VPOS="1274" WIDTH="91" HEIGHT="23" WC="0.92" CONTENT="gvarhälla"/><SP WIDTH="15" VPOS="1274" HPOS="381"/>
							<String ID="string_234" HPOS="396" VPOS="1274" WIDTH="45" HEIGHT="17" WC="0.96" CONTENT="eller"/><SP WIDTH="14" VPOS="1274" HPOS="441"/>
							<String ID="string_235" HPOS="455" VPOS="1274" WIDTH="28" HEIGHT="17" WC="0.93" CONTENT="dit"/><SP WIDTH="13" VPOS="1274" HPOS="483"/>
							<String ID="string_236" HPOS="496" VPOS="1274" WIDTH="75" HEIGHT="22" WC="0.92" CONTENT="indraga"/><SP WIDTH="15" VPOS="1274" HPOS="571"/>
							<String ID="string_237" HPOS="586" VPOS="1273" WIDTH="34" HEIGHT="17" WC="0.96" CONTENT="den"/><SP WIDTH="14" VPOS="1273" HPOS="620"/>
							<String ID="string_238" HPOS="634" VPOS="1273" WIDTH="28" HEIGHT="17" WC="0.93" CONTENT="för"/><SP WIDTH="10" VPOS="1273" HPOS="662"/>
							<String ID="string_239" HPOS="672" VPOS="1274" WIDTH="97" HEIGHT="17" WC="0.93" CONTENT="affärernas"/><SP WIDTH="10" VPOS="1274" HPOS="769"/>
							<String ID="string_240" HPOS="779" VPOS="1274" WIDTH="55" HEIGHT="18" WC="0.88" CONTENT="orub-"/>
						</TextLine>
						<TextLine ID="line_29" HPOS="86" VPOS="1302" WIDTH="678" HEIGHT="25">
							<String ID="string_241" HPOS="86" VPOS="1305" WIDTH="46" HEIGHT="17" WC="0.96" CONTENT="bade"/><SP WIDTH="14" VPOS="1305" HPOS="132"/>
							<String ID="string_242" HPOS="146" VPOS="1305" WIDTH="49" HEIGHT="22" WC="0.96" CONTENT="gång"/><SP WIDTH="14" VPOS="1305" HPOS="195"/>
							<String ID="string_243" HPOS="209" VPOS="1304" WIDTH="66" HEIGHT="22" WC="0.93" CONTENT="nödiga"/><SP WIDTH="14" VPOS="1304" HPOS="275"/>
							<String ID="string_244" HPOS="289" VPOS="1303" WIDTH="158" HEIGHT="23" WC="0.91" CONTENT="guldqvantiteten"/><SP WIDTH="15" VPOS="1303" HPOS="447"/>
							<String ID="string_245" HPOS="462" VPOS="1303" WIDTH="60" HEIGHT="17" WC="0.93" CONTENT="derest"/><SP WIDTH="14" VPOS="1303" HPOS="522"/>
							<String ID="string_246" HPOS="536" VPOS="1302" WIDTH="40" HEIGHT="18" WC="0.96" CONTENT="icke"/><SP WIDTH="14" VPOS="1302" HPOS="576"/>
							<String ID="string_247" HPOS="590" VPOS="1304" WIDTH="65" HEIGHT="16" WC="0.96" CONTENT="räntan"/><SP WIDTH="14" VPOS="1304" HPOS="655"/>
							<String ID="string_248" HPOS="669" VPOS="1304" WIDTH="52" HEIGHT="21" WC="0.96" CONTENT="göres"/><SP WIDTH="15" VPOS="1304" HPOS="721"/>
							<String ID="string_249" HPOS="736" VPOS="1303" WIDTH="28" HEIGHT="17" WC="0.96" CONTENT="fri."/>
						</TextLine>
					</TextBlock>
					<TextBlock ID="block_7" HPOS="85" VPOS="1331" WIDTH="750" HEIGHT="108">
						<TextLine ID="line_30" HPOS="154" VPOS="1331" WIDTH="678" HEIGHT="21">
							<String ID="string_250" HPOS="154" VPOS="1332" WIDTH="88" HEIGHT="17" WC="0.91" CONTENT="Särskildt"/><SP WIDTH="19" VPOS="1332" HPOS="242"/>
							<String ID="string_251" HPOS="261" VPOS="1332" WIDTH="45" HEIGHT="17" WC="0.93" CONTENT="skall"/><SP WIDTH="15" VPOS="1332" HPOS="306"/>
							<String ID="string_252" HPOS="321" VPOS="1332" WIDTH="112" HEIGHT="16" WC="0.91" CONTENT="Ständernas"/><SP WIDTH="14" VPOS="1332" HPOS="433"/>
							<String ID="string_253" HPOS="447" VPOS="1331" WIDTH="54" HEIGHT="20" WC="0.96" CONTENT="bank,"/><SP WIDTH="15" VPOS="1331" HPOS="501"/>
							<String ID="string_254" HPOS="516" VPOS="1337" WIDTH="29" HEIGHT="11" WC="0.96" CONTENT="om"/><SP WIDTH="15" VPOS="1337" HPOS="545"/>
							<String ID="string_255" HPOS="560" VPOS="1331" WIDTH="85" HEIGHT="17" WC="0.95" CONTENT="förbudet"/><SP WIDTH="13" VPOS="1331" HPOS="645"/>
							<String ID="string_256" HPOS="658" VPOS="1331" WIDTH="7" HEIGHT="17" WC="0.93" CONTENT="i"/><SP WIDTH="14" VPOS="1331" HPOS="665"/>
							<String ID="string_257" HPOS="679" VPOS="1331" WIDTH="153" HEIGHT="21" WC="0.92" CONTENT="ofvannämnda"/><SP WIDTH="-11" VPOS="1331" HPOS="832"/>
							<String ID="string_258" HPOS="821" VPOS="1327" WIDTH="16" HEIGHT="29" WC="0.78" CONTENT="&amp;"/>
						</TextLine>
						<TextLine ID="line_31" HPOS="85" VPOS="1358" WIDTH="748" HEIGHT="24">
							<String ID="string_259" HPOS="85" VPOS="1361" WIDTH="21" HEIGHT="17" WC="0.96" CONTENT="af"/><SP WIDTH="11" VPOS="1361" HPOS="106"/>
							<String ID="string_260" HPOS="117" VPOS="1360" WIDTH="25" HEIGHT="18" WC="0.93" CONTENT="H."/><SP WIDTH="15" VPOS="1360" HPOS="142"/>
							<String ID="string_261" HPOS="157" VPOS="1361" WIDTH="23" HEIGHT="17" WC="0.92" CONTENT="B."/><SP WIDTH="15" VPOS="1361" HPOS="180"/>
							<String ID="string_262" HPOS="195" VPOS="1360" WIDTH="105" HEIGHT="20" WC="0.91" CONTENT="bibehälles,"/><SP WIDTH="15" VPOS="1360" HPOS="300"/>
							<String ID="string_263" HPOS="315" VPOS="1360" WIDTH="49" HEIGHT="16" WC="0.96" CONTENT="möta"/><SP WIDTH="15" VPOS="1360" HPOS="364"/>
							<String ID="string_264" HPOS="379" VPOS="1359" WIDTH="102" HEIGHT="22" WC="0.96" CONTENT="synnerliga"/><SP WIDTH="14" VPOS="1359" HPOS="481"/>
							<String ID="string_265" HPOS="495" VPOS="1358" WIDTH="111" HEIGHT="23" WC="0.96" CONTENT="svårigheter"/><SP WIDTH="15" VPOS="1358" HPOS="606"/>
							<String ID="string_266" HPOS="621" VPOS="1360" WIDTH="28" HEIGHT="15" WC="0.96" CONTENT="att"/><SP WIDTH="13" VPOS="1360" HPOS="649"/>
							<String ID="string_267" HPOS="662" VPOS="1358" WIDTH="42" HEIGHT="18" WC="0.92" CONTENT="med"/><SP WIDTH="12" VPOS="1358" HPOS="704"/>
							<String ID="string_268" HPOS="716" VPOS="1359" WIDTH="117" HEIGHT="23" WC="0.96" CONTENT="iakttagande"/>
						</TextLine>
						<TextLine ID="line_32" HPOS="86" VPOS="1386" WIDTH="749" HEIGHT="24">
							<String ID="string_269" HPOS="86" VPOS="1389" WIDTH="19" HEIGHT="17" WC="0.93" CONTENT="af"/><SP WIDTH="19" VPOS="1389" HPOS="105"/>
							<String ID="string_270" HPOS="124" VPOS="1389" WIDTH="22" HEIGHT="17" WC="0.93" CONTENT="do"/><SP WIDTH="22" VPOS="1389" HPOS="146"/>
							<String ID="string_271" HPOS="168" VPOS="1389" WIDTH="28" HEIGHT="17" WC="0.92" CONTENT="för"/><SP WIDTH="22" VPOS="1389" HPOS="196"/>
							<String ID="string_272" HPOS="218" VPOS="1388" WIDTH="103" HEIGHT="18" WC="0.93" CONTENT="densamma"/><SP WIDTH="17" VPOS="1388" HPOS="321"/>
							<String ID="string_273" HPOS="338" VPOS="1387" WIDTH="102" HEIGHT="17" WC="0.96" CONTENT="fastställda"/><SP WIDTH="19" VPOS="1387" HPOS="440"/>
							<String ID="string_274" HPOS="459" VPOS="1387" WIDTH="112" HEIGHT="17" WC="0.96" CONTENT="föreskrifter"/><SP WIDTH="18" VPOS="1387" HPOS="571"/>
							<String ID="string_275" HPOS="589" VPOS="1386" WIDTH="98" HEIGHT="24" WC="0.96" CONTENT="behörigen"/><SP WIDTH="15" VPOS="1386" HPOS="687"/>
							<String ID="string_276" HPOS="702" VPOS="1386" WIDTH="77" HEIGHT="24" WC="0.91" CONTENT="fullgöra"/><SP WIDTH="15" VPOS="1386" HPOS="779"/>
							<String ID="string_277" HPOS="794" VPOS="1387" WIDTH="41" HEIGHT="18" WC="0.96" CONTENT="sina"/>
						</TextLine>
						<TextLine ID="line_33" HPOS="86" VPOS="1416" WIDTH="746" HEIGHT="23">
							<String ID="string_278" HPOS="86" VPOS="1418" WIDTH="109" HEIGHT="18" WC="0.88" CONTENT="funktioner."/><SP WIDTH="30" VPOS="1418" HPOS="195"/>
							<String ID="string_279" HPOS="225" VPOS="1417" WIDTH="71" HEIGHT="18" WC="0.84" CONTENT="Sådana"/><SP WIDTH="15" VPOS="1417" HPOS="296"/>
							<String ID="string_280" HPOS="311" VPOS="1416" WIDTH="110" HEIGHT="23" WC="0.95" CONTENT="svårigheter"/><SP WIDTH="14" VPOS="1416" HPOS="421"/>
							<String ID="string_281" HPOS="435" VPOS="1416" WIDTH="23" HEIGHT="17" WC="0.96" CONTENT="ha"/><SP WIDTH="14" VPOS="1416" HPOS="458"/>
							<String ID="string_282" HPOS="472" VPOS="1416" WIDTH="57" HEIGHT="18" WC="0.93" CONTENT="redan"/><SP WIDTH="14" VPOS="1416" HPOS="529"/>
							<String ID="string_283" HPOS="543" VPOS="1416" WIDTH="68" HEIGHT="22" WC="0.88" CONTENT="begynt"/><SP WIDTH="15" VPOS="1416" HPOS="611"/>
							<String ID="string_284" HPOS="626" VPOS="1416" WIDTH="38" HEIGHT="18" WC="0.96" CONTENT="visa"/><SP WIDTH="15" VPOS="1416" HPOS="664"/>
							<String ID="string_285" HPOS="679" VPOS="1416" WIDTH="28" HEIGHT="23" WC="0.96" CONTENT="sig"/><SP WIDTH="14" VPOS="1416" HPOS="707"/>
							<String ID="string_286" HPOS="721" VPOS="1416" WIDTH="59" HEIGHT="18" WC="0.96" CONTENT="såsom"/><SP WIDTH="10" VPOS="1416" HPOS="780"/>
							<String ID="string_287" HPOS="790" VPOS="1422" WIDTH="42" HEIGHT="12" WC="0.97" CONTENT="man"/>
						</TextLine>
					</TextBlock>
				</ComposedBlock>
				<ComposedBlock ID="cblock_5" HPOS="154" VPOS="1453" WIDTH="358" HEIGHT="28">
					<TextBlock ID="block_8" HPOS="154" VPOS="1453" WIDTH="358" HEIGHT="28">
						<TextLine ID="line_34" HPOS="154" VPOS="1453" WIDTH="358" HEIGHT="28">
							<String ID="string_288" HPOS="154" VPOS="1457" WIDTH="133" HEIGHT="24" WC="0.86" CONTENT="Lagutskottets"/><SP WIDTH="15" VPOS="1457" HPOS="287"/>
							<String ID="string_289" HPOS="302" VPOS="1456" WIDTH="112" HEIGHT="18" WC="0.96" CONTENT="betänkande"/><SP WIDTH="15" VPOS="1456" HPOS="414"/>
							<String ID="string_290" HPOS="429" VPOS="1455" WIDTH="35" HEIGHT="18" WC="0.96" CONTENT="N:o"/><SP WIDTH="15" VPOS="1455" HPOS="464"/>
							<String ID="string_291" HPOS="479" VPOS="1453" WIDTH="33" HEIGHT="22" WC="0.96" CONTENT="26."/>
						</TextLine>
					</TextBlock>
				</ComposedBlock>
				<GraphicalElement ID="cblock_6" HPOS="1041" VPOS="997" WIDTH="7" HEIGHT="454"></GraphicalElement >
				<GraphicalElement ID="cblock_7" HPOS="1038" VPOS="997" WIDTH="10" HEIGHT="624"></GraphicalElement >
			</PrintSpace>
		</Page>
	</Layout>
</alto>
