<?xml version="1.0" encoding="UTF-8"?>
<alto xmlns="http://www.loc.gov/standards/alto/ns-v3#" xmlns:xlink="http://www.w3.org/1999/xlink" xmlns:xsi="http://www.w3.org/2001/XMLSchema-instance" xsi:schemaLocation="http://www.loc.gov/standards/alto/ns-v3# http://www.loc.gov/alto/v3/alto-3-0.xsd">
	<Description>
		<MeasurementUnit>pixel</MeasurementUnit>
		<sourceImageInformation>
			<fileName>/tmp/tess_ug__xf74_input.PNG</fileName>
		</sourceImageInformation>
		<OCRProcessing ID="OCR_0">
			<ocrProcessingStep>
				<processingSoftware>
					<softwareName>tesseract 5.3.4</softwareName>
				</processingSoftware>
			</ocrProcessingStep>
		</OCRProcessing>
	</Description>
	<Layout>
		<Page WIDTH="1048" HEIGHT="1706" PHYSICAL_IMG_NR="0" ID="page_0">
			<PrintSpace HPOS="0" VPOS="0" WIDTH="1048" HEIGHT="1706">
				<ComposedBlock ID="cblock_0" HPOS="266" VPOS="142" WIDTH="549" HEIGHT="25">
					<TextBlock ID="block_0" HPOS="266" VPOS="142" WIDTH="549" HEIGHT="25">
						<TextLine ID="line_0" HPOS="266" VPOS="142" WIDTH="549" HEIGHT="25">
							<String ID="string_0" HPOS="266" VPOS="147" WIDTH="13" HEIGHT="20" WC="0.96" CONTENT="6"/><SP WIDTH="122" VPOS="147" HPOS="279"/>
							<String ID="string_1" HPOS="401" VPOS="142" WIDTH="310" HEIGHT="22" WC="0.90" CONTENT="Petitionsbetänkande"/><SP WIDTH="11" VPOS="142" HPOS="711"/>
							<String ID="string_2" HPOS="722" VPOS="144" WIDTH="47" HEIGHT="18" WC="0.96" CONTENT="N:o"/><SP WIDTH="12" VPOS="144" HPOS="769"/>
							<String ID="string_3" HPOS="781" VPOS="144" WIDTH="34" HEIGHT="18" WC="0.94" CONTENT="47."/>
						</TextLine>
					</TextBlock>
				</ComposedBlock>
				<ComposedBlock ID="cblock_1" HPOS="237" VPOS="210" WIDTH="734" HEIGHT="469">
					<TextBlock ID="block_1" HPOS="237" VPOS="210" WIDTH="734" HEIGHT="469">
						<TextLine ID="line_1" HPOS="238" VPOS="210" WIDTH="731" HEIGHT="28">
							<String ID="string_4" HPOS="238" VPOS="214" WIDTH="37" HEIGHT="21" WC="0.96" CONTENT="der"/><SP WIDTH="26" VPOS="214" HPOS="275"/>
							<String ID="string_5" HPOS="301" VPOS="214" WIDTH="71" HEIGHT="21" WC="0.95" CONTENT="denna"/><SP WIDTH="17" VPOS="214" HPOS="372"/>
							<String ID="string_6" HPOS="389" VPOS="213" WIDTH="123" HEIGHT="21" WC="0.96" CONTENT="diskussion"/><SP WIDTH="14" VPOS="213" HPOS="512"/>
							<String ID="string_7" HPOS="526" VPOS="212" WIDTH="39" HEIGHT="21" WC="0.96" CONTENT="har"/><SP WIDTH="16" VPOS="212" HPOS="565"/>
							<String ID="string_8" HPOS="581" VPOS="212" WIDTH="75" HEIGHT="21" WC="0.96" CONTENT="endast"/><SP WIDTH="15" VPOS="212" HPOS="656"/>
							<String ID="string_9" HPOS="671" VPOS="218" WIDTH="25" HEIGHT="14" WC="0.96" CONTENT="en"/><SP WIDTH="15" VPOS="218" HPOS="696"/>
							<String ID="string_10" HPOS="711" VPOS="211" WIDTH="69" HEIGHT="21" WC="0.92" CONTENT="talare"/><SP WIDTH="14" VPOS="211" HPOS="780"/>
							<String ID="string_11" HPOS="794" VPOS="210" WIDTH="104" HEIGHT="28" WC="0.91" CONTENT="uppträdt"/><SP WIDTH="14" VPOS="210" HPOS="898"/>
							<String ID="string_12" HPOS="912" VPOS="212" WIDTH="57" HEIGHT="20" WC="0.96" CONTENT="emot"/>
						</TextLine>
						<TextLine ID="line_2" HPOS="237" VPOS="244" WIDTH="732" HEIGHT="32">
							<String ID="string_13" HPOS="237" VPOS="248" WIDTH="110" HEIGHT="28" WC="0.96" CONTENT="förslaget,"/><SP WIDTH="22" VPOS="248" HPOS="347"/>
							<String ID="string_14" HPOS="369" VPOS="248" WIDTH="81" HEIGHT="21" WC="0.96" CONTENT="hvilket"/><SP WIDTH="19" VPOS="248" HPOS="450"/>
							<String ID="string_15" HPOS="469" VPOS="247" WIDTH="43" HEIGHT="21" WC="0.96" CONTENT="han"/><SP WIDTH="15" VPOS="247" HPOS="512"/>
							<String ID="string_16" HPOS="527" VPOS="248" WIDTH="71" HEIGHT="19" WC="0.96" CONTENT="ansett"/><SP WIDTH="14" VPOS="248" HPOS="598"/>
							<String ID="string_17" HPOS="612" VPOS="252" WIDTH="52" HEIGHT="14" WC="0.93" CONTENT="vara"/><SP WIDTH="12" VPOS="252" HPOS="664"/>
							<String ID="string_18" HPOS="676" VPOS="245" WIDTH="79" HEIGHT="27" WC="0.91" CONTENT="egnadt"/><SP WIDTH="14" VPOS="245" HPOS="755"/>
							<String ID="string_19" HPOS="769" VPOS="246" WIDTH="32" HEIGHT="20" WC="0.96" CONTENT="att"/><SP WIDTH="14" VPOS="246" HPOS="801"/>
							<String ID="string_20" HPOS="815" VPOS="244" WIDTH="114" HEIGHT="22" WC="0.96" CONTENT="framkalla"/><SP WIDTH="14" VPOS="244" HPOS="929"/>
							<String ID="string_21" HPOS="943" VPOS="251" WIDTH="26" HEIGHT="15" WC="0.96" CONTENT="en"/>
						</TextLine>
						<TextLine ID="line_3" HPOS="238" VPOS="278" WIDTH="731" HEIGHT="31">
							<String ID="string_22" HPOS="238" VPOS="282" WIDTH="137" HEIGHT="21" WC="0.91" CONTENT="brådstörtad"/><SP WIDTH="15" VPOS="282" HPOS="375"/>
							<String ID="string_23" HPOS="390" VPOS="280" WIDTH="82" HEIGHT="29" WC="0.96" CONTENT="åtgärd,"/><SP WIDTH="16" VPOS="280" HPOS="472"/>
							<String ID="string_24" HPOS="488" VPOS="288" WIDTH="47" HEIGHT="14" WC="0.96" CONTENT="som"/><SP WIDTH="14" VPOS="288" HPOS="535"/>
							<String ID="string_25" HPOS="549" VPOS="280" WIDTH="71" HEIGHT="21" WC="0.96" CONTENT="kunde"/><SP WIDTH="15" VPOS="280" HPOS="620"/>
							<String ID="string_26" HPOS="635" VPOS="279" WIDTH="45" HEIGHT="21" WC="0.96" CONTENT="dels"/><SP WIDTH="15" VPOS="279" HPOS="680"/>
							<String ID="string_27" HPOS="695" VPOS="279" WIDTH="110" HEIGHT="21" WC="0.95" CONTENT="motverka"/><SP WIDTH="13" VPOS="279" HPOS="805"/>
							<String ID="string_28" HPOS="818" VPOS="279" WIDTH="38" HEIGHT="21" WC="0.95" CONTENT="sitt"/><SP WIDTH="7" VPOS="279" HPOS="856"/>
							<String ID="string_29" HPOS="863" VPOS="278" WIDTH="106" HEIGHT="26" WC="0.94" CONTENT="ändamål,"/>
						</TextLine>
						<TextLine ID="line_4" HPOS="239" VPOS="312" WIDTH="730" HEIGHT="30">
							<String ID="string_30" HPOS="239" VPOS="316" WIDTH="36" HEIGHT="21" WC="0.96" CONTENT="det"/><SP WIDTH="13" VPOS="316" HPOS="275"/>
							<String ID="string_31" HPOS="288" VPOS="316" WIDTH="138" HEIGHT="21" WC="0.91" CONTENT="kommunala"/><SP WIDTH="14" VPOS="316" HPOS="426"/>
							<String ID="string_32" HPOS="440" VPOS="315" WIDTH="71" HEIGHT="21" WC="0.91" CONTENT="lifvets"/><SP WIDTH="15" VPOS="315" HPOS="511"/>
							<String ID="string_33" HPOS="526" VPOS="314" WIDTH="99" HEIGHT="28" WC="0.96" CONTENT="höjande,"/><SP WIDTH="16" VPOS="314" HPOS="625"/>
							<String ID="string_34" HPOS="641" VPOS="314" WIDTH="39" HEIGHT="21" WC="0.96" CONTENT="och"/><SP WIDTH="16" VPOS="314" HPOS="680"/>
							<String ID="string_35" HPOS="696" VPOS="313" WIDTH="46" HEIGHT="22" WC="0.96" CONTENT="dels"/><SP WIDTH="15" VPOS="313" HPOS="742"/>
							<String ID="string_36" HPOS="757" VPOS="314" WIDTH="52" HEIGHT="26" WC="0.96" CONTENT="göra"/><SP WIDTH="9" VPOS="314" HPOS="809"/>
							<String ID="string_37" HPOS="818" VPOS="313" WIDTH="40" HEIGHT="21" WC="0.93" CONTENT="den"/><SP WIDTH="8" VPOS="313" HPOS="858"/>
							<String ID="string_38" HPOS="866" VPOS="312" WIDTH="103" HEIGHT="28" WC="0.90" CONTENT="föreslag-"/>
						</TextLine>
						<TextLine ID="line_5" HPOS="238" VPOS="347" WIDTH="732" HEIGHT="28">
							<String ID="string_39" HPOS="238" VPOS="357" WIDTH="28" HEIGHT="15" WC="0.95" CONTENT="na"/><SP WIDTH="22" VPOS="357" HPOS="266"/>
							<String ID="string_40" HPOS="288" VPOS="350" WIDTH="156" HEIGHT="25" WC="0.95" CONTENT="institutionen,"/><SP WIDTH="22" VPOS="350" HPOS="444"/>
							<String ID="string_41" HPOS="466" VPOS="349" WIDTH="63" HEIGHT="21" WC="0.95" CONTENT="hvars"/><SP WIDTH="16" VPOS="349" HPOS="529"/>
							<String ID="string_42" HPOS="545" VPOS="348" WIDTH="64" HEIGHT="21" WC="0.96" CONTENT="värde"/><SP WIDTH="17" VPOS="348" HPOS="609"/>
							<String ID="string_43" HPOS="626" VPOS="348" WIDTH="62" HEIGHT="21" WC="0.95" CONTENT="äfven"/><SP WIDTH="15" VPOS="348" HPOS="688"/>
							<String ID="string_44" HPOS="703" VPOS="347" WIDTH="67" HEIGHT="21" WC="0.96" CONTENT="denne"/><SP WIDTH="14" VPOS="347" HPOS="770"/>
							<String ID="string_45" HPOS="784" VPOS="347" WIDTH="68" HEIGHT="21" WC="0.96" CONTENT="talare"/><SP WIDTH="16" VPOS="347" HPOS="852"/>
							<String ID="string_46" HPOS="868" VPOS="347" WIDTH="55" HEIGHT="21" WC="0.93" CONTENT="dock"/><SP WIDTH="15" VPOS="347" HPOS="923"/>
							<String ID="string_47" HPOS="938" VPOS="353" WIDTH="32" HEIGHT="14" WC="0.90" CONTENT="er-"/>
						</TextLine>
						<TextLine ID="line_6" HPOS="239" VPOS="381" WIDTH="731" HEIGHT="31">
							<String ID="string_48" HPOS="239" VPOS="385" WIDTH="59" HEIGHT="26" WC="0.96" CONTENT="känt,"/><SP WIDTH="17" VPOS="385" HPOS="298"/>
							<String ID="string_49" HPOS="315" VPOS="384" WIDTH="123" HEIGHT="28" WC="0.93" CONTENT="impopulär"/><SP WIDTH="14" VPOS="384" HPOS="438"/>
							<String ID="string_50" HPOS="452" VPOS="382" WIDTH="125" HEIGHT="23" WC="0.91" CONTENT="förmedelst"/><SP WIDTH="15" VPOS="382" HPOS="577"/>
							<String ID="string_51" HPOS="592" VPOS="382" WIDTH="25" HEIGHT="21" WC="0.96" CONTENT="de"/><SP WIDTH="15" VPOS="382" HPOS="617"/>
							<String ID="string_52" HPOS="632" VPOS="382" WIDTH="68" HEIGHT="21" WC="0.96" CONTENT="ökade"/><SP WIDTH="15" VPOS="382" HPOS="700"/>
							<String ID="string_53" HPOS="715" VPOS="381" WIDTH="116" HEIGHT="21" WC="0.96" CONTENT="kostnader"/><SP WIDTH="16" VPOS="381" HPOS="831"/>
							<String ID="string_54" HPOS="847" VPOS="381" WIDTH="123" HEIGHT="21" WC="0.95" CONTENT="densamma"/>
						</TextLine>
						<TextLine ID="line_7" HPOS="240" VPOS="416" WIDTH="729" HEIGHT="25">
							<String ID="string_55" HPOS="240" VPOS="418" WIDTH="70" HEIGHT="23" WC="0.96" CONTENT="skulle"/><SP WIDTH="17" VPOS="418" HPOS="310"/>
							<String ID="string_56" HPOS="327" VPOS="418" WIDTH="119" HEIGHT="21" WC="0.93" CONTENT="föranleda."/><SP WIDTH="29" VPOS="418" HPOS="446"/>
							<String ID="string_57" HPOS="475" VPOS="418" WIDTH="101" HEIGHT="20" WC="0.91" CONTENT="Deremot"/><SP WIDTH="16" VPOS="418" HPOS="576"/>
							<String ID="string_58" HPOS="592" VPOS="416" WIDTH="63" HEIGHT="21" WC="0.95" CONTENT="hafva"/><SP WIDTH="15" VPOS="416" HPOS="655"/>
							<String ID="string_59" HPOS="670" VPOS="416" WIDTH="50" HEIGHT="21" WC="0.95" CONTENT="flere"/><SP WIDTH="15" VPOS="416" HPOS="720"/>
							<String ID="string_60" HPOS="735" VPOS="416" WIDTH="68" HEIGHT="21" WC="0.96" CONTENT="talare"/><SP WIDTH="14" VPOS="416" HPOS="803"/>
							<String ID="string_61" HPOS="817" VPOS="418" WIDTH="69" HEIGHT="19" WC="0.92" CONTENT="varmt"/><SP WIDTH="15" VPOS="418" HPOS="886"/>
							<String ID="string_62" HPOS="901" VPOS="416" WIDTH="68" HEIGHT="21" WC="0.91" CONTENT="föror-"/>
						</TextLine>
						<TextLine ID="line_8" HPOS="239" VPOS="449" WIDTH="730" HEIGHT="30">
							<String ID="string_63" HPOS="239" VPOS="453" WIDTH="36" HEIGHT="21" WC="0.93" CONTENT="dat"/><SP WIDTH="18" VPOS="453" HPOS="275"/>
							<String ID="string_64" HPOS="293" VPOS="452" WIDTH="99" HEIGHT="27" WC="0.90" CONTENT="petitions"/><SP WIDTH="8" VPOS="452" HPOS="392"/>
							<String ID="string_65" HPOS="400" VPOS="451" WIDTH="110" HEIGHT="28" WC="0.93" CONTENT="förslaget,"/><SP WIDTH="22" VPOS="451" HPOS="510"/>
							<String ID="string_66" HPOS="532" VPOS="450" WIDTH="162" HEIGHT="26" WC="0.90" CONTENT="framhållande,"/><SP WIDTH="23" VPOS="450" HPOS="694"/>
							<String ID="string_67" HPOS="717" VPOS="449" WIDTH="65" HEIGHT="22" WC="0.96" CONTENT="bland"/><SP WIDTH="16" VPOS="449" HPOS="782"/>
							<String ID="string_68" HPOS="798" VPOS="451" WIDTH="72" HEIGHT="25" WC="0.95" CONTENT="annat,"/><SP WIDTH="16" VPOS="451" HPOS="870"/>
							<String ID="string_69" HPOS="886" VPOS="449" WIDTH="26" HEIGHT="22" WC="0.92" CONTENT="de"/><SP WIDTH="14" VPOS="449" HPOS="912"/>
							<String ID="string_70" HPOS="926" VPOS="449" WIDTH="43" HEIGHT="22" WC="0.92" CONTENT="väl-"/>
						</TextLine>
						<TextLine ID="line_9" HPOS="240" VPOS="483" WIDTH="731" HEIGHT="32">
							<String ID="string_71" HPOS="240" VPOS="487" WIDTH="95" HEIGHT="28" WC="0.91" CONTENT="görande"/><SP WIDTH="14" VPOS="487" HPOS="335"/>
							<String ID="string_72" HPOS="349" VPOS="486" WIDTH="135" HEIGHT="27" WC="0.96" CONTENT="verkningar,"/><SP WIDTH="15" VPOS="486" HPOS="484"/>
							<String ID="string_73" HPOS="499" VPOS="485" WIDTH="72" HEIGHT="21" WC="0.96" CONTENT="hvilka"/><SP WIDTH="14" VPOS="485" HPOS="571"/>
							<String ID="string_74" HPOS="585" VPOS="485" WIDTH="7" HEIGHT="20" WC="0.96" CONTENT="i"/><SP WIDTH="15" VPOS="485" HPOS="592"/>
							<String ID="string_75" HPOS="607" VPOS="485" WIDTH="68" HEIGHT="20" WC="0.96" CONTENT="andra"/><SP WIDTH="14" VPOS="485" HPOS="675"/>
							<String ID="string_76" HPOS="689" VPOS="483" WIDTH="81" HEIGHT="26" WC="0.96" CONTENT="länder,"/><SP WIDTH="17" VPOS="483" HPOS="770"/>
							<String ID="string_77" HPOS="787" VPOS="483" WIDTH="103" HEIGHT="22" WC="0.96" CONTENT="särskildt"/><SP WIDTH="13" VPOS="483" HPOS="890"/>
							<String ID="string_78" HPOS="903" VPOS="484" WIDTH="8" HEIGHT="20" WC="0.92" CONTENT="i"/><SP WIDTH="10" VPOS="484" HPOS="911"/>
							<String ID="string_79" HPOS="921" VPOS="484" WIDTH="50" HEIGHT="21" WC="0.92" CONTENT="Sve-"/>
						</TextLine>
						<TextLine ID="line_10" HPOS="238" VPOS="518" WIDTH="733" HEIGHT="31">
							<String ID="string_80" HPOS="238" VPOS="522" WIDTH="45" HEIGHT="27" WC="0.96" CONTENT="rige"/><SP WIDTH="15" VPOS="522" HPOS="283"/>
							<String ID="string_81" HPOS="298" VPOS="521" WIDTH="40" HEIGHT="21" WC="0.96" CONTENT="och"/><SP WIDTH="14" VPOS="521" HPOS="338"/>
							<String ID="string_82" HPOS="352" VPOS="520" WIDTH="113" HEIGHT="28" WC="0.96" CONTENT="Ryssland,"/><SP WIDTH="15" VPOS="520" HPOS="465"/>
							<String ID="string_83" HPOS="480" VPOS="519" WIDTH="102" HEIGHT="28" WC="0.96" CONTENT="framgått"/><SP WIDTH="14" VPOS="519" HPOS="582"/>
							<String ID="string_84" HPOS="596" VPOS="526" WIDTH="26" HEIGHT="13" WC="0.96" CONTENT="ur"/><SP WIDTH="14" VPOS="526" HPOS="622"/>
							<String ID="string_85" HPOS="636" VPOS="519" WIDTH="154" HEIGHT="25" WC="0.96" CONTENT="institutioner,"/><SP WIDTH="15" VPOS="519" HPOS="790"/>
							<String ID="string_86" HPOS="805" VPOS="518" WIDTH="105" HEIGHT="21" WC="0.96" CONTENT="likartade"/><SP WIDTH="12" VPOS="518" HPOS="910"/>
							<String ID="string_87" HPOS="922" VPOS="518" WIDTH="49" HEIGHT="21" WC="0.96" CONTENT="med"/>
						</TextLine>
						<TextLine ID="line_11" HPOS="239" VPOS="552" WIDTH="732" HEIGHT="29">
							<String ID="string_88" HPOS="239" VPOS="555" WIDTH="40" HEIGHT="22" WC="0.96" CONTENT="den"/><SP WIDTH="22" VPOS="555" HPOS="279"/>
							<String ID="string_89" HPOS="301" VPOS="555" WIDTH="7" HEIGHT="21" WC="0.93" CONTENT="i"/><SP WIDTH="22" VPOS="555" HPOS="308"/>
							<String ID="string_90" HPOS="330" VPOS="553" WIDTH="207" HEIGHT="28" WC="0.91" CONTENT="petitionsförslaget"/><SP WIDTH="22" VPOS="553" HPOS="537"/>
							<String ID="string_91" HPOS="559" VPOS="553" WIDTH="96" HEIGHT="28" WC="0.93" CONTENT="åsyftade"/><SP WIDTH="15" VPOS="553" HPOS="655"/>
							<String ID="string_92" HPOS="670" VPOS="552" WIDTH="245" HEIGHT="28" WC="0.90" CONTENT="länsrepresentationen"/><SP WIDTH="16" VPOS="552" HPOS="915"/>
							<String ID="string_93" HPOS="931" VPOS="553" WIDTH="40" HEIGHT="20" WC="0.95" CONTENT="och"/>
						</TextLine>
						<TextLine ID="line_12" HPOS="239" VPOS="586" WIDTH="732" HEIGHT="28">
							<String ID="string_94" HPOS="239" VPOS="590" WIDTH="91" HEIGHT="21" WC="0.96" CONTENT="likasom"/><SP WIDTH="18" VPOS="590" HPOS="330"/>
							<String ID="string_95" HPOS="348" VPOS="589" WIDTH="70" HEIGHT="20" WC="0.96" CONTENT="denna"/><SP WIDTH="14" VPOS="589" HPOS="418"/>
							<String ID="string_96" HPOS="432" VPOS="588" WIDTH="100" HEIGHT="21" WC="0.95" CONTENT="afseende"/><SP WIDTH="15" VPOS="588" HPOS="532"/>
							<String ID="string_97" HPOS="547" VPOS="589" WIDTH="32" HEIGHT="19" WC="0.96" CONTENT="att"/><SP WIDTH="15" VPOS="589" HPOS="579"/>
							<String ID="string_98" HPOS="594" VPOS="587" WIDTH="148" HEIGHT="21" WC="0.95" CONTENT="åstadkomma"/><SP WIDTH="16" VPOS="587" HPOS="742"/>
							<String ID="string_99" HPOS="758" VPOS="588" WIDTH="30" HEIGHT="20" WC="0.93" CONTENT="ett"/><SP WIDTH="14" VPOS="588" HPOS="788"/>
							<String ID="string_100" HPOS="802" VPOS="586" WIDTH="169" HEIGHT="28" WC="0.88" CONTENT="föreningsband"/>
						</TextLine>
						<TextLine ID="line_13" HPOS="241" VPOS="621" WIDTH="730" HEIGHT="26">
							<String ID="string_101" HPOS="241" VPOS="623" WIDTH="90" HEIGHT="22" WC="0.96" CONTENT="emellan"/><SP WIDTH="18" VPOS="623" HPOS="331"/>
							<String ID="string_102" HPOS="349" VPOS="623" WIDTH="125" HEIGHT="20" WC="0.96" CONTENT="kommuner"/><SP WIDTH="15" VPOS="623" HPOS="474"/>
							<String ID="string_103" HPOS="489" VPOS="622" WIDTH="7" HEIGHT="21" WC="0.96" CONTENT="i"/><SP WIDTH="16" VPOS="622" HPOS="496"/>
							<String ID="string_104" HPOS="512" VPOS="622" WIDTH="80" HEIGHT="21" WC="0.96" CONTENT="sådana"/><SP WIDTH="15" VPOS="622" HPOS="592"/>
							<String ID="string_105" HPOS="607" VPOS="622" WIDTH="68" HEIGHT="20" WC="0.96" CONTENT="större"/><SP WIDTH="19" VPOS="622" HPOS="675"/>
							<String ID="string_106" HPOS="694" VPOS="621" WIDTH="92" HEIGHT="26" WC="0.96" CONTENT="distrikt,"/><SP WIDTH="16" VPOS="621" HPOS="786"/>
							<String ID="string_107" HPOS="802" VPOS="627" WIDTH="46" HEIGHT="15" WC="0.95" CONTENT="som"/><SP WIDTH="15" VPOS="627" HPOS="848"/>
							<String ID="string_108" HPOS="863" VPOS="623" WIDTH="108" HEIGHT="19" WC="0.96" CONTENT="motsvara"/>
						</TextLine>
						<TextLine ID="line_14" HPOS="239" VPOS="656" WIDTH="197" HEIGHT="23">
							<String ID="string_109" HPOS="239" VPOS="657" WIDTH="62" HEIGHT="22" WC="0.96" CONTENT="länen"/><SP WIDTH="15" VPOS="657" HPOS="301"/>
							<String ID="string_110" HPOS="316" VPOS="657" WIDTH="7" HEIGHT="21" WC="0.96" CONTENT="i"/><SP WIDTH="15" VPOS="657" HPOS="323"/>
							<String ID="string_111" HPOS="338" VPOS="656" WIDTH="98" HEIGHT="22" WC="0.93" CONTENT="Finland."/>
						</TextLine>
					</TextBlock>
				</ComposedBlock>
				<ComposedBlock ID="cblock_2" HPOS="237" VPOS="760" WIDTH="736" HEIGHT="781">
					<TextBlock ID="block_2" HPOS="237" VPOS="760" WIDTH="736" HEIGHT="744">
						<TextLine ID="line_15" HPOS="295" VPOS="760" WIDTH="678" HEIGHT="29">
							<String ID="string_112" HPOS="295" VPOS="761" WIDTH="42" HEIGHT="21" WC="0.96" CONTENT="Vid"/><SP WIDTH="24" VPOS="761" HPOS="337"/>
							<String ID="string_113" HPOS="361" VPOS="761" WIDTH="53" HEIGHT="21" WC="0.96" CONTENT="1872"/><SP WIDTH="24" VPOS="761" HPOS="414"/>
							<String ID="string_114" HPOS="438" VPOS="761" WIDTH="35" HEIGHT="21" WC="0.93" CONTENT="års"/><SP WIDTH="23" VPOS="761" HPOS="473"/>
							<String ID="string_115" HPOS="496" VPOS="760" WIDTH="103" HEIGHT="29" WC="0.91" CONTENT="landtdag"/><SP WIDTH="14" VPOS="760" HPOS="599"/>
							<String ID="string_116" HPOS="613" VPOS="760" WIDTH="69" HEIGHT="27" WC="0.93" CONTENT="ingats"/><SP WIDTH="16" VPOS="760" HPOS="682"/>
							<String ID="string_117" HPOS="698" VPOS="760" WIDTH="33" HEIGHT="21" WC="0.93" CONTENT="till"/><SP WIDTH="14" VPOS="760" HPOS="731"/>
							<String ID="string_118" HPOS="745" VPOS="760" WIDTH="183" HEIGHT="29" WC="0.91" CONTENT="Borgareståndet"/><SP WIDTH="15" VPOS="760" HPOS="928"/>
							<String ID="string_119" HPOS="943" VPOS="762" WIDTH="30" HEIGHT="20" WC="0.96" CONTENT="ett"/>
						</TextLine>
						<TextLine ID="line_16" HPOS="239" VPOS="795" WIDTH="733" HEIGHT="28">
							<String ID="string_120" HPOS="239" VPOS="795" WIDTH="81" HEIGHT="28" WC="0.95" CONTENT="förslag"/><SP WIDTH="14" VPOS="795" HPOS="320"/>
							<String ID="string_121" HPOS="334" VPOS="795" WIDTH="34" HEIGHT="21" WC="0.93" CONTENT="till"/><SP WIDTH="14" VPOS="795" HPOS="368"/>
							<String ID="string_122" HPOS="382" VPOS="795" WIDTH="133" HEIGHT="27" WC="0.91" CONTENT="underdånig"/><SP WIDTH="15" VPOS="795" HPOS="515"/>
							<String ID="string_123" HPOS="530" VPOS="795" WIDTH="89" HEIGHT="27" WC="0.96" CONTENT="petition"/><SP WIDTH="16" VPOS="795" HPOS="619"/>
							<String ID="string_124" HPOS="635" VPOS="802" WIDTH="36" HEIGHT="13" WC="0.96" CONTENT="om"/><SP WIDTH="14" VPOS="802" HPOS="671"/>
							<String ID="string_125" HPOS="685" VPOS="795" WIDTH="122" HEIGHT="21" WC="0.95" CONTENT="inrättande"/><SP WIDTH="15" VPOS="795" HPOS="807"/>
							<String ID="string_126" HPOS="822" VPOS="795" WIDTH="24" HEIGHT="22" WC="0.96" CONTENT="af"/><SP WIDTH="12" VPOS="795" HPOS="846"/>
							<String ID="string_127" HPOS="858" VPOS="802" WIDTH="26" HEIGHT="14" WC="0.95" CONTENT="en"/><SP WIDTH="15" VPOS="802" HPOS="884"/>
							<String ID="string_128" HPOS="899" VPOS="795" WIDTH="34" HEIGHT="22" WC="0.96" CONTENT="för"/><SP WIDTH="14" VPOS="795" HPOS="933"/>
							<String ID="string_129" HPOS="947" VPOS="795" WIDTH="25" HEIGHT="21" WC="0.94" CONTENT="de"/>
						</TextLine>
						<TextLine ID="line_17" HPOS="239" VPOS="829" WIDTH="732" HEIGHT="28">
							<String ID="string_130" HPOS="239" VPOS="829" WIDTH="70" HEIGHT="22" WC="0.93" CONTENT="skilda"/><SP WIDTH="14" VPOS="829" HPOS="309"/>
							<String ID="string_131" HPOS="323" VPOS="830" WIDTH="75" HEIGHT="21" WC="0.93" CONTENT="länens"/><SP WIDTH="15" VPOS="830" HPOS="398"/>
							<String ID="string_132" HPOS="413" VPOS="829" WIDTH="7" HEIGHT="21" WC="0.96" CONTENT="i"/><SP WIDTH="15" VPOS="829" HPOS="420"/>
							<String ID="string_133" HPOS="435" VPOS="829" WIDTH="91" HEIGHT="21" WC="0.96" CONTENT="Finland"/><SP WIDTH="14" VPOS="829" HPOS="526"/>
							<String ID="string_134" HPOS="540" VPOS="829" WIDTH="138" HEIGHT="21" WC="0.96" CONTENT="kommunala"/><SP WIDTH="15" VPOS="829" HPOS="678"/>
							<String ID="string_135" HPOS="693" VPOS="829" WIDTH="179" HEIGHT="28" WC="0.96" CONTENT="angelägenheter"/><SP WIDTH="17" VPOS="829" HPOS="872"/>
							<String ID="string_136" HPOS="889" VPOS="829" WIDTH="82" HEIGHT="22" WC="0.96" CONTENT="ordnad"/>
						</TextLine>
						<TextLine ID="line_18" HPOS="239" VPOS="863" WIDTH="733" HEIGHT="28">
							<String ID="string_137" HPOS="239" VPOS="864" WIDTH="109" HEIGHT="27" WC="0.96" CONTENT="periodisk"/><SP WIDTH="22" VPOS="864" HPOS="348"/>
							<String ID="string_138" HPOS="370" VPOS="864" WIDTH="177" HEIGHT="27" WC="0.96" CONTENT="representation."/><SP WIDTH="38" VPOS="864" HPOS="547"/>
							<String ID="string_139" HPOS="585" VPOS="863" WIDTH="114" HEIGHT="21" WC="0.93" CONTENT="Allmänna"/><SP WIDTH="21" VPOS="863" HPOS="699"/>
							<String ID="string_140" HPOS="720" VPOS="863" WIDTH="205" HEIGHT="26" WC="0.90" CONTENT="Besvärsutskottet,"/><SP WIDTH="14" VPOS="863" HPOS="925"/>
							<String ID="string_141" HPOS="939" VPOS="863" WIDTH="33" HEIGHT="21" WC="0.96" CONTENT="till"/>
						</TextLine>
						<TextLine ID="line_19" HPOS="239" VPOS="897" WIDTH="732" HEIGHT="28">
							<String ID="string_142" HPOS="239" VPOS="898" WIDTH="80" HEIGHT="21" WC="0.96" CONTENT="hvilket"/><SP WIDTH="14" VPOS="898" HPOS="319"/>
							<String ID="string_143" HPOS="333" VPOS="898" WIDTH="105" HEIGHT="27" WC="0.93" CONTENT="förslaget"/><SP WIDTH="14" VPOS="898" HPOS="438"/>
							<String ID="string_144" HPOS="452" VPOS="897" WIDTH="109" HEIGHT="26" WC="0.91" CONTENT="hänsköts,"/><SP WIDTH="16" VPOS="897" HPOS="561"/>
							<String ID="string_145" HPOS="577" VPOS="897" WIDTH="93" HEIGHT="22" WC="0.96" CONTENT="erkände"/><SP WIDTH="15" VPOS="897" HPOS="670"/>
							<String ID="string_146" HPOS="685" VPOS="904" WIDTH="25" HEIGHT="14" WC="0.96" CONTENT="en"/><SP WIDTH="16" VPOS="904" HPOS="710"/>
							<String ID="string_147" HPOS="726" VPOS="897" WIDTH="66" HEIGHT="22" WC="0.95" CONTENT="sådan"/><SP WIDTH="11" VPOS="897" HPOS="792"/>
							<String ID="string_148" HPOS="803" VPOS="897" WIDTH="123" HEIGHT="22" WC="0.93" CONTENT="institution"/><SP WIDTH="11" VPOS="897" HPOS="926"/>
							<String ID="string_149" HPOS="937" VPOS="905" WIDTH="34" HEIGHT="14" WC="0.89" CONTENT="va-"/>
						</TextLine>
						<TextLine ID="line_20" HPOS="238" VPOS="931" WIDTH="734" HEIGHT="29">
							<String ID="string_150" HPOS="238" VPOS="938" WIDTH="25" HEIGHT="14" WC="0.88" CONTENT="va"/><SP WIDTH="24" VPOS="938" HPOS="263"/>
							<String ID="string_151" HPOS="287" VPOS="932" WIDTH="23" HEIGHT="20" WC="0.94" CONTENT="af"/><SP WIDTH="17" VPOS="932" HPOS="310"/>
							<String ID="string_152" HPOS="327" VPOS="934" WIDTH="45" HEIGHT="18" WC="0.96" CONTENT="stor"/><SP WIDTH="16" VPOS="934" HPOS="372"/>
							<String ID="string_153" HPOS="388" VPOS="931" WIDTH="108" HEIGHT="29" WC="0.96" CONTENT="betydelse"/><SP WIDTH="14" VPOS="931" HPOS="496"/>
							<String ID="string_154" HPOS="510" VPOS="931" WIDTH="34" HEIGHT="21" WC="0.96" CONTENT="för"/><SP WIDTH="14" VPOS="931" HPOS="544"/>
							<String ID="string_155" HPOS="558" VPOS="932" WIDTH="47" HEIGHT="20" WC="0.96" CONTENT="vårt"/><SP WIDTH="17" VPOS="932" HPOS="605"/>
							<String ID="string_156" HPOS="622" VPOS="931" WIDTH="56" HEIGHT="21" WC="0.96" CONTENT="folks"/><SP WIDTH="16" VPOS="931" HPOS="678"/>
							<String ID="string_157" HPOS="694" VPOS="931" WIDTH="58" HEIGHT="21" WC="0.96" CONTENT="såväl"/><SP WIDTH="14" VPOS="931" HPOS="752"/>
							<String ID="string_158" HPOS="766" VPOS="932" WIDTH="87" HEIGHT="27" WC="0.96" CONTENT="andliga"/><SP WIDTH="14" VPOS="932" HPOS="853"/>
							<String ID="string_159" HPOS="867" VPOS="939" WIDTH="47" HEIGHT="14" WC="0.93" CONTENT="som"/><SP WIDTH="14" VPOS="939" HPOS="914"/>
							<String ID="string_160" HPOS="928" VPOS="939" WIDTH="44" HEIGHT="13" WC="0.93" CONTENT="ma-"/>
						</TextLine>
						<TextLine ID="line_21" HPOS="237" VPOS="966" WIDTH="734" HEIGHT="27">
							<String ID="string_161" HPOS="237" VPOS="966" WIDTH="76" HEIGHT="22" WC="0.91" CONTENT="teriela"/><SP WIDTH="15" VPOS="966" HPOS="313"/>
							<String ID="string_162" HPOS="328" VPOS="966" WIDTH="199" HEIGHT="21" WC="0.95" CONTENT="framåtskridande."/><SP WIDTH="30" VPOS="966" HPOS="527"/>
							<String ID="string_163" HPOS="557" VPOS="967" WIDTH="37" HEIGHT="20" WC="0.96" CONTENT="Att"/><SP WIDTH="23" VPOS="967" HPOS="594"/>
							<String ID="string_164" HPOS="617" VPOS="966" WIDTH="40" HEIGHT="21" WC="0.96" CONTENT="den"/><SP WIDTH="19" VPOS="966" HPOS="657"/>
							<String ID="string_165" HPOS="676" VPOS="966" WIDTH="6" HEIGHT="20" WC="0.96" CONTENT="i"/><SP WIDTH="20" VPOS="966" HPOS="682"/>
							<String ID="string_166" HPOS="702" VPOS="966" WIDTH="94" HEIGHT="27" WC="0.96" CONTENT="Sverige,"/><SP WIDTH="17" VPOS="966" HPOS="796"/>
							<String ID="string_167" HPOS="813" VPOS="966" WIDTH="67" HEIGHT="21" WC="0.96" CONTENT="under"/><SP WIDTH="16" VPOS="966" HPOS="880"/>
							<String ID="string_168" HPOS="896" VPOS="966" WIDTH="25" HEIGHT="21" WC="0.94" CONTENT="de"/><SP WIDTH="15" VPOS="966" HPOS="921"/>
							<String ID="string_169" HPOS="936" VPOS="966" WIDTH="35" HEIGHT="21" WC="0.96" CONTENT="nio"/>
						</TextLine>
						<TextLine ID="line_22" HPOS="239" VPOS="1000" WIDTH="734" HEIGHT="28">
							<String ID="string_170" HPOS="239" VPOS="1002" WIDTH="24" HEIGHT="19" WC="0.96" CONTENT="år"/><SP WIDTH="21" VPOS="1002" HPOS="263"/>
							<String ID="string_171" HPOS="284" VPOS="1000" WIDTH="40" HEIGHT="21" WC="0.96" CONTENT="den"/><SP WIDTH="25" VPOS="1000" HPOS="324"/>
							<String ID="string_172" HPOS="349" VPOS="1000" WIDTH="28" HEIGHT="21" WC="0.96" CONTENT="då"/><SP WIDTH="16" VPOS="1000" HPOS="377"/>
							<String ID="string_173" HPOS="393" VPOS="1000" WIDTH="67" HEIGHT="21" WC="0.96" CONTENT="redan"/><SP WIDTH="14" VPOS="1000" HPOS="460"/>
							<String ID="string_174" HPOS="474" VPOS="1000" WIDTH="56" HEIGHT="21" WC="0.95" CONTENT="varit"/><SP WIDTH="14" VPOS="1000" HPOS="530"/>
							<String ID="string_175" HPOS="544" VPOS="1000" WIDTH="7" HEIGHT="20" WC="0.96" CONTENT="i"/><SP WIDTH="14" VPOS="1000" HPOS="551"/>
							<String ID="string_176" HPOS="565" VPOS="1000" WIDTH="141" HEIGHT="26" WC="0.96" CONTENT="verksamhet,"/><SP WIDTH="26" VPOS="1000" HPOS="706"/>
							<String ID="string_177" HPOS="732" VPOS="1000" WIDTH="138" HEIGHT="28" WC="0.96" CONTENT="fördelaktigt"/><SP WIDTH="14" VPOS="1000" HPOS="870"/>
							<String ID="string_178" HPOS="884" VPOS="1000" WIDTH="89" HEIGHT="28" WC="0.96" CONTENT="ingripit"/>
						</TextLine>
						<TextLine ID="line_23" HPOS="239" VPOS="1034" WIDTH="734" HEIGHT="28">
							<String ID="string_179" HPOS="239" VPOS="1035" WIDTH="8" HEIGHT="20" WC="0.93" CONTENT="i"/><SP WIDTH="15" VPOS="1035" HPOS="247"/>
							<String ID="string_180" HPOS="262" VPOS="1034" WIDTH="135" HEIGHT="28" WC="0.92" CONTENT="reglerandet"/><SP WIDTH="29" VPOS="1034" HPOS="397"/>
							<String ID="string_181" HPOS="426" VPOS="1034" WIDTH="23" HEIGHT="22" WC="0.87" CONTENT="af"/><SP WIDTH="26" VPOS="1034" HPOS="449"/>
							<String ID="string_182" HPOS="475" VPOS="1034" WIDTH="141" HEIGHT="22" WC="0.87" CONTENT="helsovärden"/><SP WIDTH="30" VPOS="1034" HPOS="616"/>
							<String ID="string_183" HPOS="646" VPOS="1035" WIDTH="40" HEIGHT="21" WC="0.92" CONTENT="och"/><SP WIDTH="20" VPOS="1035" HPOS="686"/>
							<String ID="string_184" HPOS="706" VPOS="1034" WIDTH="267" HEIGHT="28" WC="0.92" CONTENT="undervisningsväsendet"/>
						</TextLine>
						<TextLine ID="line_24" HPOS="240" VPOS="1068" WIDTH="732" HEIGHT="28">
							<String ID="string_185" HPOS="240" VPOS="1070" WIDTH="56" HEIGHT="20" WC="0.93" CONTENT="samt"/><SP WIDTH="21" VPOS="1070" HPOS="296"/>
							<String ID="string_186" HPOS="317" VPOS="1068" WIDTH="111" HEIGHT="22" WC="0.59" CONTENT="befordrat"/><SP WIDTH="22" VPOS="1068" HPOS="428"/>
							<String ID="string_187" HPOS="450" VPOS="1069" WIDTH="220" HEIGHT="21" WC="0.92" CONTENT="kommunikationers"/><SP WIDTH="19" VPOS="1069" HPOS="670"/>
							<String ID="string_188" HPOS="689" VPOS="1069" WIDTH="40" HEIGHT="21" WC="0.93" CONTENT="och"/><SP WIDTH="15" VPOS="1069" HPOS="729"/>
							<String ID="string_189" HPOS="744" VPOS="1069" WIDTH="112" HEIGHT="27" WC="0.92" CONTENT="näringars"/><SP WIDTH="18" VPOS="1069" HPOS="856"/>
							<String ID="string_190" HPOS="874" VPOS="1068" WIDTH="98" HEIGHT="28" WC="0.92" CONTENT="upphjel-"/>
						</TextLine>
						<TextLine ID="line_25" HPOS="239" VPOS="1102" WIDTH="734" HEIGHT="28">
							<String ID="string_191" HPOS="239" VPOS="1102" WIDTH="77" HEIGHT="28" WC="0.92" CONTENT="pande,"/><SP WIDTH="23" VPOS="1102" HPOS="316"/>
							<String ID="string_192" HPOS="339" VPOS="1102" WIDTH="73" HEIGHT="22" WC="0.91" CONTENT="talade"/><SP WIDTH="18" VPOS="1102" HPOS="412"/>
							<String ID="string_193" HPOS="430" VPOS="1103" WIDTH="124" HEIGHT="27" WC="0.96" CONTENT="ytterligare"/><SP WIDTH="15" VPOS="1103" HPOS="554"/>
							<String ID="string_194" HPOS="569" VPOS="1102" WIDTH="33" HEIGHT="22" WC="0.93" CONTENT="till"/><SP WIDTH="15" VPOS="1102" HPOS="602"/>
							<String ID="string_195" HPOS="617" VPOS="1103" WIDTH="129" HEIGHT="27" WC="0.91" CONTENT="petitionens"/><SP WIDTH="15" VPOS="1103" HPOS="746"/>
							<String ID="string_196" HPOS="761" VPOS="1102" WIDTH="89" HEIGHT="22" WC="0.90" CONTENT="förmän."/><SP WIDTH="31" VPOS="1102" HPOS="850"/>
							<String ID="string_197" HPOS="881" VPOS="1103" WIDTH="49" HEIGHT="21" WC="0.96" CONTENT="Men"/><SP WIDTH="17" VPOS="1103" HPOS="930"/>
							<String ID="string_198" HPOS="947" VPOS="1102" WIDTH="26" HEIGHT="21" WC="0.96" CONTENT="dä"/>
						</TextLine>
						<TextLine ID="line_26" HPOS="240" VPOS="1136" WIDTH="733" HEIGHT="27">
							<String ID="string_199" HPOS="240" VPOS="1137" WIDTH="36" HEIGHT="21" WC="0.94" CONTENT="det"/><SP WIDTH="22" VPOS="1137" HPOS="276"/>
							<String ID="string_200" HPOS="298" VPOS="1136" WIDTH="138" HEIGHT="21" WC="0.95" CONTENT="kommunala"/><SP WIDTH="24" VPOS="1136" HPOS="436"/>
							<String ID="string_201" HPOS="460" VPOS="1137" WIDTH="40" HEIGHT="21" WC="0.93" CONTENT="och"/><SP WIDTH="14" VPOS="1137" HPOS="500"/>
							<String ID="string_202" HPOS="514" VPOS="1136" WIDTH="103" HEIGHT="27" WC="0.92" CONTENT="politiska"/><SP WIDTH="13" VPOS="1136" HPOS="617"/>
							<String ID="string_203" HPOS="630" VPOS="1136" WIDTH="61" HEIGHT="22" WC="0.92" CONTENT="lifvet"/><SP WIDTH="14" VPOS="1136" HPOS="691"/>
							<String ID="string_204" HPOS="705" VPOS="1137" WIDTH="39" HEIGHT="21" WC="0.96" CONTENT="hos"/><SP WIDTH="16" VPOS="1137" HPOS="744"/>
							<String ID="string_205" HPOS="760" VPOS="1144" WIDTH="35" HEIGHT="14" WC="0.96" CONTENT="oss"/><SP WIDTH="17" VPOS="1144" HPOS="795"/>
							<String ID="string_206" HPOS="812" VPOS="1138" WIDTH="58" HEIGHT="19" WC="0.93" CONTENT="ännu"/><SP WIDTH="13" VPOS="1138" HPOS="870"/>
							<String ID="string_207" HPOS="883" VPOS="1143" WIDTH="51" HEIGHT="14" WC="0.91" CONTENT="vore"/><SP WIDTH="15" VPOS="1143" HPOS="934"/>
							<String ID="string_208" HPOS="949" VPOS="1136" WIDTH="24" HEIGHT="21" WC="0.95" CONTENT="sä"/>
						</TextLine>
						<TextLine ID="line_27" HPOS="240" VPOS="1170" WIDTH="733" HEIGHT="28">
							<String ID="string_209" HPOS="240" VPOS="1171" WIDTH="63" HEIGHT="27" WC="0.92" CONTENT="ringa"/><SP WIDTH="22" VPOS="1171" HPOS="303"/>
							<String ID="string_210" HPOS="325" VPOS="1170" WIDTH="129" HEIGHT="25" WC="0.92" CONTENT="utveckladt,"/><SP WIDTH="26" VPOS="1170" HPOS="454"/>
							<String ID="string_211" HPOS="480" VPOS="1171" WIDTH="67" HEIGHT="26" WC="0.92" CONTENT="ansäg"/><SP WIDTH="18" VPOS="1171" HPOS="547"/>
							<String ID="string_212" HPOS="565" VPOS="1170" WIDTH="62" HEIGHT="22" WC="0.92" CONTENT="Allm."/><SP WIDTH="17" VPOS="1170" HPOS="627"/>
							<String ID="string_213" HPOS="644" VPOS="1170" WIDTH="198" HEIGHT="22" WC="0.92" CONTENT="Besvärsutskottet"/><SP WIDTH="16" VPOS="1170" HPOS="842"/>
							<String ID="string_214" HPOS="858" VPOS="1170" WIDTH="36" HEIGHT="22" WC="0.93" CONTENT="det"/><SP WIDTH="14" VPOS="1170" HPOS="894"/>
							<String ID="string_215" HPOS="908" VPOS="1170" WIDTH="65" HEIGHT="21" WC="0.93" CONTENT="likväl"/>
						</TextLine>
						<TextLine ID="line_28" HPOS="241" VPOS="1204" WIDTH="732" HEIGHT="29">
							<String ID="string_216" HPOS="241" VPOS="1204" WIDTH="73" HEIGHT="21" WC="0.95" CONTENT="kunna"/><SP WIDTH="24" VPOS="1204" HPOS="314"/>
							<String ID="string_217" HPOS="338" VPOS="1204" WIDTH="7" HEIGHT="20" WC="0.93" CONTENT="i"/><SP WIDTH="22" VPOS="1204" HPOS="345"/>
							<String ID="string_218" HPOS="367" VPOS="1204" WIDTH="61" HEIGHT="27" WC="0.92" CONTENT="fräga"/><SP WIDTH="16" VPOS="1204" HPOS="428"/>
							<String ID="string_219" HPOS="444" VPOS="1205" WIDTH="74" HEIGHT="25" WC="0.93" CONTENT="sättas,"/><SP WIDTH="16" VPOS="1205" HPOS="518"/>
							<String ID="string_220" HPOS="534" VPOS="1204" WIDTH="105" HEIGHT="22" WC="0.96" CONTENT="huruvida"/><SP WIDTH="16" VPOS="1204" HPOS="639"/>
							<String ID="string_221" HPOS="655" VPOS="1212" WIDTH="25" HEIGHT="14" WC="0.93" CONTENT="en"/><SP WIDTH="16" VPOS="1212" HPOS="680"/>
							<String ID="string_222" HPOS="696" VPOS="1204" WIDTH="58" HEIGHT="29" WC="0.92" CONTENT="dylik"/><SP WIDTH="14" VPOS="1204" HPOS="754"/>
							<String ID="string_223" HPOS="768" VPOS="1205" WIDTH="110" HEIGHT="26" WC="0.93" CONTENT="periodisk"/><SP WIDTH="14" VPOS="1205" HPOS="878"/>
							<String ID="string_224" HPOS="892" VPOS="1205" WIDTH="81" HEIGHT="21" WC="0.93" CONTENT="länsre-"/>
						</TextLine>
						<TextLine ID="line_29" HPOS="241" VPOS="1238" WIDTH="732" HEIGHT="28">
							<String ID="string_225" HPOS="241" VPOS="1239" WIDTH="146" HEIGHT="26" WC="0.96" CONTENT="presentation"/><SP WIDTH="23" VPOS="1239" HPOS="387"/>
							<String ID="string_226" HPOS="410" VPOS="1238" WIDTH="28" HEIGHT="21" WC="0.96" CONTENT="dä"/><SP WIDTH="22" VPOS="1238" HPOS="438"/>
							<String ID="string_227" HPOS="460" VPOS="1238" WIDTH="34" HEIGHT="22" WC="0.96" CONTENT="för"/><SP WIDTH="22" VPOS="1238" HPOS="494"/>
							<String ID="string_228" HPOS="516" VPOS="1238" WIDTH="58" HEIGHT="21" WC="0.96" CONTENT="tiden"/><SP WIDTH="22" VPOS="1238" HPOS="574"/>
							<String ID="string_229" HPOS="596" VPOS="1239" WIDTH="71" HEIGHT="20" WC="0.96" CONTENT="skulle"/><SP WIDTH="18" VPOS="1239" HPOS="667"/>
							<String ID="string_230" HPOS="685" VPOS="1239" WIDTH="39" HEIGHT="20" WC="0.96" CONTENT="hos"/><SP WIDTH="17" VPOS="1239" HPOS="724"/>
							<String ID="string_231" HPOS="741" VPOS="1245" WIDTH="34" HEIGHT="15" WC="0.93" CONTENT="oss"/><SP WIDTH="16" VPOS="1245" HPOS="775"/>
							<String ID="string_232" HPOS="791" VPOS="1239" WIDTH="97" HEIGHT="20" WC="0.92" CONTENT="medföra"/><SP WIDTH="14" VPOS="1239" HPOS="888"/>
							<String ID="string_233" HPOS="902" VPOS="1240" WIDTH="71" HEIGHT="26" WC="0.92" CONTENT="nägon"/>
						</TextLine>
						<TextLine ID="line_30" HPOS="240" VPOS="1270" WIDTH="733" HEIGHT="28">
							<String ID="string_234" HPOS="240" VPOS="1271" WIDTH="82" HEIGHT="27" WC="0.96" CONTENT="verklig"/><SP WIDTH="14" VPOS="1271" HPOS="322"/>
							<String ID="string_235" HPOS="336" VPOS="1272" WIDTH="61" HEIGHT="26" WC="0.96" CONTENT="nytta"/><SP WIDTH="15" VPOS="1272" HPOS="397"/>
							<String ID="string_236" HPOS="412" VPOS="1270" WIDTH="52" HEIGHT="22" WC="0.96" CONTENT="eller"/><SP WIDTH="14" VPOS="1270" HPOS="464"/>
							<String ID="string_237" HPOS="478" VPOS="1273" WIDTH="109" HEIGHT="19" WC="0.96" CONTENT="motsvara"/><SP WIDTH="15" VPOS="1273" HPOS="587"/>
							<String ID="string_238" HPOS="602" VPOS="1271" WIDTH="36" HEIGHT="20" WC="0.93" CONTENT="det"/><SP WIDTH="9" VPOS="1271" HPOS="638"/>
							<String ID="string_239" HPOS="647" VPOS="1271" WIDTH="87" HEIGHT="21" WC="0.93" CONTENT="dermed"/><SP WIDTH="9" VPOS="1271" HPOS="734"/>
							<String ID="string_240" HPOS="743" VPOS="1271" WIDTH="89" HEIGHT="21" WC="0.92" CONTENT="afsedda"/><SP WIDTH="13" VPOS="1271" HPOS="832"/>
							<String ID="string_241" HPOS="845" VPOS="1272" WIDTH="128" HEIGHT="21" WC="0.96" CONTENT="ändamålet."/>
						</TextLine>
						<TextLine ID="line_31" HPOS="240" VPOS="1304" WIDTH="733" HEIGHT="28">
							<String ID="string_242" HPOS="240" VPOS="1304" WIDTH="80" HEIGHT="28" WC="0.93" CONTENT="Hvarje"/><SP WIDTH="18" VPOS="1304" HPOS="320"/>
							<String ID="string_243" HPOS="338" VPOS="1311" WIDTH="28" HEIGHT="21" WC="0.96" CONTENT="ny"/><SP WIDTH="19" VPOS="1311" HPOS="366"/>
							<String ID="string_244" HPOS="385" VPOS="1304" WIDTH="41" HEIGHT="28" WC="0.93" CONTENT="lag,"/><SP WIDTH="16" VPOS="1304" HPOS="426"/>
							<String ID="string_245" HPOS="442" VPOS="1304" WIDTH="85" HEIGHT="28" WC="0.92" CONTENT="yttrade"/><SP WIDTH="15" VPOS="1304" HPOS="527"/>
							<String ID="string_246" HPOS="542" VPOS="1304" WIDTH="115" HEIGHT="26" WC="0.92" CONTENT="Utskottet,"/><SP WIDTH="17" VPOS="1304" HPOS="657"/>
							<String ID="string_247" HPOS="674" VPOS="1312" WIDTH="46" HEIGHT="14" WC="0.93" CONTENT="som"/><SP WIDTH="14" VPOS="1312" HPOS="720"/>
							<String ID="string_248" HPOS="734" VPOS="1305" WIDTH="47" HEIGHT="21" WC="0.89" CONTENT="icke"/><SP WIDTH="15" VPOS="1305" HPOS="781"/>
							<String ID="string_249" HPOS="796" VPOS="1305" WIDTH="40" HEIGHT="21" WC="0.96" CONTENT="har"/><SP WIDTH="15" VPOS="1305" HPOS="836"/>
							<String ID="string_250" HPOS="851" VPOS="1305" WIDTH="37" HEIGHT="21" WC="0.96" CONTENT="sitt"/><SP WIDTH="15" VPOS="1305" HPOS="888"/>
							<String ID="string_251" HPOS="903" VPOS="1306" WIDTH="49" HEIGHT="21" WC="0.88" CONTENT="stöd"/><SP WIDTH="15" VPOS="1306" HPOS="952"/>
							<String ID="string_252" HPOS="967" VPOS="1306" WIDTH="6" HEIGHT="21" WC="0.88" CONTENT="i"/>
						</TextLine>
						<TextLine ID="line_32" HPOS="241" VPOS="1338" WIDTH="732" HEIGHT="30">
							<String ID="string_253" HPOS="241" VPOS="1338" WIDTH="77" HEIGHT="22" WC="0.96" CONTENT="folkets"/><SP WIDTH="15" VPOS="1338" HPOS="318"/>
							<String ID="string_254" HPOS="333" VPOS="1338" WIDTH="110" HEIGHT="22" WC="0.93" CONTENT="allmänna"/><SP WIDTH="14" VPOS="1338" HPOS="443"/>
							<String ID="string_255" HPOS="457" VPOS="1339" WIDTH="194" HEIGHT="21" WC="0.92" CONTENT="rättsmedvetande"/><SP WIDTH="16" VPOS="1339" HPOS="651"/>
							<String ID="string_256" HPOS="667" VPOS="1340" WIDTH="39" HEIGHT="21" WC="0.93" CONTENT="och"/><SP WIDTH="16" VPOS="1340" HPOS="706"/>
							<String ID="string_257" HPOS="722" VPOS="1339" WIDTH="134" HEIGHT="29" WC="0.88" CONTENT="följaktligen"/><SP WIDTH="14" VPOS="1339" HPOS="856"/>
							<String ID="string_258" HPOS="870" VPOS="1340" WIDTH="47" HEIGHT="22" WC="0.93" CONTENT="icke"/><SP WIDTH="12" VPOS="1340" HPOS="917"/>
							<String ID="string_259" HPOS="929" VPOS="1340" WIDTH="44" HEIGHT="22" WC="0.92" CONTENT="hel-"/>
						</TextLine>
						<TextLine ID="line_33" HPOS="241" VPOS="1373" WIDTH="732" HEIGHT="29">
							<String ID="string_260" HPOS="241" VPOS="1374" WIDTH="32" HEIGHT="22" WC="0.90" CONTENT="ler"/><SP WIDTH="13" VPOS="1374" HPOS="273"/>
							<String ID="string_261" HPOS="286" VPOS="1373" WIDTH="168" HEIGHT="22" WC="0.87" CONTENT="tillfredsställer"/><SP WIDTH="14" VPOS="1373" HPOS="454"/>
							<String ID="string_262" HPOS="468" VPOS="1376" WIDTH="31" HEIGHT="19" WC="0.93" CONTENT="ett"/><SP WIDTH="14" VPOS="1376" HPOS="499"/>
							<String ID="string_263" HPOS="513" VPOS="1374" WIDTH="91" HEIGHT="28" WC="0.92" CONTENT="verkligt"/><SP WIDTH="15" VPOS="1374" HPOS="604"/>
							<String ID="string_264" HPOS="619" VPOS="1374" WIDTH="40" HEIGHT="21" WC="0.93" CONTENT="och"/><SP WIDTH="12" VPOS="1374" HPOS="659"/>
							<String ID="string_265" HPOS="671" VPOS="1374" WIDTH="90" HEIGHT="22" WC="0.92" CONTENT="erkändt"/><SP WIDTH="8" VPOS="1374" HPOS="761"/>
							<String ID="string_266" HPOS="769" VPOS="1374" WIDTH="71" HEIGHT="26" WC="0.91" CONTENT="behof,"/><SP WIDTH="11" VPOS="1374" HPOS="840"/>
							<String ID="string_267" HPOS="851" VPOS="1374" WIDTH="77" HEIGHT="22" WC="0.93" CONTENT="blifver"/><SP WIDTH="9" VPOS="1374" HPOS="928"/>
							<String ID="string_268" HPOS="937" VPOS="1382" WIDTH="36" HEIGHT="15" WC="0.92" CONTENT="en-"/>
						</TextLine>
						<TextLine ID="line_34" HPOS="243" VPOS="1408" WIDTH="730" HEIGHT="29">
							<String ID="string_269" HPOS="243" VPOS="1410" WIDTH="48" HEIGHT="20" WC="0.91" CONTENT="dast"/><SP WIDTH="22" VPOS="1410" HPOS="291"/>
							<String ID="string_270" HPOS="313" VPOS="1416" WIDTH="25" HEIGHT="14" WC="0.93" CONTENT="en"/><SP WIDTH="15" VPOS="1416" HPOS="338"/>
							<String ID="string_271" HPOS="353" VPOS="1408" WIDTH="167" HEIGHT="28" WC="0.91" CONTENT="drifhusplanta,"/><SP WIDTH="15" VPOS="1408" HPOS="520"/>
							<String ID="string_272" HPOS="535" VPOS="1416" WIDTH="46" HEIGHT="14" WC="0.96" CONTENT="som"/><SP WIDTH="15" VPOS="1416" HPOS="581"/>
							<String ID="string_273" HPOS="596" VPOS="1408" WIDTH="48" HEIGHT="22" WC="0.93" CONTENT="med"/><SP WIDTH="17" VPOS="1408" HPOS="644"/>
							<String ID="string_274" HPOS="661" VPOS="1409" WIDTH="114" HEIGHT="28" WC="0.92" CONTENT="svärighet,"/><SP WIDTH="16" VPOS="1409" HPOS="775"/>
							<String ID="string_275" HPOS="791" VPOS="1416" WIDTH="35" HEIGHT="14" WC="0.96" CONTENT="om"/><SP WIDTH="15" VPOS="1416" HPOS="826"/>
							<String ID="string_276" HPOS="841" VPOS="1416" WIDTH="37" HEIGHT="14" WC="0.93" CONTENT="ens"/><SP WIDTH="15" VPOS="1416" HPOS="878"/>
							<String ID="string_277" HPOS="893" VPOS="1410" WIDTH="80" HEIGHT="27" WC="0.91" CONTENT="nägon-"/>
						</TextLine>
						<TextLine ID="line_35" HPOS="241" VPOS="1443" WIDTH="732" HEIGHT="29">
							<String ID="string_278" HPOS="241" VPOS="1444" WIDTH="33" HEIGHT="21" WC="0.96" CONTENT="sin"/><SP WIDTH="15" VPOS="1444" HPOS="274"/>
							<String ID="string_279" HPOS="289" VPOS="1444" WIDTH="42" HEIGHT="21" WC="0.93" CONTENT="kan"/><SP WIDTH="14" VPOS="1444" HPOS="331"/>
							<String ID="string_280" HPOS="345" VPOS="1444" WIDTH="23" HEIGHT="21" WC="0.92" CONTENT="fä"/><SP WIDTH="14" VPOS="1444" HPOS="368"/>
							<String ID="string_281" HPOS="382" VPOS="1443" WIDTH="62" HEIGHT="22" WC="0.93" CONTENT="fäste."/><SP WIDTH="31" VPOS="1443" HPOS="444"/>
							<String ID="string_282" HPOS="475" VPOS="1444" WIDTH="41" HEIGHT="21" WC="0.93" CONTENT="Det"/><SP WIDTH="15" VPOS="1444" HPOS="516"/>
							<String ID="string_283" HPOS="531" VPOS="1450" WIDTH="50" HEIGHT="15" WC="0.91" CONTENT="vore"/><SP WIDTH="16" VPOS="1450" HPOS="581"/>
							<String ID="string_284" HPOS="597" VPOS="1443" WIDTH="83" HEIGHT="22" WC="0.92" CONTENT="derföre"/><SP WIDTH="16" VPOS="1443" HPOS="680"/>
							<String ID="string_285" HPOS="696" VPOS="1446" WIDTH="32" HEIGHT="19" WC="0.93" CONTENT="att"/><SP WIDTH="14" VPOS="1446" HPOS="728"/>
							<String ID="string_286" HPOS="742" VPOS="1444" WIDTH="81" HEIGHT="26" WC="0.92" CONTENT="befara,"/><SP WIDTH="14" VPOS="1444" HPOS="823"/>
							<String ID="string_287" HPOS="837" VPOS="1446" WIDTH="33" HEIGHT="19" WC="0.96" CONTENT="att"/><SP WIDTH="11" VPOS="1446" HPOS="870"/>
							<String ID="string_288" HPOS="881" VPOS="1444" WIDTH="40" HEIGHT="21" WC="0.96" CONTENT="den"/><SP WIDTH="11" VPOS="1444" HPOS="921"/>
							<String ID="string_289" HPOS="932" VPOS="1452" WIDTH="41" HEIGHT="20" WC="0.96" CONTENT="nya"/>
						</TextLine>
						<TextLine ID="line_36" HPOS="240" VPOS="1477" WIDTH="731" HEIGHT="27">
							<String ID="string_290" HPOS="240" VPOS="1478" WIDTH="156" HEIGHT="25" WC="0.96" CONTENT="institutionen,"/><SP WIDTH="16" VPOS="1478" HPOS="396"/>
							<String ID="string_291" HPOS="412" VPOS="1478" WIDTH="6" HEIGHT="20" WC="0.93" CONTENT="i"/><SP WIDTH="15" VPOS="1478" HPOS="418"/>
							<String ID="string_292" HPOS="433" VPOS="1477" WIDTH="102" HEIGHT="22" WC="0.92" CONTENT="händelse"/><SP WIDTH="15" VPOS="1477" HPOS="535"/>
							<String ID="string_293" HPOS="550" VPOS="1477" WIDTH="48" HEIGHT="22" WC="0.96" CONTENT="dess"/><SP WIDTH="11" VPOS="1477" HPOS="598"/>
							<String ID="string_294" HPOS="609" VPOS="1477" WIDTH="119" HEIGHT="27" WC="0.93" CONTENT="införande,"/><SP WIDTH="11" VPOS="1477" HPOS="728"/>
							<String ID="string_295" HPOS="739" VPOS="1479" WIDTH="71" HEIGHT="20" WC="0.92" CONTENT="säsom"/><SP WIDTH="8" VPOS="1479" HPOS="810"/>
							<String ID="string_296" HPOS="818" VPOS="1478" WIDTH="109" HEIGHT="21" WC="0.92" CONTENT="sannolikt"/><SP WIDTH="9" VPOS="1478" HPOS="927"/>
							<String ID="string_297" HPOS="936" VPOS="1485" WIDTH="35" HEIGHT="14" WC="0.92" CONTENT="vo-"/>
						</TextLine>
					</TextBlock>
					<TextBlock ID="block_3" HPOS="311" VPOS="1517" WIDTH="358" HEIGHT="24">
						<TextLine ID="line_37" HPOS="311" VPOS="1517" WIDTH="358" HEIGHT="24">
							<String ID="string_298" HPOS="311" VPOS="1518" WIDTH="139" HEIGHT="23" WC="0.91" CONTENT="Lagutskottets"/><SP WIDTH="14" VPOS="1518" HPOS="450"/>
							<String ID="string_299" HPOS="464" VPOS="1517" WIDTH="116" HEIGHT="19" WC="0.92" CONTENT="betänkande"/><SP WIDTH="13" VPOS="1517" HPOS="580"/>
							<String ID="string_300" HPOS="593" VPOS="1518" WIDTH="34" HEIGHT="18" WC="0.96" CONTENT="N:o"/><SP WIDTH="11" VPOS="1518" HPOS="627"/>
							<String ID="string_301" HPOS="638" VPOS="1519" WIDTH="31" HEIGHT="18" WC="0.96" CONTENT="20."/>
						</TextLine>
					</TextBlock>
				</ComposedBlock>
			</PrintSpace>
		</Page>
	</Layout>
</alto>
