1064 1709
268 140 309 20 Petitionsbetänkande
587 142 49 17 N:o
649 141 41 19 26.
807 144 23 20 11

101 217 74 21 -garne
190 211 72 21 kunde
278 211 94 21 erhällas
387 211 49 21 frän
451 211 26 21 de
493 211 87 26 lokaler,
596 211 74 21 hvilka
680 212 37 20 äro
728 210 91 22 afsedda
829 211 35 21 för

107 245 134 21 Ständernas
260 245 71 21 behof.
361 245 40 21 Att
421 247 32 19 ett
469 245 24 21 sä
507 245 85 27 mycket
607 251 149 21 gynsammare
770 245 94 21 resultat

108 279 44 21 kan
167 280 93 20 erhällas
276 280 68 26 enligt
359 280 69 20 denna
443 280 169 26 byggnadsplan,
629 286 46 14 som
691 279 55 21 dock
761 279 103 21 omfattar

108 314 44 21 alla
168 313 73 27 Ständ,
258 316 27 19 än
303 314 67 27 enligt
386 314 36 21 det
437 314 59 21 förra
511 314 144 26 alternativet,
676 320 45 14 som
737 314 127 26 tillgodoser

108 348 182 28 hufvudsakligen
306 349 78 21 endast
398 350 34 20 tre
449 348 78 22 Ständs
543 348 70 26 behof,
624 348 103 27 härflyter
737 348 35 21 väl
782 348 7 21 i
800 348 64 21 främ-

107 384 38 20 sta
163 385 93 19 rummet
275 383 23 21 af
312 383 161 27 statsbidraget,
490 390 46 14 som
551 383 7 21 i
574 383 60 21 detta
649 382 37 22 fall
702 382 84 22 komme
802 382 62 21 Stän-

109 418 68 21 derna
191 418 34 21 till
240 418 62 27 godo,
318 425 49 15 men
382 418 63 22 äfven
460 418 7 21 i
483 418 70 27 nägon
568 424 50 15 mon
633 418 63 20 deraf
708 419 33 19 att
751 417 113 21 riddarhu-

109 454 34 20 set
158 452 100 27 uppförts
273 453 69 21 under
356 459 150 21 gynsammare
521 452 149 22 förhällanden
686 452 40 21 och
740 452 72 20 derför
822 452 42 20 kan

108 486 95 22 erhällas
217 486 34 22 för
267 488 32 20 ett
311 487 172 27 jemnförelsevis
499 487 98 27 billigare
608 486 52 27 pris,
672 486 87 21 hvarför
770 486 37 21 det
816 486 48 20 icke

108 520 69 22 heller
187 521 62 21 torde
265 522 72 20 kunna
352 528 63 14 anses
435 522 85 26 obilligt
535 533 27 3 —
578 521 24 21 sä
617 520 65 22 framt
696 526 50 15 man
761 520 7 21 i
784 526 26 15 en
826 520 38 20 sak

109 561 47 15 som
176 555 70 21 denna
264 556 38 21 vill
320 558 54 24 göra
392 558 31 19 ett
439 556 69 26 dylikt
523 555 178 22 betraktelsesätt
715 554 106 27 gällande,
837 566 27 3 —

109 591 33 19 att
160 590 160 27 Ridderskapet
337 590 40 21 och
395 590 70 22 Adeln
481 591 6 20 i
504 590 131 21 Ständernas
651 595 158 21 gemensamma
824 589 40 21 hus

108 624 86 22 komme
222 626 33 20 att
274 625 115 27 disponera
408 624 62 22 äfven
489 625 78 21 mellan
585 624 157 27 landtdagarne
760 623 59 21 öfver
839 629 26 15 en

110 660 71 20 större
196 659 58 21 lokal
270 661 27 19 än
312 659 147 21 medständen.

181 694 35 20 Då
233 694 108 21 utskottet
360 694 91 21 sålunda
467 694 75 21 vunnit
557 694 41 21 den
614 692 144 28 öfvertygelse
773 694 33 19 att
820 692 45 21 frä-

110 734 43 21 gan
168 734 34 15 om
219 730 31 19 ett
265 730 133 25 gemensamt
414 729 129 21 ständerhus
558 728 29 27 pä
602 728 60 21 detta
678 729 44 19 sätt
736 727 63 27 finge,
815 726 49 21 med

110 762 172 26 tillgodoseende
301 762 23 21 af
340 762 56 21 hvad
415 763 212 26 representationens
645 762 114 26 värdighet
775 761 39 21 och
828 761 37 21 be-

110 796 132 27 gvämlighet
256 796 92 27 fordrar,
365 803 26 15 en
407 803 45 15 mer
468 796 125 22 ekonomisk
605 796 38 21 och
654 796 49 21 med
714 796 26 20 de
753 795 59 27 gifna
822 795 44 21 för-

111 830 131 22 hällandena
256 837 46 15 mer
318 831 233 21 öfverensstämmande
566 831 86 26 lösning
667 832 27 19 än
710 830 28 27 pä
752 830 66 27 nägot
829 835 37 15 an-

111 867 39 19 nat
166 867 50 25 sätt,
235 866 33 21 fär
286 866 114 26 utskottet,
420 866 68 21 under
503 866 156 26 förutsättning
674 867 33 19 att
722 865 40 21 den
778 864 88 21 Kronan

109 900 113 27 tillhöriga
237 903 82 19 tomten
334 901 7 21 i
358 902 109 26 gvarteret
483 900 102 22 Servalen
600 900 42 21 kan
656 900 34 21 för
701 899 123 21 ändamälet
833 905 33 15 er-

85 951 2 3 .
110 934 77 27 hållas,
203 935 111 21 vördsamt
330 935 90 22 föreslå:

316 972 33 18 att
369 970 84 20 landets
472 970 117 27 höglofliga
606 968 94 22 Ständer
715 969 49 20 ville
775 968 43 27 för
832 968 34 21 sin

247 1004 34 21 del
304 1004 82 21 besluta
409 1006 32 19 att
457 1004 70 21 inlösa
545 1003 142 22 riddarhuset
702 1004 32 26 på
750 1003 25 21 de
790 1002 75 26 vilkor,

249 1038 170 28 Ridderskapets
441 1038 38 22 och
501 1038 83 22 Adelns
607 1038 40 21 den
667 1039 14 19 4
696 1037 68 28 April
778 1038 9 20 i
801 1037 66 21 saken

243 1073 91 27 fattade
350 1073 68 21 beslut
433 1073 126 25 innehåller,
575 1072 38 22 och
629 1075 33 18 att
677 1072 97 27 uppföra
784 1072 9 20 i
803 1078 64 22 qvar-

250 1110 51 19 teret
322 1108 101 21 Servalen
439 1114 52 14 norr
506 1114 33 14 om
554 1107 142 21 riddarhuset
713 1113 25 14 en
756 1113 29 21 ny
801 1106 66 28 bygg-

249 1143 51 24 nad,
327 1142 152 21 innehållande
503 1142 62 21 såväl
586 1142 124 27 plenisalar
730 1140 42 28 för
791 1141 25 20 de
836 1143 32 18 tre

248 1177 84 27 ofrälse
347 1177 97 25 stånden,
460 1184 45 14 som
519 1176 112 21 särskilda
646 1176 72 20 andra
734 1174 81 22 lokaler
826 1174 42 28 för

250 1211 134 21 Ständernas
399 1218 156 20 gemensamma
571 1210 74 27 behof;

318 1248 33 19 att
368 1245 123 21 Ständerna
506 1245 49 21 ville
561 1244 42 28 för
615 1243 172 29 ifrågavarande
798 1243 70 21 ända-

250 1281 44 21 mål
309 1281 77 21 anvisa
400 1287 26 13 en
441 1286 83 15 summa
539 1280 30 27 af
581 1279 96 25 805,000
692 1278 73 26 mark;
780 1280 57 18 samt

320 1318 33 18 att
369 1314 162 22 Statsutskottet
546 1314 65 21 måtte
626 1313 104 21 anmodas
742 1314 32 19 att
780 1312 88 27 föreslå

250 1349 57 20 huru
330 1349 70 20 denna
419 1348 173 27 anslagssumma
611 1347 58 20 skall
683 1346 120 26 anskaffas,
821 1346 48 20 med

250 1383 90 21 erinran
363 1382 72 20 derom
457 1384 33 18 att
513 1382 141 20 lösesumman
669 1380 41 26 för
728 1379 141 21 riddarhuset

250 1417 44 21 kan
309 1417 85 21 innestå
406 1416 32 28 på
453 1418 44 19 sätt
512 1416 9 20 i
530 1422 61 15 mom.
603 1414 22 28 b)
637 1414 30 28 af
674 1414 143 28 nyssberörda
828 1413 42 21 vil-

250 1452 40 22 kor
304 1452 145 28 omförmäles.

184 1493 199 17 Ständerhusutskottets
395 1492 112 18 betänkande.
