1050 1706
322 167 78 22 Ständ.
417 167 102 23 Petition
534 167 39 22 N:o
588 169 38 21 29.

328 469 132 25 Finlands
488 470 139 25 Ständers
655 468 193 33 underdåniga

237 510 128 32 petition,
393 508 114 33 angående
534 510 162 30 inskränkning
720 511 6 23 i
746 510 102 24 handlan-

238 550 38 24 des
294 551 45 23 rätt
359 552 31 22 att
410 550 94 31 försälja
522 551 61 25 vissa
596 551 61 31 slags
671 550 161 31 spritdrycker.

174 623 209 28 Stormäktigste,
398 623 196 29 Allernådigste
609 624 108 28 Kejsare
732 624 46 22 och

401 664 157 22 Storfurste!

171 714 42 22 Vid
232 715 118 27 påstående
370 714 104 28 landtdag
494 716 39 21 har
553 716 58 21 inom
629 714 183 29 Borgareståndet
830 714 24 21 af

104 750 53 22 flere
176 750 49 21 dess
244 749 139 22 medlemmar
403 749 120 23 framstälts
541 752 30 20 ett
590 749 186 28 petitionsförslag
794 749 7 20 i
817 749 36 21 det

105 785 62 28 syfte,
182 786 33 19 att
229 784 40 22 den
284 784 124 21 handlande
422 785 8 20 i
445 785 12 27 $
473 787 26 19 55
515 785 24 21 af
551 784 81 28 nådiga
645 784 155 27 förordningen
812 783 40 21 den

103 820 13 20 9
132 818 52 22 Juni
202 818 60 27 1873,
278 818 111 28 angående
405 819 145 27 tillverkning,
566 818 136 28 försäljning,
717 818 83 27 upplag
813 816 40 23 och

104 853 92 27 forsling
212 852 23 22 af
248 853 97 26 bränvin,
361 852 132 22 tillerkända
507 855 45 19 rätt
566 855 32 19 att
608 852 89 28 försälja
708 852 146 28 spritdrycker

104 888 71 30 blefve
197 886 114 22 inskränkt
334 887 87 24 derhän,
445 889 32 19 att
495 887 42 21 fem
557 887 84 21 kannor
659 894 50 14 vore
724 886 36 22 det
775 886 79 21 minsta

104 921 80 27 belopp
204 921 27 21 de
250 921 56 27 finge
324 920 88 28 afyttra,
428 921 40 21 och
484 922 32 20 att
530 921 66 27 nådig
611 921 134 27 proposition
761 920 7 21 i
784 921 71 20 ämnet

104 955 77 27 blefve,
199 954 69 22 såvidt
283 954 86 28 möjligt
383 956 31 25 är,
430 955 66 21 redan
512 956 26 20 de
552 962 29 15 nu
592 954 132 23 församlade
734 954 122 22 Ständerna

105 989 106 27 förelagd.

174 1022 40 22 Vid
231 1022 157 28 öfvervägande
404 1023 24 21 af
437 1023 60 22 detta
506 1023 83 27 förslag
599 1023 66 21 hafva
675 1023 122 21 Ständerna
807 1022 47 21 fun-

105 1057 34 22 nit
158 1057 41 21 den
218 1056 24 21 af
259 1057 169 26 petitionärerne
450 1058 110 27 påyrkade
578 1057 212 26 lagsbestämningen
804 1063 52 14 vara

107 1091 69 28 egnad
192 1092 32 20 att
234 1091 99 27 afhjelpa
343 1092 32 20 ett
383 1098 30 15 nu
423 1091 97 22 rådande
530 1091 120 28 betänkligt
659 1090 197 23 missförhållande.

175 1125 166 22 Ofvannämnda
359 1125 127 28 förordning
505 1125 120 22 innehåller
645 1126 7 20 i
671 1127 12 27 &
706 1126 32 26 45,
754 1127 33 20 att
804 1125 52 20 han-

107 1160 35 21 del
162 1159 49 22 med
230 1159 92 22 bränvin
342 1159 34 22 får
396 1160 61 21 idkas
476 1161 22 26 a)
514 1161 23 20 af
551 1160 55 26 dem,
622 1167 45 15 som
682 1159 117 22 innehafva
813 1159 43 20 rät-

107 1194 70 27 tighet
192 1195 32 20 att
240 1193 99 22 tillverka
354 1193 53 22 eller
422 1193 107 22 distillera
542 1194 98 25 bränvin,
655 1194 7 21 i
680 1194 58 27 parti
756 1193 24 21 af
793 1193 65 20 minst

109 1229 44 21 fem
172 1228 95 25 kannor;
288 1227 22 26 b)
327 1227 24 22 af
364 1228 190 27 minutförsäljare,
570 1227 34 22 till
619 1227 78 28 belopp
714 1227 24 22 af
751 1227 66 21 minst
832 1233 26 15 en

109 1261 116 29 fjerdedels
240 1262 79 25 kanna,
334 1261 82 22 hvilket
431 1262 18 27 ej
466 1262 34 21 får
513 1262 91 21 emellan
615 1261 52 22 flere
677 1262 81 27 köpare
768 1262 29 26 på
807 1261 51 22 stäl-

109 1297 32 21 let
156 1295 95 22 fördelas
266 1295 53 22 eller
333 1296 110 21 derstädes
454 1296 104 27 förtäras;
573 1297 20 27 c)
604 1296 24 21 af
636 1296 140 25 utskänkare,
786 1296 8 20 i
804 1295 55 26 stad,

111 1330 85 27 suptals
210 1329 35 21 till
260 1329 108 28 förtäring
382 1331 29 25 på
426 1330 79 25 stället,
520 1330 47 21 med
581 1330 122 27 skyldighet
719 1329 35 21 för
770 1329 89 21 utskän-

112 1365 67 20 karen
194 1365 33 20 att
240 1363 169 22 tillhandahålla
423 1366 46 19 mat
480 1364 23 21 åt
511 1364 48 26 den,
571 1371 46 14 som
628 1363 78 22 sådant
716 1363 71 26 äskar,
798 1363 61 21 hvar-

112 1400 60 20 utom
192 1397 130 29 gästgifvare
342 1398 41 21 och
402 1397 133 22 kosthållare
554 1397 34 22 vid
605 1397 185 28 jernvägsstation
805 1397 57 21 samt

113 1433 13 21 å
141 1432 223 29 passagerare-fartyg
387 1433 38 21 äro
447 1433 135 28 berättigade
605 1434 32 20 att
657 1432 33 22 vid
711 1432 100 22 måltider
828 1433 33 20 ut-

114 1467 83 22 skänka
217 1467 101 27 bränvin;
338 1474 49 15 men
401 1467 8 21 i
424 1467 66 28 öfrigt
505 1469 24 20 är
543 1467 260 28 bränvinsförsäljningen
818 1466 44 21 för-

114 1502 81 28 bjuden
215 1502 40 21 och
274 1501 60 22 såväl
355 1502 174 27 utminuterings-
549 1509 46 15 som
610 1501 204 28 utskänkningsrätt
828 1501 34 21 får
