1042 1706
248 152 320 20 Petitionsbetänkande
583 151 47 21 N:o
646 150 42 21 11.

379 337 143 25 Allmänna
550 336 286 25 Besvärsutskottets

303 376 138 26 betänkande
460 378 36 23 N:o
515 376 13 25 9
550 377 47 24 med
620 377 116 28 anledning
761 378 26 23 af
811 384 26 17 en

301 416 55 25 inom
376 416 158 25 Bondeständet
556 416 66 25 väckt
641 417 91 31 petition
751 423 32 18 om
802 422 38 19 an-

302 457 50 31 slag
371 458 34 23 för
423 464 27 17 en
469 456 172 25 nationalteater
658 457 6 24 i
685 456 95 25 Finland.

167 531 80 20 Genom
263 530 193 27 protokollsutdrag
471 531 24 19 af
508 530 39 21 den
562 531 26 19 23
600 530 99 20 Februari
716 530 38 20 har
769 531 71 20 heder-

99 565 65 20 värda
179 565 157 20 Bondeständet
351 564 32 19 till
398 564 113 21 Allmänna
520 564 192 20 Besvärsutskottet
726 565 115 20 remitterat

97 599 94 26 följande
206 599 207 26 petitionsmemoria!
423 605 4 12 :
664 606 3 3 i

164 641 155 26 (Öfversättning.)

186 683 135 19 «Vördsamt
333 683 211 24 petitionsförslag
556 683 38 18 till
606 684 151 18 Hedervärda

380 712 182 18 Bondeständet.

166 747 34 17 Vid
212 749 67 16 senaste
291 746 85 23 landtdag
384 747 67 22 vågade
459 753 41 11 man
512 747 51 18 äfven
575 747 49 17 inom
635 747 48 17 detta
694 747 51 18 stånd
752 747 55 18 väcka
819 747 24 18 tal

99 782 30 11 om
140 782 22 11 en
173 775 39 18 frän
224 776 31 17 vär
267 775 70 22 vanliga
348 775 142 22 verkningskrets
502 776 18 17 sä
533 775 66 23 fjerran
611 775 80 23 liggande
703 776 55 23 fräga,
772 781 38 13 som
822 783 21 11 en

98 804 80 18 inhemsk
187 804 68 18 scenisk
263 803 58 18 konst.
341 804 113 22 Naturligtvis
463 804 57 17 kunde
528 804 48 18 detta
584 804 15 22 ej
610 804 54 18 blifva
672 805 62 17 ansedt
743 810 38 12 som
790 807 54 15 annat

103 836 22 15 än
140 833 87 22 «osynliga
242 833 71 17 andars>
328 833 118 22 hviskningar,
460 833 33 17 och
510 833 28 17 mä
550 833 19 18 sä
580 839 47 16 vara,
641 836 18 19 ty
671 833 83 18 konstens
766 834 79 22 osynliga

100 862 54 17 andar
162 863 59 16 kunna
229 861 5 18 i
243 861 74 22 sanning
325 861 62 18 hviska
394 861 52 18 äfven
458 862 18 17 ät
490 867 29 12 oss
529 862 23 22 pä
567 861 41 18 vära
623 861 66 23 höjder,
703 863 6 16 i
721 863 41 17 vära
774 868 70 16 granars

100 891 77 22 susning,
190 891 7 16 i
209 890 42 18 vära
263 890 65 18 forsars
340 890 41 17 brus
393 890 33 17 och
438 890 39 17 frän
485 890 34 17 den
526 890 91 17 tindrande
625 890 153 22 stjernhimmelen.
799 891 45 17 Hör-

99 919 100 18 sammande
211 919 50 17 dessa
273 919 112 22 hviskningar
400 920 19 15 är
436 918 29 17 det
480 918 56 22 äfven,
551 924 38 12 som
599 918 31 23 jag
644 925 24 11 nu
680 919 104 18 framställer
798 919 48 18 detta

100 948 39 17 mitt
150 947 154 24 petitionsförslag.
330 947 61 17 Senast
403 947 50 17 sökte
464 952 41 11 man
520 947 88 17 kullkasta
622 947 83 22 förslaget
719 953 63 17 genom
796 949 48 20 anty-

100 977 34 17 dan
142 983 35 16 om,
187 976 45 18 huru
241 982 29 12 oss
278 975 75 18 fattades
364 975 34 17 alla
405 975 72 22 möjliga
489 975 27 17 för
527 975 97 18 inrättande
636 976 21 17 af
666 982 22 11 en
699 976 80 18 inhemsk
790 978 55 15 teater

101 1006 87 22 behöfliga
199 1005 64 20 vilkor;
279 1005 29 17 det
320 1004 50 17 fanns
382 1004 78 17 hvarken
472 1004 84 17 litteratur
568 1004 63 22 dertill,
645 1005 15 22 ej
669 1005 55 17 heller
731 1005 112 21 konstnärer;

102 1034 34 17 och
153 1034 50 17 dessa
217 1033 107 23 pästäenden
340 1033 43 22 egde
399 1032 50 17 äfven
465 1033 61 22 grund,
546 1039 40 11 men
601 1039 40 11 man
652 1036 32 21 tog
696 1034 14 22 ej
724 1034 6 17 i
742 1034 102 23 beräkning,

101 1063 44 17 hvad
154 1062 117 18 fosterländsk
279 1061 100 18 hänförelse
390 1061 65 17 förmår
467 1061 124 23 åstadkomma,
602 1061 29 18 det
642 1062 52 18 hafva
702 1063 21 17 de
735 1063 35 17 fem
782 1063 65 18 sistför-

101 1091 55 18 flutna
168 1091 40 17 åren
220 1090 6 17 i
238 1096 22 12 en
271 1090 168 23 häpnadsväckande
450 1091 43 21 grad
505 1090 96 23 ådagalagt.
621 1091 31 17 Att
661 1097 21 12 en
690 1091 80 18 inhemsk
778 1091 68 18 scenisk

102 1120 52 17 konst
166 1119 27 18 för
205 1119 106 17 närvarande
323 1119 55 17 finnes
393 1118 33 18 och
441 1119 89 22 verkligen
544 1121 27 15 ter
583 1119 26 22 sig
625 1119 28 18 för
667 1121 41 16 våra
723 1123 52 20 ögon,
788 1120 59 17 derför

102 1147 52 18 hafva
165 1147 17 18 vi
194 1147 61 18 främst
265 1150 26 14 att
303 1147 52 17 tacka
370 1153 22 11 en
407 1147 45 17 enda
467 1153 48 12 mans
530 1147 98 18 hänförelse
643 1149 33 17 och
691 1149 47 17 mod.
763 1149 41 17 Han
815 1149 31 16 har

102 1176 72 17 förmått
185 1175 55 18 samla
250 1175 53 22 kring
314 1175 26 22 sig
351 1175 91 18 inhemska
453 1176 76 17 utmärkt
540 1176 96 22 begåfvade
644 1177 108 22 konstnärer,
763 1177 31 16 har
802 1177 44 16 kun-

103 1206 31 15 nat
145 1204 32 17 hos
189 1204 40 17 dem
241 1203 94 23 uppehålla
347 1203 29 18 det
388 1203 127 18 fosterländska
526 1204 55 22 sinne,
591 1210 38 11 som
640 1205 63 21 bjuder
715 1205 40 16 dem
766 1207 26 14 att
804 1210 43 17 upp-

102 1232 50 17 träda
163 1232 6 17 i
180 1232 30 17 det
225 1232 80 22 eländiga
323 1232 65 22 ruckel,
407 1237 38 12 som
460 1232 28 17 för
503 1233 107 17 närvarande
626 1233 54 18 kallas
691 1233 65 17 Finska
772 1235 72 20 teatern,

103 1261 55 17 ehuru
169 1261 22 17 de
203 1260 128 23 otvifvelaktigt
343 1261 59 16 vore
393 1256 11 31 i
416 1260 69 17 tillfälle
500 1263 24 15 att
540 1261 97 17 utomlands
652 1261 65 18 erhålla
731 1261 71 22 lysande
817 1267 29 11 an-

103 1289 107 22 ställningar,
225 1289 26 17 för
263 1289 71 17 hvilken
345 1289 101 22 uppoffring
457 1289 22 17 de
491 1289 75 22 förtjena
578 1289 45 18 både
638 1290 108 17 tacksamhet
761 1289 35 18 och
809 1291 36 16 tra.

101 1318 93 17 Tacksamt
206 1318 55 17 måste
273 1317 50 18 äfven
336 1317 90 22 erkännas,
440 1319 25 15 att
477 1318 103 21 regeringen
598 1317 40 18 med
653 1318 147 22 penningeanslag
813 1323 31 12 un-

103 1345 78 18 derstödt
192 1345 57 17 denna
266 1345 129 17 fosterländska
411 1345 58 21 konst,
483 1345 33 17 och
528 1345 51 17 äfven
590 1345 26 17 till
630 1345 22 17 de
669 1345 102 22 aflägsnaste
788 1345 60 22 nejder

104 1374 20 17 af
133 1374 39 17 vårt
182 1373 42 17 land
235 1373 32 17 har
283 1373 33 17 den
334 1373 51 22 glada
396 1373 135 17 underrättelsen
544 1373 90 22 genljudit,
650 1373 89 18 väckande
753 1373 56 22 jubel,
822 1375 26 14 att

104 1402 50 18 Hans
166 1401 97 23 Kejserliga
274 1401 71 23 Höghet
363 1401 120 22 Tronföljaren
502 1401 74 22 behagat
593 1401 40 18 med
647 1407 59 12 varma
722 1401 33 18 ord
770 1401 79 22 uttrycka

105 1431 26 18 sin
149 1430 149 19 tillfredsställelse
315 1430 40 18 med
370 1430 33 17 den
419 1430 56 18 finska
489 1430 65 21 lyriska
566 1435 72 14 scenens
649 1431 115 22 prestationer
775 1430 6 17 i
794 1430 55 18 finska

102 1462 72 15 teatern.
199 1459 36 18 Det
252 1461 19 15 är
286 1459 67 18 således
371 1459 105 22 fullkomligt
493 1458 83 23 bevisadt,
598 1459 45 18 hvad
661 1465 41 12 man
718 1459 33 18 hos
766 1465 35 14 oss,
812 1459 35 17 kan

105 1489 127 18 åstadkomma.
257 1487 41 18 Men
306 1490 19 15 är
333 1488 56 17 denna
397 1488 55 17 sköna
463 1488 65 23 telning
541 1488 53 18 också
606 1488 75 17 bevarad
692 1488 28 17 för
731 1487 51 23 farlig
793 1487 57 18 frost?

172 1522 101 18 Allmänna
285 1522 186 19 Besvärs-utskottets
483 1521 111 20 betänkande
606 1522 36 18 N:o
654 1523 16 17 9.
