1064 1703
253 145 27 20 10
394 143 309 20 Petitionsbetänkande
715 144 48 17 N:o
774 143 42 19 26.

221 213 39 20 lan
281 212 153 27 byggnaderna
457 214 24 19 är
498 213 36 20 väl
552 213 47 20 icke
621 213 13 20 &
656 212 157 27 plan-eskissen
837 214 75 24 utsatt,
928 218 48 15 men

224 246 62 21 torde
309 246 55 21 dock
386 245 67 22 blifva
471 246 122 28 nödvändig
610 247 34 21 för
664 253 25 15 en
704 247 129 26 begvämare
849 246 128 22 samfärdsel

223 281 79 21 mellan
321 280 117 27 lokalerna,
459 281 39 21 och
517 281 27 21 dä
563 281 197 28 paradtrappornas
775 281 103 27 podester
892 281 7 21 i
914 281 63 22 hvar-

226 316 52 21 dera
300 315 128 27 byggnaden
450 315 85 22 komme
558 318 32 19 att
613 316 58 27 ligga
692 316 7 20 i
718 315 91 28 ungefär
825 322 81 15 samma
920 316 56 26 nivä,

222 349 75 21 kunde
313 349 147 22 förbindelsen
475 350 79 21 mellan
568 350 69 21 husen
652 350 161 22 ästadkommas
828 351 28 26 pä
872 352 44 19 sätt
931 356 46 16 som

224 384 36 21 vid
276 384 140 26 byggnadens
432 384 114 22 utförande
561 384 95 22 befinnes
672 385 129 27 lämpligast.

296 418 75 28 Enligt
388 418 23 22 af
425 418 123 22 arkitekten
563 419 108 27 uppgjord
686 420 157 26 approximativ
858 420 119 26 beräkning

224 453 85 21 komme
324 453 122 21 kostnaden
461 455 34 20 för
510 460 26 15 en
551 454 100 26 byggnad
668 454 22 21 af
699 454 63 21 ofvan
773 454 87 26 angifna
870 454 107 21 utsträck-

224 488 52 26 ning
296 488 38 21 och
354 488 104 26 utstyrsel
477 490 33 20 att
524 488 72 27 uppgä
612 488 32 21 till
661 489 92 25 515,000
767 489 68 21 mark.
866 489 47 21 Den
929 489 49 21 obe-

225 522 71 27 bygda
318 524 82 19 tomten
419 529 34 15 n:o
473 523 13 20 8
505 523 7 20 i
528 524 109 25 gvarteret
653 522 107 27 Servalen,
777 528 46 16 som
838 529 89 15 numera
942 529 35 21 ge-

223 562 51 15 nom
282 557 133 26 spränening
424 557 32 21 till
470 559 46 19 stor
527 557 33 21 del
570 557 100 26 jemnats,
682 557 74 21 tillhör
766 557 89 21 Kronan
866 557 40 21 och
915 558 63 20 torde

224 590 34 22 för
269 591 123 21 ändamälet
402 591 72 21 kunna
482 591 93 22 erhällas
588 591 104 21 kostnads
700 591 48 21 fritt
756 592 23 20 af
786 592 137 21 statsverket.
935 592 43 21 För

224 625 41 21 den
280 625 86 27 privata
378 626 82 20 tomten
475 626 43 26 (n:o
530 627 12 19 9
553 625 7 21 i
572 626 117 26 gvarteret)
701 628 23 19 är
735 626 243 27 expropriationspriset

225 659 63 21 ofvan
312 661 88 24 antaget
423 660 33 20 till
479 660 77 25 50,000
579 660 67 24 mark,
670 660 39 20 och
725 660 84 21 komme
832 660 84 21 säledes
941 660 36 21 det

224 692 34 21 för
273 693 158 27 nybyggnaden
446 693 142 26 erforderliga
603 693 98 26 anslaget
716 695 33 19 att
762 693 57 27 stiga
837 694 33 20 till
885 695 92 25 565,000

224 727 68 21 mark.
322 727 138 21 Beträffande
476 727 46 21 åter
541 727 83 22 inlösen
648 727 23 21 af
693 727 145 27 riddarhuset,
864 734 46 15 som
926 728 7 21 i
951 729 26 20 ti-

225 761 40 21 den
285 762 80 25 kostat,
388 761 104 27 uppfördt
516 762 39 21 och
577 762 77 26 inredt,
679 763 90 25 395,209
792 762 67 26 mark,
883 762 95 27 framgår

224 796 24 21 af
264 796 170 27 Ridderskapets
451 797 38 20 och
510 797 80 21 Adelns
606 796 207 22 öfverlätelsevilkor
828 803 62 15 mom.
907 796 22 28 b)
945 799 33 19 att

225 831 37 21 det
283 831 34 21 för
340 831 123 21 ändamälet
481 831 84 27 utgifna
581 831 155 27 statsanslaget
753 832 90 26 152,000
856 832 70 27 mark,
942 837 35 16 en-

224 865 41 27 ligt
287 865 60 21 Hans
370 865 122 28 Kejserliga
510 866 114 27 Majestäts
640 866 78 27 nädiga
733 866 125 27 förklaring,
874 866 57 27 finge
946 866 32 21 ät-

224 899 74 28 njutas
313 899 63 22 äfven
391 899 23 22 af
428 899 121 22 Ständerna
564 902 52 19 utan
627 900 300 27 äterbetalningsskyldighet,
939 900 39 21 och

225 934 27 21 dä
267 935 105 26 derjemte
387 934 71 21 blifvit
473 935 89 27 upplyst
577 937 33 19 att
626 935 59 21 detta
699 936 76 25 anslag
791 935 74 21 afförts
875 941 27 15 ur
913 936 64 20 stats-

224 968 86 22 verkets
325 969 153 26 räkenskaper,
496 969 61 21 torde
573 970 36 21 det
624 975 88 15 numera
726 969 73 21 kunna
808 969 111 22 betraktas
931 975 46 15 som

224 1005 32 19 ett
271 1003 139 26 regeringens
426 1003 76 27 bidrag
518 1003 32 21 till
566 1003 139 21 anskaffande
715 1003 23 21 af
747 1003 83 21 lokaler
841 1004 22 20 ät
875 1003 101 26 Ständen,

224 1036 82 22 hvilket
328 1037 136 27 följaktligen
487 1038 47 21 icke
553 1037 103 22 behöfver
670 1038 129 21 inberäknas
815 1038 7 20 i
837 1038 140 26 köpeskillin-

224 1078 47 20 gen.
302 1071 82 26 Denna,
407 1072 127 26 uppgäende
556 1072 34 21 till
613 1072 91 26 240,000
722 1072 68 26 mark,
806 1074 64 25 utgör
886 1072 90 22 tillsam-

224 1111 60 15 mans
307 1105 49 21 med
378 1105 188 22 ofvanberäknade
588 1106 206 27 byggnadskostnad
813 1112 26 15 en
857 1113 84 15 summa
956 1107 23 21 af

223 1140 93 26 805,000
331 1140 68 26 mark,
416 1139 81 22 hvilket
512 1146 51 15 vore
579 1140 37 21 det
628 1140 81 27 anslag,
721 1146 46 16 som
779 1140 69 22 skulle
859 1140 116 27 erfordras,

223 1174 34 21 för
272 1175 33 20 att
320 1174 68 26 enligt
402 1174 70 21 denna
486 1175 51 26 plan
552 1174 149 22 ästadkomma
717 1174 132 22 Ständernas
865 1175 47 21 hus.

295 1208 76 21 Denna
393 1208 127 27 visserligen
540 1208 120 28 betydande
679 1209 65 27 utgift
759 1209 95 21 minskas
871 1209 54 21 dock
941 1212 36 19 vä-

223 1242 121 26 sendtligen
360 1242 123 26 derigenom
499 1244 32 18 att
547 1249 25 14 en
588 1244 23 18 af
624 1243 111 20 lokalerna
749 1244 7 19 i
774 1243 145 26 riddarhuset,
931 1250 46 14 som

222 1278 26 18 är
263 1276 7 20 i
286 1276 34 25 sju
335 1276 25 20 är
370 1276 78 20 framåt
461 1276 79 26 uthyrd
550 1276 34 21 för
594 1277 64 25 4,500
668 1276 60 21 mark
739 1276 89 27 årligen,
839 1277 63 21 äfven
911 1277 65 21 fram-

222 1309 60 22 deles
298 1309 72 22 kunde
384 1310 102 21 umbäras
500 1310 34 21 för
544 1310 132 22 Ständernas
686 1310 66 22 behof
763 1311 40 21 och
814 1311 90 21 sälunda
914 1311 63 27 gäfve

223 1350 27 15 en
267 1344 101 27 afkomst,
384 1344 93 26 hvilken,
493 1345 34 21 för
542 1345 41 21 den
598 1345 103 21 händelse
716 1346 171 27 köpeskillingen
907 1346 70 22 blefve

223 1379 68 27 enligt
310 1379 171 27 Ridderskapets
501 1379 39 21 och
555 1379 81 22 Adelns
652 1379 82 28 förslag
748 1380 140 23 innestäende
903 1383 46 20 mot
963 1382 12 21 5

223 1413 33 28 Yo
280 1413 70 22 skulle
370 1413 66 22 redan
454 1414 91 21 betäcka
561 1420 26 15 en
602 1414 105 27 tredjedel
722 1414 23 22 af
754 1415 47 26 den
817 1415 68 28 ärliga
900 1417 78 20 räntan

221 1448 15 22 å
252 1449 129 26 densamma,
397 1448 135 22 oberäknadt
550 1449 41 21 den
606 1449 101 27 inkomst,
723 1456 47 15 som
785 1450 78 22 mellan
878 1451 100 21 landtda-

290 1489 199 18 Ständerhusutskottets
501 1489 111 18 betänkande.
