1059 1703
209 251 86 22 delbart
311 251 84 22 utföres
411 257 26 9 —
453 251 24 19 är
495 249 35 20 för
544 247 148 22 allmänheten:
709 253 28 14 en
749 245 161 28 jemförelsevis
926 243 38 22 Kk-

211 285 59 28 giltig
284 284 47 23 sak;
361 283 45 22 För
418 283 44 22 den
476 285 28 19 är
516 281 151 24 hufvudsaken
680 283 34 19 :att
725 281 68 21 blifva
803 279 156 28 tillmötesgån-

210 323 44 23 gen
277 317 32 29 -på
327 318 39 23 det
379 316 76 28 språk,
473 321 45 18 som
534 317 47 21 bäst
596 316 85 27 lämpar
694 316 34 27 sig
742 315 34 22 för
791 315 50 21 den.
873 315 35 21 Att
923 315 37 20 be-

212 355 93 24 stämmä
325 358 37 17 om
377 354 63 20 sättet
453 352 36 21 för
501 349 227 29 embetsgöromälehs
743 349 116 26 skötände,
877 348 90 22 likasom

213 388 64 22 äfren
294 393 41 17 :om
357 386 31 22 de
407 386 109 26 examina,
539 385 74 21 hvilka
629 383 117 29 lämpligen
761 384 60 22 böra
830 373 97 46 ailäppas
940 378 29 32 af

213 420 110 24 Dlifrande
336 420 136 23 embetsmän
487 422 26 19 är
528 420 85 21 derföme
627 419 8 23 i
650 419 102 27 förslaget
767 417 114 23 öfverlåtet
893 417 25 22 åt
932 423 33 15 re-

213 456 117 26 geringens
344 456 154 27 arrangement
513 454 40 21 och
565 453 80 23 endast
658 452 117 26 bestämdt,
791 452 56 21 hvad
865 452 36 21 det
914 450 53 30 &lig-

215 495 40 22 ger
276 489 73 21 henne
364 490 29 19 att
408 487 157 23 åstadkomma.
582 497 32 9 —
625 487 31 21 Af
667 486 75 28 påbud
757 493 36 15 om
809 487 102 21 examina
921 486 48 22 och

215 523 163 32 kunskapsprof
388 524 77 20 väntar
479 528 52 19 man
546 523 33 26 sig
590 522 36 23 för
640 523 71 22 resten
722 520 207 29 öfverhnfvudtaget
938 522 33 21 för

217 557 94 29 mycket.
331 557 45 29 En
398 563 105 22 examen.
514 557 85 23 bevisar
620 555 31 28 pä
671 556 52 23 intet
743 557 48 26 sätt,
809 557 30 20 att
852 555 116 28 förmågan

217 593 30 25 att
256 592 113 29 bagagna
390 593 31 22 ett
442 590 67 29 språk
530 593 25 19 är
571 590 99 24 särdeles
684 592 52 24 stor,
753 590 42 22 och
809 592 60 20 ännu
885 590 87 21 mindre

221 627 30 25 att
261 646 4 7 ,
272 626 66 29 viljan
360 627 33 22 att
411 629 54 24 göra
480 625 59 22 dette
553 625 124 26 förefinnes.
707 625 66 22 Detta
787 625 43 21 kan
844 623 125 23 ästädkoi-

222 666 47 22 mes.
292 660 77 30 endast
391 666 80 23 genom
489 659 162 25 öfvervakande
667 659 42 24 och
725 659 192 27 uppmärksainhet
932 659 40 22 hos

222 694 207 30 administrationen.

241 757 2 2 <
286 728 114 31 Förslaget
423 735 64 21 synes.
510 729 44 30 mig
568 727 101 24 särskildt
683 734 53 16 vara
750 728 105 27 praktiskt
871 728 52 26 deri,
940 729 31 20 att

221 762 37 29 det
278 760 67 33 berör
361 763 148 25 mmiversitetet.
522 763 41 21 och
579 762 127 22 läroverken
722 762 78 23 endast
813 762 8 22 i
835 762 37 21 det
885 763 83 21 afseen-

222 797 35 29 de,
270 803 51 22 som
336 798 30 22 de
379 799 38 20 äro
434 797 143 27 embetsverk,
595 797 21 23 d.
634 804 20 13 v.
668 803 19 15 s.
704 797 7 21 i
726 796 103 23 afseende
843 796 125 28 äfskyldig-

222 831 65 25 heten.
305 833 32 25 att
352 834 109 25 emottaga
475 832 40 25 och
530 831 85 24 utfärda
629 831 130 27 skrifvelser;
776 831 61 28 intyg
853 833 50 24 etc.,
916 836 55 17 men

222 862 90 29 alldeles
334 866 49 27 icke
406 865 46 23 deri
470 866 115 27 inblandar
599 864 72 29 frågor
685 872 36 15 om
736 866 82 21 läråres
833 866 139 27 qvalifikatio-

223 906 40 18 ner
285 906 30 20 m,
338 907 31 16 m.
392 907 26 15 en
435 900 40 22 sak
486 906 50 22 som
551 900 43 22 helt
609 900 40 21 och
665 899 65 23 hållet
745 900 40 21 bör
799 900 110 21 betraktas
923 899 49 22 från

224 935 139 30 synpunkten
384 935 23 21 af
418 937 78 19 största
510 935 65 26 utsigt
591 934 30 23 till
636 934 157 28 vetenskapligt
806 941 59 21 gage
880 935 32 21 för
927 934 45 24 lan.

225 968 43 26 det,
292 975 50 15 men
366 968 49 22 icke
437 968 46 21 från
506 969 138 27 synpunkten
667 969 24 20 af
702 969 151 27 lärjungarnes
867 968 107 22 förmenta

227 1003 116 25 enahanda
363 1003 102 28 ställning
479 1002 29 21 till
523 1002 108 27 lärarene,
648 1009 46 16 som
709 1003 138 27 sakegandes
861 1003 30 20 till
904 1003 68 20 admi-

226 1037 109 31 nistrativa
357 1037 54 21 eller
427 1037 104 28 judiciela
545 1037 159 26 myndigheter.
735 1029 135 30 Åtminstone
884 1037 40 21 har
938 1037 37 21 det

227 1070 102 28 fördelen.
339 1072 30 21 att
385 1070 95 24 undvika
495 1070 43 23 den
553 1071 24 20 af
589 1071 101 24 utskottet
705 1072 8 19 i
727 1070 77 23 sådant
811 1072 103 22 afseende
922 1071 51 22 åbe-

227 1105 82 31 ropade
329 1105 76 30 teorin,
422 1104 87 22 hvilken
524 1105 75 25 tyckes
613 1105 112 23 förutsätta
739 1111 46 16 som
801 1111 28 15 en
843 1105 56 22 finsk
913 1105 60 22 med-

223 1135 97 47 borgare
335 1140 48 27 rätt,
401 1141 29 18 att
445 1139 138 22 studenterne
599 1139 38 25 hos
648 1145 35 15 oss
693 1139 51 23 icke
750 1139 62 23 skola
819 1139 92 22 behöfva
919 1140 56 21 söka

228 1175 54 29 göra
301 1173 33 28 sig
348 1173 166 26 hemmastadda
527 1173 52 22 med
592 1172 68 28 något
673 1176 65 22 annat
753 1173 73 29 språk.
843 1177 28 18 än
886 1174 36 21 det
936 1175 38 20 fin-

228 1200 47 40 ska,
291 1205 50 31 läge
357 1207 36 25 det
406 1207 69 25 andra
491 1206 88 30 språket
593 1210 28 24 än
636 1208 70 27 aldrig
720 1208 26 24 sä
759 1212 53 18 nära
827 1209 99 21 tillhands
934 1209 42 21 ock

228 1237 62 28 stode
305 1244 27 23 än
349 1239 70 30 aldrig
434 1241 25 21 sä
472 1242 89 26 mycket
575 1242 94 22 vetande
684 1243 125 26 derigenom
824 1245 31 19 ett
869 1244 102 20 vinnab,
962 1233 11 41 +

686 1280 25 22 A.
731 1281 29 21 HH.
779 1280 125 29 Ohydenius.

406 1530 41 22 Åbo,
457 1534 18 18 6.
483 1534 24 19 W.
516 1519 62 33 WIAB.
580 1515 57 46 40:e
646 1515 113 46 botitrjokort.
758 1535 39 16 SOTII
