1039 1714
296 146 239 21 Petitionsbetähkande
547 147 38 20 N:o
596 147 34 20 20.
795 149 22 19 Kol

87 211 35 21 för
143 212 133 21 närvarande
297 210 41 24 har
360 212 27 21 18
410 212 71 22 elever
501 212 28 28 på
551 214 77 20 tvenne
643 212 89 22 klasser.
763 212 76 23 Såsom

88 245 63 23 ofvan
170 246 100 27 angifvits
288 246 68 22 måste
374 246 126 28 visserligen
517 246 106 23 utskottet
640 247 34 21 för
688 248 34 20 sin
737 247 34 21 del
787 254 51 15 anse

87 280 36 22 det
140 286 52 16 vara
210 280 114 28 högeligen
343 280 99 28 önskligt,
458 282 31 20 att
502 281 141 27 privatlyceer
656 281 91 22 inrättas
762 281 40 21 och
816 281 23 22 af

86 316 70 20 staten
178 314 82 22 erhålla
280 315 124 21 understöd.
440 315 109 22 Utskottet
570 315 43 22 kan
635 315 54 21 dock
711 316 19 26 ej
752 316 8 20 i
778 316 59 21 detta

86 348 39 22 fall
140 348 58 23 finna
212 349 70 27 någon
298 349 126 22 subvention
442 349 47 23 från
504 351 81 21 statens
600 350 47 22 sida
661 356 51 16 vara
727 350 24 21 af
763 350 73 22 behof-

85 385 36 21 vet
135 383 107 28 påkallad,
258 384 28 21 då
301 384 66 27 sagda
382 384 105 28 läroverk,
502 384 68 22 ehuru
584 384 116 22 arbetande
714 384 68 21 under
795 384 41 21 lik-

84 418 71 22 nande
172 418 138 22 ekonomiska
328 418 147 22 förhållanden
494 425 46 15 som
554 420 16 20 t.
586 425 32 15 ex.
633 418 120 27 Uleåborgs
767 418 69 22 finska

83 452 160 28 privatlyceum,
262 453 55 22 dock
336 452 19 28 ej
370 452 81 22 kunnat
466 453 81 23 erhålla
561 454 66 26 något
641 453 95 21 särdeles
751 453 85 21 elevan-

83 487 38 21 tal.
152 487 107 27 Mängden
273 488 203 26 bildningssökande
490 488 49 21 från
548 487 91 23 svenska
649 487 49 22 hem
707 488 46 26 har,
764 488 70 21 såsom

83 521 168 28 petitionärerna
270 522 108 28 åberopat,
396 523 81 21 inträdt
494 523 8 21 i
519 522 84 29 Kuopio
621 521 70 23 finska
708 522 126 22 elementar-

83 557 105 27 läroverk,
211 558 123 27 antagligen
356 558 24 21 af
400 558 64 21 orsak
485 559 32 20 att
534 558 26 21 de
579 557 71 22 såsom
668 557 93 22 flertalet
775 557 58 21 inne-

82 591 80 22 vånare
179 592 7 21 i
206 592 62 22 dessa
290 592 75 27 nejder
382 594 37 20 äro
435 592 68 22 finska
521 592 87 27 språket
622 591 50 22 fullt
685 592 93 27 mägtige
794 591 39 22 och

82 627 53 21 utan
149 627 109 27 svårighet
275 627 72 22 kunna
366 627 110 22 derstädes
490 627 98 28 begagna
602 627 33 27 sig
650 626 24 22 af
687 626 147 22 undervisnin-

81 667 49 21 gen.
152 661 111 22 Utskottet
277 661 68 22 måste
359 662 9 21 i
382 661 54 28 följd
449 661 63 22 häraf
525 661 58 22 hålla
597 661 52 27 före,
665 662 32 20 att
712 661 41 21 den
767 660 64 22 fram-

80 696 71 21 stälda
168 696 117 27 petitionen
304 702 34 15 om
357 697 31 20 ett
404 695 137 28 fullständigt
559 695 87 23 svenskt
661 695 171 22 elementarläro-

81 730 52 21 verk
152 731 7 21 i
177 730 84 27 Kuopio
281 730 47 22 stad
346 731 48 22 icke
412 730 34 22 för
463 731 132 22 närvarande
613 730 62 22 torde
693 729 93 28 förtjena
800 729 32 22 af-

79 765 86 22 seende.

148 869 31 21 På
197 869 69 26 grund
285 869 24 22 af
325 869 57 22 hvad
400 875 46 16 som
466 869 62 22 ofvan
545 869 71 22 blifvit
635 869 85 22 anfördt
737 869 34 21 får
784 868 46 22 All-

80 905 78 20 männa
172 903 198 23 Besvärsutskottet
385 904 64 22 alltså
463 904 39 22 hos
517 904 84 22 landets
613 903 116 28 höglofliga
739 903 91 22 Ständer

79 938 110 22 vördsamt
206 938 114 28 tillstyrka,
339 940 33 20 att
386 939 119 23 Ständerna
519 939 31 22 uti
565 938 91 22 samfäld
671 938 90 27 petition
778 937 50 22 ville

78 973 39 22 hos
131 973 60 22 Hans
206 973 122 28 Kejserliga
342 973 102 27 Majestät
458 974 8 21 i
479 973 170 28 underdånighet
662 973 96 21 anhålla:

318 1013 22 29 a)
361 1015 30 20 att
408 1013 62 22 Hans
488 1013 103 28 Majestät
607 1013 64 22 måtte
685 1013 10 21 i
708 1013 68 21 nåder
790 1019 38 15 an-

249 1048 75 26 befalla
347 1048 69 22 sådan
437 1049 83 27 åtgärd,
543 1048 132 28 hvarigenom
695 1048 37 21 vid
749 1047 80 22 landets

248 1082 140 28 fullständiga
412 1082 206 23 elementarläroverk
645 1082 90 22 eleverne
762 1081 66 23 skulle

248 1116 107 29 bibringas
379 1117 99 27 förmåga
503 1119 30 20 att
555 1117 136 22 obehindradt
711 1116 10 22 i
741 1116 30 22 tal
792 1116 36 22 och

247 1150 67 28 skrift
331 1152 91 28 begagna
441 1152 80 22 landets
539 1152 68 22 andra
628 1151 107 22 inhemska
753 1152 73 26 tungo-

247 1186 56 26 mäl;

317 1220 22 26 0)
362 1222 31 20 att
413 1220 36 27 för
467 1220 144 28 befrämjande
629 1220 27 27 af
670 1220 158 26 ofvannämnda

248 1254 103 22 ändamål
369 1255 37 22 och
422 1256 48 21 med
487 1255 148 28 upphäfvande
653 1255 25 27 af
695 1254 68 27 första
780 1260 45 15 mo-

248 1290 76 20 mentet
338 1289 9 20 i
360 1290 80 26 nådiga
454 1289 136 28 kungörelsen
604 1288 27 27 af
642 1290 40 20 den
697 1290 29 19 30
735 1288 91 22 Novem-

248 1322 35 23 ber
309 1324 59 20 1871
394 1324 107 26 angäende
524 1322 247 28 undervisningsspräket
791 1321 36 23 vid

247 1356 111 27 lärdoms-,
374 1357 56 21 real-
445 1357 36 21 och
495 1356 141 27 folkskolorna
651 1357 8 20 i
673 1356 100 26 Finland,
786 1362 40 14 un-

248 1390 144 28 dervisningen
406 1391 33 26 pä
454 1391 25 21 de
493 1390 140 28 fullständiga
647 1390 103 28 lyceernas
764 1390 62 26 högre

246 1424 86 27 klasser,
350 1425 52 27 från
421 1426 37 21 och
475 1425 47 22 med
539 1425 40 22 den
589 1424 72 28 femte,
677 1424 64 22 måtte
754 1424 33 22 uti
800 1430 26 16 en

246 1460 34 22 del'
298 1461 82 26 ämnen,
398 1460 69 22 hvilka
485 1460 70 22 kunna
573 1460 70 27 finnas
658 1458 69 24 dertill
741 1459 83 28 egnade,

147 1501 95 18 Allmänna
253 1501 161 19 Besvärsutskottets
424 1502 103 18 betänkande
539 1501 34 18 N:o
586 1501 28 18 17.
