1036 1706
286 146 239 22 Petitionsbetänkande
536 149 38 20 N:o
585 147 35 21 20.
768 150 33 18 105

75 210 57 22 tiska
151 210 134 28 färdigheten
303 212 8 21 i
329 211 60 22 detta
405 212 76 27 spräks
498 213 129 27 behandling
641 213 42 21 kan
697 219 49 16 man
760 213 64 21 äfven

75 252 28 14 nu
117 245 47 21 icke
181 245 29 27 pä
229 251 26 15 en
269 246 130 27 naturligare
414 246 40 22 och
468 247 86 22 kortare
568 249 41 25 väg
624 247 107 22 förvärfva
746 249 27 20 än
787 253 36 21 ge-

75 285 49 15 nom
139 285 27 15 en
179 279 43 21 tids
237 279 87 22 vistelse
338 280 8 21 i
360 280 113 28 Ryssland.

142 313 33 21 En
195 313 66 22 sädan
279 313 125 29 förändring
422 315 7 21 i
447 315 124 27 läroplanen
589 315 187 23 rekommenderar
790 316 34 27 sig

74 348 123 22 äfvenledes
213 348 128 27 derigenom,
356 350 32 20 att
402 349 40 22 den
458 350 74 22 endast
546 352 25 19 är
585 350 77 27 partiel
677 350 38 22 och
730 350 47 22 icke
786 350 37 22 be-

74 384 37 20 rör
129 382 68 28 öfriga
215 382 124 22 läroämnen
357 383 53 22 eller
427 384 78 22 verkar
522 384 70 28 nägon
606 384 105 28 rubbning
725 384 28 28 pä
767 384 56 22 läro-

73 417 79 27 planen
166 417 8 21 i
189 416 50 22 dess
253 417 78 22 helhet.
360 417 160 29 Förändringen
535 418 69 22 skulle
619 419 40 22 ock
674 425 51 16 vara
736 425 87 22 synner-

73 451 58 27 ligen
149 451 130 27 välgörande
298 452 35 22 för
350 452 110 22 elevernas
479 454 85 27 andliga
578 454 128 27 utveckling.
736 454 87 22 Elever-

73 492 39 15 nas
136 486 135 26 själskrafter
296 486 68 22 skulle
383 487 107 27 nämligen
508 488 124 27 härigenom
648 488 66 22 blifva
731 488 91 22 koncen-

74 520 86 22 trerade
178 520 28 27 pä
221 521 31 21 ett
266 520 57 23 färre
338 522 58 20 antal
411 522 122 22 läroämnen
547 523 69 21 under
630 529 26 15 en
670 523 38 26 tid,
724 522 27 22 dä
765 522 58 22 kraf-

73 557 62 19 terna
149 556 57 20 ännu
220 556 37 20 äro
273 561 66 21 svaga
352 556 40 21 och
407 556 145 23 outvecklade.
580 557 107 21 Eleverna
701 557 70 21 skulle
784 563 39 15 un-

74 589 38 22 der
133 589 33 21 sin
188 589 91 27 spädare
302 590 60 21 ålder
382 590 65 22 hinna
468 591 66 21 blifva
553 591 73 21 starka
644 592 8 20 i
667 592 26 21 de
707 592 70 26 bägge
791 592 32 20 in-

73 623 89 23 hemska
176 623 99 28 spräken,
289 624 65 22 innan
369 624 26 22 de
411 624 87 28 öfvergä
512 626 33 21 till
560 626 80 22 studiet
654 626 24 21 af
691 626 131 22 främmande

73 658 102 22 moderna
194 658 70 27 spräk.
293 658 121 22 Frukterna
432 659 23 21 af
473 660 40 21 den
530 660 90 27 lättnad,
639 666 45 16 som
699 660 123 28 härigenom

74 693 70 21 skulle
157 693 92 22 beredas
263 692 102 22 Finlands
380 694 129 22 studerande
522 694 100 27 ungdom,
637 694 72 22 kunna
723 694 47 22 icke
780 700 42 22 nog

73 727 132 27 uppskattas.
236 727 106 27 Slutligen
356 729 25 19 är
396 728 36 21 det
447 728 78 27 säkert,
541 730 32 20 att
587 728 151 28 förändringen
754 729 68 21 skulle

73 761 50 22 leda
140 762 33 21 till
192 762 71 27 målet,
284 762 37 22 det
335 762 49 27 mål,
399 768 46 16 som
460 762 74 22 skolan
549 769 76 21 genom
641 763 32 21 sin
688 763 136 22 verksamhet

73 796 43 21 kan
130 796 77 27 uppnä.

140 830 103 22 Finlands
265 830 62 22 lärda
347 831 61 21 skola
425 830 95 23 befinner
538 832 32 27 sig
588 832 8 21 i
614 833 32 21 ett
663 832 54 27 läge,
736 832 86 22 svärare

74 866 27 20 än
115 864 81 22 kanske
210 865 66 27 nägot
291 866 65 20 annat
370 865 67 22 lands.
467 866 35 21 Dä
516 866 76 22 skolan
606 866 40 21 hos
661 866 27 22 de
702 868 59 20 stora
775 866 47 22 kul-

73 898 108 22 turfolken
202 899 47 22 icke
271 899 103 22 behöfver
395 900 8 21 i
425 900 38 21 sitt
483 906 100 21 program
603 902 94 26 upptaga
718 902 59 20 utom
796 900 26 22 de

73 933 71 27 gamla
159 933 91 27 spräken
264 940 47 15 mer
325 935 27 20 än
366 934 37 21 tvä
416 934 102 22 moderna
532 934 74 28 spräk:
622 935 151 21 modersmälet
784 934 39 22 och

74 969 31 21 ett
119 968 132 22 främmande
267 968 70 27 spräk,
352 968 69 22 mäste
434 968 39 22 vär
488 969 60 21 skola
562 969 35 21 till
611 968 54 28 följd
680 969 23 22 af
715 969 53 22 vära
778 971 45 19 sär-

74 1002 70 22 skilda
160 1002 149 22 förhällanden
327 1004 59 20 utom
404 1003 27 22 de
449 1004 71 26 gamla
538 1003 91 27 spräken
648 1004 8 20 i
674 1003 86 22 skolans
774 1010 48 21 pro-

73 1044 61 19 gram
151 1037 104 27 inrymma
273 1037 66 22 minst
355 1038 15 20 4
387 1037 98 23 lefvande
504 1038 70 26 spräk,
593 1038 117 27 nämligen:
728 1038 95 22 moders-

74 1071 71 27 mälet,
156 1071 37 22 det
203 1071 66 22 andra
279 1071 111 22 inhemska
400 1071 93 28 spräket,
504 1071 78 28 ryskan
592 1071 40 22 och
642 1071 81 28 tyskan.
746 1072 33 21 De
789 1073 33 20 tre

73 1105 133 22 förstnämda
215 1105 93 28 spräken
319 1105 33 22 stä
363 1111 35 16 oss
408 1105 25 22 sä
442 1107 59 25 nära,
512 1107 32 20 att
554 1106 26 21 de
588 1106 66 22 redan
662 1106 84 22 derföre
754 1106 69 22 mäste

74 1140 7 21 i
103 1139 86 22 skolans
211 1145 100 22 program
333 1141 111 26 upptagas.
473 1140 50 22 Men
545 1140 55 22 intet
618 1140 23 21 af
658 1141 48 22 dem
725 1147 50 21 eger
789 1141 35 21 för

75 1175 41 20 den
135 1174 88 21 allmänt
240 1174 120 27 menskliga
377 1174 101 22 kulturen
497 1181 81 15 samma
595 1175 116 27 betydelse,
731 1181 46 16 som
792 1176 32 21 ett

74 1208 24 22 af
115 1209 25 21 de
160 1209 58 20 stora
235 1208 157 22 kulturfolkens
411 1208 70 27 spräk.
515 1209 48 22 Den
582 1208 69 22 finska
666 1209 74 21 skolan
754 1209 69 22 mäste

75 1242 85 22 derföre
174 1243 8 20 i
197 1243 38 21 sitt
248 1249 101 20 program
363 1242 94 28 upptaga
472 1243 127 22 ätminstone
614 1244 32 20 ett
660 1243 23 21 af
697 1243 63 22 dessa
774 1243 49 22 sist-

74 1277 92 22 nämnda
184 1277 70 27 språk,
274 1277 39 22 och
331 1279 39 19 när
383 1277 42 22 hon
440 1277 57 28 gjort
520 1277 64 26 detta,
604 1277 24 21 sä
645 1277 39 22 har
701 1277 42 22 hon
758 1277 66 28 byggt

74 1311 56 22 blott
144 1317 26 16 en
184 1311 82 28 brygga
284 1311 34 22 för
336 1313 32 20 att
382 1311 126 22 underhälla
522 1311 41 22 den
578 1311 86 27 andliga
678 1311 146 22 kommunika-

74 1345 72 21 tionen
161 1345 49 21 med
225 1345 26 22 de
266 1344 51 27 folk,
334 1350 45 16 som
389 1351 62 15 anses
461 1345 28 27 gä
498 1345 7 21 i
516 1346 85 26 spetsen
611 1345 34 21 för
655 1345 40 21 den
704 1345 120 27 menskliga

75 1379 129 26 bildningen,
222 1378 69 22 under
309 1379 37 21 det
364 1379 107 21 utlandets
492 1379 60 21 skola
569 1379 41 20 har
626 1380 77 20 tvenne
722 1379 80 21 sådana
816 1379 8 20 i

77 1413 26 22 de
121 1413 37 22 tvä
171 1413 103 22 moderna
289 1413 71 28 spräk,
374 1412 60 23 hvari
448 1413 43 22 hon
505 1413 132 22 undervisar.
666 1413 122 22 Resultatet
802 1413 24 22 af

75 1448 179 27 undervisningen
268 1448 8 22 i
291 1448 27 23 de
333 1448 105 22 särskilda
452 1448 138 23 läroämnena
604 1448 42 23 kan
660 1448 85 23 derföre
760 1447 65 23 ocksä

145 1489 96 17 Allmänna
252 1489 160 18 Besvärsutskottets
423 1489 103 18 betänkande
536 1489 36 17 N:o
584 1488 29 18 17.
