1031 1703
258 152 319 20 Petitlonsbetinkande
593 154 45 18 N:o
653 154 28 20 4.
801 154 11 20 9

98 218 87 21 stående
207 225 37 13 sex
262 218 80 20 erhålla
359 220 39 18 500
413 219 59 20 rubel
488 220 86 26 årligen.
603 220 34 20 Då
652 220 115 20 emellertid
782 222 59 18 anta-

97 252 30 20 let
141 252 92 20 arvoden
249 252 18 26 ej
283 252 66 20 heller
365 253 53 19 visat
433 253 32 25 sig
480 255 105 18 motsvara
599 253 105 26 behofvet,
715 254 79 20 ökades
804 254 34 19 do-

96 286 166 20 centarvodenas
278 286 57 19 antal
351 292 75 20 genom
441 286 140 26 kungörelsen
597 287 23 19 af
633 288 39 18 den
688 288 26 19 30
730 288 41 25 Maj
788 288 51 19 1871

96 326 36 14 om
148 320 112 25 ändringar
275 320 38 20 och
331 320 74 26 tillägg
419 320 7 20 i
442 320 103 20 särskilda
561 321 58 19 delar
634 321 24 19 af
670 321 26 20 de
706 321 32 20 för
749 320 91 21 Alexan-

98 352 203 22 ders-universitetet
323 354 98 26 gällande
441 355 88 19 statuter
544 354 23 20 af
581 355 53 19 1852
650 355 32 19 till
697 361 37 14 sex
749 355 92 19 arvoden

97 395 34 13 om
154 387 105 20 eventuelt
280 387 61 25 3,000
363 388 57 20 mark
440 387 68 27 hvart,
526 388 74 20 medan
617 389 26 19 de
659 389 131 20 återstående
804 395 38 13 sex

97 421 130 21 fortfarande
247 421 68 20 skulle
331 423 74 25 utgöra
419 422 63 25 2,000
498 422 58 20 mark
572 423 87 25 årligen.
687 422 107 26 Derjemte
807 423 35 19 be-

98 455 98 25 stämdes,
219 457 31 18 att
270 455 61 20 dessa
350 456 114 20 understöd
485 456 66 20 skulle
572 456 114 26 bortgifvas
700 456 55 20 blott
769 456 27 26 på
811 457 31 18 tre

99 490 23 19 år
136 490 7 19 i
159 489 74 20 sender
255 491 53 18 samt
327 489 92 21 fördelas
437 490 28 25 på
480 491 27 19 de
521 490 58 20 olika
593 490 140 20 fakulteterna
747 489 95 26 sålunda,

99 525 31 18 att
149 525 30 17 ett
197 523 113 20 understöd
325 523 68 20 skulle
409 523 84 20 tillfalla
508 524 73 26 hvarje
596 524 23 19 af
632 523 124 27 teologiska,
769 523 73 26 juridi-

99 558 38 19 ska
152 557 40 20 och
207 556 131 21 medicinska
357 557 146 25 fakulteterna,
519 560 54 17 samt
587 558 47 25 fyra
648 557 103 20 hvardera
766 557 23 19 af
802 556 40 20 den

99 591 115 20 filosofiska
235 591 126 20 fakultetens
377 591 111 27 sektioner,
505 591 106 21 äfvensom
627 592 35 20 det
677 591 59 20 tolfte
752 590 91 20 tilldelas

99 625 105 27 teologisk
219 625 51 20 eller
285 625 106 26 filologisk
407 625 82 20 docent.
519 626 78 19 Tillika
612 625 114 21 förbehölls
741 626 57 19 inom
813 624 29 20 hi-

99 659 207 26 storisk-filologiska
321 659 109 19 sektionen
446 661 30 17 ett
490 659 113 20 understöd
618 658 32 20 för
659 659 101 19 docentur
770 659 6 19 i
787 658 55 20 klas-

100 693 43 20 sisk
165 693 86 25 filologi,
274 694 54 18 samt
347 692 23 19 af
383 692 139 20 understöden
538 693 6 19 i
561 693 221 26 fysisk-matematiska
797 692 45 20 sek-

101 727 71 19 tionen
194 726 103 20 likaledes
319 727 30 18 ett
368 725 31 20 för
418 725 100 21 docentur
533 727 7 19 i
557 726 55 20 kemi
635 726 38 20 och
689 728 29 17 ett
734 728 64 17 annat
812 725 32 21 för

101 760 101 20 docentur
217 760 6 19 i
239 759 129 20 matematik.
405 759 41 20 Till
466 759 143 27 betryggande
628 760 23 19 af
662 766 67 19 yngre
743 759 101 20 universi-

101 794 119 20 tetslärares
241 793 102 26 ställning
364 792 85 27 stadgar
467 800 79 13 samma
560 794 126 25 kungörelse
700 794 123 25 ytterligare
837 794 7 19 i

101 829 31 19 sin
149 830 10 22 $
178 828 35 19 16:
228 827 160 20 ”konsistorium
404 833 49 20 eger
467 828 42 19 rätt
523 829 32 18 att
569 827 30 20 till
611 827 122 20 erhållande
744 827 24 20 af
775 829 69 18 extra-

102 862 105 21 ordinarie
228 861 114 27 professors
365 861 116 27 värdighet,
501 861 86 20 hvilken
607 861 83 27 åtföljes
705 861 23 20 af
741 861 53 26 årlig
808 862 36 19 lön

101 897 32 20 till
149 897 35 19 det
199 896 82 26 belopp,
290 901 45 14 som
350 895 7 19 i
371 895 74 26 hvarje
459 896 99 19 särskildt
573 895 36 20 fall
625 896 42 19 kan
683 896 65 20 varda
763 896 6 19 i
780 896 65 19 nåder

101 931 111 26 bestämdt,
227 930 38 20 hos
280 929 85 20 kansler
379 929 77 20 föreslå
471 930 78 21 sådane
565 929 105 26 docenter,
685 936 44 14 som
745 929 55 20 visat
813 929 32 26 sig

101 957 51 28 vara
167 964 104 20 utmärkte
286 964 39 20 och
341 963 77 20 nitiske
433 963 68 21 lärare
515 964 40 20 och
570 967 35 17 äro
621 963 72 26 villige
708 965 31 19 att
753 963 36 20 vid
799 963 44 20 uni-

101 999 108 21 versitetet
223 999 7 19 i
245 998 66 20 sådan
327 997 105 26 egenskap
448 998 147 25 gvarstanna.”

169 1032 104 26 Slutligen
296 1031 38 20 bör
353 1031 88 24 märkas,
461 1033 32 18 att
510 1037 75 21 genom
602 1031 39 20 den
657 1031 31 20 för
702 1031 144 20 universitetet

102 1067 41 20 den
160 1067 25 18 18
201 1066 54 19 Mars
272 1065 53 20 1875
341 1065 130 20 stadfästade
487 1072 42 19 nya
543 1067 42 18 stat
600 1065 25 20 de
641 1065 40 20 tolf
694 1065 150 20 docentunder-

102 1100 74 21 stöden
198 1099 69 20 blifvit
289 1099 69 20 ökade
377 1099 33 20 till
430 1099 62 25 2,500
507 1099 60 20 mark
582 1098 79 27 hvarje,
679 1099 73 20 medan
768 1099 26 20 de
808 1105 38 14 sex

101 1134 172 26 förhöjningarna
295 1132 102 21 förblifvit
412 1133 35 20 vid
463 1133 76 26 belopp
555 1133 23 20 af
592 1133 61 26 1,000
668 1133 65 20 mark.
765 1133 80 20 Fortfa-

102 1168 66 20 rande
183 1167 95 26 gvarstär
292 1167 33 20 för
340 1167 143 20 universitetet
498 1167 126 26 rättigheten
641 1169 30 18 att
686 1167 32 20 till
728 1166 119 21 obestämdt

103 1202 59 20 antal
184 1201 77 20 föreslä
276 1201 176 20 extra-ordinarie
467 1201 133 26 professorer,
616 1200 83 21 hvilkas
713 1201 134 26 lönebelopp,

102 1235 84 28 jemlikt
200 1241 54 14 anm,
272 1235 13 20 4
300 1234 32 20 till
349 1235 52 19 1875
419 1234 32 20 års
466 1237 47 23 stat,
528 1234 54 21 skall
598 1234 104 20 utbetalas
716 1234 24 19 af
752 1236 94 18 statsme-

106 1269 40 21 del.
176 1269 80 20 Endast
270 1275 26 14 en
311 1268 56 26 gång
381 1268 38 20 har
434 1268 54 21 dock
504 1269 143 20 universitetet
659 1268 73 20 hittills
744 1268 104 26 begagnat

104 1304 34 26 sig
152 1303 24 21 af
183 1303 68 20 denna
269 1302 105 26 rättighet.
403 1301 160 27 Totalanslaget
572 1302 31 20 för
614 1302 126 21 docenterne
750 1303 38 18 har
798 1303 50 18 åren

107 1338 60 23 1852,
191 1337 60 24 1859,
276 1336 50 18 1871
352 1336 39 18 och
415 1336 53 19 1875
490 1337 54 18 varit
558 1342 53 18 resp.
628 1336 60 25 3,000
704 1336 66 24 rubel,
786 1336 62 24 6,000

106 1370 66 24 rubel,
188 1369 76 25 30,000
280 1368 58 19 mark
354 1368 39 20 och
409 1367 76 27 36,000
501 1368 65 20 mark.
596 1368 80 20 Genom
692 1370 30 18 att
732 1368 116 20 emellertid

107 1402 217 22 docentunderstöden
339 1402 54 19 varit
407 1401 109 21 fördelade
530 1402 28 26 pä
571 1401 119 25 fakulteter,
706 1401 64 21 hafva
780 1401 26 20 de
816 1401 33 20 till

104 1444 28 14 en
152 1437 35 21 del
208 1436 47 20 icke
274 1436 81 20 kunnat
373 1436 27 26 pä
415 1436 50 20 flere
480 1436 23 20 &r
517 1435 111 27 utbetalas,
643 1438 49 18 utan
708 1436 38 20 har
760 1436 89 20 sälunda

105 1478 27 14 en
152 1470 88 21 särskild
263 1470 200 20 docentunderstöds
486 1470 172 27 besparingsfond
681 1471 103 26 uppstått;
801 1477 47 13 men

175 1509 101 18 Allmänna
287 1509 185 18 Besvärs-utskottets
484 1510 111 18 betänkande
606 1509 36 19 N:o
654 1511 16 16 4.
