<?xml version="1.0" encoding="UTF-8"?>
<alto xmlns="http://www.loc.gov/standards/alto/ns-v3#" xmlns:xlink="http://www.w3.org/1999/xlink" xmlns:xsi="http://www.w3.org/2001/XMLSchema-instance" xsi:schemaLocation="http://www.loc.gov/standards/alto/ns-v3# http://www.loc.gov/alto/v3/alto-3-0.xsd">
	<Description>
		<MeasurementUnit>pixel</MeasurementUnit>
		<sourceImageInformation>
			<fileName>/tmp/tess_spjuin0i_input.PNG</fileName>
		</sourceImageInformation>
		<OCRProcessing ID="OCR_0">
			<ocrProcessingStep>
				<processingSoftware>
					<softwareName>tesseract 5.3.4</softwareName>
				</processingSoftware>
			</ocrProcessingStep>
		</OCRProcessing>
	</Description>
	<Layout>
		<Page WIDTH="1039" HEIGHT="1714" PHYSICAL_IMG_NR="0" ID="page_0">
			<PrintSpace HPOS="0" VPOS="0" WIDTH="1039" HEIGHT="1714">
				<ComposedBlock ID="cblock_0" HPOS="298" VPOS="142" WIDTH="522" HEIGHT="21">
					<TextBlock ID="block_0" HPOS="298" VPOS="142" WIDTH="522" HEIGHT="21">
						<TextLine ID="line_0" HPOS="298" VPOS="142" WIDTH="522" HEIGHT="21">
							<String ID="string_0" HPOS="298" VPOS="142" WIDTH="240" HEIGHT="21" WC="0.91" CONTENT="Petitionsbetänkande"/><SP WIDTH="11" VPOS="142" HPOS="538"/>
							<String ID="string_1" HPOS="549" VPOS="143" WIDTH="38" HEIGHT="20" WC="0.96" CONTENT="N:o"/><SP WIDTH="11" VPOS="143" HPOS="587"/>
							<String ID="string_2" HPOS="598" VPOS="143" WIDTH="34" HEIGHT="20" WC="0.96" CONTENT="20."/><SP WIDTH="167" VPOS="143" HPOS="632"/>
							<String ID="string_3" HPOS="799" VPOS="145" WIDTH="21" HEIGHT="18" WC="0.96" CONTENT="69"/>
						</TextLine>
					</TextBlock>
				</ComposedBlock>
				<ComposedBlock ID="cblock_1" HPOS="91" VPOS="208" WIDTH="755" HEIGHT="1303">
					<TextBlock ID="block_1" HPOS="91" VPOS="208" WIDTH="753" HEIGHT="649">
						<TextLine ID="line_1" HPOS="161" VPOS="208" WIDTH="682" HEIGHT="22">
							<String ID="string_4" HPOS="161" VPOS="208" WIDTH="49" HEIGHT="22" WC="0.96" CONTENT="Mer"/><SP WIDTH="15" VPOS="208" HPOS="210"/>
							<String ID="string_5" HPOS="225" VPOS="210" WIDTH="27" HEIGHT="19" WC="0.96" CONTENT="än"/><SP WIDTH="15" VPOS="210" HPOS="252"/>
							<String ID="string_6" HPOS="267" VPOS="208" WIDTH="106" HEIGHT="22" WC="0.96" CONTENT="måhända"/><SP WIDTH="15" VPOS="208" HPOS="373"/>
							<String ID="string_7" HPOS="388" VPOS="209" WIDTH="26" HEIGHT="21" WC="0.96" CONTENT="de"/><SP WIDTH="14" VPOS="209" HPOS="414"/>
							<String ID="string_8" HPOS="428" VPOS="208" WIDTH="62" HEIGHT="22" WC="0.96" CONTENT="flesta"/><SP WIDTH="15" VPOS="208" HPOS="490"/>
							<String ID="string_9" HPOS="505" VPOS="209" WIDTH="66" HEIGHT="21" WC="0.96" CONTENT="andra"/><SP WIDTH="16" VPOS="209" HPOS="571"/>
							<String ID="string_10" HPOS="587" VPOS="209" WIDTH="72" HEIGHT="21" WC="0.96" CONTENT="städer"/><SP WIDTH="14" VPOS="209" HPOS="659"/>
							<String ID="string_11" HPOS="673" VPOS="208" WIDTH="7" HEIGHT="22" WC="0.96" CONTENT="i"/><SP WIDTH="15" VPOS="208" HPOS="680"/>
							<String ID="string_12" HPOS="695" VPOS="208" WIDTH="90" HEIGHT="22" WC="0.96" CONTENT="Finland"/><SP WIDTH="15" VPOS="208" HPOS="785"/>
							<String ID="string_13" HPOS="800" VPOS="209" WIDTH="43" HEIGHT="21" WC="0.96" CONTENT="kan"/>
						</TextLine>
						<TextLine ID="line_2" HPOS="93" VPOS="242" WIDTH="750" HEIGHT="22">
							<String ID="string_14" HPOS="93" VPOS="243" WIDTH="55" HEIGHT="21" WC="0.96" CONTENT="dock"/><SP WIDTH="18" VPOS="243" HPOS="148"/>
							<String ID="string_15" HPOS="166" VPOS="242" WIDTH="144" HEIGHT="22" WC="0.96" CONTENT="Tammerfors"/><SP WIDTH="18" VPOS="242" HPOS="310"/>
							<String ID="string_16" HPOS="328" VPOS="249" WIDTH="62" HEIGHT="15" WC="0.96" CONTENT="anses"/><SP WIDTH="16" VPOS="249" HPOS="390"/>
							<String ID="string_17" HPOS="406" VPOS="242" WIDTH="34" HEIGHT="22" WC="0.96" CONTENT="för"/><SP WIDTH="18" VPOS="242" HPOS="440"/>
							<String ID="string_18" HPOS="458" VPOS="243" WIDTH="131" HEIGHT="21" WC="0.96" CONTENT="närvarande"/><SP WIDTH="18" VPOS="243" HPOS="589"/>
							<String ID="string_19" HPOS="607" VPOS="242" WIDTH="64" HEIGHT="22" WC="0.95" CONTENT="hafva"/><SP WIDTH="18" VPOS="242" HPOS="671"/>
							<String ID="string_20" HPOS="689" VPOS="242" WIDTH="71" HEIGHT="22" WC="0.93" CONTENT="blifvit"/><SP WIDTH="17" VPOS="242" HPOS="760"/>
							<String ID="string_21" HPOS="777" VPOS="243" WIDTH="66" HEIGHT="21" WC="0.91" CONTENT="förbi-"/>
						</TextLine>
						<TextLine ID="line_3" HPOS="91" VPOS="276" WIDTH="751" HEIGHT="28">
							<String ID="string_22" HPOS="91" VPOS="277" WIDTH="80" HEIGHT="27" WC="0.93" CONTENT="gänget"/><SP WIDTH="14" VPOS="277" HPOS="171"/>
							<String ID="string_23" HPOS="185" VPOS="276" WIDTH="37" HEIGHT="22" WC="0.93" CONTENT="vid"/><SP WIDTH="14" VPOS="276" HPOS="222"/>
							<String ID="string_24" HPOS="236" VPOS="276" WIDTH="156" HEIGHT="22" WC="0.92" CONTENT="dislokationen"/><SP WIDTH="15" VPOS="276" HPOS="392"/>
							<String ID="string_25" HPOS="407" VPOS="276" WIDTH="23" HEIGHT="21" WC="0.93" CONTENT="af"/><SP WIDTH="13" VPOS="276" HPOS="430"/>
							<String ID="string_26" HPOS="443" VPOS="276" WIDTH="224" HEIGHT="22" WC="0.92" CONTENT="elementarläroverk."/><SP WIDTH="32" VPOS="276" HPOS="667"/>
							<String ID="string_27" HPOS="699" VPOS="276" WIDTH="70" HEIGHT="22" WC="0.96" CONTENT="Sedan"/><SP WIDTH="18" VPOS="276" HPOS="769"/>
							<String ID="string_28" HPOS="787" VPOS="277" WIDTH="55" HEIGHT="21" WC="0.96" CONTENT="1873"/>
						</TextLine>
						<TextLine ID="line_4" HPOS="92" VPOS="311" WIDTH="751" HEIGHT="27">
							<String ID="string_29" HPOS="92" VPOS="311" WIDTH="40" HEIGHT="21" WC="0.96" CONTENT="har"/><SP WIDTH="15" VPOS="311" HPOS="132"/>
							<String ID="string_30" HPOS="147" VPOS="311" WIDTH="69" HEIGHT="21" WC="0.96" CONTENT="denna"/><SP WIDTH="18" VPOS="311" HPOS="216"/>
							<String ID="string_31" HPOS="234" VPOS="312" WIDTH="34" HEIGHT="20" WC="0.93" CONTENT="ort"/><SP WIDTH="20" VPOS="312" HPOS="268"/>
							<String ID="string_32" HPOS="288" VPOS="311" WIDTH="18" HEIGHT="27" WC="0.92" CONTENT="ej"/><SP WIDTH="16" VPOS="311" HPOS="306"/>
							<String ID="string_33" HPOS="322" VPOS="311" WIDTH="65" HEIGHT="26" WC="0.92" CONTENT="nägot"/><SP WIDTH="15" VPOS="311" HPOS="387"/>
							<String ID="string_34" HPOS="402" VPOS="311" WIDTH="88" HEIGHT="27" WC="0.92" CONTENT="lyceum,"/><SP WIDTH="17" VPOS="311" HPOS="490"/>
							<String ID="string_35" HPOS="507" VPOS="312" WIDTH="67" HEIGHT="20" WC="0.92" CONTENT="ehuru"/><SP WIDTH="16" VPOS="312" HPOS="574"/>
							<String ID="string_36" HPOS="590" VPOS="311" WIDTH="123" HEIGHT="22" WC="0.92" CONTENT="densamma"/><SP WIDTH="15" VPOS="311" HPOS="713"/>
							<String ID="string_37" HPOS="728" VPOS="312" WIDTH="49" HEIGHT="20" WC="0.93" CONTENT="med"/><SP WIDTH="14" VPOS="312" HPOS="777"/>
							<String ID="string_38" HPOS="791" VPOS="311" WIDTH="52" HEIGHT="21" WC="0.89" CONTENT="hän-"/>
						</TextLine>
						<TextLine ID="line_5" HPOS="92" VPOS="345" WIDTH="752" HEIGHT="28">
							<String ID="string_39" HPOS="92" VPOS="345" WIDTH="78" HEIGHT="22" WC="0.92" CONTENT="seende"/><SP WIDTH="18" VPOS="345" HPOS="170"/>
							<String ID="string_40" HPOS="188" VPOS="345" WIDTH="34" HEIGHT="22" WC="0.96" CONTENT="till"/><SP WIDTH="18" VPOS="345" HPOS="222"/>
							<String ID="string_41" HPOS="240" VPOS="346" WIDTH="34" HEIGHT="21" WC="0.93" CONTENT="sin"/><SP WIDTH="18" VPOS="346" HPOS="274"/>
							<String ID="string_42" HPOS="292" VPOS="345" WIDTH="124" HEIGHT="27" WC="0.92" CONTENT="folkmängd"/><SP WIDTH="18" VPOS="345" HPOS="416"/>
							<String ID="string_43" HPOS="434" VPOS="348" WIDTH="24" HEIGHT="19" WC="0.93" CONTENT="är"/><SP WIDTH="17" VPOS="348" HPOS="458"/>
							<String ID="string_44" HPOS="475" VPOS="346" WIDTH="84" HEIGHT="22" WC="0.92" CONTENT="landets"/><SP WIDTH="19" VPOS="346" HPOS="559"/>
							<String ID="string_45" HPOS="578" VPOS="345" WIDTH="69" HEIGHT="28" WC="0.92" CONTENT="fjerde"/><SP WIDTH="18" VPOS="345" HPOS="647"/>
							<String ID="string_46" HPOS="665" VPOS="346" WIDTH="54" HEIGHT="22" WC="0.96" CONTENT="stad."/><SP WIDTH="31" VPOS="346" HPOS="719"/>
							<String ID="string_47" HPOS="750" VPOS="346" WIDTH="43" HEIGHT="21" WC="0.96" CONTENT="För"/><SP WIDTH="19" VPOS="346" HPOS="793"/>
							<String ID="string_48" HPOS="812" VPOS="346" WIDTH="32" HEIGHT="21" WC="0.96" CONTENT="att"/>
						</TextLine>
						<TextLine ID="line_6" HPOS="91" VPOS="380" WIDTH="752" HEIGHT="28">
							<String ID="string_49" HPOS="91" VPOS="380" WIDTH="48" HEIGHT="22" WC="0.96" CONTENT="icke"/><SP WIDTH="16" VPOS="380" HPOS="139"/>
							<String ID="string_50" HPOS="155" VPOS="380" WIDTH="80" HEIGHT="22" WC="0.96" CONTENT="föreslå"/><SP WIDTH="15" VPOS="380" HPOS="235"/>
							<String ID="string_51" HPOS="250" VPOS="382" WIDTH="69" HEIGHT="20" WC="0.96" CONTENT="större"/><SP WIDTH="14" VPOS="382" HPOS="319"/>
							<String ID="string_52" HPOS="333" VPOS="380" WIDTH="89" HEIGHT="27" WC="0.96" CONTENT="utgifter"/><SP WIDTH="15" VPOS="380" HPOS="422"/>
							<String ID="string_53" HPOS="437" VPOS="382" WIDTH="27" HEIGHT="20" WC="0.93" CONTENT="än"/><SP WIDTH="11" VPOS="382" HPOS="464"/>
							<String ID="string_54" HPOS="475" VPOS="380" WIDTH="140" HEIGHT="22" WC="0.91" CONTENT="statsverkets"/><SP WIDTH="10" VPOS="380" HPOS="615"/>
							<String ID="string_55" HPOS="625" VPOS="380" WIDTH="116" HEIGHT="28" WC="0.96" CONTENT="tillgångar"/><SP WIDTH="10" VPOS="380" HPOS="741"/>
							<String ID="string_56" HPOS="751" VPOS="380" WIDTH="33" HEIGHT="22" WC="0.93" CONTENT="för"/><SP WIDTH="10" VPOS="380" HPOS="784"/>
							<String ID="string_57" HPOS="794" VPOS="382" WIDTH="49" HEIGHT="19" WC="0.93" CONTENT="när-"/>
						</TextLine>
						<TextLine ID="line_7" HPOS="91" VPOS="414" WIDTH="752" HEIGHT="28">
							<String ID="string_58" HPOS="91" VPOS="414" WIDTH="93" HEIGHT="23" WC="0.91" CONTENT="varande"/><SP WIDTH="22" VPOS="414" HPOS="184"/>
							<String ID="string_59" HPOS="206" VPOS="415" WIDTH="62" HEIGHT="22" WC="0.92" CONTENT="torde"/><SP WIDTH="22" VPOS="415" HPOS="268"/>
							<String ID="string_60" HPOS="290" VPOS="415" WIDTH="114" HEIGHT="27" WC="0.92" CONTENT="medgifva,"/><SP WIDTH="22" VPOS="415" HPOS="404"/>
							<String ID="string_61" HPOS="426" VPOS="415" WIDTH="40" HEIGHT="22" WC="0.93" CONTENT="har"/><SP WIDTH="21" VPOS="415" HPOS="466"/>
							<String ID="string_62" HPOS="487" VPOS="415" WIDTH="105" HEIGHT="22" WC="0.92" CONTENT="utskottet"/><SP WIDTH="22" VPOS="415" HPOS="592"/>
							<String ID="string_63" HPOS="614" VPOS="415" WIDTH="54" HEIGHT="22" WC="0.93" CONTENT="dock"/><SP WIDTH="18" VPOS="415" HPOS="668"/>
							<String ID="string_64" HPOS="686" VPOS="416" WIDTH="19" HEIGHT="26" WC="0.92" CONTENT="ej"/><SP WIDTH="20" VPOS="416" HPOS="705"/>
							<String ID="string_65" HPOS="725" VPOS="416" WIDTH="70" HEIGHT="20" WC="0.93" CONTENT="ansett"/><SP WIDTH="15" VPOS="416" HPOS="795"/>
							<String ID="string_66" HPOS="810" VPOS="415" WIDTH="33" HEIGHT="27" WC="0.96" CONTENT="sig"/>
						</TextLine>
						<TextLine ID="line_8" HPOS="91" VPOS="449" WIDTH="751" HEIGHT="28">
							<String ID="string_67" HPOS="91" VPOS="450" WIDTH="53" HEIGHT="21" WC="0.92" CONTENT="böra"/><SP WIDTH="22" VPOS="450" HPOS="144"/>
							<String ID="string_68" HPOS="166" VPOS="449" WIDTH="107" HEIGHT="22" WC="0.87" CONTENT="bestämdt"/><SP WIDTH="20" VPOS="449" HPOS="273"/>
							<String ID="string_69" HPOS="293" VPOS="450" WIDTH="109" HEIGHT="27" WC="0.90" CONTENT="tillstyrka"/><SP WIDTH="20" VPOS="450" HPOS="402"/>
							<String ID="string_70" HPOS="422" VPOS="450" WIDTH="61" HEIGHT="22" WC="0.89" CONTENT="bifall"/><SP WIDTH="18" VPOS="450" HPOS="483"/>
							<String ID="string_71" HPOS="501" VPOS="450" WIDTH="33" HEIGHT="22" WC="0.96" CONTENT="till"/><SP WIDTH="23" VPOS="450" HPOS="534"/>
							<String ID="string_72" HPOS="557" VPOS="450" WIDTH="26" HEIGHT="22" WC="0.96" CONTENT="de"/><SP WIDTH="18" VPOS="450" HPOS="583"/>
							<String ID="string_73" HPOS="601" VPOS="450" WIDTH="24" HEIGHT="21" WC="0.93" CONTENT="af"/><SP WIDTH="15" VPOS="450" HPOS="625"/>
							<String ID="string_74" HPOS="640" VPOS="450" WIDTH="76" HEIGHT="22" WC="0.92" CONTENT="herrar"/><SP WIDTH="19" VPOS="450" HPOS="716"/>
							<String ID="string_75" HPOS="735" VPOS="450" WIDTH="107" HEIGHT="26" WC="0.96" CONTENT="Törnudd,"/>
						</TextLine>
						<TextLine ID="line_9" HPOS="91" VPOS="483" WIDTH="753" HEIGHT="29">
							<String ID="string_76" HPOS="91" VPOS="484" WIDTH="96" HEIGHT="27" WC="0.53" CONTENT="Procop&amp;6"/><SP WIDTH="22" VPOS="484" HPOS="187"/>
							<String ID="string_77" HPOS="209" VPOS="485" WIDTH="40" HEIGHT="21" WC="0.93" CONTENT="och"/><SP WIDTH="21" VPOS="485" HPOS="249"/>
							<String ID="string_78" HPOS="270" VPOS="484" WIDTH="130" HEIGHT="22" WC="0.90" CONTENT="Hammarén"/><SP WIDTH="22" VPOS="484" HPOS="400"/>
							<String ID="string_79" HPOS="422" VPOS="485" WIDTH="81" HEIGHT="27" WC="0.92" CONTENT="ingifna"/><SP WIDTH="20" VPOS="485" HPOS="503"/>
							<String ID="string_80" HPOS="523" VPOS="485" WIDTH="115" HEIGHT="27" WC="0.90" CONTENT="petitioner"/><SP WIDTH="22" VPOS="485" HPOS="638"/>
							<String ID="string_81" HPOS="660" VPOS="491" WIDTH="34" HEIGHT="15" WC="0.96" CONTENT="om"/><SP WIDTH="19" VPOS="491" HPOS="694"/>
							<String ID="string_82" HPOS="713" VPOS="485" WIDTH="89" HEIGHT="26" WC="0.96" CONTENT="ändring"/><SP WIDTH="19" VPOS="485" HPOS="802"/>
							<String ID="string_83" HPOS="821" VPOS="483" WIDTH="23" HEIGHT="22" WC="0.97" CONTENT="af"/>
						</TextLine>
						<TextLine ID="line_10" HPOS="92" VPOS="518" WIDTH="751" HEIGHT="28">
							<String ID="string_84" HPOS="92" VPOS="519" WIDTH="59" HEIGHT="21" WC="0.93" CONTENT="detta"/><SP WIDTH="14" VPOS="519" HPOS="151"/>
							<String ID="string_85" HPOS="165" VPOS="518" WIDTH="140" HEIGHT="27" WC="0.91" CONTENT="förhällande,"/><SP WIDTH="19" VPOS="518" HPOS="305"/>
							<String ID="string_86" HPOS="324" VPOS="518" WIDTH="26" HEIGHT="22" WC="0.95" CONTENT="sä"/><SP WIDTH="17" VPOS="518" HPOS="350"/>
							<String ID="string_87" HPOS="367" VPOS="519" WIDTH="83" HEIGHT="27" WC="0.96" CONTENT="mycket"/><SP WIDTH="14" VPOS="519" HPOS="450"/>
							<String ID="string_88" HPOS="464" VPOS="526" WIDTH="46" HEIGHT="15" WC="0.96" CONTENT="mer"/><SP WIDTH="14" VPOS="526" HPOS="510"/>
							<String ID="string_89" HPOS="524" VPOS="519" WIDTH="28" HEIGHT="21" WC="0.96" CONTENT="dä"/><SP WIDTH="15" VPOS="519" HPOS="552"/>
							<String ID="string_90" HPOS="567" VPOS="519" WIDTH="82" HEIGHT="27" WC="0.93" CONTENT="staden,"/><SP WIDTH="16" VPOS="519" HPOS="649"/>
							<String ID="string_91" HPOS="665" VPOS="519" WIDTH="70" HEIGHT="21" WC="0.93" CONTENT="säsom"/><SP WIDTH="15" VPOS="519" HPOS="735"/>
							<String ID="string_92" HPOS="750" VPOS="518" WIDTH="93" HEIGHT="22" WC="0.92" CONTENT="varande"/>
						</TextLine>
						<TextLine ID="line_11" HPOS="91" VPOS="553" WIDTH="753" HEIGHT="27">
							<String ID="string_93" HPOS="91" VPOS="553" WIDTH="103" HEIGHT="22" WC="0.96" CONTENT="Finlands"/><SP WIDTH="18" VPOS="553" HPOS="194"/>
							<String ID="string_94" HPOS="212" VPOS="553" WIDTH="68" HEIGHT="21" WC="0.93" CONTENT="första"/><SP WIDTH="18" VPOS="553" HPOS="280"/>
							<String ID="string_95" HPOS="298" VPOS="553" WIDTH="130" HEIGHT="21" WC="0.91" CONTENT="fabriksstad"/><SP WIDTH="18" VPOS="553" HPOS="428"/>
							<String ID="string_96" HPOS="446" VPOS="554" WIDTH="61" HEIGHT="21" WC="0.96" CONTENT="torde"/><SP WIDTH="18" VPOS="554" HPOS="507"/>
							<String ID="string_97" HPOS="525" VPOS="560" WIDTH="47" HEIGHT="15" WC="0.96" CONTENT="mer"/><SP WIDTH="17" VPOS="560" HPOS="572"/>
							<String ID="string_98" HPOS="589" VPOS="555" WIDTH="28" HEIGHT="20" WC="0.93" CONTENT="än"/><SP WIDTH="18" VPOS="555" HPOS="617"/>
							<String ID="string_99" HPOS="635" VPOS="554" WIDTH="72" HEIGHT="26" WC="0.90" CONTENT="nägon"/><SP WIDTH="18" VPOS="554" HPOS="707"/>
							<String ID="string_100" HPOS="725" VPOS="559" WIDTH="70" HEIGHT="15" WC="0.96" CONTENT="annan"/><SP WIDTH="15" VPOS="559" HPOS="795"/>
							<String ID="string_101" HPOS="810" VPOS="554" WIDTH="34" HEIGHT="20" WC="0.96" CONTENT="ort"/>
						</TextLine>
						<TextLine ID="line_12" HPOS="91" VPOS="587" WIDTH="751" HEIGHT="28">
							<String ID="string_102" HPOS="91" VPOS="594" WIDTH="52" HEIGHT="15" WC="0.93" CONTENT="vara"/><SP WIDTH="14" VPOS="594" HPOS="143"/>
							<String ID="string_103" HPOS="157" VPOS="589" WIDTH="58" HEIGHT="20" WC="0.93" CONTENT="rätta"/><SP WIDTH="13" VPOS="589" HPOS="215"/>
							<String ID="string_104" HPOS="228" VPOS="588" WIDTH="85" HEIGHT="27" WC="0.96" CONTENT="platsen"/><SP WIDTH="15" VPOS="588" HPOS="313"/>
							<String ID="string_105" HPOS="328" VPOS="587" WIDTH="34" HEIGHT="21" WC="0.93" CONTENT="för"/><SP WIDTH="13" VPOS="587" HPOS="362"/>
							<String ID="string_106" HPOS="375" VPOS="588" WIDTH="121" HEIGHT="22" WC="0.92" CONTENT="inrättande"/><SP WIDTH="15" VPOS="588" HPOS="496"/>
							<String ID="string_107" HPOS="511" VPOS="588" WIDTH="24" HEIGHT="21" WC="0.97" CONTENT="af"/><SP WIDTH="13" VPOS="588" HPOS="535"/>
							<String ID="string_108" HPOS="548" VPOS="594" WIDTH="27" HEIGHT="16" WC="0.93" CONTENT="en"/><SP WIDTH="9" VPOS="594" HPOS="575"/>
							<String ID="string_109" HPOS="584" VPOS="588" WIDTH="159" HEIGHT="26" WC="0.92" CONTENT="industriskola,"/><SP WIDTH="10" VPOS="588" HPOS="743"/>
							<String ID="string_110" HPOS="753" VPOS="587" WIDTH="89" HEIGHT="21" WC="0.88" CONTENT="hvarom"/>
						</TextLine>
						<TextLine ID="line_13" HPOS="91" VPOS="622" WIDTH="752" HEIGHT="27">
							<String ID="string_111" HPOS="91" VPOS="622" WIDTH="107" HEIGHT="22" WC="0.92" CONTENT="utskottet"/><SP WIDTH="11" VPOS="622" HPOS="198"/>
							<String ID="string_112" HPOS="209" VPOS="622" WIDTH="80" HEIGHT="27" WC="0.92" CONTENT="jemväl"/><SP WIDTH="15" VPOS="622" HPOS="289"/>
							<String ID="string_113" HPOS="304" VPOS="622" WIDTH="8" HEIGHT="21" WC="0.97" CONTENT="i"/><SP WIDTH="15" VPOS="622" HPOS="312"/>
							<String ID="string_114" HPOS="327" VPOS="623" WIDTH="31" HEIGHT="20" WC="0.96" CONTENT="ett"/><SP WIDTH="14" VPOS="623" HPOS="358"/>
							<String ID="string_115" HPOS="372" VPOS="622" WIDTH="94" HEIGHT="27" WC="0.93" CONTENT="följande"/><SP WIDTH="14" VPOS="622" HPOS="466"/>
							<String ID="string_116" HPOS="480" VPOS="622" WIDTH="135" HEIGHT="22" WC="0.92" CONTENT="betänkande"/><SP WIDTH="14" VPOS="622" HPOS="615"/>
							<String ID="string_117" HPOS="629" VPOS="622" WIDTH="96" HEIGHT="22" WC="0.96" CONTENT="kommer"/><SP WIDTH="16" VPOS="622" HPOS="725"/>
							<String ID="string_118" HPOS="741" VPOS="623" WIDTH="32" HEIGHT="19" WC="0.93" CONTENT="att"/><SP WIDTH="13" VPOS="623" HPOS="773"/>
							<String ID="string_119" HPOS="786" VPOS="622" WIDTH="57" HEIGHT="26" WC="0.92" CONTENT="yttra"/>
						</TextLine>
						<TextLine ID="line_14" HPOS="91" VPOS="656" WIDTH="752" HEIGHT="28">
							<String ID="string_120" HPOS="91" VPOS="657" WIDTH="40" HEIGHT="27" WC="0.93" CONTENT="sig."/><SP WIDTH="29" VPOS="657" HPOS="131"/>
							<String ID="string_121" HPOS="160" VPOS="657" WIDTH="60" HEIGHT="21" WC="0.96" CONTENT="Blott"/><SP WIDTH="18" VPOS="657" HPOS="220"/>
							<String ID="string_122" HPOS="238" VPOS="657" WIDTH="36" HEIGHT="21" WC="0.93" CONTENT="det"/><SP WIDTH="18" VPOS="657" HPOS="274"/>
							<String ID="string_123" HPOS="292" VPOS="658" WIDTH="46" HEIGHT="20" WC="0.96" CONTENT="tror"/><SP WIDTH="19" VPOS="658" HPOS="338"/>
							<String ID="string_124" HPOS="357" VPOS="657" WIDTH="32" HEIGHT="27" WC="0.93" CONTENT="sig"/><SP WIDTH="15" VPOS="657" HPOS="389"/>
							<String ID="string_125" HPOS="404" VPOS="657" WIDTH="105" HEIGHT="21" WC="0.96" CONTENT="utskottet"/><SP WIDTH="14" VPOS="657" HPOS="509"/>
							<String ID="string_126" HPOS="523" VPOS="656" WIDTH="72" HEIGHT="22" WC="0.96" CONTENT="kunna"/><SP WIDTH="15" VPOS="656" HPOS="595"/>
							<String ID="string_127" HPOS="610" VPOS="657" WIDTH="49" HEIGHT="21" WC="0.96" CONTENT="med"/><SP WIDTH="14" VPOS="657" HPOS="659"/>
							<String ID="string_128" HPOS="673" VPOS="656" WIDTH="121" HEIGHT="22" WC="0.96" CONTENT="hänseende"/><SP WIDTH="14" VPOS="656" HPOS="794"/>
							<String ID="string_129" HPOS="808" VPOS="656" WIDTH="35" HEIGHT="21" WC="0.96" CONTENT="till"/>
						</TextLine>
						<TextLine ID="line_15" HPOS="91" VPOS="690" WIDTH="752" HEIGHT="28">
							<String ID="string_130" HPOS="91" VPOS="691" WIDTH="141" HEIGHT="23" WC="0.89" CONTENT="förevarande"/><SP WIDTH="19" VPOS="691" HPOS="232"/>
							<String ID="string_131" HPOS="251" VPOS="691" WIDTH="62" HEIGHT="27" WC="0.92" CONTENT="fräga"/><SP WIDTH="18" VPOS="691" HPOS="313"/>
							<String ID="string_132" HPOS="331" VPOS="690" WIDTH="87" HEIGHT="27" WC="0.91" CONTENT="föreslä,"/><SP WIDTH="19" VPOS="690" HPOS="418"/>
							<String ID="string_133" HPOS="437" VPOS="692" WIDTH="32" HEIGHT="20" WC="0.93" CONTENT="att"/><SP WIDTH="18" VPOS="692" HPOS="469"/>
							<String ID="string_134" HPOS="487" VPOS="691" WIDTH="72" HEIGHT="21" WC="0.91" CONTENT="derest"/><SP WIDTH="14" VPOS="691" HPOS="559"/>
							<String ID="string_135" HPOS="573" VPOS="691" WIDTH="100" HEIGHT="27" WC="0.93" CONTENT="tilloppet"/><SP WIDTH="14" VPOS="691" HPOS="673"/>
							<String ID="string_136" HPOS="687" VPOS="690" WIDTH="23" HEIGHT="22" WC="0.93" CONTENT="af"/><SP WIDTH="14" VPOS="690" HPOS="710"/>
							<String ID="string_137" HPOS="724" VPOS="691" WIDTH="71" HEIGHT="21" WC="0.93" CONTENT="elever"/><SP WIDTH="13" VPOS="691" HPOS="795"/>
							<String ID="string_138" HPOS="808" VPOS="690" WIDTH="35" HEIGHT="21" WC="0.96" CONTENT="till"/>
						</TextLine>
						<TextLine ID="line_16" HPOS="92" VPOS="725" WIDTH="750" HEIGHT="28">
							<String ID="string_139" HPOS="92" VPOS="726" WIDTH="37" HEIGHT="22" WC="0.96" CONTENT="det"/><SP WIDTH="17" VPOS="726" HPOS="129"/>
							<String ID="string_140" HPOS="146" VPOS="726" WIDTH="69" HEIGHT="22" WC="0.93" CONTENT="finska"/><SP WIDTH="17" VPOS="726" HPOS="215"/>
							<String ID="string_141" HPOS="232" VPOS="725" WIDTH="153" HEIGHT="28" WC="0.87" CONTENT="normallyceet"/><SP WIDTH="18" VPOS="725" HPOS="385"/>
							<String ID="string_142" HPOS="403" VPOS="726" WIDTH="8" HEIGHT="20" WC="0.93" CONTENT="i"/><SP WIDTH="19" VPOS="726" HPOS="411"/>
							<String ID="string_143" HPOS="430" VPOS="726" WIDTH="131" HEIGHT="22" WC="0.94" CONTENT="Tavastehus"/><SP WIDTH="16" VPOS="726" HPOS="561"/>
							<String ID="string_144" HPOS="577" VPOS="726" WIDTH="70" HEIGHT="21" WC="0.93" CONTENT="skulle"/><SP WIDTH="14" VPOS="726" HPOS="647"/>
							<String ID="string_145" HPOS="661" VPOS="725" WIDTH="68" HEIGHT="21" WC="0.95" CONTENT="blifva"/><SP WIDTH="14" VPOS="725" HPOS="729"/>
							<String ID="string_146" HPOS="743" VPOS="725" WIDTH="24" HEIGHT="21" WC="0.96" CONTENT="sä"/><SP WIDTH="15" VPOS="725" HPOS="767"/>
							<String ID="string_147" HPOS="782" VPOS="726" WIDTH="60" HEIGHT="25" WC="0.96" CONTENT="stort,"/>
						</TextLine>
						<TextLine ID="line_17" HPOS="91" VPOS="759" WIDTH="752" HEIGHT="29">
							<String ID="string_148" HPOS="91" VPOS="762" WIDTH="33" HEIGHT="20" WC="0.93" CONTENT="att"/><SP WIDTH="14" VPOS="762" HPOS="124"/>
							<String ID="string_149" HPOS="138" VPOS="760" WIDTH="105" HEIGHT="28" WC="0.93" CONTENT="styrelsen"/><SP WIDTH="15" VPOS="760" HPOS="243"/>
							<String ID="string_150" HPOS="258" VPOS="760" WIDTH="70" HEIGHT="22" WC="0.93" CONTENT="skulle"/><SP WIDTH="16" VPOS="760" HPOS="328"/>
							<String ID="string_151" HPOS="344" VPOS="766" WIDTH="50" HEIGHT="16" WC="0.93" CONTENT="anse"/><SP WIDTH="16" VPOS="766" HPOS="394"/>
							<String ID="string_152" HPOS="410" VPOS="760" WIDTH="32" HEIGHT="27" WC="0.93" CONTENT="sig"/><SP WIDTH="15" VPOS="760" HPOS="442"/>
							<String ID="string_153" HPOS="457" VPOS="760" WIDTH="52" HEIGHT="21" WC="0.89" CONTENT="böra"/><SP WIDTH="10" VPOS="760" HPOS="509"/>
							<String ID="string_154" HPOS="519" VPOS="766" WIDTH="52" HEIGHT="16" WC="0.93" CONTENT="vara"/><SP WIDTH="9" VPOS="766" HPOS="571"/>
							<String ID="string_155" HPOS="580" VPOS="760" WIDTH="89" HEIGHT="22" WC="0.92" CONTENT="betänkt"/><SP WIDTH="9" VPOS="760" HPOS="669"/>
							<String ID="string_156" HPOS="678" VPOS="760" WIDTH="28" HEIGHT="27" WC="0.97" CONTENT="pä"/><SP WIDTH="10" VPOS="760" HPOS="706"/>
							<String ID="string_157" HPOS="716" VPOS="766" WIDTH="27" HEIGHT="15" WC="0.96" CONTENT="en"/><SP WIDTH="10" VPOS="766" HPOS="743"/>
							<String ID="string_158" HPOS="753" VPOS="759" WIDTH="90" HEIGHT="27" WC="0.91" CONTENT="parallel"/>
						</TextLine>
						<TextLine ID="line_18" HPOS="91" VPOS="794" WIDTH="751" HEIGHT="28">
							<String ID="string_159" HPOS="91" VPOS="795" WIDTH="121" HEIGHT="27" WC="0.93" CONTENT="afdelnings"/><SP WIDTH="15" VPOS="795" HPOS="212"/>
							<String ID="string_160" HPOS="227" VPOS="795" WIDTH="127" HEIGHT="26" WC="0.92" CONTENT="inrättande,"/><SP WIDTH="26" VPOS="795" HPOS="354"/>
							<String ID="string_161" HPOS="380" VPOS="795" WIDTH="60" HEIGHT="21" WC="0.95" CONTENT="detta"/><SP WIDTH="25" VPOS="795" HPOS="440"/>
							<String ID="string_162" HPOS="465" VPOS="801" WIDTH="41" HEIGHT="21" WC="0.95" CONTENT="nya"/><SP WIDTH="21" VPOS="801" HPOS="506"/>
							<String ID="string_163" HPOS="527" VPOS="795" WIDTH="70" HEIGHT="22" WC="0.93" CONTENT="finska"/><SP WIDTH="18" VPOS="795" HPOS="597"/>
							<String ID="string_164" HPOS="615" VPOS="794" WIDTH="100" HEIGHT="22" WC="0.92" CONTENT="läroverk"/><SP WIDTH="19" VPOS="794" HPOS="715"/>
							<String ID="string_165" HPOS="734" VPOS="794" WIDTH="28" HEIGHT="21" WC="0.93" CONTENT="dä"/><SP WIDTH="14" VPOS="794" HPOS="762"/>
							<String ID="string_166" HPOS="776" VPOS="794" WIDTH="66" HEIGHT="21" WC="0.92" CONTENT="mätte"/>
						</TextLine>
						<TextLine ID="line_19" HPOS="91" VPOS="829" WIDTH="645" HEIGHT="28">
							<String ID="string_167" HPOS="91" VPOS="831" WIDTH="69" HEIGHT="21" WC="0.93" CONTENT="hellre"/><SP WIDTH="15" VPOS="831" HPOS="160"/>
							<String ID="string_168" HPOS="175" VPOS="830" WIDTH="109" HEIGHT="27" WC="0.91" CONTENT="förläggas"/><SP WIDTH="15" VPOS="830" HPOS="284"/>
							<String ID="string_169" HPOS="299" VPOS="830" WIDTH="34" HEIGHT="21" WC="0.88" CONTENT="till"/><SP WIDTH="15" VPOS="830" HPOS="333"/>
							<String ID="string_170" HPOS="348" VPOS="830" WIDTH="144" HEIGHT="21" WC="0.96" CONTENT="Tammerfors"/><SP WIDTH="14" VPOS="830" HPOS="492"/>
							<String ID="string_171" HPOS="506" VPOS="831" WIDTH="27" HEIGHT="21" WC="0.96" CONTENT="än"/><SP WIDTH="15" VPOS="831" HPOS="533"/>
							<String ID="string_172" HPOS="548" VPOS="830" WIDTH="35" HEIGHT="21" WC="0.93" CONTENT="till"/><SP WIDTH="14" VPOS="830" HPOS="583"/>
							<String ID="string_173" HPOS="597" VPOS="829" WIDTH="139" HEIGHT="22" WC="0.93" CONTENT="Tavastehus."/>
						</TextLine>
					</TextBlock>
					<TextBlock ID="block_2" HPOS="91" VPOS="864" WIDTH="755" HEIGHT="546">
						<TextLine ID="line_20" HPOS="160" VPOS="864" WIDTH="684" HEIGHT="27">
							<String ID="string_174" HPOS="160" VPOS="864" WIDTH="42" HEIGHT="22" WC="0.95" CONTENT="Till"/><SP WIDTH="23" VPOS="864" HPOS="202"/>
							<String ID="string_175" HPOS="225" VPOS="864" WIDTH="33" HEIGHT="22" WC="0.95" CONTENT="S:t"/><SP WIDTH="20" VPOS="864" HPOS="258"/>
							<String ID="string_176" HPOS="278" VPOS="864" WIDTH="92" HEIGHT="22" WC="0.96" CONTENT="Michels"/><SP WIDTH="21" VPOS="864" HPOS="370"/>
							<String ID="string_177" HPOS="391" VPOS="864" WIDTH="43" HEIGHT="27" WC="0.93" CONTENT="län,"/><SP WIDTH="23" VPOS="864" HPOS="434"/>
							<String ID="string_178" HPOS="457" VPOS="864" WIDTH="82" HEIGHT="22" WC="0.91" CONTENT="hvilket"/><SP WIDTH="18" VPOS="864" HPOS="539"/>
							<String ID="string_179" HPOS="557" VPOS="864" WIDTH="33" HEIGHT="22" WC="0.96" CONTENT="för"/><SP WIDTH="18" VPOS="864" HPOS="590"/>
							<String ID="string_180" HPOS="608" VPOS="864" WIDTH="133" HEIGHT="21" WC="0.93" CONTENT="närvarande"/><SP WIDTH="15" VPOS="864" HPOS="741"/>
							<String ID="string_181" HPOS="756" VPOS="864" WIDTH="20" HEIGHT="26" WC="0.92" CONTENT="ej"/><SP WIDTH="17" VPOS="864" HPOS="776"/>
							<String ID="string_182" HPOS="793" VPOS="869" WIDTH="51" HEIGHT="21" WC="0.91" CONTENT="eger"/>
						</TextLine>
						<TextLine ID="line_21" HPOS="91" VPOS="898" WIDTH="753" HEIGHT="27">
							<String ID="string_183" HPOS="91" VPOS="901" WIDTH="65" HEIGHT="21" WC="0.95" CONTENT="något"/><SP WIDTH="21" VPOS="901" HPOS="156"/>
							<String ID="string_184" HPOS="177" VPOS="898" WIDTH="65" HEIGHT="23" WC="0.95" CONTENT="finskt"/><SP WIDTH="17" VPOS="898" HPOS="242"/>
							<String ID="string_185" HPOS="259" VPOS="898" WIDTH="107" HEIGHT="26" WC="0.96" CONTENT="läroverk,"/><SP WIDTH="20" VPOS="898" HPOS="366"/>
							<String ID="string_186" HPOS="386" VPOS="898" WIDTH="40" HEIGHT="22" WC="0.93" CONTENT="har"/><SP WIDTH="22" VPOS="898" HPOS="426"/>
							<String ID="string_187" HPOS="448" VPOS="899" WIDTH="63" HEIGHT="22" WC="0.96" CONTENT="äfven"/><SP WIDTH="14" VPOS="899" HPOS="511"/>
							<String ID="string_188" HPOS="525" VPOS="900" WIDTH="32" HEIGHT="21" WC="0.93" CONTENT="ett"/><SP WIDTH="18" VPOS="900" HPOS="557"/>
							<String ID="string_189" HPOS="575" VPOS="899" WIDTH="77" HEIGHT="21" WC="0.96" CONTENT="sådant"/><SP WIDTH="16" VPOS="899" HPOS="652"/>
							<String ID="string_190" HPOS="668" VPOS="898" WIDTH="71" HEIGHT="22" WC="0.93" CONTENT="blifvit"/><SP WIDTH="14" VPOS="898" HPOS="739"/>
							<String ID="string_191" HPOS="753" VPOS="898" WIDTH="91" HEIGHT="27" WC="0.93" CONTENT="begärdt"/>
						</TextLine>
						<TextLine ID="line_22" HPOS="91" VPOS="932" WIDTH="752" HEIGHT="29">
							<String ID="string_192" HPOS="91" VPOS="936" WIDTH="32" HEIGHT="20" WC="0.96" CONTENT="uti"/><SP WIDTH="23" VPOS="936" HPOS="123"/>
							<String ID="string_193" HPOS="146" VPOS="934" WIDTH="51" HEIGHT="22" WC="0.96" CONTENT="flere"/><SP WIDTH="22" VPOS="934" HPOS="197"/>
							<String ID="string_194" HPOS="219" VPOS="934" WIDTH="23" HEIGHT="22" WC="0.95" CONTENT="af"/><SP WIDTH="21" VPOS="934" HPOS="242"/>
							<String ID="string_195" HPOS="263" VPOS="934" WIDTH="63" HEIGHT="22" WC="0.96" CONTENT="ofvan"/><SP WIDTH="22" VPOS="934" HPOS="326"/>
							<String ID="string_196" HPOS="348" VPOS="934" WIDTH="88" HEIGHT="27" WC="0.93" CONTENT="intagna"/><SP WIDTH="22" VPOS="934" HPOS="436"/>
							<String ID="string_197" HPOS="458" VPOS="934" WIDTH="120" HEIGHT="27" WC="0.90" CONTENT="petitioner."/><SP WIDTH="37" VPOS="934" HPOS="578"/>
							<String ID="string_198" HPOS="615" VPOS="933" WIDTH="82" HEIGHT="22" WC="0.91" CONTENT="Herrar"/><SP WIDTH="25" VPOS="933" HPOS="697"/>
							<String ID="string_199" HPOS="722" VPOS="932" WIDTH="121" HEIGHT="27" WC="0.90" CONTENT="Hornborg,"/>
						</TextLine>
						<TextLine ID="line_23" HPOS="91" VPOS="968" WIDTH="753" HEIGHT="28">
							<String ID="string_200" HPOS="91" VPOS="970" WIDTH="97" HEIGHT="26" WC="0.93" CONTENT="Avellan,"/><SP WIDTH="20" VPOS="970" HPOS="188"/>
							<String ID="string_201" HPOS="208" VPOS="969" WIDTH="107" HEIGHT="23" WC="0.92" CONTENT="Warelius"/><SP WIDTH="21" VPOS="969" HPOS="315"/>
							<String ID="string_202" HPOS="336" VPOS="970" WIDTH="110" HEIGHT="22" WC="0.92" CONTENT="äfvensom"/><SP WIDTH="22" VPOS="970" HPOS="446"/>
							<String ID="string_203" HPOS="468" VPOS="969" WIDTH="168" HEIGHT="22" WC="0.92" CONTENT="bondeståndets"/><SP WIDTH="19" VPOS="969" HPOS="636"/>
							<String ID="string_204" HPOS="655" VPOS="968" WIDTH="99" HEIGHT="27" WC="0.93" CONTENT="samtliga"/><SP WIDTH="19" VPOS="968" HPOS="754"/>
							<String ID="string_205" HPOS="773" VPOS="973" WIDTH="71" HEIGHT="21" WC="0.91" CONTENT="repre-"/>
						</TextLine>
						<TextLine ID="line_24" HPOS="92" VPOS="1002" WIDTH="754" HEIGHT="28">
							<String ID="string_206" HPOS="92" VPOS="1006" WIDTH="110" HEIGHT="21" WC="0.91" CONTENT="sentanter"/><SP WIDTH="20" VPOS="1006" HPOS="202"/>
							<String ID="string_207" HPOS="222" VPOS="1004" WIDTH="34" HEIGHT="22" WC="0.97" CONTENT="för"/><SP WIDTH="22" VPOS="1004" HPOS="256"/>
							<String ID="string_208" HPOS="278" VPOS="1004" WIDTH="104" HEIGHT="22" WC="0.79" CONTENT="Savolaks"/><SP WIDTH="21" VPOS="1004" HPOS="382"/>
							<String ID="string_209" HPOS="403" VPOS="1004" WIDTH="64" HEIGHT="22" WC="0.95" CONTENT="hafva"/><SP WIDTH="22" VPOS="1004" HPOS="467"/>
							<String ID="string_210" HPOS="489" VPOS="1004" WIDTH="96" HEIGHT="26" WC="0.95" CONTENT="anhållit,"/><SP WIDTH="22" VPOS="1004" HPOS="585"/>
							<String ID="string_211" HPOS="607" VPOS="1004" WIDTH="33" HEIGHT="21" WC="0.96" CONTENT="att"/><SP WIDTH="19" VPOS="1004" HPOS="640"/>
							<String ID="string_212" HPOS="659" VPOS="1003" WIDTH="36" HEIGHT="21" WC="0.96" CONTENT="det"/><SP WIDTH="17" VPOS="1003" HPOS="695"/>
							<String ID="string_213" HPOS="712" VPOS="1009" WIDTH="29" HEIGHT="15" WC="0.96" CONTENT="nu"/><SP WIDTH="18" VPOS="1009" HPOS="741"/>
							<String ID="string_214" HPOS="759" VPOS="1002" WIDTH="33" HEIGHT="22" WC="0.96" CONTENT="till"/><SP WIDTH="22" VPOS="1002" HPOS="792"/>
							<String ID="string_215" HPOS="814" VPOS="1002" WIDTH="32" HEIGHT="22" WC="0.91" CONTENT="S:t"/>
						</TextLine>
						<TextLine ID="line_25" HPOS="91" VPOS="1036" WIDTH="753" HEIGHT="30">
							<String ID="string_216" HPOS="91" VPOS="1040" WIDTH="91" HEIGHT="22" WC="0.95" CONTENT="Michels"/><SP WIDTH="23" VPOS="1040" HPOS="182"/>
							<String ID="string_217" HPOS="205" VPOS="1040" WIDTH="48" HEIGHT="21" WC="0.96" CONTENT="stad"/><SP WIDTH="21" VPOS="1040" HPOS="253"/>
							<String ID="string_218" HPOS="274" VPOS="1039" WIDTH="99" HEIGHT="27" WC="0.95" CONTENT="förlagda"/><SP WIDTH="23" VPOS="1039" HPOS="373"/>
							<String ID="string_219" HPOS="396" VPOS="1039" WIDTH="91" HEIGHT="22" WC="0.96" CONTENT="svenska"/><SP WIDTH="18" VPOS="1039" HPOS="487"/>
							<String ID="string_220" HPOS="505" VPOS="1038" WIDTH="122" HEIGHT="22" WC="0.96" CONTENT="läroverket"/><SP WIDTH="18" VPOS="1038" HPOS="627"/>
							<String ID="string_221" HPOS="645" VPOS="1038" WIDTH="66" HEIGHT="22" WC="0.92" CONTENT="måtte"/><SP WIDTH="19" VPOS="1038" HPOS="711"/>
							<String ID="string_222" HPOS="730" VPOS="1036" WIDTH="114" HEIGHT="22" WC="0.92" CONTENT="förfinskas"/>
						</TextLine>
						<TextLine ID="line_26" HPOS="91" VPOS="1072" WIDTH="753" HEIGHT="29">
							<String ID="string_223" HPOS="91" VPOS="1075" WIDTH="59" HEIGHT="21" WC="0.96" CONTENT="klass"/><SP WIDTH="14" VPOS="1075" HPOS="150"/>
							<String ID="string_224" HPOS="164" VPOS="1074" WIDTH="35" HEIGHT="22" WC="0.96" CONTENT="för"/><SP WIDTH="17" VPOS="1074" HPOS="199"/>
							<String ID="string_225" HPOS="216" VPOS="1074" WIDTH="66" HEIGHT="27" WC="0.96" CONTENT="klass,"/><SP WIDTH="19" VPOS="1074" HPOS="282"/>
							<String ID="string_226" HPOS="301" VPOS="1074" WIDTH="77" HEIGHT="22" WC="0.96" CONTENT="medan"/><SP WIDTH="18" VPOS="1074" HPOS="378"/>
							<String ID="string_227" HPOS="396" VPOS="1074" WIDTH="47" HEIGHT="21" WC="0.96" CONTENT="åter"/><SP WIDTH="16" VPOS="1074" HPOS="443"/>
							<String ID="string_228" HPOS="459" VPOS="1074" WIDTH="105" HEIGHT="21" WC="0.96" CONTENT="ombuden"/><SP WIDTH="14" VPOS="1074" HPOS="564"/>
							<String ID="string_229" HPOS="578" VPOS="1072" WIDTH="34" HEIGHT="22" WC="0.96" CONTENT="för"/><SP WIDTH="14" VPOS="1072" HPOS="612"/>
							<String ID="string_230" HPOS="626" VPOS="1072" WIDTH="84" HEIGHT="22" WC="0.96" CONTENT="landets"/><SP WIDTH="16" VPOS="1072" HPOS="710"/>
							<String ID="string_231" HPOS="726" VPOS="1072" WIDTH="118" HEIGHT="21" WC="0.96" CONTENT="skollärare"/>
						</TextLine>
						<TextLine ID="line_27" HPOS="92" VPOS="1106" WIDTH="751" HEIGHT="28">
							<String ID="string_232" HPOS="92" VPOS="1109" WIDTH="76" HEIGHT="22" WC="0.96" CONTENT="endast"/><SP WIDTH="18" VPOS="1109" HPOS="168"/>
							<String ID="string_233" HPOS="186" VPOS="1108" WIDTH="8" HEIGHT="22" WC="0.96" CONTENT="i"/><SP WIDTH="18" VPOS="1108" HPOS="194"/>
							<String ID="string_234" HPOS="212" VPOS="1108" WIDTH="117" HEIGHT="22" WC="0.91" CONTENT="allmänhet"/><SP WIDTH="18" VPOS="1108" HPOS="329"/>
							<String ID="string_235" HPOS="347" VPOS="1108" WIDTH="118" HEIGHT="22" WC="0.92" CONTENT="framhällit"/><SP WIDTH="17" VPOS="1108" HPOS="465"/>
							<String ID="string_236" HPOS="482" VPOS="1108" WIDTH="101" HEIGHT="22" WC="0.93" CONTENT="behofvet"/><SP WIDTH="15" VPOS="1108" HPOS="583"/>
							<String ID="string_237" HPOS="598" VPOS="1106" WIDTH="23" HEIGHT="22" WC="0.97" CONTENT="af"/><SP WIDTH="14" VPOS="1106" HPOS="621"/>
							<String ID="string_238" HPOS="635" VPOS="1108" WIDTH="32" HEIGHT="21" WC="0.96" CONTENT="ett"/><SP WIDTH="14" VPOS="1108" HPOS="667"/>
							<String ID="string_239" HPOS="681" VPOS="1106" WIDTH="66" HEIGHT="22" WC="0.95" CONTENT="finskt"/><SP WIDTH="14" VPOS="1106" HPOS="747"/>
							<String ID="string_240" HPOS="761" VPOS="1106" WIDTH="82" HEIGHT="28" WC="0.96" CONTENT="lyceum"/>
						</TextLine>
						<TextLine ID="line_28" HPOS="91" VPOS="1141" WIDTH="752" HEIGHT="29">
							<String ID="string_241" HPOS="91" VPOS="1144" WIDTH="8" HEIGHT="21" WC="0.96" CONTENT="i"/><SP WIDTH="14" VPOS="1144" HPOS="99"/>
							<String ID="string_242" HPOS="113" VPOS="1143" WIDTH="93" HEIGHT="22" WC="0.97" CONTENT="nämnda"/><SP WIDTH="14" VPOS="1143" HPOS="206"/>
							<String ID="string_243" HPOS="220" VPOS="1144" WIDTH="42" HEIGHT="21" WC="0.95" CONTENT="län."/><SP WIDTH="30" VPOS="1144" HPOS="262"/>
							<String ID="string_244" HPOS="292" VPOS="1143" WIDTH="112" HEIGHT="21" WC="0.96" CONTENT="Utskottet"/><SP WIDTH="14" VPOS="1143" HPOS="404"/>
							<String ID="string_245" HPOS="418" VPOS="1143" WIDTH="40" HEIGHT="21" WC="0.96" CONTENT="har"/><SP WIDTH="14" VPOS="1143" HPOS="458"/>
							<String ID="string_246" HPOS="472" VPOS="1143" WIDTH="28" HEIGHT="27" WC="0.96" CONTENT="på"/><SP WIDTH="15" VPOS="1143" HPOS="500"/>
							<String ID="string_247" HPOS="515" VPOS="1148" WIDTH="81" HEIGHT="16" WC="0.96" CONTENT="samma"/><SP WIDTH="14" VPOS="1148" HPOS="596"/>
							<String ID="string_248" HPOS="610" VPOS="1141" WIDTH="56" HEIGHT="28" WC="0.95" CONTENT="gång"/><SP WIDTH="16" VPOS="1141" HPOS="666"/>
							<String ID="string_249" HPOS="682" VPOS="1142" WIDTH="55" HEIGHT="26" WC="0.96" CONTENT="tagit"/><SP WIDTH="13" VPOS="1142" HPOS="737"/>
							<String ID="string_250" HPOS="750" VPOS="1142" WIDTH="9" HEIGHT="20" WC="0.92" CONTENT="i"/><SP WIDTH="15" VPOS="1142" HPOS="759"/>
							<String ID="string_251" HPOS="774" VPOS="1141" WIDTH="69" HEIGHT="21" WC="0.91" CONTENT="öfver-"/>
						</TextLine>
						<TextLine ID="line_29" HPOS="92" VPOS="1174" WIDTH="753" HEIGHT="31">
							<String ID="string_252" HPOS="92" VPOS="1178" WIDTH="96" HEIGHT="27" WC="0.96" CONTENT="vägande"/><SP WIDTH="16" VPOS="1178" HPOS="188"/>
							<String ID="string_253" HPOS="204" VPOS="1178" WIDTH="26" HEIGHT="22" WC="0.96" CONTENT="de"/><SP WIDTH="14" VPOS="1178" HPOS="230"/>
							<String ID="string_254" HPOS="244" VPOS="1178" WIDTH="116" HEIGHT="27" WC="0.96" CONTENT="yrkanden,"/><SP WIDTH="19" VPOS="1178" HPOS="360"/>
							<String ID="string_255" HPOS="379" VPOS="1183" WIDTH="46" HEIGHT="16" WC="0.93" CONTENT="som"/><SP WIDTH="18" VPOS="1183" HPOS="425"/>
							<String ID="string_256" HPOS="443" VPOS="1177" WIDTH="119" HEIGHT="21" WC="0.91" CONTENT="framstälts"/><SP WIDTH="15" VPOS="1177" HPOS="562"/>
							<String ID="string_257" HPOS="577" VPOS="1176" WIDTH="24" HEIGHT="22" WC="0.92" CONTENT="af"/><SP WIDTH="12" VPOS="1176" HPOS="601"/>
							<String ID="string_258" HPOS="613" VPOS="1176" WIDTH="167" HEIGHT="27" WC="0.90" CONTENT="petitionärerne"/><SP WIDTH="14" VPOS="1176" HPOS="780"/>
							<String ID="string_259" HPOS="794" VPOS="1174" WIDTH="51" HEIGHT="22" WC="0.91" CONTENT="Wa-"/>
						</TextLine>
						<TextLine ID="line_30" HPOS="91" VPOS="1209" WIDTH="754" HEIGHT="30">
							<String ID="string_260" HPOS="91" VPOS="1213" WIDTH="73" HEIGHT="26" WC="0.92" CONTENT="relius,"/><SP WIDTH="16" VPOS="1213" HPOS="164"/>
							<String ID="string_261" HPOS="180" VPOS="1213" WIDTH="27" HEIGHT="21" WC="0.90" CONTENT="H."/><SP WIDTH="15" VPOS="1213" HPOS="207"/>
							<String ID="string_262" HPOS="222" VPOS="1212" WIDTH="106" HEIGHT="26" WC="0.92" CONTENT="Jaatinen,"/><SP WIDTH="16" VPOS="1212" HPOS="328"/>
							<String ID="string_263" HPOS="344" VPOS="1211" WIDTH="24" HEIGHT="22" WC="0.91" CONTENT="T."/><SP WIDTH="14" VPOS="1211" HPOS="368"/>
							<String ID="string_264" HPOS="382" VPOS="1211" WIDTH="100" HEIGHT="22" WC="0.92" CONTENT="Jaatinen"/><SP WIDTH="15" VPOS="1211" HPOS="482"/>
							<String ID="string_265" HPOS="497" VPOS="1213" WIDTH="55" HEIGHT="20" WC="0.93" CONTENT="samt"/><SP WIDTH="13" VPOS="1213" HPOS="552"/>
							<String ID="string_266" HPOS="565" VPOS="1211" WIDTH="124" HEIGHT="26" WC="0.90" CONTENT="Montonen,"/><SP WIDTH="15" VPOS="1211" HPOS="689"/>
							<String ID="string_267" HPOS="704" VPOS="1212" WIDTH="32" HEIGHT="20" WC="0.93" CONTENT="att"/><SP WIDTH="9" VPOS="1212" HPOS="736"/>
							<String ID="string_268" HPOS="745" VPOS="1209" WIDTH="100" HEIGHT="27" WC="0.92" CONTENT="Wiborgs"/>
						</TextLine>
						<TextLine ID="line_31" HPOS="91" VPOS="1243" WIDTH="754" HEIGHT="31">
							<String ID="string_269" HPOS="91" VPOS="1247" WIDTH="84" HEIGHT="27" WC="0.94" CONTENT="lyceum"/><SP WIDTH="19" VPOS="1247" HPOS="175"/>
							<String ID="string_270" HPOS="194" VPOS="1247" WIDTH="66" HEIGHT="22" WC="0.96" CONTENT="måtte"/><SP WIDTH="16" VPOS="1247" HPOS="260"/>
							<String ID="string_271" HPOS="276" VPOS="1246" WIDTH="82" HEIGHT="22" WC="0.95" CONTENT="erhålla"/><SP WIDTH="13" VPOS="1246" HPOS="358"/>
							<String ID="string_272" HPOS="371" VPOS="1245" WIDTH="69" HEIGHT="23" WC="0.96" CONTENT="finska"/><SP WIDTH="15" VPOS="1245" HPOS="440"/>
							<String ID="string_273" HPOS="455" VPOS="1246" WIDTH="86" HEIGHT="27" WC="0.96" CONTENT="språket"/><SP WIDTH="14" VPOS="1246" HPOS="541"/>
							<String ID="string_274" HPOS="555" VPOS="1245" WIDTH="34" HEIGHT="22" WC="0.92" CONTENT="till"/><SP WIDTH="20" VPOS="1245" HPOS="589"/>
							<String ID="string_275" HPOS="609" VPOS="1243" WIDTH="236" HEIGHT="28" WC="0.91" CONTENT="undervisningsspråk,"/>
						</TextLine>
						<TextLine ID="line_32" HPOS="92" VPOS="1278" WIDTH="754" HEIGHT="29">
							<String ID="string_276" HPOS="92" VPOS="1281" WIDTH="111" HEIGHT="22" WC="0.96" CONTENT="äfvensom"/><SP WIDTH="17" VPOS="1281" HPOS="203"/>
							<String ID="string_277" HPOS="220" VPOS="1281" WIDTH="51" HEIGHT="22" WC="0.93" CONTENT="herr"/><SP WIDTH="17" VPOS="1281" HPOS="271"/>
							<String ID="string_278" HPOS="288" VPOS="1281" WIDTH="102" HEIGHT="22" WC="0.92" CONTENT="Avellans"/><SP WIDTH="17" VPOS="1281" HPOS="390"/>
							<String ID="string_279" HPOS="407" VPOS="1281" WIDTH="95" HEIGHT="26" WC="0.96" CONTENT="begäran"/><SP WIDTH="18" VPOS="1281" HPOS="502"/>
							<String ID="string_280" HPOS="520" VPOS="1286" WIDTH="34" HEIGHT="16" WC="0.96" CONTENT="om"/><SP WIDTH="19" VPOS="1286" HPOS="554"/>
							<String ID="string_281" HPOS="573" VPOS="1281" WIDTH="31" HEIGHT="20" WC="0.96" CONTENT="ett"/><SP WIDTH="21" VPOS="1281" HPOS="604"/>
							<String ID="string_282" HPOS="625" VPOS="1279" WIDTH="66" HEIGHT="22" WC="0.93" CONTENT="finskt"/><SP WIDTH="17" VPOS="1279" HPOS="691"/>
							<String ID="string_283" HPOS="708" VPOS="1279" WIDTH="84" HEIGHT="28" WC="0.92" CONTENT="lyceum"/><SP WIDTH="19" VPOS="1279" HPOS="792"/>
							<String ID="string_284" HPOS="811" VPOS="1278" WIDTH="35" HEIGHT="22" WC="0.96" CONTENT="till"/>
						</TextLine>
						<TextLine ID="line_33" HPOS="92" VPOS="1313" WIDTH="753" HEIGHT="30">
							<String ID="string_285" HPOS="92" VPOS="1317" WIDTH="89" HEIGHT="26" WC="0.91" CONTENT="Wiborg"/><SP WIDTH="14" VPOS="1317" HPOS="181"/>
							<String ID="string_286" HPOS="195" VPOS="1317" WIDTH="57" HEIGHT="22" WC="0.92" CONTENT="samt"/><SP WIDTH="17" VPOS="1317" HPOS="252"/>
							<String ID="string_287" HPOS="269" VPOS="1317" WIDTH="210" HEIGHT="26" WC="0.91" CONTENT="representanternas"/><SP WIDTH="18" VPOS="1317" HPOS="479"/>
							<String ID="string_288" HPOS="497" VPOS="1315" WIDTH="34" HEIGHT="22" WC="0.96" CONTENT="för"/><SP WIDTH="14" VPOS="1315" HPOS="531"/>
							<String ID="string_289" HPOS="545" VPOS="1315" WIDTH="84" HEIGHT="22" WC="0.96" CONTENT="landets"/><SP WIDTH="19" VPOS="1315" HPOS="629"/>
							<String ID="string_290" HPOS="648" VPOS="1314" WIDTH="118" HEIGHT="22" WC="0.93" CONTENT="skollärare"/><SP WIDTH="14" VPOS="1314" HPOS="766"/>
							<String ID="string_291" HPOS="780" VPOS="1313" WIDTH="65" HEIGHT="22" WC="0.92" CONTENT="fram-"/>
						</TextLine>
						<TextLine ID="line_34" HPOS="93" VPOS="1348" WIDTH="752" HEIGHT="28">
							<String ID="string_292" HPOS="93" VPOS="1351" WIDTH="71" HEIGHT="21" WC="0.92" CONTENT="stälda"/><SP WIDTH="18" VPOS="1351" HPOS="164"/>
							<String ID="string_293" HPOS="182" VPOS="1350" WIDTH="107" HEIGHT="26" WC="0.91" CONTENT="anbållan,"/><SP WIDTH="19" VPOS="1350" HPOS="289"/>
							<String ID="string_294" HPOS="308" VPOS="1351" WIDTH="33" HEIGHT="20" WC="0.96" CONTENT="att"/><SP WIDTH="19" VPOS="1351" HPOS="341"/>
							<String ID="string_295" HPOS="360" VPOS="1356" WIDTH="34" HEIGHT="15" WC="0.95" CONTENT="om"/><SP WIDTH="18" VPOS="1356" HPOS="394"/>
							<String ID="string_296" HPOS="412" VPOS="1350" WIDTH="85" HEIGHT="26" WC="0.95" CONTENT="möjligt"/><SP WIDTH="14" VPOS="1350" HPOS="497"/>
							<String ID="string_297" HPOS="511" VPOS="1351" WIDTH="30" HEIGHT="19" WC="0.96" CONTENT="ett"/><SP WIDTH="14" VPOS="1351" HPOS="541"/>
							<String ID="string_298" HPOS="555" VPOS="1349" WIDTH="66" HEIGHT="21" WC="0.96" CONTENT="finskt"/><SP WIDTH="14" VPOS="1349" HPOS="621"/>
							<String ID="string_299" HPOS="635" VPOS="1349" WIDTH="83" HEIGHT="26" WC="0.96" CONTENT="lyceum"/><SP WIDTH="14" VPOS="1349" HPOS="718"/>
							<String ID="string_300" HPOS="732" VPOS="1348" WIDTH="66" HEIGHT="21" WC="0.93" CONTENT="måtte"/><SP WIDTH="14" VPOS="1348" HPOS="798"/>
							<String ID="string_301" HPOS="812" VPOS="1348" WIDTH="33" HEIGHT="20" WC="0.91" CONTENT="in-"/>
						</TextLine>
						<TextLine ID="line_35" HPOS="92" VPOS="1383" WIDTH="266" HEIGHT="27">
							<String ID="string_302" HPOS="92" VPOS="1386" WIDTH="70" HEIGHT="19" WC="0.96" CONTENT="rättas"/><SP WIDTH="16" VPOS="1386" HPOS="162"/>
							<String ID="string_303" HPOS="178" VPOS="1384" WIDTH="8" HEIGHT="21" WC="0.93" CONTENT="i"/><SP WIDTH="14" VPOS="1384" HPOS="186"/>
							<String ID="string_304" HPOS="200" VPOS="1383" WIDTH="100" HEIGHT="27" WC="0.92" CONTENT="Wiborgs"/><SP WIDTH="16" VPOS="1383" HPOS="300"/>
							<String ID="string_305" HPOS="316" VPOS="1383" WIDTH="42" HEIGHT="21" WC="0.96" CONTENT="län."/>
						</TextLine>
					</TextBlock>
					<TextBlock ID="block_3" HPOS="92" VPOS="1415" WIDTH="754" HEIGHT="64">
						<TextLine ID="line_36" HPOS="160" VPOS="1415" WIDTH="686" HEIGHT="30">
							<String ID="string_306" HPOS="160" VPOS="1419" WIDTH="44" HEIGHT="21" WC="0.96" CONTENT="För"/><SP WIDTH="15" VPOS="1419" HPOS="204"/>
							<String ID="string_307" HPOS="219" VPOS="1419" WIDTH="31" HEIGHT="20" WC="0.96" CONTENT="att"/><SP WIDTH="15" VPOS="1419" HPOS="250"/>
							<String ID="string_308" HPOS="265" VPOS="1417" WIDTH="24" HEIGHT="22" WC="0.96" CONTENT="så"/><SP WIDTH="14" VPOS="1417" HPOS="289"/>
							<String ID="string_309" HPOS="303" VPOS="1417" WIDTH="85" HEIGHT="28" WC="0.96" CONTENT="mycket"/><SP WIDTH="14" VPOS="1417" HPOS="388"/>
							<String ID="string_310" HPOS="402" VPOS="1417" WIDTH="87" HEIGHT="22" WC="0.96" CONTENT="säkrare"/><SP WIDTH="16" VPOS="1417" HPOS="489"/>
							<String ID="string_311" HPOS="505" VPOS="1417" WIDTH="72" HEIGHT="22" WC="0.93" CONTENT="kunna"/><SP WIDTH="11" VPOS="1417" HPOS="577"/>
							<String ID="string_312" HPOS="588" VPOS="1416" WIDTH="52" HEIGHT="23" WC="0.90" CONTENT="ernå"/><SP WIDTH="10" VPOS="1416" HPOS="640"/>
							<String ID="string_313" HPOS="650" VPOS="1417" WIDTH="31" HEIGHT="21" WC="0.92" CONTENT="ett"/><SP WIDTH="10" VPOS="1417" HPOS="681"/>
							<String ID="string_314" HPOS="691" VPOS="1415" WIDTH="155" HEIGHT="27" WC="0.91" CONTENT="samstämmigt"/>
						</TextLine>
						<TextLine ID="line_37" HPOS="92" VPOS="1449" WIDTH="754" HEIGHT="30">
							<String ID="string_315" HPOS="92" VPOS="1453" WIDTH="72" HEIGHT="23" WC="0.96" CONTENT="beslut"/><SP WIDTH="17" VPOS="1453" HPOS="164"/>
							<String ID="string_316" HPOS="181" VPOS="1453" WIDTH="7" HEIGHT="21" WC="0.96" CONTENT="i"/><SP WIDTH="20" VPOS="1453" HPOS="188"/>
							<String ID="string_317" HPOS="208" VPOS="1453" WIDTH="40" HEIGHT="21" WC="0.93" CONTENT="den"/><SP WIDTH="18" VPOS="1453" HPOS="248"/>
							<String ID="string_318" HPOS="266" VPOS="1452" WIDTH="82" HEIGHT="27" WC="0.92" CONTENT="vigtiga"/><SP WIDTH="19" VPOS="1452" HPOS="348"/>
							<String ID="string_319" HPOS="367" VPOS="1452" WIDTH="122" HEIGHT="27" WC="0.92" CONTENT="skolfrågan"/><SP WIDTH="17" VPOS="1452" HPOS="489"/>
							<String ID="string_320" HPOS="506" VPOS="1451" WIDTH="39" HEIGHT="22" WC="0.96" CONTENT="har"/><SP WIDTH="18" VPOS="1451" HPOS="545"/>
							<String ID="string_321" HPOS="563" VPOS="1451" WIDTH="106" HEIGHT="22" WC="0.96" CONTENT="utskottet"/><SP WIDTH="18" VPOS="1451" HPOS="669"/>
							<String ID="string_322" HPOS="687" VPOS="1450" WIDTH="119" HEIGHT="23" WC="0.96" CONTENT="emellertid"/><SP WIDTH="20" VPOS="1450" HPOS="806"/>
							<String ID="string_323" HPOS="826" VPOS="1449" WIDTH="20" HEIGHT="27" WC="0.88" CONTENT="ej"/>
						</TextLine>
					</TextBlock>
					<TextBlock ID="block_4" HPOS="162" VPOS="1491" WIDTH="467" HEIGHT="20">
						<TextLine ID="line_38" HPOS="162" VPOS="1491" WIDTH="467" HEIGHT="20">
							<String ID="string_324" HPOS="162" VPOS="1493" WIDTH="94" HEIGHT="18" WC="0.92" CONTENT="Allmänna"/><SP WIDTH="13" VPOS="1493" HPOS="256"/>
							<String ID="string_325" HPOS="269" VPOS="1492" WIDTH="160" HEIGHT="19" WC="0.92" CONTENT="Besvärsutskottets"/><SP WIDTH="10" VPOS="1492" HPOS="429"/>
							<String ID="string_326" HPOS="439" VPOS="1492" WIDTH="103" HEIGHT="18" WC="0.96" CONTENT="betänkande"/><SP WIDTH="11" VPOS="1492" HPOS="542"/>
							<String ID="string_327" HPOS="553" VPOS="1492" WIDTH="36" HEIGHT="17" WC="0.96" CONTENT="N:o"/><SP WIDTH="11" VPOS="1492" HPOS="589"/>
							<String ID="string_328" HPOS="600" VPOS="1491" WIDTH="29" HEIGHT="18" WC="0.96" CONTENT="17."/>
						</TextLine>
					</TextBlock>
				</ComposedBlock>
			</PrintSpace>
		</Page>
	</Layout>
</alto>
