1053 1709
258 136 319 20 Petitionsbetänkande
594 136 45 20 N:o
654 136 50 20 50.
812 136 14 20 5

112 201 74 28 Bergs-
201 202 50 20 eller
265 201 238 28 Härads-Tingsrätten»
520 201 68 21 skulle
606 201 64 21 «efter
688 202 74 21 sakens
776 201 80 22 beskaf-

111 234 73 23 fenhet
199 235 129 21 examineras
343 236 38 20 och
396 235 117 21 modereras
528 237 55 20 samt
596 235 56 22 hvad
667 235 79 22 således
760 234 32 22 för
806 236 51 27 högt

112 270 67 21 finnes
194 277 48 14 vara
257 268 85 30 uppfört
356 269 24 22 af
391 268 120 29 fordringen
525 268 94 30 afdragas
634 270 39 21 och
687 270 70 21 kortas
772 269 85 22 oaktadt

111 303 60 22 therä
186 303 34 21 mä
234 311 49 14 vara
293 303 82 28 utgifna
385 303 143 28 Obligationer
538 303 51 22 eller
604 311 50 20 ey»;
669 303 117 29 hvarjemte
801 304 54 21 dom-

112 337 90 22 stolarne
216 337 104 29 förbjödos
335 339 31 20 att
380 337 85 22 utdöma
480 337 117 29 fordringar
605 337 65 22 innan
680 345 34 14 om
725 337 48 22 dem
788 337 26 28 på
828 337 29 22 fö-

112 371 112 22 reskrifvet
238 373 41 20 sätt
293 371 127 29 liqviderats.
451 371 69 22 Sedan
535 371 68 22 denna
625 371 129 28 liqvidation,
770 372 87 21 hvilken

111 405 64 22 borde
190 406 36 21 ske
240 405 28 29 på
282 406 80 25 hösten,
381 405 33 22 «tå
428 405 158 28 Bergsmännen
601 406 96 27 begynna
706 407 31 20 att
747 413 22 14 se
779 405 31 29 sig
823 413 34 14 om

112 448 42 20 nya
169 439 65 28 förlag
248 439 27 28 på
294 439 90 29 följande
407 439 54 22 årets
483 439 157 29 tillverkning»,
656 440 117 25 verkstälts,
789 440 67 20 skulle

112 473 48 23 med
174 474 134 29 betalningen
326 473 34 22 «så
374 473 127 29 procederas,
513 476 30 19 att
558 473 65 22 första
633 474 44 21 året
692 474 75 21 räknas
782 474 29 21 alt
825 473 32 22 til-

112 516 104 14 sammans
227 508 22 21 så
260 508 26 29 på
295 508 90 28 gammal
398 508 54 28 gäld,
469 515 43 14 som
524 508 83 29 Förlag,
623 508 38 21 och
676 512 38 17 när
728 508 128 27 Blåsningen

113 547 22 18 är
143 543 71 25 skedd,
226 545 54 19 samt
289 542 55 22 Wär
351 542 39 21 och
400 542 106 21 Cronones
514 542 70 22 tionde
597 542 38 21 och
645 550 68 14 annan
723 544 41 20 rätt
774 546 23 17 är
806 541 51 22 först

112 577 104 28 afdragen,
233 576 34 22 må
281 577 64 28 ingen
356 577 46 22 thet
417 576 64 29 öfrige
494 581 46 17 röra
554 578 51 20 utan
620 576 153 29 Bergsfogdens
792 576 65 21 utdel-

113 611 56 29 ning,
186 611 21 22 tå
220 611 53 22 hvar
286 611 93 28 köpman
394 610 52 23 efter
461 612 46 21 thes
517 610 95 29 prioritet
621 610 9 22 i
640 611 88 21 skulden
739 611 45 21 skal
798 611 60 21 niuta

113 647 47 21 thes
175 646 60 21 andel
250 645 8 22 i
273 645 110 28 Tackjärn,
399 645 52 22 först
465 645 32 21 för
507 646 104 27 Förlaget,
628 653 43 13 som
687 645 25 21 til
727 645 131 21 thensamma

111 680 124 28 bläsningen
250 679 54 29 gjort
314 687 42 18 var,
367 679 77 22 hvartil
454 679 41 22 kan
505 679 103 22 anordnas
616 679 141 29 Förläggaren
767 681 31 19 tre
810 679 47 21 fier-

113 715 84 22 dedelar
211 715 38 20 och
264 714 64 21 sedan
343 714 25 21 til
382 714 69 28 gamla
465 714 99 21 skuldens
578 713 108 28 betalning
696 721 26 14 en
737 713 119 28 fjerdepart,

113 749 22 22 sä
150 749 57 28 långt
221 748 72 22 thertil
308 748 92 26 räcker»;
416 747 87 26 hvilket,
519 747 8 21 i
542 747 92 28 enlighet
652 747 49 22 med
714 747 56 21 hvad
786 755 71 13 senare

111 783 146 28 författningar
272 795 28 2 —
313 782 63 21 bland
398 781 48 22 dem
460 781 203 28 Förlagsordningen
680 781 22 22 af
718 781 41 22 den
776 781 28 22 24
818 781 40 21 Fe-

113 817 71 22 bruari
201 817 53 21 1748
269 829 27 2 —
312 816 111 25 innehålla,
439 815 58 22 torde
515 816 50 21 böra
583 815 74 22 förstås
672 815 92 25 sålunda,
780 817 31 19 att
825 823 33 14 om

113 853 50 21 flere
179 851 119 29 förläggare,
315 851 57 21 äldre
386 850 39 22 och
439 858 71 21 nyare,
526 849 129 22 konkurrera
671 858 34 13 om
715 849 107 29 betalning
835 857 24 14 ur

113 886 170 31 tillverlgingen,
299 887 31 20 tre
345 884 124 29 fjerdedelar
487 885 68 21 skulle
577 884 117 22 tillkomma
710 884 40 21 den
764 891 42 22 nye
820 883 39 22 för-

114 921 103 28 läggaren,
236 920 60 21 «med
310 919 62 22 hvars
387 919 88 21 kostnad
489 919 77 21 bruket
583 918 153 26 underhälles»,
752 919 108 20 hvaremot

115 955 41 22 den
171 955 56 21 äldre
241 953 131 28 förläggaren
387 953 55 25 eller,
459 960 34 13 om
507 953 50 21 flere
572 952 76 22 sådane
662 953 82 25 funnos,
760 953 41 20 den
815 959 44 14 som

115 989 66 22 äldsta
202 988 120 28 fordringen
343 987 61 25 hade,
420 986 77 29 åtnjöte
519 995 27 13 en
568 986 101 28 fjerdedel
687 986 43 22 tills
745 987 48 20 hela
807 987 52 20 hans

115 1023 84 22 fordran
213 1022 71 22 blifvit
297 1021 83 28 gulden.
411 1021 43 21 För
469 1021 62 28 öfrigt
545 1025 58 24 säges
613 1021 8 20 i
632 1021 54 21 1696
698 1021 32 22 års
746 1020 47 22 bref
805 1021 55 20 huru

116 1058 35 21 det
168 1064 49 14 vore
227 1057 51 24 bäst,
296 1057 31 20 att
342 1055 62 22 hvart
419 1055 94 28 hyttelag
529 1054 84 22 utvalde
632 1054 22 22 åt
672 1055 32 28 sig
718 1054 55 22 skild
788 1053 73 29 förläg-

115 1099 55 21 gare,
194 1099 26 13 en
240 1089 138 33 bestämning,
401 1096 45 14 som
467 1088 100 22 likaledes
585 1088 37 28 går
636 1089 48 27 igen
708 1088 32 22 uti
755 1088 55 21 1748
828 1087 33 22 års

115 1125 126 28 förordning,
256 1123 88 23 hvilken
359 1123 36 22 vid
413 1122 72 29 frågan
507 1130 33 13 om
562 1121 138 29 förlagsaftals
721 1121 140 22 intecknande

116 1161 39 22 och
169 1158 135 29 kungörande
322 1157 38 29 «på
374 1157 36 22 det
424 1157 40 21 den
480 1164 38 14 ene
533 1156 128 29 förläggaren
677 1157 48 21 med
740 1156 40 22 den
797 1155 64 22 andre

116 1194 60 22 alltid
190 1193 34 22 må
238 1193 22 21 få
274 1192 151 21 underrättelse
440 1198 34 14 om
488 1191 63 21 hvars
566 1191 39 20 och
620 1198 36 13 ens
665 1190 143 29 förlagtagare,
822 1190 39 21 och

117 1228 85 22 dermed
216 1226 104 22 undvikas
335 1228 31 19 att
380 1225 41 22 den
436 1232 39 14 ene
490 1224 18 28 ej
523 1224 86 22 blandar
625 1224 47 28 sig
665 1219 13 37 i
684 1225 39 21 den
734 1223 74 22 andras
822 1223 41 22 för-

110 1263 53 28 -lag>
179 1261 142 28 uttryckligen
342 1264 60 23 säger
423 1261 30 20 att
467 1259 64 28 ingen
550 1258 34 22 må
599 1258 57 29 gifva
670 1259 66 28 förlag
750 1258 22 22 åt
787 1267 27 12 en
828 1265 35 14 an-

117 1304 52 19 nans
191 1294 125 23 intecknade
336 1293 143 28 förlagtagare,
495 1293 22 21 så
534 1293 61 27 länge
617 1293 88 21 skulden
727 1297 21 17 är
765 1292 98 29 ogulden,

117 1330 49 21 med
181 1329 81 20 mindre
276 1329 36 20 det
326 1328 48 20 sker
388 1327 53 21 efter
456 1327 46 27 laga
516 1327 136 28 uppsägning,
673 1327 51 21 eller
741 1326 49 22 med
808 1326 55 22 förra

117 1363 139 28 förläggarens
278 1361 112 28 samtycke.
421 1360 104 27 Slutligen
548 1359 35 22 mä
604 1367 25 14 ur
652 1367 78 14 samma
750 1360 55 21 1696
831 1359 32 21 års

117 1396 48 23 bref
177 1400 56 18 ännu
248 1395 120 22 framhållas
382 1396 32 20 att
429 1394 40 21 den
479 1395 115 27 bergsman,
609 1401 55 14 «som
678 1395 51 20 utan
743 1395 32 20 tre
790 1393 74 21 fierde-

118 1432 67 22 delars
207 1430 122 30 utgifvande
351 1429 23 22 af
385 1429 34 22 sin
432 1428 137 29 tillverkning
583 1428 9 22 i
606 1428 104 29 Tackjärn
732 1428 52 22 eller
798 1429 63 21 annat

117 1466 79 23 förmår
210 1466 37 22 sitt
262 1464 120 29 undfångna
396 1463 65 29 förlag
476 1464 38 21 och
528 1463 69 29 någon
618 1471 71 21 annan
708 1463 90 29 gammal
816 1462 48 30 gäld

192 1506 138 24 Lagutskottets
343 1503 162 20 betänkande.N:o
518 1504 27 18 21.
