1045 1709
299 160 237 24 Petitionsbetänkande
550 162 39 21 N:o
605 159 33 24 10.
791 156 27 24 15

394 234 162 27 Reservation.

168 282 95 20 Emedan
277 283 37 26 jag
329 283 48 19 icke
392 283 41 19 kan
450 289 51 13 anse
512 282 36 20 det
558 280 233 21 öfverensstämmande
801 280 46 20 med

99 309 42 27 god
157 309 91 27 ordning
263 310 7 19 i
286 310 117 20 allmänhet
418 310 39 20 och
473 310 86 20 särskilt
574 308 47 21 med
633 310 30 19 ett
674 310 41 18 rätt
725 308 122 20 användan-

99 338 27 20 de
142 338 23 19 af
178 337 41 21 den
235 337 113 21 ständerna
369 338 108 28 medgifna
494 338 175 27 petitionsrätten,
690 337 30 19 att
735 337 12 20 å
762 343 26 14 en
804 337 44 20 föl-

96 365 67 27 jande
178 366 103 27 landtdag
296 367 6 19 i
318 373 82 14 samma
414 366 80 21 ärende
510 366 125 27 petitionera
650 365 6 20 i
672 367 65 18 annat
748 366 61 25 syfte,
821 368 26 18 än

101 395 12 19 å
128 401 26 13 en
171 394 135 27 föregående,
326 395 89 20 oaktadt
428 395 127 27 regeringen
570 393 66 21 redan
652 393 53 27 tagit
719 393 7 19 i
742 393 37 20 akt
794 393 27 21 de
836 394 13 20 &

102 423 125 20 densamma
241 423 125 21 framstälda
380 423 161 27 önskningarna
558 423 38 20 och
613 421 48 21 med
677 421 124 28 anslutning
816 423 33 20 till

102 451 62 20 dessa
179 451 32 20 till
227 451 114 22 ständerna
356 452 114 21 inkommit
484 451 50 20 med
550 451 65 27 nädig
629 450 131 27 proposition
770 451 7 20 i
789 453 60 18 ären-

103 479 41 26 det,
161 479 42 20 kan
215 480 38 27 jag
269 480 31 20 för
316 481 44 19 min
379 480 35 20 del
431 480 49 20 icke
495 479 84 20 biträda
594 479 41 20 den
650 478 24 19 af
685 478 110 21 allmänna
810 479 40 20 Be-

102 508 173 21 svärsutskottets
297 508 110 27 pluralitet
421 507 116 22 omfattade
562 507 113 26 önskning,
695 508 30 18 att
739 506 42 21 den
796 515 16 12 s.
828 508 21 19 k.

101 536 116 21 Siitoinska
231 536 121 21 folkskolan
367 537 7 19 i
390 537 102 19 närheten
508 537 22 20 af
542 535 117 21 Sordavala
673 534 46 20 stad
735 534 66 22 borde
817 537 32 19 till

102 566 30 18 ett
145 564 136 27 fullständigt
296 564 302 21 folkskollärareseminarium
615 562 111 22 ombildas,
747 564 103 20 Kändtär

101 593 109 26 nemligen
233 595 30 17 att
285 593 109 20 allmänna
411 592 190 21 besvärsutskottet
620 593 12 18 å
649 591 130 28 landidagen
795 593 54 20 1872

102 620 144 21 understödde
265 624 30 17 ett
316 621 28 20 dä
363 621 23 19 af
400 621 43 26 mig
461 621 63 19 väckt
539 619 181 28 petitionsförslag
735 627 34 14 om
784 621 65 20 inrät-

101 649 64 20 tande
187 649 24 19 af
230 651 30 18 ett
279 651 47 25 nytt
344 649 64 20 finskt
426 647 302 22 folkskollärareseminarium
748 649 6 19 i
773 649 75 20 staden

103 677 86 27 Nyslott
203 679 55 18 samt
271 679 31 18 att
315 680 32 17 tre
364 677 61 20 ständ
441 677 115 20 omfattade
572 676 118 20 detsamma
706 675 6 20 i
728 677 122 20 afseendeä

102 705 100 20 behofvet
217 706 22 19 af
252 708 30 17 ett
297 707 47 26 nytt
358 705 144 21 seminarium,
532 704 123 21 Beaktande
667 703 26 20 de
706 705 35 20 vid
750 705 99 21 behand-

102 734 72 27 lingen
197 734 24 20 af
239 734 75 27 frågan
336 734 95 20 uttalade
451 734 106 27 äsigterna
572 733 39 20 har
625 739 28 14 nu
667 734 127 27 regeringen
817 734 32 20 till

102 762 146 21 innevarande
271 762 103 27 landtdag
399 762 68 20 aflätit
488 761 66 28 nädig
576 762 140 27 proposition,
732 763 7 19 i
758 762 89 21 hvilken

103 790 64 20 bland
183 793 65 18 annat
267 791 89 20 föresläs
373 790 120 21 inrättande
512 790 21 20 af
550 792 30 18 ett
594 789 134 29 fullständigt
742 791 104 20 folkskol-

102 819 208 20 lärareseminarium
332 819 7 20 i
357 819 92 26 Nyslott,
474 818 40 21 och
534 817 102 28 derjemte
657 818 91 28 tagande
766 819 82 27 hänsyn

101 848 32 19 till
150 847 36 20 det
201 848 38 19 allt
253 848 132 20 allmännare
401 847 83 20 vordna
497 846 108 28 yrkandet
619 847 28 26 pä
661 847 188 27 nödvändigheten

101 877 24 19 af
137 876 119 20 smäskolor
275 876 39 20 och
330 875 234 21 smäskoleseminarier
579 875 38 20 har
631 881 82 16 samma
728 877 100 26 regering
843 877 6 18 i

102 904 161 27 ofvanantydda
287 905 131 26 proposition
445 903 110 27 föreslagit
580 903 116 22 Siitoinska
717 904 132 21 folkskolans

102 932 135 27 ombildning
256 933 31 20 till
307 935 30 18 ett
355 932 128 27 tväklassiget
497 931 253 22 smäskoleseminarium.
778 932 71 21 Större

101 961 187 27 tillmötesgäende
312 961 33 20 för
366 960 124 21 uttalanden
515 960 24 20 af
556 960 214 21 förhandenvarande
786 961 63 20 önsk-

102 991 77 26 ningar
194 989 41 20 kan
252 989 35 20 väl
302 989 104 28 billigtvis
423 989 49 20 icke
490 988 97 27 begäras,
623 988 41 22 Det
685 989 56 21 hade
765 989 84 21 derföre

103 1018 75 20 varit
169 1012 14 37 i
194 1019 32 19 sin
246 1017 91 28 ordning
355 1019 31 19 att
404 1017 109 20 allmänna
534 1016 192 23 besvärsutskottet
747 1018 102 27 antingen

102 1046 89 21 alldeles
215 1045 68 28 afböjt
299 1047 143 27 petitionerna
461 1052 35 13 om
519 1045 115 21 Siitoinska
652 1046 133 21 folkskolans
800 1053 49 14 om-

102 1075 99 27 bildning
223 1075 32 20 till
277 1074 134 28 fullständigt
431 1074 136 20 seminarium
590 1074 53 20 eller
664 1075 128 20 åtminstone
811 1075 37 20 hos

102 1103 114 21 ständerna
230 1103 109 21 hemställt
353 1109 34 14 om
403 1103 73 20 dessas
491 1101 131 28 behandling
637 1103 7 19 i
660 1103 35 20 det
709 1103 86 25 utskott,
803 1110 46 13 som

102 1133 38 18 har
155 1132 32 26 sig
201 1131 103 28 förslaget
318 1134 31 18 att
367 1131 79 27 afgifva
460 1129 136 22 betänkande
612 1131 7 19 i
634 1131 117 27 anledning
765 1131 24 20 af
802 1138 47 13 me-

101 1159 118 21 ranämnde
234 1160 80 27 nådiga
327 1159 140 28 proposition.
490 1159 47 20 Men
553 1158 28 21 då
595 1159 102 20 utskottet
712 1159 36 20 det
762 1159 89 21 oaktadt

101 1190 70 18 ansett
188 1189 33 26 sig
236 1187 52 21 böra
303 1188 129 20 underkasta
447 1187 73 27 frågan
539 1193 27 14 en
581 1186 155 21 förberedande
751 1187 99 20 behand-

102 1217 52 26 ling,
175 1216 40 20 och
229 1215 75 21 dervid
320 1216 93 26 frångått
432 1215 26 20 de
474 1215 137 27 synpunkter,
627 1221 44 14 som
688 1216 55 19 varit
757 1215 92 21 ledande

102 1245 32 20 för
148 1244 55 21 1872
219 1245 33 20 års
267 1243 173 26 besvärsutskott,
456 1245 44 19 tror
512 1243 38 27 jag
565 1243 36 20 det
617 1249 50 14 vara
682 1243 74 28 nödigt
770 1246 32 17 att
811 1243 39 21 här

101 1275 57 18 ännu
173 1273 125 26 ytterligare
312 1272 79 21 betona
406 1273 66 25 nägra
487 1273 13 18 &
514 1271 85 27 frägans
611 1271 117 27 afgörande
741 1272 109 20 verkande

101 1300 157 21 förhållanden.
288 1300 120 28 Onekligen
427 1303 23 17 är
465 1299 95 28 Nyslotts
575 1299 48 27 läge
639 1306 59 14 mera
713 1300 95 25 centralt,
824 1303 27 17 än

102 1329 75 20 staden
192 1329 134 25 Sordavalas;
342 1329 48 19 dess
406 1327 209 27 kommunikationer
632 1328 48 21 med
695 1330 76 18 största
786 1328 64 21 delen

103 1357 22 19 af
139 1356 36 20 det
190 1355 68 28 öfriga
273 1356 79 24 landet,
367 1355 86 20 särskilt
467 1352 142 27 Österbotten,
618 1357 37 18 äro
663 1355 40 21 ock
712 1355 77 20 lättare
796 1357 55 18 samt

102 1384 107 21 afständet
230 1384 91 25 kortare,
344 1386 26 17 än
392 1382 57 21 hvad
473 1382 59 21 fallet
547 1385 23 17 är
586 1382 47 21 med
649 1382 123 21 Sordavala.
802 1382 49 21 Med

102 1413 87 27 Ladoga
209 1412 94 20 traktens
318 1413 7 19 i
340 1411 143 27 petitionerna
501 1409 67 21 starkt
585 1410 129 21 framh&llna
730 1410 98 50 en
841 1421 7 5 -

103 1440 67 22 behof
181 1440 40 21 och
235 1439 261 29 bildningsmottaglighet
510 1444 50 14 vore
576 1437 36 21 det
626 1438 7 20 i
644 1439 91 27 sanning
745 1439 60 20 klent
829 1446 22 13 be-

103 1468 71 28 stäldt,
189 1475 35 14 om
239 1469 50 21 icke
303 1468 41 21 den
360 1468 52 20 ville
424 1467 39 21 och
476 1465 71 23 kunde
557 1466 144 28 tillgodogöra
712 1468 31 26 sig
754 1467 37 20 det
798 1467 54 20 bild-

171 1509 99 20 Allmänna
286 1508 183 20 Besvärs-utskotteis
483 1506 113 21 betänkande
610 1514 31 14 n:o
656 1508 19 21 8,
