1103 1773
455 99 92 34 Bilagor.
887 100 30 22 59

87 174 99 22 rande
207 174 134 28 ihvarje
365 174 62 28 fall
448 175 113 21 sådant
576 175 341 28 förständigandeen-

88 203 76 21 hvar
179 202 198 29 skriftligen
393 204 171 26 meddelas;

157 231 23 27 7)
206 234 47 18 att
283 232 100 27 enligt
415 232 206 28 vederbörlig
645 232 184 28 föreskrift
849 232 65 27 för-

89 260 148 22 anstalta
252 260 122 21 sådana
389 260 252 22 kontrollmöten
657 261 62 21 med
733 262 181 24 reservmän,

89 289 161 27 somi$
223 285 36 36 18
265 289 215 27 omförmälas;

159 318 26 25 8)
201 320 45 18 att
266 318 45 26 för
335 317 100 28 hvarje
450 318 463 28 lottningsomrädeinomupp-

90 346 208 21 bädskretsen
321 347 124 27 årligen
473 349 172 25 upprättta
668 347 116 21 allmän
808 348 105 19 värne-

86 374 220 28 pliktslängd,
322 375 230 28 innefattande
567 375 221 27 jämvälrulla
801 375 56 28 för
872 382 41 13 re-

91 410 107 14 serven
214 403 52 21 och
277 404 212 28 förteckning
504 404 84 28 öfver
606 404 214 25 landtvärnet,
836 406 78 18 samt

90 432 147 27 därefter
257 432 67 28 föra
340 432 174 22 densamma
530 433 103 28 enligt
649 432 32 22 de
692 432 221 29 föreskrifter,

91 468 62 14 som
169 461 104 21 därom
289 461 158 22 särskildt
468 462 159 27 utfärdas;

162 490 21 27 9)
202 492 32 18 att
254 490 126 28 handlägga
403 491 26 20 de
442 490 85 27 frågor,
552 497 46 14 som
613 491 9 20 i
637 490 68 28 öfrigt
727 490 95 21 rörande
842 492 77 19 värne-

88 518 99 29 pliktens
202 518 163 21 värkställande
380 519 75 22 kunna
466 520 149 27 förekomma;

162 547 37 27 10)
218 549 31 19 att
272 548 35 21 till
329 548 144 21 länenämden
495 549 85 27 årligen
600 548 87 27 afgifva
698 548 138 28 fullständig
852 547 64 21 redo-

89 576 92 27 görelse,
195 576 57 21 huru
267 576 110 27 uppbådet
392 577 73 27 blifvit
480 577 137 21 värkställdt.

475 657 13 28 $
504 657 36 28 48.

162 708 131 28 Besiktning
315 709 30 27 af
357 709 25 20 de
401 709 167 27 värnepliktiga,
586 709 74 20 hvilka
685 708 75 28 blifvit
775 709 36 20 till
826 708 94 27 lottning

93 737 120 24 inkallade,
235 737 129 21 värkställes
386 737 37 28 af
441 739 49 19 två
513 737 118 27 läkare,
653 737 55 21 den
727 745 55 13 ena
798 737 123 27 tillför-

93 766 119 21 ordnad
226 773 102 20 genom
345 768 208 25 guvernörens
572 765 115 28 försorg
701 766 47 21 och
765 766 49 21 den
826 765 93 21 andra

93 795 39 27 af
152 794 388 28 militärförvaltningen,
592 797 138 18 Nvarutom
755 794 163 21 likaledes

93 823 181 21 tvåläkare
293 824 40 27 på
355 823 164 21 enahanda
541 825 62 20 sätt
625 826 83 18 utses
728 823 56 28 för
800 823 55 20 den
878 822 40 21 be-

94 851 229 28 siktning,
268 847 57 37 som
339 852 270 21 vidlänenämden
624 852 293 28 kanifrägakomma.

95 880 65 22 Där
181 881 8 20 i
209 881 94 27 något
323 881 69 27 fall
417 881 247 21 militärläkare
690 881 66 21 icke
782 880 58 22 kan
862 880 57 28 för

95 909 184 21 ändamälet
307 910 187 27 förordnas,
519 913 87 18 utses
639 917 103 14 annan
773 909 146 21 läkare
901 905 23 37 i

94 938 203 21 hansställe.

479 1019 15 27 $
509 1020 36 20 60.

166 1071 98 20 Allmänt
287 1070 88 28 uppbåd
398 1071 34 20 till
454 1070 122 28 utgörande
596 1070 31 27 af
647 1070 150 27 värneplikten
813 1070 106 27 äfven-

96 1106 60 14 som
180 1099 142 27 lottning
347 1106 41 14 om
412 1099 126 21 inträde
560 1098 361 28 istäendetruppeller

97 1128 205 27 inskrifning
318 1128 49 20 vid
383 1128 209 21 landtvärnet
607 1128 127 20 värkställes
751 1128 85 27 årligen
852 1126 70 21 under

97 1156 60 21 tiden
173 1157 91 20 emellan
279 1157 41 20 den
336 1157 28 20 15
380 1157 60 26 april
455 1156 39 21 och
510 1156 40 21 den
565 1158 30 20 24
606 1156 60 28 juni.

480 1238 16 26 $
511 1238 34 21 62.

169 1288 69 28 Ifrån
253 1288 207 28 uppbdädskallelsen
476 1289 117 21 uteslutes:

170 1318 23 26 a)
214 1324 110 21 personer,
347 1324 45 14 som
415 1317 74 27 blifvit
507 1318 137 27 prästvigda,
666 1318 67 20 sedan
755 1317 25 21 de
796 1318 8 20 i
819 1316 110 28 uppbäds-

99 1346 97 49 längden
212 1346 87 27 införts,
315 1346 111 27 äfvensom
435 1346 147 27 psalmläsare
596 1346 31 28 af
630 1346 162 28 grekisk-ryska
804 1345 123 21 trosbekän-

100 1382 85 18 nelsen
176 1369 13 38 ;

170 1404 23 27 b)
209 1404 8 20 i
227 1403 199 27 fyllnadslängden
444 1403 26 21 B.
486 1403 93 27 införda
592 1410 109 21 personer,
717 1406 55 18 samt

171 1432 18 24 c)
206 1438 159 21 personer,
391 1439 58 13 som
470 1433 39 26 på
530 1432 103 27 grund
655 1432 37 26 af
710 1432 63 20 dom
796 1433 52 19 äro
860 1431 66 27 för-

102 1461 123 27 lustiga
249 1460 253 28 medborgerligt
519 1460 193 28 förtroende
736 1460 81 20 eller
842 1462 88 18 ovär-

101 1489 73 28 diga
189 1492 47 18 att
257 1489 125 27 nyttjas
398 1490 154 20 ilandets
575 1490 110 27 tjänst.
718 1489 101 21 Sedan
838 1488 90 21 tiden
