1103 1786
79 121 26 17 18
117 125 63 12 mars,
881 115 24 20 1i

82 189 94 22 Hvarför
199 189 62 21 dessa
283 189 64 27 plena
369 189 73 25 hällas,
464 191 23 18 är
503 189 32 21 för
551 192 30 18 att
599 189 238 26 värnepliktsutskottet
853 189 53 20 skall

81 218 46 21 lära
142 218 75 24 känna,
232 218 71 21 hvilka
325 217 110 27 meningar
451 224 45 15 som
513 218 56 20 inom
587 218 26 21 de
629 217 55 21 olika
700 217 90 21 stånden
807 219 51 25 göra
875 217 32 26 sig

82 246 103 27 gällande,
201 246 39 21 och
263 247 48 20 med
326 246 88 27 ledning
429 245 60 22 däraf
503 246 72 21 kunna
591 248 51 25 göra
663 253 43 20 upp
723 248 31 19 ett
769 246 76 21 sädant
864 245 42 21 för-

82 275 47 26 slag
151 277 31 18 att
204 274 93 21 officiellt
318 274 120 27 föreläggas
459 275 96 24 ständen,
579 277 31 18 att
633 275 118 20 detsamma
767 277 50 18 utan
835 275 72 20 vidare

81 302 232 27 sammanjämkningar
329 303 41 20 kan
387 302 64 22 blifva
466 303 165 21 ständerbeslut.

152 360 32 21 Hr
208 360 233 26 Schybergson:
471 360 42 26 Jag
528 362 23 18 är
567 360 109 21 nödsakad
692 362 31 19 att
738 362 57 18 ännu
811 363 50 23 taga
876 359 31 21 till

82 388 68 25 ordet,
166 388 88 21 emedan
271 389 43 20 min
331 388 136 27 uppfattning
482 388 23 21 af
518 389 37 20 vär
571 388 218 22 öfverenskommelse
802 388 66 26 nägot
878 387 29 21 af-

83 417 60 21 viker
164 416 46 21 frän
234 417 25 20 hr
275 417 95 21 Heikels.
399 418 42 26 Jag
463 417 38 21 har
516 417 68 25 fattat,
599 420 32 18 att
647 418 20 20 vi
683 417 35 21 vid
734 423 76 15 senare
825 417 83 26 privata

83 445 154 27 behandlingar
259 445 22 21 af
300 446 94 24 ärendet,
410 446 64 21 sedan
491 446 250 26 värnepliktsutskottets
757 445 80 27 förslag
852 444 55 22 före-

84 474 74 26 ligger,
175 474 59 20 skola
249 474 52 21 fatta
317 474 76 21 sädant
409 474 104 21 definitivt
525 474 76 25 beslut,
613 476 31 19 att
659 474 41 21 alla
715 474 122 26 skiljaktiga
852 474 54 20 äsik-

84 505 33 18 ter
140 502 152 27 undertryckas
316 503 38 21 och
378 503 45 21 icke
440 503 73 21 vidare
535 502 21 22 få
571 503 86 21 komma
679 502 53 21 fram
754 503 35 21 vid
805 503 40 21 den
862 502 44 21 offi-

83 531 60 21 ciella
167 531 161 27 behandlingen,
351 538 48 14 men
421 532 35 20 det
475 533 24 19 är
517 531 47 27 just
585 531 32 21 för
633 534 31 18 att
680 532 19 20 vi
714 532 46 20 icke
775 533 57 19 ännu
849 532 36 20 äro
901 530 6 21 i

83 560 59 20 detta
165 560 91 20 stadium
276 560 39 20 och
329 560 34 20 för
379 562 30 19 att
427 560 98 27 pointera
540 560 63 24 detta,
620 566 45 15 som
680 560 38 26 jag
732 560 71 20 tillätit
819 560 44 26 mig
877 561 31 19 att

83 588 68 21 uttala
168 589 43 26 mig
226 588 79 21 härom.

155 646 68 20 Sedan
250 646 150 21 diskussionen
427 646 86 20 härmed
539 645 104 22 afslutats.
668 646 142 21 antecknades
837 645 70 21 såsom

85 674 98 21 ståndets
206 674 77 25 beslut,
305 677 31 18 att
353 674 155 27 behandlingen
529 674 22 21 af
565 674 248 27 värnepliktsutskottets
829 673 80 27 förslag

84 703 70 21 skulle
177 709 63 15 anses
264 703 75 21 endast
363 703 70 21 såsom
456 703 130 27 preliminär,
603 702 117 27 hvarjämte
736 702 85 21 ståndet
837 702 70 21 såsom

83 734 33 18 ett
131 731 161 27 önskningsmål
308 732 99 25 uttalade,
424 734 30 18 att
470 731 116 21 utskottets
599 731 87 27 slutliga
697 731 80 27 förslag
786 731 67 26 jämte
865 737 43 14 mo-

85 760 92 26 tivering
200 760 70 25 måtte,
293 760 64 21 innan
375 760 117 21 detsamma
507 759 104 21 förelades
628 760 31 20 till
675 759 83 21 officiell
774 759 134 27 behandling,

85 788 31 21 till
133 788 162 27 öfverläggning
311 789 34 21 vid
362 789 81 26 privata
459 788 172 21 sammanträden
647 788 132 26 hänskjutas.

157 846 30 20 Då
210 846 83 21 ståndet
315 846 51 21 härå
384 845 106 27 öfvergick
505 846 32 20 till
553 846 198 26 detaljgranskning
765 844 23 22 af
801 844 107 27 förslaget,

85 874 105 27 begärdes
206 874 61 21 ordet
282 874 131 21 beträffande
429 875 12 26 8
459 875 8 20 1
485 874 22 21 af

154 931 26 21 hr
198 931 143 24 Jansson,
357 937 46 15 som
425 931 91 27 yttrade:
549 931 210 26 Värnepliktslagens
784 932 9 19 1
818 931 13 26 &
854 930 56 21 afser

86 963 32 18 att
141 959 84 28 angifva
248 960 40 21 den
313 960 128 26 grundregel
462 960 33 21 för
517 959 70 22 finska
609 960 152 25 medborgares
784 959 125 26 värneplikt,

85 988 82 27 hvarpå
182 989 121 20 sedermera
319 988 47 21 hela
381 988 193 27 värnepliktslagen
589 988 74 21 hvilar.
692 988 10 21 I
719 988 76 21 sådant
810 987 100 22 afseende

85 1017 90 21 föreslås
198 1023 29 15 nu
247 1017 22 21 af
283 1017 236 26 värnepliktsutskottet
534 1017 7 20 i
556 1017 49 21 dess
621 1017 145 26 föreliggande
781 1016 82 27 förslag
878 1015 31 22 till

85 1045 141 27 formulering
241 1048 31 18 ett
287 1045 118 27 stadgande
420 1045 22 21 af
454 1045 93 27 följande
563 1045 89 27 lydelse:
670 1045 54 21 »För
740 1045 40 21 den
796 1044 114 27 kejserliga

86 1076 89 19 tronens
191 1076 55 19 samt
260 1073 183 22 fäderneslandets
459 1074 39 21 och
514 1074 47 21 hela
577 1074 36 21 det
628 1073 63 28 ryska
706 1073 66 22 rikets
788 1073 83 21 försvar
887 1075 23 18 är

87 1103 73 26 hvarje
175 1102 56 21 finsk
247 1103 140 25 medborgare
398 1103 161 26 värnepliktig».
582 1103 42 26 Jag
635 1103 81 26 nödgas
727 1102 104 21 beteckna
841 1102 70 21 denna

86 1131 141 26 formulering
250 1131 71 21 såsom
337 1131 6 20 i
360 1137 44 15 mer
427 1133 24 19 än
469 1133 30 19 ett
514 1131 123 21 hänseende
652 1131 112 26 oegentlig,
785 1131 22 26 ja
827 1130 84 26 oriktig.

87 1160 86 21 Främst
188 1161 23 20 är
226 1159 168 27 formuleringen
411 1159 77 27 oriktig
504 1160 135 25 därutinnan,
649 1162 32 18 att
696 1158 214 28 värnepliktsutskot-

87 1191 32 18 tet
139 1188 38 20 här
201 1189 86 25 stadgar
310 1194 45 15 som
380 1194 25 14 en
423 1189 39 20 den
478 1187 69 22 finska
563 1188 166 26 medborgarens
745 1187 121 27 skyldighet
880 1189 32 18 att

87 1216 96 21 försvara
203 1216 36 21 det
258 1216 63 27 ryska
337 1216 60 21 riket.
429 1216 32 21 En
478 1216 66 21 sådan
561 1216 119 27 skyldighet
696 1216 113 26 föreligger
825 1216 32 20 för
873 1214 38 22 fin-

88 1245 39 21 ska
143 1245 140 27 medborgare
302 1245 39 21 alls
364 1244 52 22 icke.
446 1245 81 26 Hvarje
542 1245 57 21 skatt
614 1245 39 21 och
669 1245 73 25 hvarje
757 1246 72 25 tunga,
845 1244 67 20 likaså

87 1273 74 27 hvarje
180 1274 110 26 personlig
309 1274 147 26 tjänstbarhet,
471 1280 47 14 som
534 1273 41 21 kan
591 1272 56 22 finsk
663 1273 140 26 medborgare
819 1272 93 27 åläggas,

87 1302 87 26 ålägges
190 1302 78 21 honom
284 1302 23 21 af
320 1302 53 21 hans
389 1305 49 23 eget
452 1302 157 22 fädernesland,
619 1301 32 21 för
668 1302 69 20 dettas
753 1301 55 21 skull
825 1301 40 21 och
880 1300 32 21 för

87 1330 51 21 dess
161 1330 114 27 uppgifter.
306 1330 40 22 Om
372 1331 35 21 det
422 1330 69 22 blefve
507 1330 126 21 ständernas
650 1330 76 25 beslut,
741 1332 31 19 att
788 1330 40 20 den
844 1328 69 22 finska

88 1359 114 25 militären,
226 1358 83 22 utöfver
333 1359 32 21 sin
389 1359 53 27 plikt
461 1362 31 18 att
508 1361 65 19 värna
589 1360 76 20 tronen
681 1358 39 22 och
735 1358 178 23 fäderneslandet,

87 1388 67 20 också
168 1385 57 28 finge
240 1388 33 26 sig
289 1388 61 26 ålagd
366 1394 70 14 annan
451 1387 132 27 förpliktelse
599 1389 31 19 att
645 1387 88 26 bidraga
748 1387 31 21 till
794 1386 67 22 rikets
871 1386 41 21 för-

69 1430 2 3 »
88 1423 55 18 svar,
160 1416 23 21 så
198 1415 61 28 följer
275 1416 71 21 därför
360 1416 115 27 ingalunda
491 1415 65 26 häraf,
572 1419 31 18 att
619 1416 40 21 den
674 1415 68 22 finska
758 1416 155 25 medborgaren

90 1451 51 14 vore
158 1445 141 26 värnepliktig
313 1444 34 21 för
362 1445 36 20 det
413 1445 62 26 ryska
491 1445 66 20 rikets
573 1444 89 21 försvar.
687 1445 30 26 Ty
732 1444 137 26 deltagandet
884 1443 30 21 uti

89 1473 151 21 riksförsvaret
255 1473 46 21 från
318 1473 40 21 den
375 1473 67 21 finska
458 1473 167 26 medborgarens
642 1473 46 20 sida
702 1475 24 18 är
741 1472 45 21 icke
801 1479 26 13 en
839 1472 75 26 tjänst-

89 1501 76 21 barhet
185 1503 109 25 gentemot
309 1502 36 20 det
361 1501 63 27 ryska
439 1501 60 25 riket,
514 1502 35 20 det
567 1503 23 19 är
605 1507 26 15 en
647 1500 141 27 tjänstbarhet
805 1502 109 25 gentemot
