1106 1795
441 122 92 34 Bilagor.
874 123 27 22 51

463 217 15 26 $
493 218 20 20 8.

143 268 39 25 De,
206 263 39 37 som
266 269 28 27 på
308 268 101 27 grund
425 269 36 26 af
473 268 61 21 dom
551 271 54 18 äro
617 269 189 26 förlustiga
821 267 84 21 med-

74 297 178 28 borgerligt
270 297 190 27 förtroende
475 297 82 21 eller
573 297 330 27 ovärdigaattilan-

74 325 189 27 detstjänst
278 326 129 27 nyttjas,
419 326 31 27 få
466 326 21 26 ej
502 326 91 20 inträda
609 326 8 20 i
632 325 137 28 krigstjänst.

435 423 58 28 Kap.
511 423 32 21 II.

76 485 45 23 Om
136 486 161 28 tjänstetiden
314 485 41 22 vid
366 485 30 22 de
408 485 101 23 stående
521 487 137 27 trupperna
669 485 46 22 och
726 491 39 17 om
779 490 124 17 reserven.

464 560 14 28 $
495 562 19 20 9.

146 612 61 20 Den
230 612 162 20 allmänna
415 612 219 27 tjänstetiden
657 611 51 21 vid
724 611 33 21 de
772 611 134 21 stående

76 643 177 25 trupperna
269 642 33 19 är
314 641 56 27 för
385 640 70 26 dem,
471 647 58 14 som
552 640 132 21 inträda
697 641 39 27 på
751 640 103 28 grund
869 639 40 27 af

76 670 152 27 lottning,
246 670 43 20 tio
305 670 39 24 är,
361 669 180 27 hvaraf
497 664 52 37 tre
557 670 33 19 år
605 670 8 19 i
629 669 86 20 aktiv
732 670 104 26 tjänst
852 668 53 21 och

76 698 49 27 sju
145 699 29 20 år
189 698 176 20 ireserven.

145 726 16 21 I
173 726 95 28 krigstid
284 729 38 18 äro
338 726 26 21 de
380 726 35 20 vid
428 729 121 25 trupperna
561 726 111 21 anställda
682 726 96 28 pliktiga
794 728 31 18 att
841 726 66 20 kvar-

76 758 80 18 stanna
172 756 24 20 så
212 756 64 26 länge
291 754 97 28 behofvet
404 755 95 27 kräfver.

459 836 15 25 $
490 837 35 19 10.

149 886 266 28 Öfverflyttning
437 887 33 26 af
481 886 263 27 underbefäl
696 882 55 36 och
761 887 145 26 manskap

76 915 218 21 tillreserven
317 915 65 25 kan,
402 915 98 27 enligt
519 915 155 28 Kejsaren
691 915 53 20 och
761 915 146 28 Storfur-

76 947 86 17 stens
178 943 559 28 bestämmande,
437 939 36 37 på
488 943 249 28 framställning
753 944 38 27 af
809 943 95 28 krigs

77 973 176 24 ministern,
276 972 49 21 ske
341 972 95 28 äfven
449 973 248 27 föreutgången
716 972 35 27 af
763 973 109 25 denis
892 973 14 20 9

77 1001 52 25 för
144 1001 86 21 aktiv
246 1001 226 28 tjänstgöring
485 1001 199 28 fastställda
700 1001 47 21 tid.
767 1001 141 27 Omfattar

75 1030 99 20 sådan
198 1030 263 27 öfverflyttning
487 1031 66 20 icke
576 1029 47 21 hel
646 1030 148 20 årsklass
820 1030 36 27 af
871 1030 36 20 de

76 1058 253 28 värnepliktiga,
347 1061 77 18 utan
441 1058 81 21 blott
543 1066 32 13 en
596 1058 44 21 del
661 1054 107 36 däraf,
779 1058 127 21 bestäm-

76 1094 56 13 mes
154 1094 104 20 genom
281 1087 148 20 särskild
452 1088 152 27 lottning,
627 1087 108 21 hvilka
756 1087 33 27 af
805 1087 29 20 de
849 1087 57 20 till

76 1116 56 20 den
157 1115 255 29 ifrågavarande
435 1116 191 21 årsklassen
649 1115 144 21 hörande
815 1115 92 22 skola

77 1145 219 21 tillreserven
312 1145 201 27 öfverföras.

144 1173 88 27 Ifall
253 1174 276 28 utomordentliga
543 1173 164 28 politiska
730 1174 81 20 eller
827 1174 80 20 mili-

76 1204 72 18 tära
159 1202 239 27 förhållanden
420 1202 268 28 nödvändiggöra
703 1202 204 27 manskapets

76 1230 236 22 kvarhållande
332 1232 7 19 i
356 1231 206 27 aktivtjänst
586 1232 84 26 efter
695 1230 212 28 uttjänandet

77 1258 37 28 af
130 1260 45 20 den
192 1260 8 19 ilag
216 1260 330 27 stadgadetiden,
569 1267 66 19 eger
650 1259 257 27 krigsministern,

76 1288 84 27 efter
180 1288 44 20 det
249 1288 164 27 Kejsarens
429 1288 161 21 tillstånd
607 1288 185 27 därtill
747 1284 50 36 för
807 1288 101 26 hvarje

76 1316 146 21 särskild
236 1318 74 26 jång
325 1316 368 28 utvärkats,uppskjuta
709 1316 199 28 manskapets

76 1345 305 27 öfverförande
312 1340 70 37 från
397 1346 83 20 aktiv
502 1346 101 27 tjänst
616 1346 53 19 till
684 1352 137 17 reserven,
837 1344 71 21 dock

79 1373 305 28 ickepålängretid
400 1376 36 18 än
457 1369 46 36 sex
518 1374 155 21 månader.

150 1402 245 21 Underrättelse
411 1409 40 14 om
469 1403 222 26 åtgärder,
643 1398 48 36 som
707 1403 90 26 enligt
813 1408 94 15 momm.

79 1431 284 27 loch
178 1427 19 36 2
210 1431 153 27 vidtagas,
382 1431 155 21 meddelas
553 1434 128 18 senaten
703 1437 104 21 genom
822 1437 85 21 gene-

78 1460 253 27 ralguvernören.

147 1487 64 21 Den
235 1488 45 20 tid
304 1487 195 28 underbefäl
519 1488 52 21 och
587 1487 149 28 manskap
755 1488 32 27 af
803 1487 104 23 ofvan-

78 1516 88 21 nämd
183 1517 94 20 orsak
293 1516 543 28 tillbragtiaktivtjänst
715 1511 124 37 utöfver
852 1515 55 21 den
