1103 1775
207 142 13 20 6
588 137 91 25 Bilagor.

207 278 73 23 Bilaga
291 280 17 17 4.

210 532 359 29 Sammanjämkningsförslag,
592 532 38 22 att
649 531 139 28 föreläggas
811 531 116 23 ståndens
943 531 96 28 privata

454 567 72 28 plena
542 566 48 23 den
607 566 14 22 2
636 572 66 17 mars
717 566 69 22 1899.

277 659 73 22 Jämte
365 659 36 21 det
417 659 99 27 samtliga
531 659 63 21 stånd
614 661 61 19 enats
686 665 42 20 om,
743 661 33 19 att
786 658 117 22 ständerna
914 658 65 21 borde
989 657 51 27 ingå

207 687 7 20 i
229 687 106 27 pröfning
349 687 24 21 af
385 687 26 22 de
427 687 48 22 dem
491 687 109 27 förelagda
615 687 78 28 nådiga
707 687 196 28 propositionerna,
919 686 68 24 hafva,
1003 686 35 21 vid

210 715 130 28 behandling
361 715 23 22 af
396 715 75 28 frågan
494 723 34 14 om
545 716 77 27 planen
641 716 33 21 för
690 715 129 22 ständernas
841 715 107 22 blifvande
963 721 48 15 svar
1027 715 12 20 å

209 745 63 20 dessa
293 745 164 26 propositioner,
473 744 149 28 ridderskapet
645 745 39 21 och
700 745 62 21 adeln
785 746 57 20 samt
861 744 178 27 borgareståndet

212 773 95 27 godkänt
317 773 35 21 det
359 772 85 28 förslag,
452 779 46 16 som
506 773 23 21 af
534 773 251 27 värneplkitsutskottets
798 773 108 26 majoritet
913 772 125 22 framställts

210 801 39 22 och
259 801 66 28 enligt
334 801 80 22 hvilket
427 802 126 21 ständernas
562 809 49 14 svar
618 802 69 21 skulle
693 801 140 22 innehålla
806 797 30 36 all
839 801 41 22 den
887 801 151 26 statsrättsliga

210 830 122 27 utredning,
356 837 46 14 som
424 830 23 21 af
460 830 160 22 förhållandena
645 831 101 26 påkallas,
770 830 111 21 äfvensom
897 829 64 22 kritik
976 829 23 22 af
1012 829 26 21 de

210 859 117 21 ständerna
347 859 109 27 förelagda
475 859 245 27 författningsförslagen
738 861 57 19 samt
810 861 104 25 utmynna
928 859 7 20 i
950 861 31 18 ett
995 857 42 22 för-

209 887 105 22 kastande
329 887 23 22 af
365 888 64 21 dessa
443 888 80 27 förslag
538 888 39 22 och
593 889 7 20 i
615 894 27 16 en
657 888 98 22 anhållan
769 894 35 15 om
818 894 34 20 ny,
864 887 174 27 grundlagsenlig

209 916 142 28 proposition,
367 917 76 21 medan
460 917 44 21 åter
519 919 81 25 präste-
624 917 39 21 och
679 917 170 25 bondestånden,
860 916 68 21 under
944 916 94 27 godkän-

208 945 71 21 nande
296 945 6 21 i
318 944 64 28 öfrigt
404 944 21 22 af
440 945 64 21 ofvan
526 946 94 26 antydda
643 946 55 26 plan,
722 945 78 22 önskat
816 945 140 21 utarbetande
971 944 22 22 af
1007 946 31 19 ett

208 973 137 27 fullständigt
360 974 116 27 lagförslag
490 976 32 19 att
537 974 31 21 till
583 974 27 21 H.
627 974 26 21 K.
668 974 50 21 M:ts
734 974 157 27 godkännande
901 973 135 27 framläggas.

278 1002 34 21 Då
327 1002 36 22 det
377 1002 33 21 för
426 1002 238 28 värnepligtsutskottet
681 1002 51 28 gällt
747 1005 32 19 att
795 1004 98 25 uppgöra
907 1002 81 27 förslag
1006 1000 32 22 till

208 1030 211 28 sammanjämkning
435 1031 23 21 af
471 1031 63 21 dessa
550 1031 56 21 olika
620 1032 86 24 äsikter,
722 1031 38 21 har
785 1031 106 21 utskottet
901 1033 72 19 ansett
983 1036 55 16 sam-

207 1059 190 27 manjämkningen
414 1060 52 20 böra
481 1060 81 27 byggas
577 1060 27 27 pä
620 1060 65 21 sädan
702 1060 76 27 grund,
794 1062 32 18 att
841 1060 45 20 icke
896 1059 91 21 allenast
997 1058 41 22 den

207 1087 24 22 af
244 1088 37 21 tvä
297 1088 62 21 ständ
375 1088 117 21 omfattade
507 1089 93 27 mening,
616 1088 68 27 enligt
698 1088 86 22 hvilken
800 1088 127 21 ständernas
939 1094 49 15 svar
999 1088 39 20 bör

208 1116 106 22 innefatta
329 1116 135 28 fullständigt
479 1116 121 28 lagförslag,
615 1117 129 21 härutinnan
758 1116 72 22 blefve
841 1117 7 21 i
858 1116 120 27 möjligaste
989 1116 48 21 män

207 1145 151 27 tillgodosedd,
378 1148 51 18 utan
445 1145 39 21 ock
493 1146 40 20 den
546 1145 22 22 af
577 1146 26 21 de
614 1146 54 21 bäda
676 1146 67 21 andra
752 1145 91 22 ständen
857 1145 82 27 hyllade
947 1144 91 24 äsikten,

207 1176 32 19 att
255 1173 92 22 särskild
364 1174 45 21 vikt
423 1174 68 27 ligger
506 1174 72 27 därpå,
594 1177 31 19 att
633 1175 128 21 ständernas
775 1180 51 15 svar
836 1174 14 21 å
860 1174 25 21 de
901 1174 78 27 nådiga
989 1179 49 22 pro-

207 1203 150 26 positionerna
379 1203 69 21 skulle
470 1203 58 21 inom
553 1203 84 22 kortast
659 1203 86 27 möjliga
766 1203 32 21 tid
812 1202 83 26 aflätas,
911 1203 76 20 varder
1002 1202 36 21 be-

207 1231 90 27 hörigen
323 1231 98 22 beaktad.
453 1231 113 27 Utgäende
588 1231 46 22 frän
658 1232 59 21 detta
738 1231 183 27 äskädningssätt,
943 1231 39 21 har
1004 1233 34 18 ut-

207 1259 83 22 skottet
314 1261 72 20 ansett
405 1266 27 15 en
447 1260 83 27 värklig
546 1260 208 27 sammanjämkning
768 1259 24 22 af
805 1259 162 28 ifrägavarande
981 1259 57 22 olika

207 1288 81 21 åsikter
312 1288 73 21 kunna
403 1288 63 22 ernäs
489 1295 76 20 genom
588 1289 72 21 beslut
675 1289 81 25 därom,
772 1291 38 23 att,
826 1288 49 21 med
890 1287 148 22 bibehållande

206 1317 8 21 i
229 1316 67 28 öfrigt
318 1316 23 22 af
354 1317 41 21 den
419 1316 47 22 utaf
486 1317 106 22 utskottet
613 1318 91 27 tidigare
723 1317 116 22 förordade
860 1317 49 27 plan
924 1316 33 22 för
979 1318 58 20 stän-

208 1345 78 22 dernas
302 1351 55 19 svar,
373 1345 69 22 sävidt
457 1345 66 27 angär
536 1346 26 21 de
577 1346 153 27 statsrättsliga
745 1345 140 22 uttalandena
895 1345 39 22 och
945 1345 92 22 kritiken

207 1373 60 22 öfver
291 1374 26 21 de
337 1373 146 28 föreliggande
506 1375 192 26 propositionerna,
721 1374 129 22 ständernas
873 1380 49 15 svar
946 1374 38 21 bör
1003 1376 34 18 ut-

206 1409 81 20 mynna
289 1397 17 39 i
325 1404 32 19 ett
371 1401 82 28 förslag
468 1403 31 21 till
514 1403 127 27 förordning
662 1403 112 27 angående
790 1403 92 26 ändring
897 1402 22 22 af
933 1401 105 22 särskilda

207 1431 134 27 stadganden
365 1431 8 21 i
388 1431 98 27 gällande
506 1431 173 28 värnepliktslag,
701 1431 83 22 hvilket
798 1431 82 27 förslag
894 1431 69 22 skulle
977 1431 61 21 inne-

205 1459 55 22 fatta
277 1459 76 22 endast
369 1459 27 22 de
409 1459 117 28 eftergifter
537 1460 39 21 och
589 1460 115 27 ändringar
714 1460 7 21 i
732 1459 123 28 äberopade
865 1460 41 27 lag,
920 1459 47 22 dem
979 1461 58 19 stän-

207 1488 68 21 derna
289 1494 30 15 nu
334 1487 68 22 funne
417 1488 79 27 skäligt
513 1491 31 19 att
559 1488 111 27 medgifva.
700 1488 80 22 Härtill
796 1488 62 22 torde
873 1488 61 27 fogas
949 1488 41 21 den
1001 1493 36 16 an-

206 1517 78 26 hällan,
299 1518 38 25 att,
356 1516 3 21 i
376 1516 104 22 händelse
490 1517 67 27 sagda
574 1517 232 27 ändringsförfattning
822 1517 18 27 ej
850 1523 71 15 vunne
937 1516 99 23 sanktion
