1103 1784
81 114 27 17 13
120 113 47 21 maj.
872 106 41 22 113

287 290 61 27 Den
369 290 34 28 13
422 291 57 35 maj
498 290 41 27 kl.
560 290 27 35 !/,
599 290 18 27 3
637 298 22 18 e.
676 298 37 19 m.

155 359 142 23 Ordförande:
321 360 25 21 hr
362 360 168 22 vicetalmannen
550 360 114 28 Wegelius.

156 416 41 22 Vid
212 417 138 26 protokollet:
374 417 96 22 ständets
486 418 138 21 sekreterare.

156 474 161 21 Fränvarande:
333 473 36 22 hrr
384 473 93 28 Nyberg,
489 474 55 21 Axel
555 474 124 28 Holmberg,
692 474 94 27 Hoving,
797 473 117 26 Borenius,

85 502 65 21 Emil
172 502 123 27 Holmberg,
318 502 82 27 Lindh,
421 503 111 23 Renlund,
551 503 130 25 Söderlund,
699 503 114 25 Sundvall,
833 502 82 21 Genetx

84 531 43 22 och
143 530 128 22 Stenström.

156 686 33 21 Hr
205 686 142 22 ordföranden
363 686 144 27 tillkännagaf,
518 689 32 19 att
565 687 59 21 detta
640 687 96 21 enskilda
746 687 87 26 plenum
845 685 69 22 blifvit

85 715 180 22 sammankalladt
286 715 28 27 pä
336 715 153 26 lagutskottets
512 715 75 22 därom
611 716 76 27 gjorda
702 715 104 22 anhällan.
835 715 79 26 Lagut-

85 744 84 21 skottet
183 743 54 22 hade
253 744 106 26 nämligen
379 750 90 15 numera
483 743 80 28 färdigt
578 745 38 20 sitt
631 744 133 21 betänkande
779 744 7 21 i
801 743 115 26 anledning

84 772 26 21 af
123 773 27 20 de
165 773 35 20 vid
222 772 141 27 landtdagens
386 772 75 27 början
485 773 32 21 till
535 773 116 21 ständerna
666 773 158 21 öfverlämnade
839 772 77 27 nädiga

85 801 196 27 Propositionerna.
311 801 97 21 Emedan
425 801 58 21 detta
499 801 134 22 betänkande
649 801 123 26 emellertid,
789 801 26 27 pä
831 802 42 20 sätt
884 800 32 21 uti

84 829 139 27 inledningen
249 829 69 22 därtill
339 829 100 27 uppgafs,
454 829 113 23 aflämnats
583 830 32 21 till
630 829 243 28 värnepliktsutskottet,
889 829 28 26 pä

87 858 81 21 hvilket
183 858 36 21 det
234 858 66 21 sedan
315 858 114 21 ankomme
445 861 32 18 att
491 858 103 22 befordra
610 859 118 21 detsamma
740 859 67 26 jämte
822 860 49 25 eget
881 858 35 21 be-

85 887 109 21 tänkande
209 887 32 21 till
257 887 121 25 ständerna,
394 889 55 19 samt
462 887 154 28 lagutskottets
627 887 133 22 betänkande
771 887 90 21 sälunda
871 886 46 22 icke

87 916 73 20 kunde
176 915 93 22 officiellt
284 915 143 22 öfverlämnas
444 916 32 21 till
492 917 122 21 ständerna,
624 917 65 20 innan
701 915 216 28 värnepliktsutskot-

86 946 44 19 tets
147 944 133 21 betänkande
293 944 82 26 föreläg
393 944 85 27 färdigt,
495 945 40 21 och
550 945 70 21 härtill
636 947 57 19 ännu
709 945 60 21 torde
785 944 50 26 ätgä
849 944 68 26 nägra

85 973 74 26 dagar,
175 972 53 22 hade
250 973 147 27 lagutskottet,
413 974 27 20 dä
455 974 38 21 det
507 976 82 19 ansetts
605 980 51 15 vara
670 973 23 21 af
707 974 43 20 vikt
765 975 32 19 att
814 972 103 22 ständens

86 1002 141 20 medlemmar
243 1001 57 27 finge
315 1002 24 20 sä
355 1002 88 26 mycken
459 1002 32 21 tid
506 1009 47 14 som
569 1002 83 27 möjligt
666 1002 33 21 för
714 1004 31 19 att
761 1002 105 27 genomgä
880 1001 36 21 be-

86 1030 124 26 tänkandet,
226 1030 57 21 velat
305 1030 35 21 vid
362 1030 84 27 privata
469 1031 63 27 plena
551 1031 71 21 utdela
638 1031 123 21 detsamma.
792 1029 125 22 Emellertid

86 1058 57 22 hade
153 1058 141 27 lagutskottet
304 1059 76 21 utbedt
391 1059 38 27 sig,
440 1062 32 18 att
481 1060 146 21 betänkandet
637 1060 69 20 skulle
716 1059 117 21 behandlas
844 1058 72 22 säsom

86 1087 75 21 sekret
181 1087 54 21 intill
259 1088 49 20 dess
331 1088 120 20 detsamma
474 1088 23 21 af
517 1088 238 27 värnepliktsutskottet
769 1087 94 22 officiellt
884 1086 35 22 till

88 1116 118 21 ständerna
223 1116 176 21 öfverlämnades.
430 1116 76 22 Under
522 1117 57 21 detta
594 1116 23 22 af
630 1117 140 27 lagutskottet
786 1116 75 27 gjorda
875 1111 43 25 för-

87 1144 72 21 behåll
174 1144 85 22 komme
274 1144 145 22 betänkandet
431 1145 64 21 alltså
510 1148 30 18 att
556 1146 6 20 i
578 1146 42 26 dag
635 1145 63 21 bland
710 1145 95 21 ständets
817 1144 101 22 medlem-

88 1179 47 15 mar
151 1173 88 21 utdelas.

158 1322 41 21 Till
222 1322 73 21 vidare
316 1322 76 27 ätgärd
414 1322 97 27 företogs
532 1323 36 21 vid
583 1325 85 19 senaste
683 1323 82 26 privata
780 1322 86 27 plenum
882 1322 37 20 be-

88 1350 108 21 handlade
218 1350 74 27 frägan
309 1357 41 20 om,
374 1351 117 21 huruledes
515 1351 26 22 de
563 1351 132 27 handlingar,
710 1351 71 21 hvilka
797 1349 122 23 tillkommit

87 1379 38 21 vid
141 1379 96 21 ständets
254 1379 96 21 enskilda
365 1380 182 25 sammanträden,
563 1379 68 22 skulle
646 1379 102 22 förvaras.

159 1435 33 21 Hr
207 1435 143 22 ordföranden
369 1436 133 26 meddelade,
512 1439 31 19 att
551 1437 96 21 ständets
666 1436 110 26 elektorer,
789 1436 32 21 till
838 1435 83 22 hvilkas

87 1463 159 22 förberedande
269 1464 131 27 behandling
415 1465 76 27 frägan
508 1465 134 27 hänskjutits,
657 1465 54 21 hade
726 1467 49 19 enat
791 1465 33 26 sig
839 1471 35 14 om
891 1465 32 20 att

89 1492 42 21 hos
148 1493 86 21 ständet
248 1492 86 26 föreslä,
351 1495 31 19 att
400 1493 164 27 ifrägavarande
579 1493 130 28 handlingar,
724 1493 121 27 förseglade
861 1492 23 21 af
898 1492 26 21 hr

841 1533 11 17 8
