1103 1770
70 122 28 17 26
110 122 61 20 april.
858 115 41 21 105

72 190 72 28 dagar,
156 190 23 21 så
194 189 68 22 finner
279 190 38 27 jag
332 189 46 22 icke
393 190 66 27 något
474 190 46 21 skäl
534 190 34 21 för
583 190 179 26 borgareståndet
778 191 31 20 att
824 189 76 26 frångå

73 220 37 21 sitt
125 218 78 22 beslut.
230 219 41 26 Jag
294 218 93 27 begärde
403 218 54 22 dock
472 218 46 22 icke
534 218 62 22 ordet
611 219 25 21 så
651 218 83 27 mycket
750 218 33 21 för
798 220 32 19 att
844 218 55 21 hålla

72 248 28 26 på
122 248 69 21 denna
214 247 133 27 ståndpunkt
369 253 47 15 som
438 247 46 21 icke
500 253 46 15 mer
561 247 33 21 för
610 249 32 19 att
658 249 110 25 gentemot
783 247 25 21 hr
823 246 76 22 Heikel

72 275 116 25 framhållå,
199 277 31 19 att
245 276 21 21 vi
278 275 116 27 ingalunda
408 275 88 22 härmed
512 276 70 21 skulle
597 276 86 21 komma
697 276 33 21 till
745 275 104 22 definitivt
864 275 36 21 be-

73 305 49 26 slut,
138 306 51 20 utan
212 304 47 21 dem
275 304 85 22 komma
375 304 21 22 vi
411 304 32 22 till
458 304 55 22 först
528 304 36 22 vid
579 304 121 27 enföljande
715 304 136 27 behandling.

142 362 33 20 Hr
198 360 89 22 Lille:
309 361 42 27 Jag
370 361 80 26 tänker,
466 363 32 19 att
510 361 38 27 jag
562 361 46 21 icke
624 361 71 21 träder
711 361 141 27 lagutskottet
867 360 33 22 för

73 392 44 24 när,
133 396 35 15 om
181 389 38 27 jag
234 392 50 24 toge
299 390 44 26 mig
357 389 91 22 friheten
464 392 32 19 att
511 390 90 27 uppläsa
616 390 154 26 lagutskottets
785 390 115 26 utlåtande,

74 418 69 22 ehuru
165 418 37 22 det
215 418 47 21 icke
277 420 57 19 ännu
350 420 23 19 är
385 418 115 27 justeradt.
528 419 43 26 Jag
585 424 70 18 anser,
670 420 32 20 att
717 418 35 22 vid
765 418 135 27 justeringen

74 447 45 20 icke
135 447 67 26 några
216 446 182 27 genomgripande
412 446 150 27 förändringar
577 447 61 21 skola
650 447 86 20 komma
746 447 7 20 i
762 447 66 27 fråga,
838 447 62 21 hvar-

74 475 33 21 för
127 475 43 27 jag,
186 481 35 15 om
245 475 84 21 ståndet
350 475 47 22 icke
419 475 38 21 har
480 475 66 27 något
561 475 103 26 däremot,
681 475 53 21 skall
750 476 90 26 uppläsa
856 475 44 22 det-

75 510 87 15 samma.
191 504 43 21 Det
249 505 23 20 är
287 503 23 22 af
322 503 93 28 följande
430 504 90 27 lydelse:
547 504 88 21 »Såsom
651 504 65 21 redan
732 504 7 21 i
754 505 67 20 andra
836 503 65 22 afdel-

74 533 80 26 ningen
175 532 23 21 af
215 533 58 20 detta
288 533 134 20 betänkande
436 532 133 26 framhållits,
584 533 62 26 ingår
660 533 46 21 icke
722 533 7 20 i
744 533 27 21 de
786 533 115 21 ständerna

75 567 28 15 nu
127 561 107 26 förelagda
259 561 142 27 lagförslagen
423 561 66 27 något
511 561 118 27 stadgande
644 561 112 27 angående
770 561 131 27 indelnings-

75 589 80 22 värket.
179 589 74 27 Enligt
269 589 115 22 utskottets
399 590 64 21 tanke
479 592 23 19 är
518 590 36 21 det
568 590 118 21 emellertid
702 590 31 21 till
744 590 157 27 förebyggande

75 618 23 21 af
118 619 41 20 den
182 618 173 25 rättsosäkerhet,
371 625 46 14 som
439 625 79 15 annars
539 618 69 22 blefve
622 618 85 27 följden,
724 619 132 27 nödvändigt
870 622 32 18 att

76 653 77 21 genom
176 647 124 27 uttryckligt
324 647 118 27 stadgande
465 647 110 25 förklaras,
596 648 101 26 antingen
721 649 31 20 att
770 647 131 28 indelnings-

76 675 75 22 värket
165 675 105 22 definitivt
284 675 114 26 afskaffats,
414 675 51 22 eller
480 676 45 25 ock,
541 676 7 21 i
563 675 224 22 öfverensstämmelse
802 676 48 21 med
861 677 13 20 2
888 677 14 26 &

75 705 7 20 i
99 704 96 27 gällande
214 704 173 27 värnepliktslag,
402 706 31 19 att
454 705 90 21 rusthåll
564 705 40 21 och
619 707 58 19 rotar
693 707 37 19 äro
746 705 94 21 befriade
854 705 47 21 från

76 733 146 27 skyldigheten
246 735 32 19 att
300 733 107 27 uppställa
427 733 105 26 krigsfolk
554 733 66 27 enligt
634 733 199 27 indelningsvärket
847 733 56 22 blott

76 761 24 22 så
114 761 63 27 länge
199 761 83 22 landets
305 761 132 22 härväsende
452 763 24 20 är
492 762 92 21 ordnadt
598 762 28 27 på
642 762 131 27 grundvalen
789 762 23 21 af
825 762 76 21 allmän

76 790 127 27 värneplikt.
233 789 124 22 Frånvaran
379 789 22 22 af
415 790 73 27 hvarje
504 791 136 26 bestämning
656 797 34 15 om
705 791 197 27 indelningsvärket

75 819 72 20 kunde
170 819 113 26 nämligen,
306 819 70 21 såsom
397 819 62 21 äfven
483 819 90 27 tidigare
596 821 24 25 (s.
643 819 34 26 60)
701 819 91 27 antydts,
809 819 94 22 medföra

76 847 118 24 osäkerhet,
206 847 104 21 huruvida
325 848 37 21 det
374 847 91 22 militära
479 848 197 27 indelningsvärket
690 847 133 22 fortbestode
835 848 68 27 jämte

76 876 146 26 värneplikten
246 876 39 21 och
301 876 159 27 uppställandet
475 876 23 21 af
511 877 89 20 knektar
616 877 83 21 således
715 877 71 21 kunde
802 879 38 19 när
856 883 45 15 som

75 904 57 21 hälst
153 904 23 21 af
196 904 126 27 regeringen
345 904 118 27 påfordras.
493 905 34 21 En
550 905 66 21 sådan
639 905 118 27 otydlighet
776 906 38 20 bör
830 908 73 18 natur-

76 933 71 27 ligtvis
164 933 111 21 undvikas.
298 934 41 20 För
355 933 32 21 sin
404 933 34 22 del
453 933 42 21 kan
512 934 105 21 utskottet
628 934 117 21 emellertid
755 934 46 21 icke
811 934 92 26 förorda,

76 964 31 18 att
129 961 197 27 indelningsvärket
345 961 104 22 förklaras
470 962 105 21 definitivt
593 962 118 25 afskaffadt,
727 965 51 19 utan
794 968 63 16 anser
873 962 30 21 bi-

76 990 136 21 behållandet
234 990 23 21 af
277 990 69 22 denna
362 990 122 22 institution
500 990 132 22 fortfarande
647 991 46 21 icke
709 991 67 21 sakna
792 991 51 26 skäl,
859 993 44 19 sär-

77 1018 64 22 skildt
157 1019 48 21 med
220 1018 82 28 hänsyn
318 1019 31 21 till
365 1019 41 21 den
422 1019 29 21 tid
468 1019 23 21 af
504 1020 108 26 rubbning
627 1020 40 21 och
681 1020 119 26 osäkerhet,
812 1026 46 14 som
874 1026 29 14 nu

76 1047 86 21 inträdt.
187 1042 20 26 Å
222 1054 41 14 ena
278 1048 59 20 sidan
354 1048 75 21 vinnes
445 1048 125 27 därigenom
586 1048 41 21 den
642 1048 74 25 fördel,
732 1048 55 26 att,
784 1044 12 35 i
802 1048 101 22 händelse

76 1076 84 21 landets
183 1076 132 21 härväsende
338 1076 112 27 upphörde
472 1079 32 19 att
520 1083 50 15 vara
585 1077 92 21 ordnadt
692 1077 28 27 på
736 1076 132 28 grundvalen
883 1076 23 22 af

76 1104 78 21 allmän
178 1104 119 27 värneplikt
318 1107 55 19 samt
389 1105 91 21 monark
496 1105 39 21 och
551 1106 87 20 ständer
653 1106 46 21 icke
714 1106 72 20 kunde
802 1112 50 14 enas
869 1112 34 14 om

77 1133 119 27 antagande
219 1132 22 22 af
262 1135 65 19 annat
349 1133 167 27 militärsystem,
538 1134 37 21 det
597 1134 135 27 sekelgamla,
753 1134 27 27 på
803 1134 101 21 nationell

77 1162 70 26 grund
169 1161 72 22 fotade
263 1162 198 27 indelningsvärket
479 1162 86 22 komme
580 1165 31 19 att
626 1163 61 21 träda
701 1163 8 21 i
725 1162 76 22 stället.
832 1162 45 22 Och
892 1162 13 22 å

77 1190 66 21 andra
159 1190 59 22 sidan
235 1192 24 20 är
274 1190 35 22 det
324 1190 23 22 af
361 1190 50 26 vikt,
421 1193 31 19 att
468 1191 36 21 det
519 1191 107 21 kamerala
640 1191 198 27 indelningsvärket
852 1191 52 21 fort-

77 1219 72 20 består
165 1219 112 25 orubbadt,
293 1220 27 20 då
338 1219 25 26 ju
379 1222 32 18 ett
426 1220 151 26 upphäfvande
592 1219 23 21 af
628 1220 119 21 detsamma
762 1220 69 21 skulle
846 1220 58 21 inne-

78 1247 56 26 bära,
150 1249 31 19 att
196 1247 41 21 alla
252 1247 58 22 förut
325 1247 27 28 på
367 1247 146 22 militiestaten
529 1248 81 21 indelta
619 1248 192 26 hemmansräntor,
822 1248 82 21 militie-

78 1276 194 21 boställsarrenden
296 1283 27 14 m.
338 1275 20 22 fl.
374 1276 70 27 dylika
467 1277 70 20 medel
557 1276 114 22 framdeles
687 1277 69 21 skulle
771 1277 82 21 tillfalla
868 1277 36 21 all-

77 1306 78 19 männa
177 1304 134 21 statsfonden
327 1305 39 21 och
385 1305 83 21 således
485 1305 46 21 icke
546 1311 46 15 mer
614 1312 51 15 vara
685 1305 104 27 anslagna
803 1305 33 21 för
852 1305 53 21 mili-

77 1334 46 20 tära
139 1332 104 22 ändamål.
265 1333 32 21 På
311 1333 64 21 dessa
390 1333 46 21 skäl
452 1333 40 21 och
508 1334 32 25 då,
551 1340 34 14 om
603 1334 39 21 ock
654 1334 251 21 rusthållsinstitutionen

78 1367 77 21 genom
171 1361 77 27 nådiga
268 1361 153 27 förordningen
437 1361 23 22 af
474 1362 41 21 den
531 1363 13 20 5
559 1362 87 27 augusti
663 1362 54 21 1886
732 1362 105 22 definitivt
852 1368 53 21 upp-

77 1389 63 26 häfts,
155 1390 157 27 indragningen
334 1390 23 21 af
376 1390 27 21 de
417 1390 119 22 rusthållen
552 1391 104 27 anslagna
670 1392 102 20 räntorna
788 1392 56 20 ännu
859 1391 47 21 icke

78 1418 97 21 slutförts
198 1420 57 20 samt
277 1418 136 27 rusthållena,
429 1418 73 22 hvilka
524 1419 53 21 efter
599 1419 211 27 indragningstidens
825 1419 82 27 utgång

78 1446 61 22 skola
153 1446 104 22 likställas
272 1447 49 21 med
337 1446 71 22 halfva
422 1450 66 23 rotar,
499 1448 108 21 sannolikt
621 1448 62 21 äfven
698 1447 108 28 framgent
820 1448 86 21 komma

77 1477 32 19 att
131 1475 83 21 behålla
235 1476 33 21 sin
292 1476 69 26 gamla
382 1476 138 27 benämning,
534 1476 98 22 förordar
648 1476 106 22 utskottet
768 1476 34 22 för
818 1476 32 22 sin
866 1476 40 26 del,
