1103 1781
206 114 28 22 96
935 121 24 17 13
971 120 60 21 april

206 191 73 20 ansett
300 189 118 28 eftergifter
442 190 28 27 på
493 190 58 21 detta
574 190 87 22 område
684 190 24 21 så
723 189 98 28 ofantligt
837 189 140 27 äfventyrliga
992 188 40 21 och

207 219 119 26 ödesdigra,
349 221 31 19 att
402 225 55 20 man,
481 225 36 15 om
539 219 112 27 någonsin,
666 219 68 21 borde
748 218 55 22 afslå
817 218 74 27 hvarje
905 217 80 27 förslag
1000 217 32 21 till

207 247 66 21 sådan
290 247 98 27 eftergift.

277 276 61 21 Inom
353 275 141 28 lagutskottet
509 276 39 21 har
563 277 7 20 i
586 276 69 21 denna
669 275 60 28 fråga
743 275 83 22 funnits
842 281 26 15 en
883 275 46 22 icke
945 275 23 21 så
980 274 51 21 liten

207 304 109 21 minoritet
331 305 39 21 och
386 305 70 21 denna
471 305 109 21 minoritet
596 305 37 21 har
649 307 76 22 ansett,
740 306 37 25 att,
793 311 34 14 om
841 304 69 27 någon
923 303 109 27 möjlighet

207 333 164 27 nödvändigtvis
394 334 69 21 måste
485 335 83 25 öppnas
583 333 33 22 för
632 333 64 28 ryska
710 335 49 19 män
775 335 32 19 att
823 339 44 15 mer
882 333 51 20 eller
949 331 82 22 mindre

207 361 101 28 tillfälligt
329 362 95 21 initieras
439 362 7 21 i
462 362 25 21 de
510 361 69 22 finska
602 365 128 24 truppernas
745 361 153 26 förhållanden,
914 361 69 21 denna
997 359 34 22 för

207 389 74 28 hvarje
302 390 102 22 händelse
426 391 67 21 borde
515 391 24 21 så
561 391 123 26 begränsas,
704 392 31 19 att
750 390 41 21 den
807 390 45 21 icke
868 391 81 26 öppnar
965 391 66 24 utväg

207 418 31 21 till
254 419 41 21 den
311 419 145 27 russificering
467 419 22 21 af
497 419 48 21 hela
555 419 37 22 vår
602 419 131 26 förvaltning
743 419 40 21 och
794 419 90 21 sålunda
895 418 134 26 småningom

207 447 65 21 också
287 447 23 22 af
330 448 48 21 vårt
395 448 56 25 land,
471 448 84 21 hvartill
571 448 27 21 de
613 448 63 27 ryska
691 447 239 27 värnepliktsförslagen
951 445 80 22 sträfva

206 475 61 28 långt
289 483 45 14 mer
356 478 27 19 än
406 477 26 20 de
447 476 46 22 afse
508 476 91 21 militära
615 476 102 21 ändamål.
747 477 43 20 För
805 476 43 21 min
864 475 34 22 del
913 475 38 22 har
966 475 65 21 också

204 504 38 27 jag
264 511 26 14 en
306 505 35 26 tid,
357 505 7 21 i
379 505 66 22 likhet
460 505 48 21 med
524 505 41 21 den
581 505 67 27 öfriga
663 505 143 23 minoriteten,
822 505 28 26 på
865 505 69 26 grund
949 503 23 22 af
985 510 44 15 mo-

207 533 61 26 tiver,
284 534 47 21 dem
344 533 39 28 jag
397 536 72 19 ansett
484 534 175 25 beaktansvärda,
675 534 57 27 tyckt
747 533 37 22 det
800 533 83 27 möjligt
897 535 32 19 att
943 533 50 26 ingå
1003 533 28 26 på

207 561 66 27 något
296 565 57 18 sorts
376 563 312 26 tillkommenderingsinstitut,
714 561 44 22 ifall
780 562 56 21 blott
851 568 25 15 en
892 561 88 27 lämplig
995 561 34 21 be-

207 591 118 26 gränsning
348 591 62 21 däraf
430 591 71 21 kunde
517 591 82 22 vinnas.
630 591 32 21 Då
678 591 36 21 det
728 591 119 21 emellertid
863 591 67 20 under
946 590 85 21 diskus-

207 619 81 26 sionen,
311 620 129 21 åtminstone
463 620 57 21 inom
537 619 146 28 lagutskottet,
699 622 60 25 synts
775 619 97 27 omöjligt
887 621 31 19 att
933 620 97 19 närmare

207 647 65 22 fixera
294 648 62 21 dessa
377 648 175 27 begränsningar,
567 649 38 20 har
617 649 38 26 jag
669 648 33 21 för
718 654 53 21 egen
788 648 34 21 del
838 647 98 27 slutligen
953 647 78 21 måstat

207 676 101 22 vidblifva
323 677 41 21 den
380 677 58 27 regel
453 677 7 21 i
475 677 80 27 frågan,
572 683 46 15 som
635 677 65 26 gäller
715 677 67 26 enligt
797 676 124 21 nuvarande
935 676 35 27 lag
991 675 39 22 och

207 704 85 22 hvilken
315 705 64 27 regel,
402 706 72 21 såsom
491 706 39 27 jag
552 706 65 21 redan
639 705 71 22 tillåtit
732 705 44 27 mig
799 705 72 25 uttala,
891 704 82 22 oafsedt
989 705 40 20 den

207 733 105 28 olyckliga
334 734 154 27 ordalydelsen,
510 734 54 21 dock
581 734 67 21 måste
662 740 51 15 vara
728 734 48 25 den,
791 736 32 19 att
838 733 71 22 officer
925 733 34 21 vid
974 733 56 21 finsk

206 764 65 25 trupp
287 763 39 20 bör
341 769 51 15 vara
406 763 74 21 infödd
495 762 55 22 finsk
565 769 56 15 man.

276 791 42 27 Jag
332 791 38 22 har
386 791 32 22 uti
433 792 70 21 denna
517 792 44 21 min
577 791 132 28 ståndpunkt
724 791 46 21 icke
785 791 27 27 på
822 791 66 26 något
899 791 31 20 vis
941 790 88 21 rubbats

207 819 47 21 utaf
268 820 26 21 de
310 820 44 21 skäl
375 820 25 21 hr
416 820 76 21 Heikel
507 820 32 21 för
555 820 33 21 sin
604 820 56 21 åsikt
675 820 37 21 här
728 819 121 22 framhållit.
870 819 100 21 Tvärtom
987 819 42 21 må-

207 850 33 19 ste
258 848 38 27 jag
311 849 30 21 uti
356 849 26 20 hr
398 849 88 21 Heikels
501 849 177 26 argumentering
692 849 83 26 påpeka
790 854 26 15 en
833 848 108 27 betänklig
955 847 75 22 inkon-

207 876 99 22 sekvens.
336 877 41 22 Om
400 877 25 21 hr
445 877 76 22 Heikel
544 883 69 20 anser,
629 879 31 19 att
681 878 13 26 &
711 877 41 21 120
768 877 31 21 uti
814 877 33 20 sin
863 876 123 21 nuvarande
1001 876 29 27 ly-

207 905 59 21 delse
289 907 23 20 är
335 906 73 25 sådan,
427 909 32 18 att
474 913 47 14 man
537 906 27 27 på
580 908 67 25 vägen
663 905 23 22 af
699 912 26 15 en
741 905 162 22 naturalisation
919 905 56 20 mala
989 905 41 21 fide

207 933 41 22 kan
269 934 89 27 kringgå
374 935 36 20 vår
426 935 117 26 grundlags
559 933 163 28 hufvudprincip
738 934 6 21 i
760 933 60 27 fråga
836 940 33 14 om
881 933 68 21 finska
960 933 70 21 ämbe-

207 965 42 23 ten,
270 963 24 20 så
308 963 54 21 hade
378 963 33 21 väl
426 963 163 21 konsekvensen
605 963 23 21 af
641 963 56 21 detta
713 962 174 22 betraktelsesätt
902 962 49 21 bort
967 961 64 22 blifva

207 991 47 26 den,
278 993 30 19 att
330 991 26 21 hr
375 991 76 22 Heikel
475 991 114 22 förbättrat
603 991 146 28 ordalydelsen
765 992 7 20 i
787 992 13 25 8
818 991 46 20 120.
894 991 45 21 Och
955 997 34 14 om
1005 991 25 20 hr

207 1019 77 22 Heikel
306 1020 102 27 därjämte
431 1021 55 20 varit
500 1021 96 26 benägen
612 1022 31 19 att
658 1021 122 20 sedermera
795 1020 58 20 inom
869 1019 58 21 vissa
942 1021 88 25 gränser

206 1048 72 21 lämna
293 1055 47 14 rum
355 1049 33 20 för
404 1049 211 26 tillkommendering
629 1048 22 21 af
664 1049 64 26 ryska
742 1050 57 23 män,
815 1048 24 21 så
854 1048 54 21 hade
919 1047 24 22 hr
955 1047 75 22 Heikel

207 1078 51 19 utan
276 1077 72 21 tvifvel
363 1077 46 21 haft
424 1080 31 19 ett
471 1077 23 22 så
509 1077 84 27 mycket
609 1079 68 19 större
693 1077 45 21 skäl
754 1079 31 19 att
801 1077 67 20 ändra
883 1076 125 27 paragrafen
1024 1077 7 20 i

208 1105 35 21 det
266 1105 58 22 förra
345 1105 137 26 hänseendet,
504 1106 27 21 då
553 1105 40 22 han
607 1106 24 26 ju
647 1106 93 21 ändrade
756 1105 40 21 den
813 1105 7 21 i
835 1105 37 21 det
886 1105 71 21 andra.
988 1105 43 20 Det

206 1140 64 20 synes
287 1135 48 26 mig,
346 1141 46 14 som
408 1141 34 14 om
459 1135 25 20 hr
499 1134 88 21 Heikels
603 1136 158 25 räsonnemang
775 1134 7 21 i
796 1133 75 27 frågan
887 1133 68 21 skulle
971 1133 25 27 gå
1008 1136 23 18 ut

206 1162 101 23 därifrån,
322 1166 32 18 att
373 1163 102 21 Finlands
491 1163 88 21 ständer
594 1169 89 15 numera
698 1165 37 19 äro
751 1162 32 21 till
798 1162 77 21 endast
889 1161 32 22 för
937 1161 93 26 eftergif-

207 1193 39 23 ter,
267 1191 46 21 icke
335 1191 33 21 för
390 1194 38 23 att,
443 1192 38 21 där
497 1191 24 22 så
536 1191 75 27 nödigt
626 1193 28 23 är,
670 1197 78 21 genom
763 1191 158 26 förtydligande
945 1190 88 27 ordalag

206 1219 73 22 stärka
294 1220 139 27 stadganden,
449 1227 46 14 som
511 1220 61 21 skola
587 1220 102 21 innebära
704 1220 37 21 vår
756 1219 106 27 trygghet.
893 1219 33 21 Hr
941 1219 89 26 Elvings

205 1249 160 27 räsonnemang
379 1249 6 21 i
401 1249 74 26 frågan
499 1255 62 21 synes
586 1249 43 27 mig
651 1249 27 21 då
692 1248 60 27 långt
768 1254 46 15 mer
829 1247 80 27 logiskt
924 1247 38 21 och
979 1247 52 21 kon-

206 1276 97 22 sekvent.
332 1278 42 26 Jag
389 1278 101 26 beklagar
513 1277 61 26 blott,
589 1279 31 20 att
635 1277 25 21 hr
675 1277 79 26 Elving
768 1276 46 22 icke
830 1276 53 27 tagit
899 1278 69 25 steget
983 1276 49 21 fullt

207 1307 29 24 ut,
260 1312 46 14 som
330 1306 40 20 han
394 1306 54 25 bort,
472 1306 39 21 och
532 1308 31 19 att
585 1306 25 21 hr
633 1306 78 26 Elving
725 1306 74 25 icke,
790 1300 12 36 i
816 1305 70 21 stället
901 1304 32 22 för
949 1306 31 20 att
995 1305 36 21 be-

206 1329 105 37 träffande
319 1329 187 37 bristfälligheten
519 1334 31 21 uti
561 1334 138 27 paragrafens
708 1334 124 21 nuvarande
841 1333 80 27 lydelse
930 1335 57 25 yttra
997 1333 34 27 sig

205 1362 78 21 endast
303 1363 31 21 uti
353 1363 125 25 motiverna,
494 1363 39 21 fått
548 1362 54 22 fram
618 1363 69 21 denna
702 1363 33 21 sin
752 1362 120 26 åskådning
887 1362 64 21 också
965 1362 8 21 i
987 1362 44 26 lag-

206 1393 79 19 texten.

277 1419 68 22 Sådan
362 1420 70 21 denna
447 1421 14 25 &
477 1420 41 21 120
533 1426 29 15 nu
578 1420 59 27 lyder
651 1420 67 26 enligt
728 1418 251 28 värnepliktsutskottets
989 1418 42 21 för-

205 1447 53 27 slag,
282 1448 40 21 kan
345 1448 41 22 den
402 1448 115 27 omöjligen
533 1448 124 27 godkännas
673 1448 23 21 af
709 1448 104 21 Finlands
830 1448 92 21 ständer.
951 1448 42 25 Jag
1008 1449 23 19 är

205 1475 126 28 öfvertygad
353 1477 81 26 därom,
449 1479 32 19 att
499 1477 130 21 åtminstone
644 1476 179 27 borgareståndet
838 1476 45 21 icke
899 1476 53 21 skall
969 1476 26 26 gå
1009 1476 21 20 in

205 1504 28 28 på
242 1506 33 20 att
284 1507 78 25 antaga
372 1505 161 27 ifrågavarande
544 1508 95 18 moment
649 1505 22 21 af
679 1504 133 28 paragrafen.
828 1505 38 21 Ett
877 1504 155 27 godkännande
