1103 1786
201 117 27 22 98
931 125 24 16 18
967 124 61 21 april.

200 192 157 28 förmånligare,
372 196 32 19 att
426 193 65 27 ryska
513 195 56 25 män,
591 193 43 22 ifall
658 195 26 20 de
706 193 118 22 öfverföras
839 193 37 26 hit,
891 193 86 21 komma
996 192 31 21 hit

201 223 51 20 utan
275 223 31 20 att
328 221 63 22 hafva
413 221 56 22 finsk
484 223 173 26 medborgarrätt
672 225 27 19 än
714 223 50 21 med
780 223 65 20 sådan
861 224 49 19 rätt.
941 222 42 21 Det
997 223 31 20 är,

197 250 39 27 jag
258 251 104 20 erkänner
381 250 41 26 det,
437 251 46 21 icke
499 251 68 27 sagdt,
583 254 30 19 att
629 258 55 19 man,
699 251 62 22 äfven
777 257 34 15 om
828 251 115 21 ständerna
959 249 69 22 skulle

200 281 78 24 antaga
300 280 58 20 detta
380 279 66 21 andra
469 282 101 22 moment,
586 280 69 21 skulle
674 279 76 27 frångå
770 282 93 24 utvägen
880 282 31 18 att
926 278 101 22 naturali-

201 313 53 20 sera,
278 314 48 14 men
349 308 36 20 det
407 307 68 22 finnes
498 314 26 15 en
541 308 116 27 möjlighet,
672 311 31 19 att
718 315 49 14 man
784 308 24 21 så
823 308 68 20 skulle
907 309 57 25 göra,
987 306 39 22 och

201 336 69 21 denna
292 336 111 27 möjlighet
425 342 63 15 anser
508 336 38 27 jag
567 343 48 15 man
633 337 37 21 bör
686 338 102 26 begagna,
805 337 24 20 så
844 336 62 21 hårdt
921 336 38 21 och
976 342 51 14 oan-

201 366 86 25 genämt
309 365 36 21 det
368 367 25 19 än
418 367 28 19 är.
477 365 41 21 Om
542 372 48 14 man
614 366 64 20 också
695 365 185 27 fortsättningsvis
896 364 67 22 skulle
979 364 47 21 full-

199 392 51 28 följa
273 394 31 20 sin
329 393 64 22 afsikt
413 396 30 18 att
459 400 77 20 genom
552 394 162 21 naturalisation
730 394 106 21 öfverföra
852 394 63 26 ryska
931 395 48 19 män
995 392 31 21 till

200 420 68 23 finska
292 425 78 24 poster,
387 422 68 22 blefve
479 422 128 27 ställningen
631 423 45 21 icke
700 425 70 19 sämre
794 428 76 21 genom
887 422 58 21 detta
959 422 68 20 andra

200 453 102 23 moment,
319 453 26 19 än
362 457 33 15 om
413 451 35 21 det
464 451 46 21 icke
525 450 84 22 funnes.

269 508 33 22 Hr
319 508 231 27 Schybergson:
580 508 42 27 Jag
643 508 37 22 har
696 508 76 28 begärt
787 508 62 21 ordet
864 508 33 21 för
911 510 32 19 att
959 507 67 21 uttala

200 543 82 15 samma
303 536 142 28 uppfattning,
467 537 22 21 åt
509 536 85 22 hvilken
611 536 60 22 äfven
687 537 25 21 hr
729 538 95 21 Jansson
840 536 38 28 gaf
890 536 89 27 uttryck,
994 539 32 18 att

200 565 107 27 nämligen
324 566 70 21 denna
409 566 137 26 bestämning
561 572 34 14 om
611 565 66 21 finskt
692 566 184 26 medborgarskap
887 566 46 20 icke
943 567 23 19 är
977 564 48 22 tull-

199 594 91 27 komligt
308 594 104 21 värdelös.
443 594 50 21 Man
511 594 33 21 må
560 596 65 25 gärna
641 596 57 25 säga,
714 597 31 18 att
760 601 48 14 man
824 595 8 20 i
847 594 131 21 närvarande
995 594 30 20 tid

199 624 23 19 är
245 623 83 21 mindre
349 622 133 28 hänsynsfull
498 624 26 19 än
539 622 64 26 förut,
619 625 32 18 att
666 629 48 15 man
730 623 46 21 icke
792 625 23 18 är
830 622 133 28 hänsynsfull
979 622 46 26 alls,

199 658 48 14 men
271 652 36 20 det
329 651 69 21 finnes
417 652 67 20 andra
499 652 187 26 omständigheter,
702 658 45 15 som
765 654 52 24 göra
832 652 40 21 och
887 658 46 14 som
950 651 75 21 hittills

199 680 62 21 hafva
282 680 62 27 gjort,
360 682 30 19 att
406 682 91 24 utvägen
514 680 22 21 af
549 680 161 22 naturalisation
726 681 7 20 i
749 681 24 21 så
788 681 61 26 ringa
865 680 52 27 grad
932 680 93 20 anlitats.

199 708 49 22 Med
269 715 26 15 en
317 708 117 28 öfvergäng
449 709 32 21 till
495 708 66 22 finskt
576 709 181 27 medborgarskap
773 708 62 28 följer
850 709 45 21 icke
911 708 54 22 blott
981 710 43 19 rät-

199 737 97 27 tigheter,
322 738 88 20 därmed
434 737 61 27 följer
525 738 64 20 också
613 737 144 27 förpliktelser
783 738 39 21 och
850 738 87 20 därmed
962 736 62 28 följer

199 766 67 21 andra
288 766 201 21 rättsförhållanden
513 768 26 19 än
563 766 31 26 de,
617 766 34 21 vid
674 766 71 21 hvilka
767 766 63 27 ryska
853 768 48 19 män
921 768 50 19 vant
987 766 38 27 sig,

199 797 14 19 t.
228 801 31 15 ex.
275 795 7 21 i
304 794 60 27 fråga
387 801 34 15 om
443 794 102 28 giftorätt.
575 795 44 21 Det
641 797 22 19 är
686 795 46 21 icke
748 795 68 27 sagdt,
835 797 31 19 att
885 801 49 15 man
950 796 23 19 är
989 795 35 20 be-

198 825 69 25 nägen
290 826 32 18 att
343 824 86 20 komma
444 824 21 20 in
481 824 68 20 under
564 823 45 21 helt
623 824 67 21 andra
704 823 208 25 rättsförhållanden,
928 823 27 21 då
977 823 47 21 där-

198 852 31 21 till
252 852 96 21 kommer
372 852 23 21 så
417 852 78 27 många
517 852 66 21 andra
606 852 138 27 svårigheter,
767 852 71 21 hvilka
862 852 35 21 det
913 852 64 26 gäller
993 854 31 18 att

198 880 130 26 öfvervinna,
348 887 34 14 om
406 887 49 14 man
479 881 36 26 går
537 880 59 21 öfver
619 880 46 21 från
689 883 31 18 ett
742 880 181 27 medborgarskap
946 880 32 21 till
993 882 32 19 ett

197 912 72 18 annat.
299 909 43 21 Det
364 909 67 27 ligger
454 909 66 26 något
534 909 7 20 i
557 909 62 25 detta,
636 911 30 19 att
691 909 53 21 1858
764 909 36 21 års
814 908 127 27 förordning
955 909 46 21 icke
1017 909 7 20 i

197 937 71 27 någon
292 938 102 21 nämvärd
415 937 52 27 grad
491 937 75 22 vunnit
588 937 139 27 tillämpning.
757 938 42 26 Jag
822 940 51 22 tror,
897 939 30 19 att
953 937 70 21 denna

197 966 173 21 förhållandenas
385 967 58 20 makt
459 966 61 21 äfven
535 966 131 21 fortfarande
682 966 53 21 skall
751 968 51 25 göra
814 966 162 27 bestämningen
987 972 36 15 om

196 994 66 21 finskt
284 995 182 26 medborgarskap
489 995 31 20 till
543 997 31 18 ett
590 995 59 26 långt
671 997 69 19 större
761 995 47 20 stöd
824 994 32 21 för
872 1001 43 18 oss,
931 996 26 19 än
973 1001 49 14 man

198 1023 112 21 teoretiskt
333 1023 120 21 betraktadt
475 1023 41 21 kan
539 1023 57 21 finna
619 1023 51 21 däri.
700 1023 46 22 Och
770 1023 26 21 då
817 1023 39 26 jag
871 1023 66 27 hyllar
953 1023 70 21 denna

197 1051 143 28 uppfattning,
358 1052 23 21 så
396 1051 61 28 följer
473 1051 60 22 däraf
547 1058 46 15 som
610 1058 25 15 en
652 1052 45 21 klar
712 1052 143 25 konsekvens,
864 1055 31 18 att
907 1052 38 26 jag
956 1052 67 26 omöj-

195 1080 40 27 ligt
256 1080 42 21 kan
328 1080 74 22 förena
423 1081 44 26 mig
491 1087 34 14 om
549 1081 249 26 värnepliktsutskottets
824 1081 39 20 och
886 1080 25 21 hr
934 1080 89 21 Heikels

195 1108 87 27 förslag.
314 1109 103 21 Däremot
439 1115 63 15 anser
521 1109 38 27 jag
581 1109 101 27 förslaget
706 1115 33 15 om
764 1115 26 15 en
813 1109 210 26 tillkommendering

196 1143 51 15 vara
270 1138 80 26 egnadt
369 1140 31 19 att
419 1138 7 20 i
441 1137 69 27 någon
533 1137 50 21 mån
599 1138 45 21 visa
659 1140 31 19 ett
704 1138 185 26 tillmötesgående
905 1137 38 21 och
958 1137 64 21 fram-

194 1164 33 23 för
242 1166 39 21 allt
297 1166 76 26 tydligt
389 1167 51 25 visa,
455 1169 31 18 att
501 1166 21 21 vi
536 1166 46 21 icke
597 1166 90 21 behöfva
702 1166 135 26 hemlighålla
853 1166 119 26 någonting
987 1166 35 21 vid

196 1194 36 21 vår
264 1194 84 26 militär,
372 1197 50 18 utan
449 1194 72 21 kunna
546 1194 71 21 lämna
639 1200 103 21 personer
766 1194 53 21 ifrån
843 1194 63 27 ryska
933 1197 90 23 trupper

195 1222 82 22 tillfälle
306 1225 31 19 att
359 1223 24 21 så
409 1223 76 25 intimt,
508 1229 46 15 som
585 1223 58 21 detta
662 1230 77 20 genom
763 1229 25 15 en
813 1223 210 26 tillkommendering

195 1250 55 26 sker,
272 1251 51 27 följa
345 1252 49 21 med
416 1251 165 21 förhållandena.
611 1252 41 26 Jag
673 1251 85 21 förenar
781 1252 45 26 mig
840 1258 35 14 om
891 1251 25 21 hr
932 1251 90 27 Elvings

193 1279 87 27 förslag.

264 1338 33 20 Hr
312 1338 193 26 Appelberg:
535 1338 42 26 Jag
599 1338 77 20 tillåter
699 1338 45 26 mig
767 1337 77 21 endast
859 1336 102 22 anmärka
975 1339 47 18 mot

195 1365 26 21 hr
236 1366 89 21 Heikels
348 1366 123 26 anförande,
486 1368 31 19 att
539 1366 36 21 det
597 1366 46 21 icke
663 1372 52 15 vore
731 1366 25 21 så
770 1366 40 20 lätt
825 1368 32 18 att
873 1372 76 20 genom
965 1365 56 21 före-

195 1394 83 27 gående
299 1394 166 28 naturalisering
480 1394 95 22 anskaffa
589 1395 64 27 ryska
668 1394 110 22 officerare
794 1394 31 21 till
841 1394 40 21 den
897 1394 70 21 finska
981 1394 40 21 mi-

193 1423 83 26 litären,
292 1426 22 24 ty
330 1430 33 15 om
380 1424 63 27 ryska
459 1424 101 21 militärer
575 1423 158 26 naturaliseras,
750 1423 24 21 så
789 1425 37 19 äro
843 1423 26 21 de
884 1423 137 26 naturligtvis

194 1452 158 21 underkastade
377 1453 51 20 våra
451 1452 213 27 språkförordningar
684 1451 33 22 för
740 1454 32 19 att
793 1451 65 22 blifva
880 1453 93 25 antagna
989 1451 31 20 till

193 1479 115 27 officerare,
332 1481 38 20 och
393 1481 57 21 detta
471 1481 68 20 skulle
556 1483 75 24 utgöra
646 1483 31 18 ett
693 1482 70 20 större
779 1480 75 21 hinder
870 1482 27 18 än
913 1480 26 20 de
955 1485 66 21 svaga
