1103 1753
201 123 28 21 82
569 130 92 21 Bilagor.

201 198 102 28 afhända
327 198 45 22 låta
395 198 67 28 något
482 199 58 27 gods,
560 199 41 21 löst
624 199 52 21 eller
698 198 52 28 fast,
771 200 57 20 utan
851 198 50 26 laga
916 198 57 22 Dom
989 197 40 23 och

201 227 154 28 Ransakning,
363 230 59 19 samt
431 230 63 26 styra
505 228 64 21 Riket
579 228 55 27 efter
644 227 214 27 Konunga-Balken,
866 227 162 27 Lands-Lagen

203 256 39 22 och
258 256 83 22 ihenna
356 256 224 28 Regerings-Form>.
596 256 210 28 (Regeringsformen
822 256 22 22 af
854 256 39 22 den
905 256 25 22 21
942 256 87 27 augusti

204 286 61 25 1772,
277 272 14 44 8
308 286 27 26 2).

270 285 23 55 N
304 316 68 19 »Anse
392 314 62 28 Wi!)
472 314 40 22 Oss
526 314 36 28 för
572 314 50 28 frie,
633 314 108 28 laglydige
752 314 38 22 och
800 314 61 21 säkre
876 314 151 26 Undersälare,

202 343 72 20 under
296 350 27 13 en
345 343 113 27 Lagkrönt
480 344 102 27 Konung,
598 350 47 14 som
664 345 72 26 styrer
754 343 38 21 Oss
807 343 55 27 efter
878 342 98 27 Sveriges
991 342 36 21 be-

203 371 87 27 skrefne
305 371 68 28 Lag».
401 372 138 27 (Förenings-
555 371 39 22 och
611 371 174 22 säkerhetsakten
802 371 22 22 af
838 371 40 22 den
893 372 25 21 21
935 371 94 22 februari

204 400 39 21 och
259 400 13 22 3
288 400 53 27 april
357 401 61 26 1789,
433 401 69 26 punkt
517 401 28 24 2).

273 429 22 27 €)
313 429 42 28 »Fj
370 429 37 21 mä
423 429 125 28 Konungen
563 429 73 28 någon
653 436 31 21 ny
701 429 46 28 Lag
763 431 55 19 utan
834 429 133 21 Ständernes
982 431 45 19 vet-

201 457 55 28 skap
279 458 39 21 och
333 459 109 27 samtycke
455 461 61 25 göra,
530 458 52 21 eller
596 458 75 27 någon
684 459 100 27 gamma!
806 458 117 27 afskaffa».
953 458 76 27 (Rege-

203 485 144 29 ringsformen
362 488 13 25 &
390 487 43 27 40).
751 489 3 5 N

273 515 20 26 h)
311 524 9 11 »
324 515 79 28 Kongl.
425 516 67 27 Maj:t
506 517 52 26 äger
572 515 62 28 frida
651 516 37 21 och
705 515 71 28 frälsa
792 515 68 27 Riket,
876 515 93 22 särdeles
984 517 46 20 mot

202 544 84 21 utrikes
309 544 37 21 och
368 544 94 28 fienders
484 546 71 26 magt;
580 551 50 14 men
646 545 36 20 mä
698 545 20 27 ej
732 546 58 19 emot
805 544 52 27 Lag,
873 543 158 28 Konunga-Ed

203 573 38 21 och
267 573 132 26 Försäkran,
420 573 96 28 pälägga
538 573 161 21 undersätarne
722 573 68 28 nägre
812 573 148 27 krigshielper,
983 580 46 20 nya

201 601 86 28 gärder,
303 601 167 28 utskrifningar
489 602 38 21 och
546 602 69 21 andre
631 602 97 27 afgifter,
744 604 56 19 utan
815 601 94 22 Riksens
925 601 104 22 Ständers

202 631 96 26 vetskap,
314 630 47 27 fria
381 631 56 28 vilja
452 631 39 21 och
505 631 122 28 samtycke;
650 631 54 21 doch
718 631 173 27 undantagande
907 631 50 20 then
972 631 57 27 olyc-

204 659 73 27 keliga
299 659 108 26 händelse,
431 661 23 20 at
476 659 65 22 Riket
562 659 50 21 med
635 660 119 27 Härsmagt
770 659 102 28 angripit
895 659 80 28 blefve:
1000 659 29 21 Tä

203 689 52 25 äger
271 687 78 27 Kongl.
365 687 66 28 Maj:t
445 690 51 23 rätt,
511 690 24 18 at
551 690 51 25 taga
618 689 34 20 the
670 688 57 21 mått
742 688 38 21 och
795 689 51 26 steg,
861 695 46 14 som
923 688 48 20 med
986 687 41 21 Ri-

204 716 45 21 kets
263 716 99 21 säkerhet
377 717 38 21 och
430 717 172 21 undersätarnes
616 717 98 27 fromma
729 716 237 28 öfverensstämmande
981 718 47 24 äro;

202 752 51 14 men
269 744 25 22 sä
309 747 64 19 snart
387 745 69 28 kriget
472 746 90 27 upphör,
578 746 52 20 böra
647 746 121 20 Ständerne
787 746 191 20 sammankomma
991 745 39 21 och

204 773 35 21 the
254 780 46 21 nya
314 774 84 26 gärder,
413 781 46 14 som
476 774 35 28 för
526 774 69 28 kriget
609 774 59 21 skull
681 774 93 28 pälagde
794 774 80 28 blifvit,
883 776 77 26 genast
974 781 56 21 upp-

203 802 76 21 höra».
309 802 210 28 (Regeringsformen
535 804 13 25 $
562 803 45 27 45).

273 831 14 24 i)
305 830 64 22 »Som
386 832 51 20 then
451 833 59 20 rätta
526 832 96 27 friheten
638 832 76 26 består,
726 834 24 18 at
764 832 51 27 fritt
828 831 63 28 gifva
909 832 36 20 till
954 831 75 21 Rikets

204 859 117 21 underhåll
343 860 58 21 hvad
422 860 74 28 finnes
518 860 87 28 nödigt;
629 860 25 22 så
676 862 52 26 äger
744 860 97 22 Svenska
856 860 76 21 Folket
947 860 82 22 therom

203 895 27 14 en
245 888 93 27 ostridig
353 890 51 23 rätt,
417 891 28 25 at,
456 889 49 21 med
521 889 130 27 Konungen,
661 889 81 26 rådslå,
752 889 79 27 jemka,
842 888 59 28 afslå
911 889 38 21 och
960 889 69 27 öfver-

203 917 148 21 enskomma>.
381 918 137 27 (Förenings-
534 918 40 21 och
590 918 180 25 säkerhetsakten,
786 918 69 26 punkt
870 918 27 25 5).

270 945 18 27 j)
307 954 8 11 >
322 945 115 29 Grundlag
452 947 44 20 kan
510 946 82 28 stiftas,
608 947 90 25 ändras,
712 946 110 28 förklaras
838 946 51 21 eller
903 946 127 28 upphäfvas

203 974 78 21 endast
299 974 31 28 pä
351 974 169 28 framställning
541 975 29 27 af
589 975 107 27 Kejsaren
719 976 39 20 och
775 975 137 27 Storfursten
928 975 39 21 och
982 976 49 20 med

203 1002 46 22 alla
263 1002 105 22 ständens
384 1003 65 28 bifall
466 1016 23 3 —
507 1012 39 11 —»
564 1004 250 27 (Landtdagsordningen
830 1003 24 22 af
861 1004 40 21 den
913 1004 52 24 3/15
976 1004 54 27 april

205 1031 61 26 1860,
282 1032 13 26 $
311 1032 40 25 71).

273 1060 22 27 k)
316 1055 10 38 >»
325 1059 80 22 Denna
421 1061 224 27 Landtdagsordning
660 1061 57 20 skall
732 1061 36 21 till
782 1061 46 20 alla
842 1061 47 20 dess
899 1061 62 21 delar
969 1061 61 27 gälla

201 1088 74 23 säsom
299 1095 26 14 en
348 1089 98 28 orygglig
466 1089 110 28 grundlag
598 1089 37 28 för
651 1089 110 22 Finlands
777 1089 83 27 Regent
874 1089 37 22 och
928 1089 102 24 Ständer,

202 1117 64 21 intill
280 1117 48 21 dess
343 1118 41 21 den
400 1119 78 20 varder
491 1125 77 20 genom
584 1118 164 27 samstämmigt
764 1118 69 21 beslut
848 1117 29 28 af
883 1119 48 20 dem
943 1118 88 21 ändrad

203 1145 52 21 eller
270 1146 149 28 upphäfven».
448 1147 251 27 (Landtdagsordningen
716 1147 12 26 $
744 1147 42 24 83).

272 1174 16 25 1)
304 1174 70 21 Jemte
389 1175 36 21 det
443 1175 35 21 Wi
492 1175 122 28 förbehälla
634 1175 38 21 Oss
692 1175 52 21 Wär
758 1177 51 24 rätt,
819 1175 71 21 sådan
900 1175 130 21 densamma

202 1203 35 20 uti
261 1203 207 27 Regeringsformen
490 1204 28 27 af
536 1204 41 20 den
594 1205 28 19 21
638 1204 96 27 Augusti
750 1205 61 19 1772
825 1205 58 19 samt
897 1203 134 27 Förenings-

202 1231 39 21 och
266 1230 179 23 Säkerhetsakten
466 1232 28 28 af
510 1232 42 21 den
572 1233 27 20 21
614 1232 110 21 Februari
739 1232 39 21 och
794 1233 15 19 3
824 1232 66 27 April
905 1233 62 20 1789
981 1232 47 27 för-

202 1260 82 20 säkrad
297 1260 74 27 finnes
386 1261 39 21 och
439 1261 45 21 icke
506 1261 75 27 blifvit
593 1268 79 20 genom
687 1261 134 27 uttryckliga
836 1260 40 22 ord
890 1261 35 20 uti
939 1260 91 28 förestä-

202 1288 53 21 ende
271 1288 224 28 Landtdagsordning
510 1289 128 27 förändrad,
653 1290 45 20 vele
712 1289 34 21 Wi
756 1289 10 21 i
777 1289 74 21 Nåder
860 1289 73 21 denna
947 1289 83 21 Landt-

201 1316 149 29 dagsordning
364 1318 74 21 såsom
453 1325 27 14 en
495 1318 97 27 orygglig
606 1319 111 27 grundlag
726 1318 56 27 gilla
794 1318 38 21 och
842 1318 118 27 fastställa.
988 1317 43 21 Till

202 1347 121 25 yttermera
345 1346 58 22 visso
426 1346 68 28 hafva
514 1346 34 21 Wi
562 1347 59 20 detta
636 1346 157 28 Egenhändigt
808 1346 162 27 undertecknat,
983 1353 47 14 som

202 1374 75 21 skedde
292 1374 10 21 i
313 1374 36 21 S:t
359 1374 131 28 Petersburg
500 1376 42 20 den
556 1376 62 26 3(15)
632 1376 65 27 April
707 1376 83 20 1869>.
814 1375 85 27 (Kejsar
909 1375 121 21 Alexander

203 1402 42 22 II:s
260 1402 129 23 bekräftelse
404 1403 28 28 på
446 1403 248 28 landtdagsordningen).

272 1476 13 23 !)
298 1477 104 18 Ständerna
414 1477 35 19 och
460 1478 63 18 folket.
536 1488 22 3 —
570 1477 58 18 Hvad
640 1478 5 17 i
657 1478 34 18 här
700 1477 104 19 åberopade
813 1477 216 24 grundlagsstadganden

201 1499 42 18 från
257 1499 36 18 den
305 1501 78 17 svenska
400 1500 50 19 tiden
467 1502 51 21 säges
530 1507 31 12 om
574 1501 78 23 Sverige,
664 1501 78 18 svenska
751 1480 62 49 Polket
825 1507 16 14 0,
854 1507 14 13 8,
881 1507 16 12 V.
910 1501 57 23 gäller
979 1501 50 22 själf-

202 1522 53 19 fallet
268 1523 46 18 efter
326 1523 21 19 år
360 1523 45 19 1809
417 1523 85 24 Finland,
515 1524 61 19 finska
588 1524 58 19 folket
657 1530 16 12 o.
686 1530 14 13 s.
712 1530 17 13 v.
