1103 1773
426 113 91 34 Bilagor.
874 115 26 21 15

73 189 80 27 nödigt,
175 189 8 20 i
205 195 80 15 samma
307 189 69 27 punkt
397 190 76 27 utbyta
495 190 62 21 ordet
581 190 159 21 »landtvärnet»
760 192 58 19 emot
834 190 65 21 orden

73 219 48 20 »det
135 217 69 22 finska
220 217 153 22 landtvärnet».

142 274 115 22 Utskottet
267 274 95 27 föreslär,
369 277 32 19 att
411 275 126 27 paragrafen
550 276 66 20 mätte
624 275 79 21 erhälla
711 275 93 27 följande
812 275 87 27 lydelse:

348 331 210 22 Storfurstendömet
574 333 118 26 uppställer
708 333 88 21 stäende
810 335 90 24 trupper

279 361 39 20 och
333 361 119 21 landtvärn.

279 389 27 26 A)
336 389 33 21 De
384 389 69 21 finska
469 390 89 21 stäende
573 392 119 25 trupperna
707 392 87 25 utgöras
807 390 29 21 af:

281 418 20 25 1)
317 418 71 21 aktiva
404 420 95 25 trupper,
516 425 46 14 som
579 419 154 26 kompletteras
750 426 76 20 genom
838 419 63 27 ärligt

281 447 86 26 uppbäd
383 446 22 22 af
418 447 111 27 manskap,
546 447 38 21 och

279 475 20 25 2)
324 481 80 20 reserv,
428 475 85 22 hvilken
537 478 23 19 är
576 475 74 22 afsedd
666 475 32 22 för
714 477 26 20 de
756 477 71 20 aktiva
842 479 58 24 trup-

280 510 78 20 pernas
382 505 164 26 uppbringande
571 505 30 20 till
616 504 90 27 fulltalig
722 505 72 27 styrka
814 505 38 21 och
868 508 32 18 ut-

281 534 62 25 göres
366 533 22 20 af
402 539 110 20 personer,
535 539 46 15 som
605 533 69 21 blifvit
696 533 46 21 från
762 534 57 21 aktiv
836 534 65 27 tjänst

281 561 173 22 hemförlofvade.

281 590 25 25 B)
336 590 43 21 Det
401 589 70 22 finska
494 591 137 20 landtvärnet
653 591 72 20 består
745 591 23 20 af
782 591 26 21 de
823 597 77 20 vapen-

281 618 46 21 föra
342 625 110 20 personer,
469 619 71 21 hvilka
555 619 46 21 icke
616 619 96 22 hänförts
728 620 31 21 till
775 620 26 21 de
814 619 87 21 stäende

281 650 123 23 trupperna,
421 647 111 22 äfvensom
558 647 23 22 af
600 648 54 25 dem,
677 648 70 21 hvilka
762 649 88 20 afslutat
870 648 30 21 sin

281 676 109 27 tjänstetid
405 677 35 20 vid
456 677 63 20 dessa
535 680 96 23 trupper.

460 746 14 26 8
489 745 19 21 4.

145 796 158 27 Ridderskapet
331 797 38 21 och
392 797 61 21 adeln
478 797 38 21 har
539 797 95 27 godkänt
656 797 115 21 utskottets
792 797 81 27 förslag
895 797 7 20 i

74 825 71 27 öfrigt,
164 828 59 18 utom
247 828 36 21 att,
307 826 27 26 pä
354 828 42 18 sätt
411 826 63 21 ofvan
492 826 87 25 anförts,
594 832 64 15 mom.
676 827 9 19 1
704 826 65 21 borde
785 826 116 21 öfverföras

75 854 31 21 till
122 855 11 27 $
150 854 18 21 1.

147 883 162 21 Prästeständet
323 882 38 22 har
378 883 94 27 godkänt
488 883 116 21 utskottets
620 883 86 27 förslag.

147 912 181 26 Borgareständet
350 912 38 21 har
411 912 88 21 beslutit
521 912 155 21 äterremittera
695 919 75 14 senare
786 913 117 20 momentet

75 940 33 21 för
130 941 95 26 ändring
239 941 7 20 i
262 941 75 20 sädant
360 941 60 26 syfte,
439 943 31 18 att
486 941 70 26 nägon
572 941 190 26 missuppfattning
776 941 46 21 icke
838 941 65 20 mätte

75 969 84 27 uppstä
174 969 49 21 med
238 969 115 26 anledning
368 969 23 21 af
404 970 129 25 stadgandet
543 976 34 14 om
589 969 93 27 lottning
692 970 31 21 uti
739 971 11 26 $
768 970 26 21 10
809 975 63 15 mom.
885 970 18 19 1.

148 997 162 22 Bondeständet
335 997 38 22 har
398 998 96 27 godkänt
518 998 117 21 utskottets
659 997 80 28 förslag
770 998 31 21 till
826 997 76 27 ifräga-

79 1027 93 20 varande
187 1026 104 27 paragraf.

146 1072 114 22 Utskottet
275 1072 95 25 föreslär,
385 1074 32 19 att
432 1072 32 21 för
480 1072 161 27 ifrägavarande
657 1072 99 27 paragraf
770 1073 65 21 mätte
851 1072 52 27 god-

77 1101 81 21 kännas
174 1101 92 26 följande
281 1101 87 27 lydelse:

354 1158 68 21 Finsk
438 1159 141 26 medborgare
594 1159 78 26 fullgör
688 1159 31 21 sin
736 1158 120 27 värneplikt
868 1158 35 21 vid

283 1186 56 22 finsk
355 1189 71 25 trupp.

349 1216 88 21 Inträde
453 1216 7 21 i
476 1216 66 27 tjänst
558 1216 27 27 pä
601 1216 69 27 grund
683 1215 23 22 af
714 1216 86 27 uppbåd
811 1216 92 21 bestäm-

284 1251 45 14 mes
353 1251 77 20 genom
455 1245 99 26 lottning.
584 1245 11 20 I
618 1245 65 21 sådan
700 1245 93 26 lottning
808 1244 95 27 deltager

285 1273 80 21 enhvar
381 1273 55 21 blott
451 1279 26 15 en
494 1273 56 27 gång
564 1273 7 21 i
587 1273 38 21 sitt
640 1273 28 21 lif.

465 1343 13 25 8
492 1326 21 47 7.

149 1393 158 26 Ridderskapet
322 1393 40 21 och
377 1393 61 21 adeln
455 1393 38 21 har
510 1393 94 27 godkänt
618 1393 67 21 första
695 1400 63 14 mom.
769 1394 7 20 i
788 1393 115 22 utskottets

75 1421 83 27 förslag
174 1421 31 21 till
220 1421 162 27 ifrägavarande
392 1422 106 27 paragraf,
514 1422 98 22 uteslutit
628 1428 62 15 mom.
706 1423 18 25 2,
740 1422 165 22 äterremitterat

76 1456 66 15 mom.
159 1450 13 20 3
189 1450 27 26 pä
232 1450 35 21 det
283 1450 105 21 utskottet
403 1451 67 21 mätte
486 1453 49 24 taga
550 1452 6 20 i
572 1451 160 26 öfvervägande,
744 1451 105 21 huruvida
859 1450 46 22 icke

76 1478 37 22 det
136 1479 45 21 däri
196 1478 105 27 ingäende
325 1480 129 26 stadgandet
470 1486 75 20 genom
562 1480 91 26 ändring
668 1480 6 20 i
689 1480 149 21 redaktionellt
853 1479 51 21 hän-

77 1507 79 21 seende
180 1506 72 22 kunde
267 1507 132 27 förtydligas,
415 1510 57 18 samt
487 1510 67 19 ersatt
569 1508 168 26 anmärkningen
752 1508 48 21 med
816 1509 13 26 $
845 1508 11 21 7
873 1508 32 20 uti

836 1548 21 17 10
