1100 1781
65 124 24 16 13
102 123 59 21 april.
868 114 26 21 97

66 191 62 24 däraf
149 198 51 15 vore
221 191 98 22 förenadt
335 192 50 21 med
401 193 31 20 ett
447 197 78 16 ansvar
540 191 56 21 inför
611 190 78 22 samtid
705 190 40 22 och
761 189 57 22 inför
834 189 63 22 efter-

65 221 68 24 värld,
148 220 80 21 hvilket
244 221 20 20 vi
280 220 45 21 icke
340 220 72 21 kunde
429 226 76 21 genom
521 222 119 25 argument,
651 219 80 21 sädana
747 225 46 15 som
810 219 25 21 hr
846 219 51 21 Hei-

66 250 54 25 kels,
136 249 68 21 vältra
219 249 54 21 ifrän
290 255 43 15 oss.
356 249 39 21 Ett
411 249 155 26 godkännande
582 248 22 21 af
615 254 26 15 en
657 247 101 28 paragraf
767 253 47 16 som
827 247 70 22 denna

67 278 86 22 komme
175 277 33 21 för
229 277 42 22 alla
293 277 56 21 tider
364 279 32 19 att
411 280 21 19 te
448 277 33 27 sig
497 277 71 21 såsom
585 279 31 19 ett
631 276 102 21 Finlands
749 276 100 21 ständers
865 276 32 21 bi-

66 307 56 26 drag
144 306 32 21 till
199 305 187 28 undergräfvande
408 305 23 22 af
451 306 84 21 landets
550 305 150 22 konstitution.
728 305 43 27 Jag
787 305 67 21 mäste
870 305 28 26 pä

67 335 38 22 det
120 334 145 23 bestämdaste
281 336 103 19 motsätta
400 335 43 26 mig
458 334 107 27 förslaget.

139 392 32 21 Hr
195 391 124 22 Heikel:
347 392 33 21 Hr
402 392 95 21 Jansson
514 391 56 26 sade,
586 393 30 20 att
629 391 38 27 jag
683 397 37 15 var
735 391 164 25 inkonsekvent,

68 423 34 19 att
121 421 43 21 min
180 421 92 26 premiss
288 421 67 20 borde
371 420 47 21 leda
433 420 88 24 därhän,
536 423 31 18 att
579 420 39 27 jag
633 420 69 21 skulle
717 419 130 22 omstilisera
863 425 36 21 pa-

70 449 99 27 ragrafen
185 449 86 26 därhän,
287 451 31 19 att
333 449 37 21 det
389 449 7 20 i
412 449 71 21 stället
497 449 32 21 för
545 448 56 22 finsk
617 449 140 26 medborgare
773 448 67 21 borde
851 448 49 21 heta

69 477 75 22 infödd
159 477 56 21 finsk
231 484 55 15 man.
309 478 42 26 Jag
367 477 38 21 ber
420 477 21 21 fä
455 477 102 25 meddela,
569 480 31 19 att
612 477 38 27 jag
665 477 88 21 faktiskt
769 477 57 27 gjort
841 477 59 21 detta

70 507 7 20 i
94 506 111 21 utskottet.
235 506 43 21 Det
297 513 37 14 var
355 507 49 20 mitt
418 506 69 21 första
501 506 81 27 förslag
597 509 31 18 att
643 506 90 21 sälunda
748 506 67 21 ändra
830 505 71 22 denna

71 534 105 28 paragraf,
199 541 49 14 men
268 535 38 26 jag
328 541 56 14 vann
401 535 6 20 i
423 535 59 21 detta
504 534 35 21 fall
558 535 55 21 intet
629 535 122 24 understöd,
768 534 39 21 och
823 534 27 21 dä
862 534 39 27 jag

71 563 116 22 studerade
211 563 54 22 1858
288 563 34 21 ärs
345 563 128 27 författning
495 563 39 22 och
555 563 79 27 jämväl
658 563 153 26 lagutskottets
827 563 73 21 betän-

73 592 75 24 kande,
172 592 49 21 kom
234 592 38 27 jag
288 592 30 21 till
334 592 41 21 den
391 592 96 25 slutsats,
502 595 31 18 att
549 592 35 21 det
600 592 110 27 ingenting
725 591 38 22 här
780 591 69 22 skulle
865 591 36 21 be-

72 621 51 26 tyda
146 623 31 18 att
199 621 38 20 här
259 621 80 20 insätta
361 621 66 20 orden
444 621 74 21 infödd
533 620 56 21 finsk
605 627 54 18 man,
676 623 21 24 ty
712 621 6 20 i
737 620 54 21 1858
807 621 35 20 års
859 619 42 22 för-

72 649 99 27 ordning,
187 649 84 21 hvilken
288 649 20 21 vi
323 649 69 21 måste
408 649 94 22 erkänna
517 649 63 21 hafva
594 649 63 27 hälgd
673 649 23 21 af
708 649 41 26 lag,
765 649 28 21 dä
808 649 41 21 den
866 655 36 14 va-

74 679 28 20 rit
124 678 116 21 bestäende
256 679 6 20 i
277 678 28 21 40
327 678 35 21 ärs
386 678 36 26 tid,
438 677 45 22 ofta
498 680 51 19 utan
565 680 32 19 att
612 679 70 26 nägon
698 677 143 28 anmärkning
856 680 46 18 mot

74 707 125 21 densamma
222 707 73 26 gjorts,
312 706 110 26 förklaras,
438 709 31 19 att
485 707 40 21 den
542 713 46 15 som
605 707 151 20 naturaliseras
771 706 33 21 fär
819 712 83 15 samma

74 735 125 27 rättigheter
215 741 46 15 som
277 735 73 21 infödd
365 735 56 21 finsk
436 742 55 19 man,
507 735 39 22 och
557 735 23 21 af
589 741 81 15 samma
681 735 138 27 uppfattning
829 735 73 27 tyckes

74 763 63 22 äfven
152 763 141 28 lagutskottet
308 763 63 22 hafva
386 764 60 21 varit.
462 777 26 2 —
505 764 33 21 Hr
553 764 94 21 Jansson
658 763 110 22 anmärkte
782 764 78 25 vidare,
871 765 31 19 att

74 793 72 20 denna
168 792 101 27 paragraf
290 793 67 20 under
380 793 29 20 20
431 793 35 20 ärs
490 793 30 20 tid
543 792 91 27 skyddat
649 799 42 14 oss.
722 793 43 20 Det
780 794 23 19 är
819 792 84 27 mycket

76 821 81 26 riktigt.
187 821 48 21 Men
259 821 78 21 männe
358 821 21 21 vi
402 821 109 27 värkligen
534 821 68 21 under
625 821 26 21 de
667 821 150 25 förhällanden,
834 821 69 21 under

76 849 72 22 hvilka
163 850 21 20 vi
200 856 28 14 nu
245 849 59 26 lefva,
315 849 73 22 kunna
404 850 66 21 räkna
485 850 32 27 pä,
528 852 32 19 att
572 856 48 15 man
637 849 42 22 lika
694 833 141 52 hänsynsfullt
849 849 54 22 skall

77 878 59 21 tolka
157 878 69 21 denna
242 863 100 46 paragraf
356 885 47 14 som
419 878 118 21 härintills?
568 879 41 20 För
625 879 42 20 min
685 878 33 21 del
733 879 66 26 vågar
811 878 38 27 jag
864 877 40 22 alls

76 907 46 21 icke
143 910 32 17 tro
192 907 71 26 därpå.
296 907 111 26 Förslaget
422 913 35 15 om
473 907 208 27 tilikommendering
697 906 128 22 omfattades
841 906 62 21 äfven

76 935 24 21 af
121 935 67 27 några
209 935 138 22 medlemmar
362 936 6 20 i
385 936 112 21 utskottet.
528 936 42 21 För
593 936 42 21 min
659 935 34 22 del
713 935 71 22 afstod
797 935 38 27 jag
850 935 54 21 efter

78 964 77 21 tvekan
177 963 46 22 från
241 964 58 21 detta
314 963 82 27 förslag
410 964 28 27 på
453 964 41 21 den
511 965 75 26 grund,
601 966 32 19 att
647 970 26 15 en
689 964 144 21 framstående
848 963 57 22 finsk

78 993 169 26 militärsperson
264 993 57 25 sade,
331 995 31 18 att
378 999 25 15 en
419 993 66 21 sådan
502 993 213 26 tillkommendering,
731 999 46 15 som
792 993 37 20 här
842 992 63 25 afses,

80 1021 67 21 måste
170 1027 63 15 anses
256 1021 70 21 såsom
350 1027 26 15 en
400 1021 113 22 militärisk
533 1021 140 27 oformlighet,
690 1028 46 15 som
751 1022 7 20 i
773 1022 63 26 ingen
854 1021 51 21 hän-

78 1050 60 22 delse
159 1050 68 21 skulle
247 1056 51 15 vara
313 1050 197 22 tillfredsställande
525 1051 27 26 på
567 1050 36 21 det
617 1050 67 22 andra
699 1050 64 21 hållet
779 1050 39 22 och
834 1050 72 21 därför

78 1079 18 26 ej
122 1078 65 22 häller
211 1079 69 27 egnad
297 1081 31 19 att
343 1078 133 22 förekomma
493 1079 54 21 hvad
563 1079 26 21 de
604 1078 63 22 hafva
682 1080 6 20 i
704 1080 77 25 sinnet,
797 1078 108 27 nämligen

78 1111 32 17 att
134 1113 75 21 genom
234 1107 163 21 naturalisation
421 1107 74 21 skicka
514 1108 31 20 hit
568 1108 62 26 ryska
650 1107 115 22 officerare.
783 1120 26 3 -—
825 1108 43 20 Det
883 1109 24 19 är

79 1136 39 21 här
141 1136 46 21 icke
209 1136 61 27 fråga
293 1142 34 15 om
350 1136 71 26 någon
440 1136 101 27 eftergift,
557 1136 36 21 det
608 1138 23 19 är
646 1136 45 21 icke
706 1136 33 21 för
754 1138 31 19 att
800 1142 51 15 vara
866 1135 41 22 till-

79 1165 158 26 mötesgående,
260 1164 33 22 för
316 1167 31 19 att
370 1164 57 28 gifva
449 1164 54 22 efter
523 1165 38 27 jag
578 1164 33 22 för
626 1165 43 21 min
686 1165 31 21 del
734 1164 99 22 omfattat
849 1165 59 21 detta

79 1192 87 28 förslag.
195 1193 49 21 Man
269 1193 41 21 kan
327 1193 43 21 tala
385 1200 34 14 om
436 1193 124 27 eftergifter,
576 1200 34 14 om
627 1200 48 14 man
691 1194 38 20 har
745 1200 26 14 en
787 1193 120 27 lagenligen

79 1221 43 21 fast
144 1222 133 26 ståndpunkt
300 1221 39 22 och
362 1222 36 21 vill
418 1223 52 25 göra
485 1222 171 26 medgitvanden,
672 1228 47 15 men
737 1222 25 21 dä
778 1228 49 15 man
844 1222 64 26 ingen

80 1250 65 21 sädan
168 1250 42 22 fast
231 1250 94 27 position
348 1250 45 23 har,
415 1251 26 20 dä
465 1250 40 22 kan
529 1251 36 21 det
579 1250 46 22 icke
640 1250 64 22 blifva
718 1250 61 28 fräga
795 1257 33 15 om
846 1250 63 21 efter-

81 1278 69 28 gifter.
177 1279 33 21 Då
225 1278 62 22 fältet
302 1280 23 20 är
340 1278 111 26 förloradt,
462 1279 63 21 söker
541 1286 48 14 man
606 1279 69 21 sävidt
698 1279 82 27 möjligt
803 1279 107 26 räddning

80 1307 63 21 äfven
166 1307 41 21 bak
230 1308 26 20 de
280 1310 99 24 svagaste
401 1308 140 26 skyddsvärn,
564 1308 39 21 och
626 1308 36 21 det
683 1310 23 19 är
722 1308 58 21 detta
793 1308 38 26 jag
847 1308 64 26 gjort,

81 1336 27 21 dä
120 1336 39 27 jag
173 1335 100 22 omfattat
289 1336 58 21 detta
362 1336 87 27 förslag.
465 1348 28 3 —
509 1336 32 22 Hr
556 1337 94 21 Jansson
673 1337 55 25 sade,
745 1338 36 24 att,
797 1342 35 16 om
852 1338 58 20 stän-

80 1365 68 21 derna
163 1364 68 22 skulle
247 1364 90 22 omfatta
352 1365 59 21 detta
425 1364 88 28 förslag,
525 1365 26 21 de
567 1365 122 27 därigenom
712 1365 68 21 skulle
803 1364 56 27 gifva
875 1365 36 21 sitt

83 1393 46 21 strä
151 1393 31 21 till
205 1393 87 21 stacken
316 1393 32 21 till
371 1393 247 27 russificeringsarbetet.
649 1394 41 20 För
706 1394 43 20 min
766 1394 34 20 del
815 1396 46 18 tror
874 1393 38 27 jag

82 1423 101 25 tvärtom,
199 1424 31 18 att
253 1422 20 20 vi
295 1422 126 26 härigenom
445 1422 106 26 möjligen,
572 1422 39 26 jag
629 1424 63 24 säger
707 1422 46 21 icke
775 1422 50 21 med
841 1422 70 21 säker-

83 1450 37 21 het
148 1450 27 22 dä
198 1450 41 21 alla
265 1450 90 21 utsikter
379 1452 37 20 äro
442 1450 80 26 mörka,
548 1451 68 21 skulle
641 1450 72 22 kunna
732 1450 117 28 förebygga
871 1450 41 21 den

82 1478 149 27 russificering
256 1485 46 15 som
326 1478 68 25 hotar,
411 1479 27 21 dä
461 1485 48 15 man
529 1480 91 20 massvis
637 1479 36 21 vill
687 1479 142 21 naturalisera
850 1478 63 28 ryska

82 1507 123 27 intödingar
228 1507 40 21 och
289 1509 52 25 göra
361 1508 49 20 dem
426 1507 31 21 till
473 1507 67 22 finska
557 1508 147 26 medborgare.
734 1508 43 20 Det
792 1509 23 19 är
831 1507 82 27 mycket

834 1548 9 16 vi
