1106 1795
445 113 91 33 Bilagor.
879 112 28 23 79

78 191 67 22 sådan
168 190 130 27 behandling
312 189 22 22 af
350 189 74 28 frågan
440 190 62 21 stode
517 191 6 20 i
539 190 54 21 strid
608 191 46 20 mot
668 189 84 22 landets
769 188 138 28 grundlagar,

79 222 52 19 utan
147 221 92 19 tvärtom
254 219 90 27 positivt
357 219 94 26 bidragit
465 219 31 21 till
512 225 26 15 en
554 218 57 27 dylik
627 218 87 27 utgång.

148 247 61 22 Efter
224 247 36 22 det
275 247 130 28 nyssnämda
425 247 122 22 skrifvelser
563 247 23 21 af
599 247 223 27 generalguvernören
838 245 70 22 öfver-

78 277 93 21 lämnats
186 276 31 21 till
232 276 113 27 kejserliga
361 277 94 24 senaten,
467 276 37 21 har
520 278 88 19 senaten
624 275 32 22 till
670 275 135 27 fullgörande
815 274 23 22 af
847 274 61 21 Hans

80 305 121 27 Kejserliga
215 305 111 26 Majestäts
342 305 13 20 &
369 305 184 26 krigsministerns
564 303 277 28 föredragningsmemorial
851 303 57 21 teck-

80 334 54 21 nade
151 333 115 27 befallning
281 333 154 27 underdänigst
454 333 112 26 hemställt,
582 335 32 19 att
628 333 121 21 ännämnda
763 332 74 27 frägor
851 331 58 27 finge

80 362 120 27 föreläggas
216 363 78 20 urtima
309 362 129 27 landtdagen
458 362 7 21 i
480 362 78 27 nådiga
573 362 165 27 propositioner,
754 361 39 22 och
810 361 7 21 i
832 360 77 22 sådant

81 391 54 27 syfte
155 391 108 21 utarbetat
285 391 227 26 propositionstörslag
533 390 33 22 för
590 392 32 19 att
644 391 62 20 Hans
726 390 112 27 Majestäts
854 389 56 26 höga

81 419 101 28 pröfning
196 419 126 27 föreläggas,
337 419 118 27 hvarjämte
470 421 87 20 senaten
572 419 8 21 i
596 419 170 26 underdänighet
780 417 87 26 anmält,
879 419 32 20 att

81 450 88 20 senaten
193 447 82 22 aflattat
298 448 63 21 dessa
375 447 81 27 förslag
471 448 6 20 i
493 454 113 20 noggrann
621 447 224 21 öfverensstämmelse
861 446 49 21 med

82 477 62 21 Hans
160 476 111 28 Majestäts
286 476 125 22 förberörda
422 476 78 27 nädiga
510 476 119 22 resolution
644 478 56 19 samt
711 475 117 22 innehället
838 475 7 21 i
857 476 53 20 mot-

82 505 105 22 svarande
202 505 58 21 delar
272 505 31 21 uti
313 505 40 21 den
365 505 35 21 vid
410 504 158 22 hufvudstaben
580 505 97 21 nedsatta
687 504 139 22 kommitténs
837 506 73 24 proto-

82 534 43 22 koll
141 534 39 21 och
193 534 184 27 krigsministerns
388 534 148 27 underdäniga
545 532 281 28 föredragningsmemorial,
839 532 72 21 äfven-

82 569 47 15 som
152 565 32 19 att
206 565 96 22 senaten,
318 563 48 21 med
389 562 101 22 afseende
506 563 12 21 å
532 562 56 22 hvad
604 563 7 20 i
626 562 88 21 ärendet
729 562 101 26 förelupit
845 561 66 21 innan

82 592 23 21 åt
120 594 88 19 senaten
224 591 152 22 öfverlämnats
387 593 32 19 att
430 592 87 20 därmed
527 593 50 25 taga
588 590 124 28 befattning,
724 590 94 22 hvarken
829 590 83 21 kunnat

83 621 7 20 i
106 620 255 27 propositionsförslagen
378 620 56 27 gifva
449 620 85 27 uttryck
549 620 22 21 åt
586 620 33 21 sin
636 619 136 28 uppfattning
782 618 93 22 rörande
886 618 27 22 de

83 649 79 27 frågor,
179 655 46 15 som
248 650 76 26 utgöra
346 648 89 22 föremål
456 648 33 22 för
512 649 77 21 nämda
611 648 85 27 förslag,
712 648 50 21 eller
784 649 73 20 ansett
879 647 34 27 sig

84 678 52 20 böra
159 678 52 26 eljes
234 684 29 14 nu
286 678 67 20 uttala
368 678 32 26 sig
416 684 35 14 om
467 678 155 26 lagförslagens
638 677 93 21 innehåll
746 676 39 22 och
802 676 111 27 angående

84 706 127 22 ständernas
227 706 129 27 befogenhet
370 706 6 21 i
392 706 64 22 dessa
471 708 83 24 ämnen,

154 735 33 21 De
209 734 23 22 af
248 737 88 19 senaten
360 735 124 21 utarbetade
500 734 253 28 propositionsförslagen
769 734 64 22 hafva
845 734 68 26 jämte

86 764 234 26 generalguvernörens
342 764 99 27 yttrande
459 764 7 20 i
482 766 72 19 ämnet
568 763 23 22 af
604 765 14 19 t.
635 763 14 21 f.
664 762 250 22 ministerstatssekrete-

86 798 62 15 raren
172 792 156 26 öfverlämnats,
351 793 7 20 i
384 792 101 22 afseende
508 793 12 21 å
543 792 115 27 utlåtande,
681 792 32 21 till
735 792 179 26 krigsministern,

84 821 86 21 hvilken
192 821 7 21 i
222 820 112 22 skrifvelse
357 820 23 22 af
393 821 41 21 den
451 821 65 25 12/24
532 821 116 27 nyssvikna
662 820 55 28 april
732 820 99 21 anmärkt
845 820 28 21 bl.
891 826 24 19 a.,

86 852 31 18 att
132 850 6 20 i
154 849 107 27 förslagen
277 850 105 21 saknades
398 850 136 27 bestämning
549 850 81 25 därom,
641 852 31 18 att
682 849 161 27 ifrågavarande
854 850 61 19 ären-

88 878 40 21 den
152 878 61 21 skola
241 878 126 27 hänskjutas
390 878 31 21 till
448 878 140 27 landtdagens
615 878 131 27 granskning
769 878 7 20 i
802 878 41 21 den
869 877 48 21 ord-

85 907 53 26 ning
158 906 140 22 omförmälda
314 907 203 26 grundstadganden
534 906 133 26 föreskrifva,
686 906 40 21 och
743 905 57 28 förty
822 905 95 26 anhållit,

86 938 33 18 att
141 937 15 19 t.
172 935 14 21 f.
202 935 303 22 ministerstatssekreteraren
528 935 65 22 måtte
615 935 108 26 förelägga
738 935 61 21 Hans
816 934 101 27 Majestät

85 964 81 27 jämväl
188 966 79 19 tvänne
289 963 23 22 af
325 964 86 26 honom,
426 964 180 27 krigsministern,
622 964 122 27 uppgjorda
758 963 158 28 propositions-

86 992 86 27 förslag,
188 993 149 21 innehållande
352 993 67 26 sagda
434 993 142 26 bestämning,

157 1021 41 22 Vid
221 1021 67 22 skedd
310 1021 153 28 föredragning
486 1021 38 22 har
546 1022 62 21 Hans
631 1021 100 27 Majestät
754 1021 104 27 Kejsaren
875 1020 42 21 den

90 1050 64 26 14/26
170 1050 98 21 sistlidna
287 1050 55 27 april
358 1051 94 26 godkänt
468 1051 26 20 de
509 1050 22 21 af
545 1050 172 27 krigsministern
734 1049 126 22 utarbetade
875 1048 43 21 för-

88 1079 74 26 slagen
185 1079 32 21 till
240 1079 273 27 landtdagspropositioner
538 1079 33 21 för
593 1081 32 19 att
647 1078 32 21 till
704 1078 101 21 Finlands
829 1077 88 22 ständer

88 1107 149 27 öfverlämnas,
252 1107 114 22 hvarutom
389 1108 62 21 Hans
467 1108 101 27 Majestät
583 1107 12 21 å
610 1110 14 18 t.
639 1107 14 21 f.
668 1106 249 22 ministerstatssekrete-

88 1142 74 16 rarens
178 1136 204 28 föredragningsnot
396 1138 8 20 i
419 1138 73 20 ämnet
507 1136 93 22 tecknat:
621 1136 122 27 »Frågorna
758 1136 112 27 angående
885 1136 33 20 ut-

86 1165 116 27 jämnande
225 1165 22 21 af
268 1166 216 26 värnepliktstungan
504 1165 61 21 skola
579 1164 100 22 hänföras
695 1164 31 22 till
742 1164 108 22 allmänna
865 1163 55 22 riks-

89 1194 179 26 angelägenheter
291 1196 57 20 samt
370 1196 76 25 genast
468 1194 142 21 öfverlämnas
633 1193 32 22 till
685 1194 77 20 urtima
777 1193 143 26 landtdagens

91 1222 131 22 utlåtande».

160 1280 34 21 Då
209 1280 26 21 de
251 1280 78 27 nådiga
344 1280 188 27 propositionerna
546 1280 90 21 sålunda
656 1279 150 22 öfverlämnats
817 1279 32 21 till
861 1280 60 20 stän-

92 1309 67 21 derna
173 1310 7 20 i
203 1309 41 21 den
268 1309 98 27 ordning,
381 1316 47 14 som
451 1308 69 22 finnes
537 1308 107 28 uppställd
660 1309 6 20 i
681 1309 27 21 de
723 1308 114 27 kejserliga
853 1307 69 21 mani-

91 1337 65 21 festet
178 1337 23 21 af
221 1338 40 20 den
283 1338 51 24 3/15
350 1337 95 22 februari
460 1338 146 21 innevarande
621 1338 23 20 år
660 1336 114 27 åtföljande
790 1336 132 27 grundstad-

93 1366 102 27 gandena,
210 1366 39 21 bör
265 1366 106 21 utskottet
386 1368 98 19 närmast
498 1365 116 26 framhålla,
627 1365 104 22 hurusom
747 1371 26 15 en
784 1364 140 27 rikslagstift-

93 1395 57 26 ning,
162 1395 66 21 sådan
244 1401 47 15 som
307 1395 26 21 de
344 1394 162 27 ifrågavarande
518 1394 218 27 grundstadgandena
745 1394 122 25 förutsätta,
878 1393 46 21 icke

93 1423 91 27 lagligen
201 1423 41 21 kan
258 1429 40 21 ega
313 1430 48 14 rum
376 1423 33 21 för
424 1423 98 21 Finland.
548 1423 50 21 Som
615 1423 104 21 utskottet
730 1422 118 21 emellertid
857 1422 66 21 redan

94 1452 7 21 i
116 1452 38 21 sitt
169 1451 134 22 betänkande
318 1453 7 20 i
340 1452 116 26 anledning
470 1452 24 21 af
508 1453 61 20 Hans
585 1451 120 27 Kejserliga
720 1451 111 27 Majestäts
846 1450 79 27 nådiga

95 1481 159 26 propositioner
270 1481 48 21 med
333 1480 81 27 förslag
430 1481 31 20 till
478 1480 168 27 värnepliktslag
661 1482 55 19 samt
732 1480 111 27 angående
859 1485 66 21 grun-

95 1510 67 21 derna
176 1509 33 22 för
225 1509 26 21 de
267 1509 69 22 finska
351 1512 129 25 truppernas
497 1509 145 27 organisation
658 1509 38 21 och
712 1509 131 27 förvaltning
858 1507 67 22 utför-

835 1549 21 17 14
