1103 1775
58 118 25 18 18
97 118 60 20 april.
859 111 29 21 93

60 187 61 21 staka
144 187 109 27 undantag
274 186 47 22 från
344 186 130 22 densamma.
504 186 77 22 Denna
603 186 89 22 slutsats
715 188 24 19 är
762 186 24 21 så
802 186 84 27 mycket

60 222 45 15 mer
135 215 124 27 berättigad,
282 221 47 15 som
351 214 70 28 dylika
436 215 112 21 afvikelser
563 214 47 22 från
627 215 40 21 den
683 215 107 21 allmänna
806 214 79 27 grund-

59 246 80 21 satsen,
154 243 67 27 enligt
234 244 56 21 hvad
306 244 90 26 tidigare
410 244 92 26 antydts,
512 243 137 22 förekommit
656 243 81 27 jämväl
748 243 67 21 under
826 243 58 21 tiden

60 272 46 22 före
128 273 23 21 är
168 272 60 21 1809.
258 272 10 21 I
284 272 56 22 kraft
355 272 23 21 af
392 272 106 26 grundlag
512 272 99 21 kvarstår
626 272 63 21 alltså
704 271 131 22 fortfarande
851 271 34 21 så-

59 307 48 15 som
123 300 64 27 regel,
202 302 32 19 att
249 300 115 22 monarken
381 302 44 25 styr
441 300 73 21 landet
529 301 48 20 med
592 300 69 21 finska
673 300 153 27 myndigheter,
839 305 46 16 som

61 329 117 28 underlyda
199 328 55 22 finsk
269 329 41 27 lag,
326 330 55 20 samt
395 331 32 19 att
442 329 98 21 ämbeten
556 329 40 21 och
611 329 90 26 tjänster
716 329 7 20 i
738 329 73 20 landet
826 328 61 21 skola

61 358 96 21 besättas
173 357 47 21 med
236 357 68 22 finska
320 357 145 27 medborgare.
490 357 74 27 Enligt
577 357 145 27 grundlagens
734 357 152 27 ursprungliga

62 387 87 26 mening
171 386 67 21 borde
260 387 77 20 endast
357 386 80 21 sådana
451 385 69 22 finska
535 387 141 26 medborgare
689 385 75 22 härvid
779 385 86 22 komma
880 385 7 21 i

59 415 68 27 fråga,
136 415 81 21 hvilkas
228 415 183 26 medborgarerätt
421 415 94 26 grundar
524 415 32 26 sig
566 415 28 26 på
604 414 102 21 födelsen.
719 414 49 21 Men
779 421 36 14 om
825 413 63 22 äfven

62 443 28 27 på
105 443 70 27 grund
186 443 23 21 af
222 443 40 21 den
278 443 137 27 uppfattning
429 443 23 21 af
466 443 202 22 naturalisationens
684 443 85 23 värkan,
786 449 47 15 som
850 448 38 15 un-

61 472 40 21 der
126 478 76 15 senare
227 472 31 21 tid
281 472 56 27 gjort
359 472 34 27 sig
415 472 104 27 gällande,
539 472 80 27 jämväl
635 471 168 22 naturaliserade
818 471 70 21 finska

62 501 141 26 medborgare
225 500 72 21 kunna
319 507 63 14 anses
406 507 50 14 vara
471 501 7 20 i
493 501 58 20 detta
574 501 121 21 hänseende
716 500 107 21 likställda
839 499 49 22 med

61 529 89 21 infödda
173 531 53 23 män,
250 529 24 21 så
290 529 64 27 gäller
373 529 54 22 dock
441 529 133 21 fortfarande
590 529 48 21 med
654 529 188 26 grundlagshälgd,
857 530 32 19 att

62 558 163 21 naturalisation
248 564 76 21 genom
346 558 122 25 monarken,
484 557 85 22 hvilken
585 558 36 21 akt
636 557 32 22 för
683 557 65 27 öfrigt
763 557 125 21 förutsätter

62 586 67 22 afsikt
144 586 39 22 hos
200 586 40 22 den
256 586 167 22 naturaliserade
438 588 32 20 att
485 586 65 22 blifva
565 587 40 21 och
621 587 27 21 bo
663 586 7 22 i
685 586 73 22 landet
773 586 72 22 såsom
861 591 26 15 en

63 615 24 21 af
100 615 49 21 dess
165 621 55 21 egna
234 615 106 24 invånare,
352 615 67 21 måste
429 615 73 27 föregå
515 616 153 26 utnämningen
679 617 32 19 att
721 615 90 21 bekläda
821 614 67 27 tjänst

64 644 7 20 i
87 643 109 22 Finland.»
220 639 16 37 —
243 644 46 21 Och
304 644 46 21 litet
364 644 74 26 längre
452 644 55 21 fram
523 646 62 25 säger
601 644 106 21 utskottet
726 644 1 20 i
744 650 81 14 samma
841 643 47 21 sak:

68 681 8 10 »
80 672 73 27 Enligt.
166 672 97 27 gällande
279 672 105 27 grundlag
399 678 50 21 eger
464 672 117 22 monarken
597 674 43 20 rätt
655 674 31 19 att
697 678 76 21 genom
787 672 101 21 naturali-

65 701 71 21 sation
153 702 51 26 göra
219 701 45 21 icke
279 700 68 22 finska
361 703 49 19 män
427 701 30 21 till
473 701 68 21 finska
557 701 146 27 medborgare.
729 700 44 22 Och
785 700 27 22 dä
825 700 64 27 120
877 696 15 36 $

65 730 7 20 i
88 729 192 27 värnepliktslagen
296 730 45 20 icke
357 731 38 25 gör
412 730 70 26 nägon
498 730 91 21 skillnad
604 730 77 21 mellan
696 729 87 21 infödda
799 729 39 21 och
853 735 37 15 na-

65 758 140 21 turaliserade
220 758 68 21 finska
304 758 144 27 medborgare,
464 758 42 22 kan
522 758 60 21 Hans
598 758 100 27 Majestät
713 758 83 21 säledes
813 764 77 20 genom

66 787 162 21 naturalisation
252 788 51 25 göra
326 787 35 21 det
380 787 81 27 möjligt
476 786 32 22 för
524 787 64 27 ryska
604 786 108 22 officerare
727 788 32 20 att
773 786 65 21 vinna
853 792 37 15 an-

66 815 103 27 ställning
190 815 35 21 vid
247 814 56 22 finsk
322 818 71 24 trupp.
423 816 50 21 Men
490 816 65 21 sädan
571 815 130 27 anställning
716 814 127 22 förutsätter
858 814 32 21 för

67 844 73 26 hvarje
156 844 101 21 särskildt
272 843 36 22 fall
323 850 26 14 en
364 843 86 28 formlig
465 844 162 21 naturalisation
640 844 22 21 af
671 844 122 25 monarken,
804 843 86 21 hvilken

67 872 46 21 äter
136 872 66 26 enligt
223 872 77 21 sakens
316 874 62 19 natur
394 872 39 21 och
449 873 97 26 gällande
562 872 131 27 stadganden
710 872 38 21 har
763 872 32 21 till
810 872 81 26 ytterli-

67 907 51 20 gare
134 900 160 27 förutsättning,
310 903 31 18 att
356 901 46 24 den,
419 907 47 15 som
482 901 54 21 skall
551 901 158 25 naturaliseras,
725 901 38 20 har
778 900 33 21 för
827 899 65 22 afsikt

67 931 32 19 att
121 929 70 27 bygga
213 929 38 21 och
274 929 27 21 bo
317 929 7 21 i
338 929 72 21 landet
425 930 71 21 såsom
513 930 49 21 dess
578 929 68 27 öfriga
662 929 146 27 medborgare.
839 929 54 20 Där-

67 960 60 19 emot
149 958 68 21 skulle
242 958 66 26 enligt
329 957 107 28 förslagen
452 958 63 27 ryska
531 957 109 22 officerare
655 958 72 21 kunna
743 960 51 19 utan
809 957 84 26 föregä-

68 986 54 21 ende
138 986 161 21 naturalisation
316 987 64 20 vinna
395 987 130 26 anställning
541 987 34 20 vid
590 986 56 21 finsk
661 989 65 24 trupp
740 988 55 19 samt
807 985 33 22 för
851 986 42 21 den

68 1015 32 20 tid
122 1015 70 21 denna
207 1015 130 26 anställning
351 1021 67 20 varar,
435 1021 34 15 om
486 1015 40 21 den
543 1015 61 21 äfven
620 1021 51 15 vore
686 1015 23 21 af
722 1015 86 21 alldeles
825 1014 69 21 öfver-

68 1043 83 27 gäende
174 1043 149 26 beskaffenhet,
345 1044 109 21 betraktas
478 1044 71 21 säsom
568 1043 70 22 finska
653 1044 140 25 medborgare
809 1043 39 21 och
864 1043 30 20 ät-

70 1073 61 25 njuta
152 1072 27 21 de
201 1072 132 27 rättigheter,
353 1079 46 14 som
414 1072 74 27 ätfölja
503 1073 70 20 denna
588 1072 127 27 egenskap».
746 1072 62 21 Hvad
825 1072 70 26 lagut-

69 1101 81 20 skottet
173 1101 90 21 sälunda
287 1100 44 21 haft
353 1103 32 18 att
407 1101 74 21 anföra
504 1103 44 19 mot
571 1101 128 27 lagligheten
720 1100 23 21 af
756 1101 36 20 det
807 1100 89 21 afsedda

71 1128 131 22 förfarandet
216 1131 31 19 att
263 1131 51 25 göra
328 1129 51 27 rysk
394 1135 55 19 man,
465 1136 47 15 som
528 1131 113 20 utnämnes
657 1129 31 21 till
704 1129 71 21 officer
792 1129 34 21 vid
840 1128 56 21 finsk

72 1160 71 24 trupp,
161 1158 29 21 till
213 1157 55 22 finsk
290 1158 145 26 medborgare,
450 1160 24 19 är
497 1158 36 21 det
554 1159 82 25 endast,
657 1160 31 19 att
703 1157 192 22 naturalisationen

73 1186 38 22 bör
127 1186 72 27 föregä
215 1187 152 27 utnämningen
384 1187 39 21 och
439 1189 31 19 att
486 1187 35 21 det
536 1187 39 21 bör
592 1194 50 14 vara
657 1187 40 21 den
715 1186 105 22 sökandes
831 1186 65 21 afsikt

71 1218 32 18 att
127 1216 68 26 bygga
218 1215 39 21 och
280 1216 27 20 bo
329 1216 32 20 uti
383 1215 77 21 landet.
492 1216 76 20 Denna
584 1215 64 22 afsikt
666 1215 121 25 förefinnes,
803 1215 27 21 dä
845 1214 51 27 rysk

73 1250 48 14 man
137 1246 74 18 ämnar
227 1244 51 21 söka
294 1244 32 26 sig
341 1244 66 26 tjänst
422 1244 7 21 i
445 1244 96 26 Finland;
558 1250 34 15 om
608 1244 41 21 han
665 1246 74 19 ämnar
755 1244 26 20 bo
798 1244 38 20 här
849 1243 48 21 hela

71 1272 39 21 sitt
132 1272 27 26 lif,
176 1272 35 21 det
232 1272 40 21 kan
288 1273 63 26 ingen
367 1272 111 22 människa
494 1273 136 21 utrannsaka.
651 1273 50 20 Men
712 1272 85 22 hvilken
813 1272 84 26 garanti

71 1300 102 27 erbjuder
189 1301 40 25 det,
240 1307 34 15 om
290 1301 161 21 naturalisation
468 1301 53 21 skall
538 1301 62 21 sökas
616 1301 45 21 före
674 1301 169 27 utnämningen?
864 1300 34 26 Jo,

73 1331 31 19 att
119 1329 41 21 den
176 1329 63 27 ryska
254 1329 77 26 officer,
347 1336 46 14 som
409 1330 35 20 vill
460 1330 53 20 söka
528 1330 33 26 sig
576 1330 58 20 öfver
650 1330 31 20 till
696 1330 91 21 Finland
810 1329 51 21 eller
877 1328 23 22 af

73 1358 37 20 det
125 1358 66 26 högre
207 1357 77 22 befälet
299 1358 32 21 fär
347 1364 26 15 en
389 1358 51 21 vink
454 1360 32 19 att
502 1358 23 21 sä
542 1360 56 25 göra,
614 1358 82 21 lämnar
711 1358 22 21 in
749 1364 25 15 en
796 1357 102 22 naturali-

72 1386 186 26 sationsansökan,
273 1387 27 26 pä
316 1386 83 21 hvilken
416 1386 42 22 han
474 1390 72 18 senast
562 1386 53 22 efter
630 1387 35 21 tvä
681 1386 51 22 eller
747 1389 33 19 tre
796 1386 102 21 mänader

72 1414 33 21 får
129 1421 54 19 svar,
207 1415 38 21 och
267 1415 26 21 dä
308 1417 23 19 är
347 1415 46 24 han,
410 1418 50 18 utan
476 1418 32 18 att
523 1416 104 26 någonsin
644 1415 61 21 hafva
721 1417 43 19 satt
777 1415 32 21 sin
825 1414 74 27 fotipä

74 1442 57 22 finsk
143 1443 55 27 jord,
214 1442 107 22 förklarad
336 1443 32 21 för
384 1443 55 21 finsk
454 1444 142 26 medborgare
612 1444 48 20 med
675 1450 82 15 samma
771 1443 128 27 rättigheter

74 1478 46 14 som
143 1471 86 21 infödda
252 1471 68 22 finska
337 1474 54 23 män,
407 1472 72 21 säsom
496 1472 35 21 det
546 1472 60 21 heter
622 1473 6 20 i
646 1472 53 21 1858
715 1472 34 21 ärs
765 1472 134 26 förordning,

73 1499 40 21 och
137 1500 26 21 dä
186 1499 40 22 kan
245 1500 41 21 han
303 1502 49 19 utan
369 1500 72 21 vidare
457 1501 89 20 bekläda
562 1500 57 21 såväl
636 1501 89 26 tjänster
741 1501 35 20 vid
792 1500 107 21 militären
