1103 1778
443 121 91 30 Bilagor.
876 119 27 21 27

147 194 18 26 e)
186 194 58 20 till
259 193 196 27 krigstjänst
469 194 164 27 godkända
655 194 81 21 eller
750 194 151 21 obesikti-

73 223 86 27 gade,
175 222 109 21 hvilka
305 222 39 27 pä
361 223 102 26 grund
478 222 35 27 af
524 222 379 27 familjeförhällanden,

75 251 207 21 ekonomiska
298 251 271 27 angelägenheter
585 251 79 21 eller
679 251 225 28 yrkebefriats

77 279 77 28 från
177 279 88 21 aktiv
289 279 112 28 tjänst;

148 308 25 25 d)
189 308 68 26 dem,
273 308 135 21 emellan
424 308 111 21 hvilka
551 308 144 27 lottning
710 308 193 28 försiggätt;

147 337 18 25 e)
185 337 8 19 i
215 336 289 35 fyllnadslängden
521 337 19 20 A
556 337 132 26 införda
707 344 167 20 personer;

147 365 18 27 f)
184 365 68 25 dem,
267 372 61 13 som
343 364 124 22 återstå
481 366 96 20 sedan
593 365 77 27 från
685 366 127 20 antalet
831 365 32 27 af
874 366 30 20 de

79 394 9 20 i
105 400 110 14 momm.
237 382 25 43 d)
275 394 52 20 och
346 394 20 32 e)
384 395 165 26 upptagna
571 394 165 49 afdragiis
752 394 90 21 deras
857 401 48 13 an-

81 422 53 26 tal,
157 429 61 13 som
242 422 75 26 ingå
340 422 9 20 i
371 429 109 14 momm.
503 422 20 27 b)
549 422 52 21 och
623 423 33 26 o);

145 451 50 26 g)
187 447 16 35 i
218 451 292 27 fyllnadslängden
533 451 22 20 B
575 451 145 27 införda;
746 453 81 19 samt

148 479 22 26 h)
194 479 76 27 från
295 479 158 28 uppbädet
478 481 77 19 utan
579 480 97 20 kändt
700 480 122 27 förfall
847 481 58 19 ute

77 508 117 27 blifna.

457 573 15 24 $
491 572 34 20 76.

153 628 73 20 Sedan
242 628 34 20 det
291 628 9 20 i
320 628 179 28 nästföregäende
512 629 112 32 poragraf
643 629 81 20 nämda
747 629 158 27 sammandrag

80 656 37 21 till
131 658 90 19 senaten
237 657 124 25 inkommit,
376 657 97 27 fördelar
490 659 91 19 senaten
597 658 10 20 i
632 657 91 21 samråd
740 658 49 20 med
808 658 97 32 general-

79 688 140 28 guvernören
234 686 34 20 det
283 687 37 33 för
334 686 46 20 året
396 686 109 20 bestämda
516 686 63 21 antal
585 693 111 25 personer,
707 693 47 13 som
765 686 51 21 böra
826 686 10 20 i
846 686 59 20 aktiv

80 713 70 25 tjänst
171 713 98 27 inträda,
291 713 30 28 pä
343 714 25 21 de
388 714 71 21 skilda
483 715 72 26 länen,
578 715 9 20 i
607 714 139 27 förhållande
769 715 35 20 till
826 715 50 20 det
896 714 10 21 i

81 749 78 14 mom.
175 742 21 26 f)
219 742 35 27 af
264 731 201 38 föregående
485 743 165 28 paragraf
667 743 139 27 angifna
822 745 83 18 anta-

79 771 46 20 let
144 777 147 21 personer
308 771 9 20 i
332 771 75 28 hvarje
423 771 44 21 län.

155 799 93 28 Uppgift
271 807 33 13 om
328 800 151 27 fördelningen
503 801 108 20 meddelas
633 800 26 21 så
680 802 64 19 snart
758 800 35 21 ske
808 801 44 20 kan
868 800 38 21 och

79 830 75 19 senast
169 828 46 27 före
225 828 48 27 juli
298 829 93 20 månads
406 829 83 27 utgång
505 829 172 20 länenämderna
687 831 58 18 samt
755 829 106 27 kungöres
872 829 34 20 till

80 857 86 20 allmän
183 857 127 21 kännedom.

435 943 52 26 Kap.
504 943 50 21 XII.

80 999 54 27 Om
160 999 161 34 antagande
345 999 10 26 i
379 999 82 26 aktiv
480 999 89 35 tjänst
587 999 53 26 och
659 999 179 34 inskrifning
857 999 49 27 vid

321 1041 99 19 reserv
437 1034 53 26 och
508 1034 162 27 landtvärn.

460 1109 15 27 $
495 1110 34 20 79.

153 1167 56 20 Före
232 1167 92 26 augusti
352 1167 95 20 månads
468 1167 83 27 utgång
574 1174 47 20 eger
653 1167 195 27 uppbädsnämden
876 1167 31 20 be-

82 1197 104 22 stämma,
203 1195 75 21 hvilka
293 1196 28 26 af
334 1195 48 21 de
378 1191 15 36 i
404 1195 85 21 årets
513 1195 132 27 längder
667 1197 163 26 upptagna
846 1197 62 19 vär-

81 1224 185 27 nepliktiga
287 1224 60 21 skola
370 1224 8 20 i
396 1224 59 21 aktiv
471 1224 68 27 tjänst
553 1224 104 26 inkallas,
673 1225 39 20 och
726 1224 56 21 skall
796 1224 112 21 inkallan-

83 1253 36 20 det
133 1253 34 20 ske
183 1253 54 26 efter
253 1253 212 26 lottningsområden
480 1253 9 20 i
504 1252 98 27 följande
617 1253 107 27 ordning:

151 1281 23 26 DV
187 1281 37 26 de,
246 1281 10 20 i
278 1281 294 28 fyllnadslängden
589 1281 19 20 A
623 1283 164 26 upptagna
806 1288 102 21 perso-

83 1316 61 19 ner,
167 1309 53 21 och

154 1338 25 25 2)
196 1339 62 25 den,
282 1345 62 14 som
366 1338 52 21 vid
440 1338 189 27 lottningen
651 1339 138 20 erhållit
808 1339 101 20 lotten

83 1373 51 14 n:o
157 1367 16 26 1,
195 1355 96 32 sedan
313 1367 63 26 den,
396 1373 59 14 som
479 1367 124 26 uttagit
625 1367 103 21 lotien
750 1374 52 14 n:o
819 1368 21 25 2,
856 1367 53 21 och

83 1395 32 20 sä
141 1383 111 33 vidare
278 1395 58 21 till
357 1383 68 33 dess
449 1395 53 21 det
525 1395 50 27 för
601 1384 309 39 lotiningsomrädet

84 1423 161 21 bestämda
268 1424 133 20 antalet
422 1424 64 20 blir
507 1424 88 27 fullt.

155 1452 121 20 Finnes
295 1452 114 21 ibland
423 1452 91 20 dessa
529 1452 108 27 nägon,
653 1460 60 13 som
730 1454 33 19 är
778 1452 130 21 berätti-

81 1480 59 27 gad
170 1480 57 21 till
257 1480 138 28 uppskof
426 1481 80 20 eller
536 1480 152 28 befrielse
717 1481 75 27 frän
822 1480 87 22 aktiv

84 1509 110 26 tjänst,
217 1509 145 21 inkallas
384 1510 9 20 i
415 1510 80 20 hans
515 1510 98 20 ställe
636 1510 61 25 den,
718 1516 62 14 som
802 1509 109 28 dragit
