1103 1798
180 154 28 21 62
906 162 27 17 23
944 166 66 13 mars.

249 230 79 22 vinner
343 232 42 27 nej,
400 232 42 21 har
456 232 88 21 sländet
558 232 88 28 förenat
660 232 34 28 sig
710 238 36 15 om
761 232 28 20 hr
809 231 56 21 Axel
880 230 130 26 Holmbergs

179 259 90 29 förslag.

252 318 42 21 Vid
316 318 99 27 votering
437 318 96 27 afgäfvos
556 318 25 22 51
596 318 24 27 ja
642 318 39 22 och
696 318 13 21 8
725 318 40 26 nej,
787 316 40 22 och
843 323 36 15 var
896 316 82 22 säledes
993 315 16 20 4

183 352 65 15 mom.
264 346 108 27 godkändt
387 346 66 28 enligt
464 347 118 21 utskottets
598 346 85 28 förslag.

250 403 141 27 Paragrafens
415 404 69 27 öfriga
503 406 97 20 moment
620 404 109 21 äfvensom
747 404 12 26 &
774 403 26 21 21
818 402 122 28 godkändes
956 404 52 19 utan

180 432 186 27 meningsolikhet.

247 564 91 22 Plenum
353 565 119 22 afslutades
487 565 52 21 härä
554 565 27 21 kl.
596 565 40 21 9.30
651 571 17 15 e.
684 571 27 15 m.

800 621 23 17 In
835 620 67 18 fidem:

744 662 27 21 A.
792 661 23 22 V.
832 661 116 27 Lindberg.

376 864 61 26 Den
456 862 36 28 23
511 870 78 20 mars
607 862 39 27 kl.
667 863 49 35 '/,7
735 871 22 19 e.
775 870 36 18 m.

249 932 142 22 Ordförande:
407 933 25 21 hr
446 933 168 21 vicetalmannen
634 932 111 28 Wegelius.

247 973 42 21 Vid
304 973 138 27 protokollet:
459 973 96 21 ständets
572 973 139 21 sekreterare.

246 1013 160 21 Fränvarande:
429 1013 25 21 hr
480 1013 124 21 Söderlund
628 1013 39 22 och
693 1013 123 22 Stenström
841 1013 109 22 äfvensom
966 1013 39 21 hrr

178 1041 111 21 Boisman
304 1041 39 22 och
360 1041 154 28 Schybergson,
529 1041 71 22 hvilka
616 1042 53 21 dock
685 1048 76 15 senare
776 1041 90 22 infunno
882 1042 38 26 sig.

245 1207 122 28 Föredrogs
389 1208 248 27 värnepliktsutskottets
653 1208 81 27 förslag
749 1207 32 22 till
797 1207 208 27 sammanjämkning

177 1235 24 22 af
214 1236 26 21 de
256 1236 121 27 skiljaktiga
401 1237 77 26 beslut,
492 1237 7 20 i
514 1237 72 21 hvilka
608 1237 90 21 ständen
722 1238 87 20 stannat
824 1236 35 21 vid
875 1235 130 27 behandling

178 1264 23 21 af
214 1264 118 22 utskottets
347 1265 155 22 förberedande
516 1265 81 28 förslag
612 1265 31 21 till
659 1265 80 22 ändrad
756 1265 81 27 lydelse
852 1264 32 21 för
896 1265 26 26 $$
934 1264 71 21 1—20

178 1295 56 19 samt
250 1293 11 27 $
278 1293 40 21 123
333 1299 64 16 mom.
414 1294 10 21 1
441 1295 7 20 i
464 1293 96 28 gällande
575 1294 167 27 värnepliktslag
757 1294 34 26 (se
806 1293 71 27 bilaga
891 1293 27 26 6).

243 1350 25 27 88
290 1350 46 25 1,3
360 1350 39 21 och
422 1353 14 18 4
452 1353 54 19 samt
522 1351 10 21 1
550 1357 62 15 mom.
629 1351 48 27 af
667 1346 10 37 &
693 1351 12 21 7
715 1350 140 28 *godkändes
880 1350 67 27 enligt
969 1352 34 19 ut-

174 1378 94 22 skottets
283 1379 85 27 förslag.

240 1436 119 27 Angäende
375 1437 13 20 2
403 1443 64 15 mom.
479 1432 27 36 af
518 1437 10 26 $
544 1437 12 21 7
572 1437 84 27 yttrade

242 1493 26 21 hr
283 1494 148 21 Jansson:
453 1494 111 27 Förslaget
584 1493 31 22 till
638 1493 209 28 sammanjämkning
864 1493 23 21 af
900 1493 103 21 ständens

173 1521 57 22 olika
245 1521 72 22 beslut
332 1528 35 15 om
383 1529 63 14 mom.
462 1523 13 20 2
487 1523 7 20 i
505 1523 69 21 denna
584 1522 102 27 paragraf
691 1523 70 20 mäste
767 1522 39 27 jag
816 1521 104 22 beteckna
930 1521 70 22 säsom

171 1549 160 28 otvifvelaktigt
357 1551 110 27 oriktigt
463 1545 13 37 i
490 1553 30 20 ett
535 1551 127 21 hänseende.
692 1550 246 27 Värnepliktsutskottet
957 1549 44 27 har,
