1103 1798
197 118 29 22 46
566 126 92 21 Bilagor.

585 212 12 28 s
612 212 35 21 99.

267 273 157 29 Ridderskapet
438 274 40 22 och
494 275 62 21 adeln
572 277 57 20 samt
644 277 82 25 präste-
736 274 39 23 och
790 274 163 22 bondestånden
963 274 63 22 hafva

199 302 96 27 godkänt
310 302 117 23 utskottets
442 303 86 27 förslag.

267 330 183 28 Borgareständet
465 332 38 22 har
516 332 116 28 uppdragit
641 332 23 22 åt
674 332 106 22 utskottet
789 334 33 19 att
832 334 97 20 närmare
939 332 87 22 utstaka

198 360 119 26 gränserna
338 360 33 21 för
393 360 27 22 de
438 361 65 26 brott,
519 361 71 21 hvilka
606 361 69 21 skulle
690 362 76 26 utgöra
782 360 75 22 hinder
872 360 33 22 för
919 361 84 22 inträde
1018 360 8 22 i

197 388 68 26 tjänst
281 388 72 22 såsom
368 389 105 22 volontär.

578 475 12 28 8
606 476 47 21 119.

267 538 157 28 Ridderskapet
439 538 39 22 och
494 538 61 22 adeln
572 540 56 20 samt
643 540 81 26 präste-
740 538 38 22 och
790 538 162 22 bondestånden
963 537 62 23 hafva

197 566 96 26 godkänt
308 566 117 22 utskottets
440 567 87 27 förslag.

267 595 183 27 Borgareståndet
472 596 37 21 har
524 596 166 22 äterremitterat
712 597 5 20 1
734 602 64 15 mom.
813 596 7 21 i
836 590 64 38 syfte,
911 597 31 26 att
957 594 68 22 första

197 623 116 27 meningen
336 624 69 22 skulle
421 624 79 22 erhålla
514 624 94 28 följande
622 624 129 22 förändrade
767 624 89 28 lydelse:
881 622 143 24 »OÖfverbefäl-

196 651 88 23 hafvare
299 652 33 22 för
353 653 26 21 de
400 652 70 22 finska
484 655 119 26 trupperna
618 655 23 19 är
663 653 222 27 generalguvernören
901 652 59 22 öfver
975 652 49 22 Fin-

196 680 57 27 land,
276 680 89 22 såframt
387 682 18 26 ej
425 688 71 15 annan
518 688 80 21 person
620 682 24 21 af
657 682 104 26 Kejsaren
777 681 40 22 och
833 681 132 22 Storfursten
981 680 43 22 för-

196 709 81 22 ordnas
292 712 32 19 att
338 710 79 22 nämda
431 711 85 21 ämbete
531 711 72 21 såsom
618 710 57 22 finsk
690 711 134 21 ämbetsman
839 709 133 23 innehafva».

576 797 12 27 s
605 797 46 21 120.

265 859 157 27 Ridderskapet
443 860 40 21 och
505 860 62 21 adeln
586 860 39 21 har
639 860 33 21 för
688 860 70 21 denna
772 859 103 27 paragraf
887 860 81 26 antagit
983 860 41 20 den

196 887 83 28 lydelse
294 888 124 22 densamma
433 888 39 22 har
486 888 7 22 i
508 895 29 15 nu
554 888 99 28 gällande
667 888 175 28 värnepliktslag.

267 917 86 21 Präste-
375 917 40 22 och
438 917 162 22 bondeständen
616 917 64 22 hafva
695 918 96 27 godkänt
806 917 117 21 utskottets
938 916 86 27 förslag.

266 945 182 27 Borgareständet
470 946 38 21 har
530 946 34 21 för
577 953 68 14 :mom.
661 947 13 20 2
693 947 82 26 antagit
790 945 93 28 följande
897 945 127 22 förändrade

196 973 88 27 lydelse:
309 974 128 22 »Officerare
452 974 24 22 af
488 975 50 27 rysk
553 975 112 21 härkomst
679 975 74 21 kunna
768 974 55 21 dock
838 974 31 21 till
883 973 56 22 finsk
949 977 75 24 trupp-

195 1001 116 28 afdelning,
327 1003 84 22 utöfver
427 1003 49 22 dess
492 1006 48 22 stat,
555 1003 217 22 tillkommenderas».

571 1094 13 29 g
602 1095 47 21 121.

267 1157 157 28 Ridderskapet
446 1158 39 21 och
510 1158 62 21 adeln
596 1161 56 19 samt
674 1161 82 25 präste-
779 1159 40 21 och
843 1158 181 27 borgareständen

195 1185 64 22 hafva
275 1186 94 27 godkänt
384 1187 116 21 utskottets
516 1187 86 27 förslag.

266 1215 162 21 Bondeständet
438 1215 38 22 har
488 1215 92 26 beslutit,
591 1218 31 19 att
632 1216 71 21 aktiva
713 1215 155 28 truppstyrkan
880 1216 67 21 under
957 1215 68 22 freds-

196 1239 31 25 tid
242 1243 68 21 borde
325 1245 77 25 utgöra
414 1244 63 27 högst
492 1245 93 20 tiotusen
602 1251 55 14 man.

576 1330 12 28 s
604 1331 47 20 122.

266 1392 157 28 Ridderskapet
438 1393 39 22 och
489 1393 62 22 adeln
562 1396 56 19 samt
629 1394 99 27 borgare-
739 1393 41 22 och
791 1393 161 22 bondeständen
963 1393 63 22 hafva

196 1420 97 27 godkänt
307 1421 118 22 utskottets
440 1421 86 28 förslag.

266 1449 163 22 Prästeständet
447 1450 38 21 har
500 1451 166 21 äterremitterat
682 1450 127 29 paragrafen
825 1450 33 22 för
872 1452 32 20 att
919 1450 106 22 utskottet

195 1477 70 22 måtte
281 1480 49 25 taga
344 1479 7 20 i
367 1478 161 27 öfvervägande,
544 1479 107 22 huruvida
666 1480 67 21 orden
751 1479 145 22 inkomster»
914 1479 39 21 och
972 1479 53 22 »till-

195 1506 95 28 gångar»
308 1507 67 22 borde
390 1507 49 22 med
454 1507 120 22 hvarandra
588 1508 51 27 byta
654 1508 62 27 plats.
