<?xml version="1.0" encoding="UTF-8"?>
<alto xmlns="http://www.loc.gov/standards/alto/ns-v3#" xmlns:xlink="http://www.w3.org/1999/xlink" xmlns:xsi="http://www.w3.org/2001/XMLSchema-instance" xsi:schemaLocation="http://www.loc.gov/standards/alto/ns-v3# http://www.loc.gov/alto/v3/alto-3-0.xsd">
	<Description>
		<MeasurementUnit>pixel</MeasurementUnit>
		<sourceImageInformation>
			<fileName>/tmp/tess_g9vlxwzp_input.PNG</fileName>
		</sourceImageInformation>
		<OCRProcessing ID="OCR_0">
			<ocrProcessingStep>
				<processingSoftware>
					<softwareName>tesseract 5.3.4</softwareName>
				</processingSoftware>
			</ocrProcessingStep>
		</OCRProcessing>
	</Description>
	<Layout>
		<Page WIDTH="1109" HEIGHT="1767" PHYSICAL_IMG_NR="0" ID="page_0">
			<PrintSpace HPOS="0" VPOS="0" WIDTH="1109" HEIGHT="1767">
				<ComposedBlock ID="cblock_0" HPOS="445" VPOS="90" WIDTH="476" HEIGHT="34">
					<TextBlock ID="block_0" HPOS="445" VPOS="90" WIDTH="476" HEIGHT="34">
						<TextLine ID="line_0" HPOS="445" VPOS="90" WIDTH="476" HEIGHT="34">
							<String ID="string_0" HPOS="445" VPOS="97" WIDTH="93" HEIGHT="27" WC="0.93" CONTENT="Bilagor."/><SP WIDTH="16" VPOS="97" HPOS="538"/>
							<String ID="string_1" HPOS="554" VPOS="111" WIDTH="3" HEIGHT="10" WC="0.92" CONTENT=","/><SP WIDTH="335" VPOS="111" HPOS="557"/>
							<String ID="string_2" HPOS="892" VPOS="90" WIDTH="29" HEIGHT="32" WC="0.95" CONTENT="37"/>
						</TextLine>
					</TextBlock>
				</ComposedBlock>
				<GraphicalElement ID="cblock_1" HPOS="86" VPOS="126" WIDTH="834" HEIGHT="3"></GraphicalElement >
				<ComposedBlock ID="cblock_2" HPOS="86" VPOS="165" WIDTH="835" HEIGHT="376">
					<TextBlock ID="block_1" HPOS="86" VPOS="165" WIDTH="835" HEIGHT="59">
						<TextLine ID="line_1" HPOS="86" VPOS="165" WIDTH="833" HEIGHT="30">
							<String ID="string_3" HPOS="86" VPOS="167" WIDTH="107" HEIGHT="27" WC="0.96" CONTENT="enligt"/><SP WIDTH="22" VPOS="167" HPOS="193"/>
							<String ID="string_4" HPOS="215" VPOS="166" WIDTH="101" HEIGHT="27" WC="0.96" CONTENT="denna"/><SP WIDTH="23" VPOS="166" HPOS="316"/>
							<String ID="string_5" HPOS="339" VPOS="166" WIDTH="52" HEIGHT="28" WC="0.93" CONTENT="lag"/><SP WIDTH="22" VPOS="166" HPOS="391"/>
							<String ID="string_6" HPOS="413" VPOS="165" WIDTH="190" HEIGHT="30" WC="0.91" CONTENT="ankomma"/><SP WIDTH="-11" VPOS="165" HPOS="603"/>
							<String ID="string_7" HPOS="592" VPOS="161" WIDTH="18" HEIGHT="38" WC="0.84" CONTENT="å"/><SP WIDTH="8" VPOS="161" HPOS="610"/>
							<String ID="string_8" HPOS="618" VPOS="166" WIDTH="169" HEIGHT="29" WC="0.84" CONTENT="samrådan"/><SP WIDTH="16" VPOS="166" HPOS="787"/>
							<String ID="string_9" HPOS="803" VPOS="165" WIDTH="116" HEIGHT="21" WC="0.96" CONTENT="mellan"/>
						</TextLine>
						<TextLine ID="line_2" HPOS="87" VPOS="192" WIDTH="834" HEIGHT="32">
							<String ID="string_10" HPOS="87" VPOS="197" WIDTH="131" HEIGHT="19" WC="0.96" CONTENT="senaten"/><SP WIDTH="16" VPOS="197" HPOS="218"/>
							<String ID="string_11" HPOS="234" VPOS="194" WIDTH="53" HEIGHT="22" WC="0.92" CONTENT="och"/><SP WIDTH="14" VPOS="194" HPOS="287"/>
							<String ID="string_12" HPOS="301" VPOS="195" WIDTH="345" HEIGHT="27" WC="0.90" CONTENT="generalguvernören"/><SP WIDTH="47" VPOS="195" HPOS="646"/>
							<String ID="string_13" HPOS="693" VPOS="213" WIDTH="2" HEIGHT="3" WC="0.77" CONTENT="."/><SP WIDTH="20" VPOS="213" HPOS="695"/>
							<String ID="string_14" HPOS="715" VPOS="217" WIDTH="21" HEIGHT="7" WC="0.79" CONTENT="."/><SP WIDTH="73" VPOS="217" HPOS="736"/>
							<String ID="string_15" HPOS="809" VPOS="192" WIDTH="112" HEIGHT="29" WC="0.0" CONTENT="NONIIN"/>
						</TextLine>
					</TextBlock>
					<TextBlock ID="block_2" HPOS="86" VPOS="220" WIDTH="835" HEIGHT="146">
						<TextLine ID="line_3" HPOS="157" VPOS="220" WIDTH="762" HEIGHT="31">
							<String ID="string_16" HPOS="157" VPOS="223" WIDTH="278" HEIGHT="28" WC="0.91" CONTENT="Krigsministern"/><SP WIDTH="24" VPOS="223" HPOS="435"/>
							<String ID="string_17" HPOS="459" VPOS="224" WIDTH="8" HEIGHT="20" WC="0.93" CONTENT="i"/><SP WIDTH="25" VPOS="224" HPOS="467"/>
							<String ID="string_18" HPOS="492" VPOS="220" WIDTH="239" HEIGHT="30" WC="0.61" CONTENT="kejsaredömet"/><SP WIDTH="21" VPOS="220" HPOS="731"/>
							<String ID="string_19" HPOS="752" VPOS="229" WIDTH="71" HEIGHT="21" WC="0.92" CONTENT="eger"/><SP WIDTH="22" VPOS="229" HPOS="823"/>
							<String ID="string_20" HPOS="845" VPOS="221" WIDTH="74" HEIGHT="22" WC="0.93" CONTENT="hand-"/>
						</TextLine>
						<TextLine ID="line_4" HPOS="87" VPOS="250" WIDTH="832" HEIGHT="31">
							<String ID="string_21" HPOS="87" VPOS="254" WIDTH="66" HEIGHT="27" WC="0.96" CONTENT="lägga"/><SP WIDTH="23" VPOS="254" HPOS="153"/>
							<String ID="string_22" HPOS="176" VPOS="252" WIDTH="38" HEIGHT="21" WC="0.96" CONTENT="och"/><SP WIDTH="22" VPOS="252" HPOS="214"/>
							<String ID="string_23" HPOS="236" VPOS="252" WIDTH="39" HEIGHT="21" WC="0.93" CONTENT="hos"/><SP WIDTH="16" VPOS="252" HPOS="275"/>
							<String ID="string_24" HPOS="291" VPOS="252" WIDTH="109" HEIGHT="27" WC="0.93" CONTENT="Kejsaren"/><SP WIDTH="19" VPOS="252" HPOS="400"/>
							<String ID="string_25" HPOS="419" VPOS="252" WIDTH="128" HEIGHT="28" WC="0.92" CONTENT="föredraga"/><SP WIDTH="18" VPOS="252" HPOS="547"/>
							<String ID="string_26" HPOS="565" VPOS="252" WIDTH="88" HEIGHT="20" WC="0.96" CONTENT="sådana"/><SP WIDTH="15" VPOS="252" HPOS="653"/>
							<String ID="string_27" HPOS="668" VPOS="251" WIDTH="27" HEIGHT="21" WC="0.97" CONTENT="de"/><SP WIDTH="9" VPOS="251" HPOS="695"/>
							<String ID="string_28" HPOS="704" VPOS="250" WIDTH="77" HEIGHT="28" WC="0.93" CONTENT="finska"/><SP WIDTH="16" VPOS="250" HPOS="781"/>
							<String ID="string_29" HPOS="797" VPOS="253" WIDTH="122" HEIGHT="25" WC="0.96" CONTENT="trupperna"/>
						</TextLine>
						<TextLine ID="line_5" HPOS="86" VPOS="279" WIDTH="833" HEIGHT="29">
							<String ID="string_30" HPOS="86" VPOS="281" WIDTH="96" HEIGHT="21" WC="0.92" CONTENT="rörande"/><SP WIDTH="22" VPOS="281" HPOS="182"/>
							<String ID="string_31" HPOS="204" VPOS="281" WIDTH="185" HEIGHT="27" WC="0.92" CONTENT="angelägenheter,"/><SP WIDTH="23" VPOS="281" HPOS="389"/>
							<String ID="string_32" HPOS="412" VPOS="287" WIDTH="46" HEIGHT="14" WC="0.93" CONTENT="som"/><SP WIDTH="16" VPOS="287" HPOS="458"/>
							<String ID="string_33" HPOS="474" VPOS="280" WIDTH="46" HEIGHT="21" WC="0.92" CONTENT="icke"/><SP WIDTH="15" VPOS="280" HPOS="520"/>
							<String ID="string_34" HPOS="535" VPOS="280" WIDTH="100" HEIGHT="28" WC="0.91" CONTENT="hänföra"/><SP WIDTH="15" VPOS="280" HPOS="635"/>
							<String ID="string_35" HPOS="650" VPOS="280" WIDTH="34" HEIGHT="28" WC="0.96" CONTENT="sig"/><SP WIDTH="15" VPOS="280" HPOS="684"/>
							<String ID="string_36" HPOS="699" VPOS="280" WIDTH="36" HEIGHT="20" WC="0.96" CONTENT="till"/><SP WIDTH="15" VPOS="280" HPOS="735"/>
							<String ID="string_37" HPOS="750" VPOS="279" WIDTH="169" HEIGHT="28" WC="0.96" CONTENT="lagstiftningen"/>
						</TextLine>
						<TextLine ID="line_6" HPOS="87" VPOS="308" WIDTH="834" HEIGHT="29">
							<String ID="string_38" HPOS="87" VPOS="310" WIDTH="53" HEIGHT="21" WC="0.95" CONTENT="eller"/><SP WIDTH="14" VPOS="310" HPOS="140"/>
							<String ID="string_39" HPOS="154" VPOS="310" WIDTH="41" HEIGHT="20" WC="0.96" CONTENT="den"/><SP WIDTH="16" VPOS="310" HPOS="195"/>
							<String ID="string_40" HPOS="211" VPOS="309" WIDTH="138" HEIGHT="21" WC="0.96" CONTENT="ekonomiska"/><SP WIDTH="11" VPOS="309" HPOS="349"/>
							<String ID="string_41" HPOS="360" VPOS="310" WIDTH="178" HEIGHT="27" WC="0.0" CONTENT="förvaltningen,"/><SP WIDTH="14" VPOS="310" HPOS="538"/>
							<String ID="string_42" HPOS="552" VPOS="311" WIDTH="80" HEIGHT="19" WC="0.92" CONTENT="samt"/><SP WIDTH="15" VPOS="311" HPOS="632"/>
							<String ID="string_43" HPOS="647" VPOS="308" WIDTH="130" HEIGHT="29" WC="0.89" CONTENT="utöfvar"/><SP WIDTH="15" VPOS="308" HPOS="777"/>
							<String ID="string_44" HPOS="792" VPOS="308" WIDTH="9" HEIGHT="20" WC="0.94" CONTENT="i"/><SP WIDTH="14" VPOS="308" HPOS="801"/>
							<String ID="string_45" HPOS="815" VPOS="308" WIDTH="106" HEIGHT="28" WC="0.95" CONTENT="öfrigt"/>
						</TextLine>
						<TextLine ID="line_7" HPOS="86" VPOS="336" WIDTH="834" HEIGHT="30">
							<String ID="string_46" HPOS="86" VPOS="339" WIDTH="58" HEIGHT="21" WC="0.92" CONTENT="den"/><SP WIDTH="17" VPOS="339" HPOS="144"/>
							<String ID="string_47" HPOS="161" VPOS="338" WIDTH="194" HEIGHT="28" WC="0.68" CONTENT="befogenhet,"/><SP WIDTH="24" VPOS="338" HPOS="355"/>
							<String ID="string_48" HPOS="379" VPOS="332" WIDTH="541" HEIGHT="38" WC="0.25" CONTENT="somidennalagärhonomitillagd."/>
						</TextLine>
					</TextBlock>
					<TextBlock ID="block_3" HPOS="86" VPOS="362" WIDTH="835" HEIGHT="175">
						<TextLine ID="line_8" HPOS="134" VPOS="362" WIDTH="785" HEIGHT="32">
							<String ID="string_49" HPOS="134" VPOS="366" WIDTH="192" HEIGHT="28" WC="0.81" CONTENT="Angående"/><SP WIDTH="37" VPOS="366" HPOS="326"/>
							<String ID="string_50" HPOS="363" VPOS="366" WIDTH="275" HEIGHT="22" WC="0.95" CONTENT="kommunikation"/><SP WIDTH="38" VPOS="366" HPOS="638"/>
							<String ID="string_51" HPOS="676" VPOS="362" WIDTH="63" HEIGHT="25" WC="0.93" CONTENT="med"/><SP WIDTH="32" VPOS="362" HPOS="739"/>
							<String ID="string_52" HPOS="771" VPOS="365" WIDTH="148" HEIGHT="29" WC="0.92" CONTENT="krigsmi-"/>
						</TextLine>
						<TextLine ID="line_9" HPOS="87" VPOS="394" WIDTH="834" HEIGHT="29">
							<String ID="string_53" HPOS="87" VPOS="396" WIDTH="127" HEIGHT="21" WC="0.53" CONTENT="nistern"/><SP WIDTH="19" VPOS="396" HPOS="214"/>
							<String ID="string_54" HPOS="233" VPOS="396" WIDTH="33" HEIGHT="27" WC="0.89" CONTENT="af"/><SP WIDTH="13" VPOS="396" HPOS="266"/>
							<String ID="string_55" HPOS="279" VPOS="395" WIDTH="31" HEIGHT="21" WC="0.89" CONTENT="de"/><SP WIDTH="15" VPOS="395" HPOS="310"/>
							<String ID="string_56" HPOS="325" VPOS="395" WIDTH="221" HEIGHT="25" WC="0.93" CONTENT="ärenden,"/><SP WIDTH="-50" VPOS="395" HPOS="546"/>
							<String ID="string_57" HPOS="496" VPOS="390" WIDTH="56" HEIGHT="37" WC="0.88" CONTENT="som"/><SP WIDTH="9" VPOS="390" HPOS="552"/>
							<String ID="string_58" HPOS="561" VPOS="394" WIDTH="189" HEIGHT="22" WC="0.78" CONTENT="ankommaä"/><SP WIDTH="19" VPOS="394" HPOS="750"/>
							<String ID="string_59" HPOS="769" VPOS="394" WIDTH="152" HEIGHT="29" WC="0.92" CONTENT="minister-"/>
						</TextLine>
						<TextLine ID="line_10" HPOS="86" VPOS="422" WIDTH="832" HEIGHT="29">
							<String ID="string_60" HPOS="86" VPOS="424" WIDTH="401" HEIGHT="27" WC="0.61" CONTENT="etatssekveterarens"/><SP WIDTH="-48" VPOS="424" HPOS="487"/>
							<String ID="string_61" HPOS="439" VPOS="418" WIDTH="53" HEIGHT="39" WC="0.93" CONTENT="för"/><SP WIDTH="17" VPOS="418" HPOS="492"/>
							<String ID="string_62" HPOS="509" VPOS="422" WIDTH="409" HEIGHT="29" WC="0.86" CONTENT="storfurstendömet"/><SP WIDTH="-82" VPOS="422" HPOS="918"/>
							<String ID="string_63" HPOS="836" VPOS="418" WIDTH="85" HEIGHT="39" WC="0.92" CONTENT="före-"/>
						</TextLine>
						<TextLine ID="line_11" HPOS="87" VPOS="451" WIDTH="830" HEIGHT="30">
							<String ID="string_64" HPOS="87" VPOS="452" WIDTH="162" HEIGHT="28" WC="0.95" CONTENT="dragning"/><SP WIDTH="15" VPOS="452" HPOS="249"/>
							<String ID="string_65" HPOS="264" VPOS="453" WIDTH="81" HEIGHT="20" WC="0.85" CONTENT="eller"/><SP WIDTH="20" VPOS="453" HPOS="345"/>
							<String ID="string_66" HPOS="365" VPOS="452" WIDTH="124" HEIGHT="21" WC="0.93" CONTENT="hvilkas"/><SP WIDTH="16" VPOS="452" HPOS="489"/>
							<String ID="string_67" HPOS="505" VPOS="451" WIDTH="180" HEIGHT="30" WC="0.89" CONTENT="afgörande"/><SP WIDTH="16" VPOS="451" HPOS="685"/>
							<String ID="string_68" HPOS="701" VPOS="453" WIDTH="33" HEIGHT="19" WC="0.88" CONTENT="är"/><SP WIDTH="15" VPOS="453" HPOS="734"/>
							<String ID="string_69" HPOS="749" VPOS="451" WIDTH="168" HEIGHT="28" WC="0.87" CONTENT="äfverläm-"/>
						</TextLine>
						<TextLine ID="line_12" HPOS="88" VPOS="476" WIDTH="832" HEIGHT="35">
							<String ID="string_70" HPOS="88" VPOS="481" WIDTH="77" HEIGHT="22" WC="0.88" CONTENT="nadt"/><SP WIDTH="15" VPOS="481" HPOS="165"/>
							<String ID="string_71" HPOS="180" VPOS="481" WIDTH="30" HEIGHT="21" WC="0.96" CONTENT="åt"/><SP WIDTH="19" VPOS="481" HPOS="210"/>
							<String ID="string_72" HPOS="229" VPOS="483" WIDTH="139" HEIGHT="24" WC="0.93" CONTENT="senaten,"/><SP WIDTH="15" VPOS="483" HPOS="368"/>
							<String ID="string_73" HPOS="383" VPOS="481" WIDTH="108" HEIGHT="28" WC="0.93" CONTENT="gäller"/><SP WIDTH="15" VPOS="481" HPOS="491"/>
							<String ID="string_74" HPOS="506" VPOS="481" WIDTH="81" HEIGHT="21" WC="0.89" CONTENT="hvad"/><SP WIDTH="15" VPOS="481" HPOS="587"/>
							<String ID="string_75" HPOS="602" VPOS="476" WIDTH="318" HEIGHT="35" WC="0.86" CONTENT="dårom"/><SP WIDTH="-194" VPOS="476" HPOS="920"/>
							<String ID="string_76" HPOS="726" VPOS="472" WIDTH="36" HEIGHT="43" WC="0.96" CONTENT="af"/><SP WIDTH="18" VPOS="472" HPOS="762"/>
							<String ID="string_77" HPOS="780" VPOS="476" WIDTH="140" HEIGHT="35" WC="0.96" CONTENT="Kejsaren"/>
						</TextLine>
						<TextLine ID="line_13" HPOS="88" VPOS="505" WIDTH="582" HEIGHT="36">
							<String ID="string_78" HPOS="88" VPOS="509" WIDTH="164" HEIGHT="26" WC="0.71" CONTENT="särskildt"/><SP WIDTH="21" VPOS="509" HPOS="252"/>
							<String ID="string_79" HPOS="273" VPOS="505" WIDTH="176" HEIGHT="36" WC="0.95" CONTENT="förordnas."/><SP WIDTH="219" VPOS="505" HPOS="449"/>
							<String ID="string_80" HPOS="668" VPOS="529" WIDTH="2" HEIGHT="2" WC="0.66" CONTENT="."/>
						</TextLine>
					</TextBlock>
				</ComposedBlock>
				<ComposedBlock ID="cblock_3" HPOS="463" VPOS="573" WIDTH="80" HEIGHT="28">
					<TextBlock ID="block_4" HPOS="463" VPOS="573" WIDTH="80" HEIGHT="28">
						<TextLine ID="line_14" HPOS="463" VPOS="573" WIDTH="80" HEIGHT="28">
							<String ID="string_81" HPOS="463" VPOS="573" WIDTH="16" HEIGHT="28" WC="0.91" CONTENT="$"/><SP WIDTH="15" VPOS="573" HPOS="479"/>
							<String ID="string_82" HPOS="494" VPOS="575" WIDTH="49" HEIGHT="20" WC="0.96" CONTENT="120."/>
						</TextLine>
					</TextBlock>
				</ComposedBlock>
				<ComposedBlock ID="cblock_4" HPOS="84" VPOS="622" WIDTH="835" HEIGHT="346">
					<TextBlock ID="block_5" HPOS="84" VPOS="622" WIDTH="834" HEIGHT="88">
						<TextLine ID="line_15" HPOS="157" VPOS="622" WIDTH="761" HEIGHT="31">
							<String ID="string_83" HPOS="157" VPOS="625" WIDTH="32" HEIGHT="20" WC="0.96" CONTENT="De"/><SP WIDTH="23" VPOS="625" HPOS="189"/>
							<String ID="string_84" HPOS="212" VPOS="625" WIDTH="35" HEIGHT="20" WC="0.95" CONTENT="till"/><SP WIDTH="22" VPOS="625" HPOS="247"/>
							<String ID="string_85" HPOS="269" VPOS="624" WIDTH="71" HEIGHT="25" WC="0.93" CONTENT="finska"/><SP WIDTH="24" VPOS="624" HPOS="340"/>
							<String ID="string_86" HPOS="364" VPOS="627" WIDTH="125" HEIGHT="25" WC="0.94" CONTENT="trupperna"/><SP WIDTH="28" VPOS="627" HPOS="489"/>
							<String ID="string_87" HPOS="517" VPOS="625" WIDTH="98" HEIGHT="21" WC="0.94" CONTENT="hörande"/><SP WIDTH="21" VPOS="625" HPOS="615"/>
							<String ID="string_88" HPOS="636" VPOS="625" WIDTH="119" HEIGHT="28" WC="0.93" CONTENT="generaler,"/><SP WIDTH="24" VPOS="625" HPOS="755"/>
							<String ID="string_89" HPOS="779" VPOS="623" WIDTH="68" HEIGHT="22" WC="0.77" CONTENT="stabs-"/><SP WIDTH="32" VPOS="623" HPOS="847"/>
							<String ID="string_90" HPOS="879" VPOS="622" WIDTH="39" HEIGHT="22" WC="0.94" CONTENT="och"/>
						</TextLine>
						<TextLine ID="line_16" HPOS="84" VPOS="651" WIDTH="833" HEIGHT="30">
							<String ID="string_91" HPOS="84" VPOS="653" WIDTH="177" HEIGHT="28" WC="0.40" CONTENT="&amp;fverofficerare"/><SP WIDTH="23" VPOS="653" HPOS="261"/>
							<String ID="string_92" HPOS="284" VPOS="655" WIDTH="57" HEIGHT="19" WC="0.93" CONTENT="samt"/><SP WIDTH="22" VPOS="655" HPOS="341"/>
							<String ID="string_93" HPOS="363" VPOS="653" WIDTH="67" HEIGHT="21" WC="0.96" CONTENT="civila"/><SP WIDTH="16" VPOS="653" HPOS="430"/>
							<String ID="string_94" HPOS="446" VPOS="654" WIDTH="135" HEIGHT="27" WC="0.96" CONTENT="tjänstemän"/><SP WIDTH="15" VPOS="654" HPOS="581"/>
							<String ID="string_95" HPOS="596" VPOS="654" WIDTH="111" HEIGHT="27" WC="0.92" CONTENT="äfvensom"/><SP WIDTH="24" VPOS="654" HPOS="707"/>
							<String ID="string_96" HPOS="731" VPOS="652" WIDTH="130" HEIGHT="27" WC="0.88" CONTENT="underbefäl"/><SP WIDTH="18" VPOS="652" HPOS="861"/>
							<String ID="string_97" HPOS="879" VPOS="651" WIDTH="38" HEIGHT="21" WC="0.96" CONTENT="och"/>
						</TextLine>
						<TextLine ID="line_17" HPOS="86" VPOS="681" WIDTH="501" HEIGHT="29">
							<String ID="string_98" HPOS="86" VPOS="682" WIDTH="106" HEIGHT="27" WC="0.91" CONTENT="manskap"/><SP WIDTH="16" VPOS="682" HPOS="192"/>
							<String ID="string_99" HPOS="208" VPOS="684" WIDTH="89" HEIGHT="25" WC="0.92" CONTENT="utgöras"/><SP WIDTH="14" VPOS="684" HPOS="297"/>
							<String ID="string_100" HPOS="311" VPOS="682" WIDTH="31" HEIGHT="27" WC="0.96" CONTENT="af"/><SP WIDTH="8" VPOS="682" HPOS="342"/>
							<String ID="string_101" HPOS="350" VPOS="681" WIDTH="74" HEIGHT="27" WC="0.96" CONTENT="finska"/><SP WIDTH="16" VPOS="681" HPOS="424"/>
							<String ID="string_102" HPOS="440" VPOS="682" WIDTH="147" HEIGHT="28" WC="0.96" CONTENT="medborgare."/>
						</TextLine>
					</TextBlock>
					<TextBlock ID="block_6" HPOS="85" VPOS="708" WIDTH="834" HEIGHT="260">
						<TextLine ID="line_18" HPOS="158" VPOS="708" WIDTH="761" HEIGHT="31">
							<String ID="string_103" HPOS="158" VPOS="711" WIDTH="187" HEIGHT="28" WC="0.34" CONTENT="Officerare"/><SP WIDTH="25" VPOS="711" HPOS="345"/>
							<String ID="string_104" HPOS="370" VPOS="711" WIDTH="38" HEIGHT="27" WC="0.93" CONTENT="af"/><SP WIDTH="21" VPOS="711" HPOS="408"/>
							<String ID="string_105" HPOS="429" VPOS="711" WIDTH="73" HEIGHT="28" WC="0.95" CONTENT="rysk"/><SP WIDTH="24" VPOS="711" HPOS="502"/>
							<String ID="string_106" HPOS="526" VPOS="711" WIDTH="162" HEIGHT="22" WC="0.96" CONTENT="härkomst"/><SP WIDTH="25" VPOS="711" HPOS="688"/>
							<String ID="string_107" HPOS="713" VPOS="711" WIDTH="104" HEIGHT="20" WC="0.96" CONTENT="kunna"/><SP WIDTH="24" VPOS="711" HPOS="817"/>
							<String ID="string_108" HPOS="841" VPOS="708" WIDTH="78" HEIGHT="22" WC="0.95" CONTENT="dock"/>
						</TextLine>
						<TextLine ID="line_19" HPOS="86" VPOS="737" WIDTH="832" HEIGHT="30">
							<String ID="string_109" HPOS="86" VPOS="739" WIDTH="56" HEIGHT="21" WC="0.95" CONTENT="till"/><SP WIDTH="24" VPOS="739" HPOS="142"/>
							<String ID="string_110" HPOS="166" VPOS="740" WIDTH="85" HEIGHT="20" WC="0.96" CONTENT="visst"/><SP WIDTH="24" VPOS="740" HPOS="251"/>
							<String ID="string_111" HPOS="275" VPOS="739" WIDTH="122" HEIGHT="21" WC="0.96" CONTENT="mindre"/><SP WIDTH="25" VPOS="739" HPOS="397"/>
							<String ID="string_112" HPOS="422" VPOS="741" WIDTH="97" HEIGHT="24" WC="0.96" CONTENT="antal,"/><SP WIDTH="25" VPOS="741" HPOS="519"/>
							<String ID="string_113" HPOS="544" VPOS="747" WIDTH="61" HEIGHT="14" WC="0.96" CONTENT="som"/><SP WIDTH="23" VPOS="747" HPOS="605"/>
							<String ID="string_114" HPOS="628" VPOS="740" WIDTH="35" HEIGHT="27" WC="0.93" CONTENT="af"/><SP WIDTH="18" VPOS="740" HPOS="663"/>
							<String ID="string_115" HPOS="681" VPOS="739" WIDTH="158" HEIGHT="28" WC="0.92" CONTENT="Kejsaren"/><SP WIDTH="24" VPOS="739" HPOS="839"/>
							<String ID="string_116" HPOS="863" VPOS="737" WIDTH="55" HEIGHT="22" WC="0.95" CONTENT="och"/>
						</TextLine>
						<TextLine ID="line_20" HPOS="88" VPOS="766" WIDTH="829" HEIGHT="31">
							<String ID="string_117" HPOS="88" VPOS="768" WIDTH="203" HEIGHT="27" WC="0.91" CONTENT="Storfursten"/><SP WIDTH="11" VPOS="768" HPOS="291"/>
							<String ID="string_118" HPOS="302" VPOS="768" WIDTH="198" HEIGHT="27" WC="0.89" CONTENT="fastställes,"/><SP WIDTH="19" VPOS="768" HPOS="500"/>
							<String ID="string_119" HPOS="519" VPOS="769" WIDTH="83" HEIGHT="28" WC="0.23" CONTENT="öfver"/><SP WIDTH="8" VPOS="769" HPOS="602"/>
							<String ID="string_120" HPOS="610" VPOS="769" WIDTH="82" HEIGHT="28" WC="0.23" CONTENT="föras"/><SP WIDTH="19" VPOS="769" HPOS="692"/>
							<String ID="string_121" HPOS="711" VPOS="768" WIDTH="44" HEIGHT="21" WC="0.96" CONTENT="till"/><SP WIDTH="18" VPOS="768" HPOS="755"/>
							<String ID="string_122" HPOS="773" VPOS="767" WIDTH="23" HEIGHT="21" WC="0.96" CONTENT="de"/><SP WIDTH="11" VPOS="767" HPOS="796"/>
							<String ID="string_123" HPOS="807" VPOS="766" WIDTH="110" HEIGHT="29" WC="0.96" CONTENT="finska"/>
						</TextLine>
						<TextLine ID="line_21" HPOS="86" VPOS="796" WIDTH="833" HEIGHT="29">
							<String ID="string_124" HPOS="86" VPOS="797" WIDTH="361" HEIGHT="28" WC="0.74" CONTENT="truppafdelningarna"/><SP WIDTH="16" VPOS="797" HPOS="447"/>
							<String ID="string_125" HPOS="463" VPOS="798" WIDTH="84" HEIGHT="27" WC="0.92" CONTENT="efter"/><SP WIDTH="19" VPOS="798" HPOS="547"/>
							<String ID="string_126" HPOS="566" VPOS="797" WIDTH="197" HEIGHT="28" WC="0.84" CONTENT="föregående"/><SP WIDTH="16" VPOS="797" HPOS="763"/>
							<String ID="string_127" HPOS="779" VPOS="796" WIDTH="140" HEIGHT="21" WC="0.84" CONTENT="tillkom-"/>
						</TextLine>
						<TextLine ID="line_22" HPOS="86" VPOS="825" WIDTH="833" HEIGHT="28">
							<String ID="string_128" HPOS="86" VPOS="825" WIDTH="181" HEIGHT="28" WC="0.37" CONTENT="mendering"/><SP WIDTH="16" VPOS="825" HPOS="267"/>
							<String ID="string_129" HPOS="283" VPOS="826" WIDTH="56" HEIGHT="20" WC="0.37" CONTENT="till"/><SP WIDTH="16" VPOS="826" HPOS="339"/>
							<String ID="string_130" HPOS="355" VPOS="825" WIDTH="92" HEIGHT="22" WC="0.24" CONTENT="dessa"/><SP WIDTH="16" VPOS="825" HPOS="447"/>
							<String ID="string_131" HPOS="463" VPOS="829" WIDTH="134" HEIGHT="24" WC="0.24" CONTENT="trupper"/><SP WIDTH="16" VPOS="829" HPOS="597"/>
							<String ID="string_132" HPOS="613" VPOS="825" WIDTH="52" HEIGHT="22" WC="0.21" CONTENT="och"/><SP WIDTH="15" VPOS="825" HPOS="665"/>
							<String ID="string_133" HPOS="680" VPOS="825" WIDTH="97" HEIGHT="22" WC="0.21" CONTENT="sedan"/><SP WIDTH="16" VPOS="825" HPOS="777"/>
							<String ID="string_134" HPOS="793" VPOS="825" WIDTH="29" HEIGHT="21" WC="0.88" CONTENT="de"/><SP WIDTH="15" VPOS="825" HPOS="822"/>
							<String ID="string_135" HPOS="837" VPOS="825" WIDTH="82" HEIGHT="20" WC="0.88" CONTENT="visat"/>
						</TextLine>
						<TextLine ID="line_23" HPOS="85" VPOS="853" WIDTH="834" HEIGHT="29">
							<String ID="string_136" HPOS="85" VPOS="854" WIDTH="48" HEIGHT="28" WC="0.93" CONTENT="sig"/><SP WIDTH="22" VPOS="854" HPOS="133"/>
							<String ID="string_137" HPOS="155" VPOS="861" WIDTH="54" HEIGHT="21" WC="0.89" CONTENT="ega"/><SP WIDTH="23" VPOS="861" HPOS="209"/>
							<String ID="string_138" HPOS="232" VPOS="854" WIDTH="55" HEIGHT="21" WC="0.96" CONTENT="den"/><SP WIDTH="26" VPOS="854" HPOS="287"/>
							<String ID="string_139" HPOS="313" VPOS="853" WIDTH="144" HEIGHT="29" WC="0.92" CONTENT="kunskap"/><SP WIDTH="26" VPOS="853" HPOS="457"/>
							<String ID="string_140" HPOS="483" VPOS="855" WIDTH="152" HEIGHT="21" WC="0.90" CONTENT="ilandets"/><SP WIDTH="24" VPOS="855" HPOS="635"/>
							<String ID="string_141" HPOS="659" VPOS="854" WIDTH="104" HEIGHT="28" WC="0.95" CONTENT="språk,"/><SP WIDTH="27" VPOS="854" HPOS="763"/>
							<String ID="string_142" HPOS="790" VPOS="860" WIDTH="58" HEIGHT="15" WC="0.96" CONTENT="som"/><SP WIDTH="18" VPOS="860" HPOS="848"/>
							<String ID="string_143" HPOS="866" VPOS="853" WIDTH="53" HEIGHT="28" WC="0.96" CONTENT="för"/>
						</TextLine>
						<TextLine ID="line_24" HPOS="86" VPOS="882" WIDTH="833" HEIGHT="29">
							<String ID="string_144" HPOS="86" VPOS="883" WIDTH="203" HEIGHT="27" WC="0.91" CONTENT="manskapets"/><SP WIDTH="24" VPOS="883" HPOS="289"/>
							<String ID="string_145" HPOS="313" VPOS="883" WIDTH="241" HEIGHT="22" WC="0.95" CONTENT="undervisande"/><SP WIDTH="19" VPOS="883" HPOS="554"/>
							<String ID="string_146" HPOS="573" VPOS="883" WIDTH="175" HEIGHT="28" WC="0.93" CONTENT="erfordras."/><SP WIDTH="37" VPOS="883" HPOS="748"/>
							<String ID="string_147" HPOS="785" VPOS="882" WIDTH="53" HEIGHT="21" WC="0.93" CONTENT="Vid"/><SP WIDTH="17" VPOS="882" HPOS="838"/>
							<String ID="string_148" HPOS="855" VPOS="882" WIDTH="64" HEIGHT="27" WC="0.91" CONTENT="fin-"/>
						</TextLine>
						<TextLine ID="line_25" HPOS="86" VPOS="910" WIDTH="833" HEIGHT="30">
							<String ID="string_149" HPOS="86" VPOS="912" WIDTH="51" HEIGHT="20" WC="0.93" CONTENT="ska"/><SP WIDTH="15" VPOS="912" HPOS="137"/>
							<String ID="string_150" HPOS="152" VPOS="912" WIDTH="170" HEIGHT="21" WC="0.95" CONTENT="militären"/><SP WIDTH="15" VPOS="912" HPOS="322"/>
							<String ID="string_151" HPOS="337" VPOS="912" WIDTH="134" HEIGHT="21" WC="0.94" CONTENT="sålunda"/><SP WIDTH="17" VPOS="912" HPOS="471"/>
							<String ID="string_152" HPOS="488" VPOS="912" WIDTH="159" HEIGHT="21" WC="0.96" CONTENT="anställda"/><SP WIDTH="16" VPOS="912" HPOS="647"/>
							<String ID="string_153" HPOS="663" VPOS="912" WIDTH="171" HEIGHT="28" WC="0.96" CONTENT="officerare"/><SP WIDTH="17" VPOS="912" HPOS="834"/>
							<String ID="string_154" HPOS="851" VPOS="910" WIDTH="68" HEIGHT="29" WC="0.96" CONTENT="lyda"/>
						</TextLine>
						<TextLine ID="line_26" HPOS="86" VPOS="940" WIDTH="274" HEIGHT="28">
							<String ID="string_155" HPOS="86" VPOS="940" WIDTH="98" HEIGHT="21" WC="0.95" CONTENT="under"/><SP WIDTH="15" VPOS="940" HPOS="184"/>
							<String ID="string_156" HPOS="199" VPOS="940" WIDTH="90" HEIGHT="27" WC="0.87" CONTENT="finsk"/><SP WIDTH="16" VPOS="940" HPOS="289"/>
							<String ID="string_157" HPOS="305" VPOS="941" WIDTH="55" HEIGHT="27" WC="0.87" CONTENT="lag."/>
						</TextLine>
					</TextBlock>
				</ComposedBlock>
				<ComposedBlock ID="cblock_5" HPOS="463" VPOS="1004" WIDTH="81" HEIGHT="27">
					<TextBlock ID="block_7" HPOS="463" VPOS="1004" WIDTH="81" HEIGHT="27">
						<TextLine ID="line_27" HPOS="463" VPOS="1004" WIDTH="81" HEIGHT="27">
							<String ID="string_158" HPOS="463" VPOS="1004" WIDTH="16" HEIGHT="27" WC="0.92" CONTENT="$"/><SP WIDTH="16" VPOS="1004" HPOS="479"/>
							<String ID="string_159" HPOS="495" VPOS="1005" WIDTH="49" HEIGHT="20" WC="0.96" CONTENT="121."/>
						</TextLine>
					</TextBlock>
				</ComposedBlock>
				<ComposedBlock ID="cblock_6" HPOS="80" VPOS="1054" WIDTH="841" HEIGHT="229">
					<TextBlock ID="block_8" HPOS="80" VPOS="1054" WIDTH="839" HEIGHT="108">
						<TextLine ID="line_28" HPOS="159" VPOS="1054" WIDTH="760" HEIGHT="29">
							<String ID="string_160" HPOS="159" VPOS="1054" WIDTH="73" HEIGHT="22" WC="0.93" CONTENT="Under"/><SP WIDTH="10" VPOS="1054" HPOS="232"/>
							<String ID="string_161" HPOS="242" VPOS="1055" WIDTH="101" HEIGHT="27" WC="0.93" CONTENT="fredstid"/><SP WIDTH="15" VPOS="1055" HPOS="343"/>
							<String ID="string_162" HPOS="358" VPOS="1055" WIDTH="126" HEIGHT="27" WC="0.91" CONTENT="uppställer"/><SP WIDTH="21" VPOS="1055" HPOS="484"/>
							<String ID="string_163" HPOS="505" VPOS="1055" WIDTH="203" HEIGHT="28" WC="0.91" CONTENT="storfurstendömet"/><SP WIDTH="15" VPOS="1055" HPOS="708"/>
							<String ID="string_164" HPOS="723" VPOS="1061" WIDTH="26" HEIGHT="14" WC="0.96" CONTENT="en"/><SP WIDTH="15" VPOS="1061" HPOS="749"/>
							<String ID="string_165" HPOS="764" VPOS="1054" WIDTH="59" HEIGHT="21" WC="0.91" CONTENT="aktiv"/><SP WIDTH="16" VPOS="1054" HPOS="823"/>
							<String ID="string_166" HPOS="839" VPOS="1057" WIDTH="80" HEIGHT="24" WC="0.88" CONTENT="trupp-"/>
						</TextLine>
						<TextLine ID="line_29" HPOS="86" VPOS="1082" WIDTH="833" HEIGHT="29">
							<String ID="string_167" HPOS="86" VPOS="1083" WIDTH="75" HEIGHT="28" WC="0.89" CONTENT="styrka"/><SP WIDTH="23" VPOS="1083" HPOS="161"/>
							<String ID="string_168" HPOS="184" VPOS="1084" WIDTH="30" HEIGHT="27" WC="0.92" CONTENT="af"/><SP WIDTH="10" VPOS="1084" HPOS="214"/>
							<String ID="string_169" HPOS="224" VPOS="1083" WIDTH="89" HEIGHT="28" WC="0.91" CONTENT="högst"/><SP WIDTH="23" VPOS="1083" HPOS="313"/>
							<String ID="string_170" HPOS="336" VPOS="1084" WIDTH="165" HEIGHT="27" WC="0.92" CONTENT="tolftusen"/><SP WIDTH="23" VPOS="1084" HPOS="501"/>
							<String ID="string_171" HPOS="524" VPOS="1091" WIDTH="52" HEIGHT="14" WC="0.92" CONTENT="man"/><SP WIDTH="23" VPOS="1091" HPOS="576"/>
							<String ID="string_172" HPOS="599" VPOS="1083" WIDTH="129" HEIGHT="28" WC="0.92" CONTENT="underbefäl"/><SP WIDTH="20" VPOS="1083" HPOS="728"/>
							<String ID="string_173" HPOS="748" VPOS="1083" WIDTH="39" HEIGHT="22" WC="0.93" CONTENT="och"/><SP WIDTH="15" VPOS="1083" HPOS="787"/>
							<String ID="string_174" HPOS="802" VPOS="1082" WIDTH="117" HEIGHT="29" WC="0.92" CONTENT="manskap,"/>
						</TextLine>
						<TextLine ID="line_30" HPOS="80" VPOS="1112" WIDTH="839" HEIGHT="28">
							<String ID="string_175" HPOS="80" VPOS="1112" WIDTH="121" HEIGHT="27" WC="0.92" CONTENT="fördelade"/><SP WIDTH="14" VPOS="1112" HPOS="201"/>
							<String ID="string_176" HPOS="215" VPOS="1113" WIDTH="33" HEIGHT="27" WC="0.96" CONTENT="pä"/><SP WIDTH="15" VPOS="1113" HPOS="248"/>
							<String ID="string_177" HPOS="263" VPOS="1112" WIDTH="59" HEIGHT="21" WC="0.93" CONTENT="olika"/><SP WIDTH="23" VPOS="1112" HPOS="322"/>
							<String ID="string_178" HPOS="345" VPOS="1119" WIDTH="70" HEIGHT="21" WC="0.96" CONTENT="vapen"/><SP WIDTH="15" VPOS="1119" HPOS="415"/>
							<String ID="string_179" HPOS="430" VPOS="1113" WIDTH="58" HEIGHT="27" WC="0.93" CONTENT="efter"/><SP WIDTH="15" VPOS="1113" HPOS="488"/>
							<String ID="string_180" HPOS="503" VPOS="1112" WIDTH="68" HEIGHT="28" WC="0.92" CONTENT="behof"/><SP WIDTH="10" VPOS="1112" HPOS="571"/>
							<String ID="string_181" HPOS="581" VPOS="1113" WIDTH="39" HEIGHT="21" WC="0.93" CONTENT="och"/><SP WIDTH="10" VPOS="1113" HPOS="620"/>
							<String ID="string_182" HPOS="630" VPOS="1112" WIDTH="109" HEIGHT="28" WC="0.84" CONTENT="jörlagda"/><SP WIDTH="16" VPOS="1112" HPOS="739"/>
							<String ID="string_183" HPOS="755" VPOS="1113" WIDTH="8" HEIGHT="20" WC="0.92" CONTENT="i"/><SP WIDTH="15" VPOS="1113" HPOS="763"/>
							<String ID="string_184" HPOS="778" VPOS="1113" WIDTH="65" HEIGHT="20" WC="0.96" CONTENT="länen"/><SP WIDTH="16" VPOS="1113" HPOS="843"/>
							<String ID="string_185" HPOS="859" VPOS="1112" WIDTH="60" HEIGHT="20" WC="0.96" CONTENT="inom"/>
						</TextLine>
						<TextLine ID="line_31" HPOS="86" VPOS="1141" WIDTH="82" HEIGHT="21">
							<String ID="string_186" HPOS="86" VPOS="1141" WIDTH="82" HEIGHT="21" WC="0.96" CONTENT="landet."/>
						</TextLine>
					</TextBlock>
					<TextBlock ID="block_9" HPOS="80" VPOS="1168" WIDTH="841" HEIGHT="115">
						<TextLine ID="line_32" HPOS="156" VPOS="1168" WIDTH="763" HEIGHT="30">
							<String ID="string_187" HPOS="156" VPOS="1169" WIDTH="177" HEIGHT="28" WC="0.87" CONTENT="Truppstyrkans"/><SP WIDTH="25" VPOS="1169" HPOS="333"/>
							<String ID="string_188" HPOS="358" VPOS="1170" WIDTH="203" HEIGHT="28" WC="0.96" CONTENT="sammansättning"/><SP WIDTH="25" VPOS="1170" HPOS="561"/>
							<String ID="string_189" HPOS="586" VPOS="1169" WIDTH="39" HEIGHT="22" WC="0.93" CONTENT="och"/><SP WIDTH="20" VPOS="1169" HPOS="625"/>
							<String ID="string_190" HPOS="645" VPOS="1169" WIDTH="134" HEIGHT="28" WC="0.96" CONTENT="fördelning"/><SP WIDTH="22" VPOS="1169" HPOS="779"/>
							<String ID="string_191" HPOS="801" VPOS="1169" WIDTH="33" HEIGHT="28" WC="0.95" CONTENT="pä"/><SP WIDTH="25" VPOS="1169" HPOS="834"/>
							<String ID="string_192" HPOS="859" VPOS="1168" WIDTH="60" HEIGHT="22" WC="0.96" CONTENT="olika"/>
						</TextLine>
						<TextLine ID="line_33" HPOS="86" VPOS="1197" WIDTH="835" HEIGHT="29">
							<String ID="string_193" HPOS="86" VPOS="1205" WIDTH="69" HEIGHT="20" WC="0.94" CONTENT="vapen"/><SP WIDTH="15" VPOS="1205" HPOS="155"/>
							<String ID="string_194" HPOS="170" VPOS="1198" WIDTH="111" HEIGHT="27" WC="0.94" CONTENT="äfvensom"/><SP WIDTH="16" VPOS="1198" HPOS="281"/>
							<String ID="string_195" HPOS="297" VPOS="1198" WIDTH="48" HEIGHT="21" WC="0.93" CONTENT="dess"/><SP WIDTH="16" VPOS="1198" HPOS="345"/>
							<String ID="string_196" HPOS="361" VPOS="1198" WIDTH="137" HEIGHT="21" WC="0.92" CONTENT="dislokation"/><SP WIDTH="10" VPOS="1198" HPOS="498"/>
							<String ID="string_197" HPOS="508" VPOS="1198" WIDTH="127" HEIGHT="28" WC="0.96" CONTENT="fastställes"/><SP WIDTH="15" VPOS="1198" HPOS="635"/>
							<String ID="string_198" HPOS="650" VPOS="1198" WIDTH="30" HEIGHT="27" WC="0.93" CONTENT="af"/><SP WIDTH="7" VPOS="1198" HPOS="680"/>
							<String ID="string_199" HPOS="687" VPOS="1197" WIDTH="108" HEIGHT="29" WC="0.96" CONTENT="Kejsaren"/><SP WIDTH="12" VPOS="1197" HPOS="795"/>
							<String ID="string_200" HPOS="807" VPOS="1197" WIDTH="39" HEIGHT="22" WC="0.93" CONTENT="och"/><SP WIDTH="12" VPOS="1197" HPOS="846"/>
							<String ID="string_201" HPOS="858" VPOS="1198" WIDTH="63" HEIGHT="21" WC="0.78" CONTENT="Stor-"/>
						</TextLine>
						<TextLine ID="line_34" HPOS="80" VPOS="1226" WIDTH="838" HEIGHT="29">
							<String ID="string_202" HPOS="80" VPOS="1227" WIDTH="92" HEIGHT="26" WC="0.26" CONTENT="fursten"/><SP WIDTH="17" VPOS="1227" HPOS="172"/>
							<String ID="string_203" HPOS="189" VPOS="1227" WIDTH="23" HEIGHT="27" WC="0.0" CONTENT="pä"/><SP WIDTH="6" VPOS="1227" HPOS="212"/>
							<String ID="string_204" HPOS="218" VPOS="1227" WIDTH="262" HEIGHT="28" WC="0.0" CONTENT="framställning"/><SP WIDTH="16" VPOS="1227" HPOS="480"/>
							<String ID="string_205" HPOS="496" VPOS="1229" WIDTH="31" HEIGHT="26" WC="0.95" CONTENT="af"/><SP WIDTH="20" VPOS="1229" HPOS="527"/>
							<String ID="string_206" HPOS="547" VPOS="1227" WIDTH="270" HEIGHT="28" WC="0.83" CONTENT="krigsministern,"/><SP WIDTH="13" VPOS="1227" HPOS="817"/>
							<String ID="string_207" HPOS="830" VPOS="1226" WIDTH="88" HEIGHT="21" WC="0.96" CONTENT="sedan"/>
						</TextLine>
						<TextLine ID="line_35" HPOS="85" VPOS="1255" WIDTH="659" HEIGHT="28">
							<String ID="string_208" HPOS="85" VPOS="1258" WIDTH="134" HEIGHT="18" WC="0.92" CONTENT="senaten"/><SP WIDTH="16" VPOS="1258" HPOS="219"/>
							<String ID="string_209" HPOS="235" VPOS="1255" WIDTH="142" HEIGHT="28" WC="0.87" CONTENT="afgifvit"/><SP WIDTH="16" VPOS="1255" HPOS="377"/>
							<String ID="string_210" HPOS="393" VPOS="1256" WIDTH="174" HEIGHT="21" WC="0.92" CONTENT="utlåtande"/><SP WIDTH="16" VPOS="1256" HPOS="567"/>
							<String ID="string_211" HPOS="583" VPOS="1257" WIDTH="8" HEIGHT="20" WC="0.92" CONTENT="i"/><SP WIDTH="15" VPOS="1257" HPOS="591"/>
							<String ID="string_212" HPOS="606" VPOS="1255" WIDTH="138" HEIGHT="22" WC="0.92" CONTENT="ärendet."/>
						</TextLine>
					</TextBlock>
				</ComposedBlock>
				<ComposedBlock ID="cblock_7" HPOS="463" VPOS="1319" WIDTH="82" HEIGHT="26">
					<TextBlock ID="block_10" HPOS="463" VPOS="1319" WIDTH="82" HEIGHT="26">
						<TextLine ID="line_36" HPOS="463" VPOS="1319" WIDTH="82" HEIGHT="26">
							<String ID="string_213" HPOS="463" VPOS="1319" WIDTH="16" HEIGHT="26" WC="0.92" CONTENT="$"/><SP WIDTH="16" VPOS="1319" HPOS="479"/>
							<String ID="string_214" HPOS="495" VPOS="1320" WIDTH="50" HEIGHT="20" WC="0.95" CONTENT="122."/>
						</TextLine>
					</TextBlock>
				</ComposedBlock>
				<ComposedBlock ID="cblock_8" HPOS="82" VPOS="1368" WIDTH="840" HEIGHT="143">
					<TextBlock ID="block_11" HPOS="82" VPOS="1368" WIDTH="840" HEIGHT="143">
						<TextLine ID="line_37" HPOS="155" VPOS="1368" WIDTH="767" HEIGHT="29">
							<String ID="string_215" HPOS="155" VPOS="1368" WIDTH="177" HEIGHT="22" WC="0.92" CONTENT="Bestämmandet"/><SP WIDTH="23" VPOS="1368" HPOS="332"/>
							<String ID="string_216" HPOS="355" VPOS="1369" WIDTH="31" HEIGHT="27" WC="0.96" CONTENT="af"/><SP WIDTH="11" VPOS="1369" HPOS="386"/>
							<String ID="string_217" HPOS="397" VPOS="1372" WIDTH="136" HEIGHT="25" WC="0.96" CONTENT="truppernas"/><SP WIDTH="20" VPOS="1372" HPOS="533"/>
							<String ID="string_218" HPOS="553" VPOS="1370" WIDTH="125" HEIGHT="27" WC="0.95" CONTENT="utrustning"/><SP WIDTH="15" VPOS="1370" HPOS="678"/>
							<String ID="string_219" HPOS="693" VPOS="1368" WIDTH="38" HEIGHT="22" WC="0.96" CONTENT="och"/><SP WIDTH="16" VPOS="1368" HPOS="731"/>
							<String ID="string_220" HPOS="747" VPOS="1368" WIDTH="117" HEIGHT="22" WC="0.93" CONTENT="underhåll"/><SP WIDTH="16" VPOS="1368" HPOS="864"/>
							<String ID="string_221" HPOS="880" VPOS="1376" WIDTH="42" HEIGHT="14" WC="0.91" CONTENT="an-"/>
						</TextLine>
						<TextLine ID="line_38" HPOS="87" VPOS="1397" WIDTH="834" HEIGHT="29">
							<String ID="string_222" HPOS="87" VPOS="1397" WIDTH="94" HEIGHT="21" WC="0.96" CONTENT="kommer"/><SP WIDTH="14" VPOS="1397" HPOS="181"/>
							<String ID="string_223" HPOS="195" VPOS="1398" WIDTH="30" HEIGHT="27" WC="0.96" CONTENT="på"/><SP WIDTH="17" VPOS="1398" HPOS="225"/>
							<String ID="string_224" HPOS="242" VPOS="1397" WIDTH="109" HEIGHT="27" WC="0.96" CONTENT="Kejsaren"/><SP WIDTH="16" VPOS="1397" HPOS="351"/>
							<String ID="string_225" HPOS="367" VPOS="1398" WIDTH="40" HEIGHT="20" WC="0.93" CONTENT="och"/><SP WIDTH="18" VPOS="1398" HPOS="407"/>
							<String ID="string_226" HPOS="425" VPOS="1398" WIDTH="141" HEIGHT="28" WC="0.91" CONTENT="Storfursten"/><SP WIDTH="19" VPOS="1398" HPOS="566"/>
							<String ID="string_227" HPOS="585" VPOS="1398" WIDTH="80" HEIGHT="21" WC="0.96" CONTENT="allena."/><SP WIDTH="31" VPOS="1398" HPOS="665"/>
							<String ID="string_228" HPOS="696" VPOS="1398" WIDTH="157" HEIGHT="21" WC="0.93" CONTENT="Kostnaderna"/><SP WIDTH="16" VPOS="1398" HPOS="853"/>
							<String ID="string_229" HPOS="869" VPOS="1397" WIDTH="52" HEIGHT="21" WC="0.91" CONTENT="här-"/>
						</TextLine>
						<TextLine ID="line_39" HPOS="82" VPOS="1426" WIDTH="839" HEIGHT="28">
							<String ID="string_230" HPOS="82" VPOS="1426" WIDTH="43" HEIGHT="26" WC="0.92" CONTENT="för"/><SP WIDTH="21" VPOS="1426" HPOS="125"/>
							<String ID="string_231" HPOS="146" VPOS="1426" WIDTH="53" HEIGHT="28" WC="0.96" CONTENT="utgå"/><SP WIDTH="12" VPOS="1426" HPOS="199"/>
							<String ID="string_232" HPOS="211" VPOS="1426" WIDTH="122" HEIGHT="28" WC="0.96" CONTENT="främst"/><SP WIDTH="14" VPOS="1426" HPOS="333"/>
							<String ID="string_233" HPOS="347" VPOS="1426" WIDTH="32" HEIGHT="28" WC="0.96" CONTENT="af"/><SP WIDTH="19" VPOS="1426" HPOS="379"/>
							<String ID="string_234" HPOS="398" VPOS="1427" WIDTH="118" HEIGHT="21" WC="0.92" CONTENT="allmänna"/><SP WIDTH="23" VPOS="1427" HPOS="516"/>
							<String ID="string_235" HPOS="539" VPOS="1426" WIDTH="171" HEIGHT="28" WC="0.90" CONTENT="militiefondens"/><SP WIDTH="32" VPOS="1426" HPOS="710"/>
							<String ID="string_236" HPOS="742" VPOS="1426" WIDTH="179" HEIGHT="28" WC="0.95" CONTENT="tillgångar,"/>
						</TextLine>
						<TextLine ID="line_40" HPOS="86" VPOS="1454" WIDTH="835" HEIGHT="29">
							<String ID="string_237" HPOS="86" VPOS="1455" WIDTH="113" HEIGHT="27" WC="0.91" CONTENT="(utesl)"/><SP WIDTH="22" VPOS="1455" HPOS="199"/>
							<String ID="string_238" HPOS="221" VPOS="1454" WIDTH="58" HEIGHT="22" WC="0.91" CONTENT="hvad"/><SP WIDTH="22" VPOS="1454" HPOS="279"/>
							<String ID="string_239" HPOS="301" VPOS="1454" WIDTH="131" HEIGHT="28" WC="0.91" CONTENT="därutöfver"/><SP WIDTH="23" VPOS="1454" HPOS="432"/>
							<String ID="string_240" HPOS="455" VPOS="1456" WIDTH="125" HEIGHT="27" WC="0.92" CONTENT="erfordras,"/><SP WIDTH="26" VPOS="1456" HPOS="580"/>
							<String ID="string_241" HPOS="606" VPOS="1455" WIDTH="96" HEIGHT="21" WC="0.91" CONTENT="betäckes"/><SP WIDTH="16" VPOS="1455" HPOS="702"/>
							<String ID="string_242" HPOS="718" VPOS="1455" WIDTH="57" HEIGHT="21" WC="0.96" CONTENT="till"/><SP WIDTH="16" VPOS="1455" HPOS="775"/>
							<String ID="string_243" HPOS="791" VPOS="1455" WIDTH="56" HEIGHT="21" WC="0.96" CONTENT="den"/><SP WIDTH="16" VPOS="1455" HPOS="847"/>
							<String ID="string_244" HPOS="863" VPOS="1454" WIDTH="58" HEIGHT="25" WC="0.95" CONTENT="del,"/>
						</TextLine>
						<TextLine ID="line_41" HPOS="86" VPOS="1483" WIDTH="835" HEIGHT="28">
							<String ID="string_245" HPOS="86" VPOS="1490" WIDTH="60" HEIGHT="14" WC="0.96" CONTENT="som"/><SP WIDTH="23" VPOS="1490" HPOS="146"/>
							<String ID="string_246" HPOS="169" VPOS="1484" WIDTH="30" HEIGHT="27" WC="0.88" CONTENT="ej"/><SP WIDTH="14" VPOS="1484" HPOS="199"/>
							<String ID="string_247" HPOS="213" VPOS="1483" WIDTH="58" HEIGHT="21" WC="0.88" CONTENT="kan"/><SP WIDTH="15" VPOS="1483" HPOS="271"/>
							<String ID="string_248" HPOS="286" VPOS="1483" WIDTH="80" HEIGHT="28" WC="0.93" CONTENT="från"/><SP WIDTH="23" VPOS="1483" HPOS="366"/>
							<String ID="string_249" HPOS="389" VPOS="1484" WIDTH="224" HEIGHT="21" WC="0.91" CONTENT="statsvärkets"/><SP WIDTH="16" VPOS="1484" HPOS="613"/>
							<String ID="string_250" HPOS="629" VPOS="1484" WIDTH="166" HEIGHT="20" WC="0.91" CONTENT="ordinarie"/><SP WIDTH="16" VPOS="1484" HPOS="795"/>
							<String ID="string_251" HPOS="811" VPOS="1483" WIDTH="110" HEIGHT="21" WC="0.91" CONTENT="inkom-"/>
						</TextLine>
					</TextBlock>
				</ComposedBlock>
			</PrintSpace>
		</Page>
	</Layout>
</alto>
