1103 1786
197 123 29 22 84
927 129 23 17 18
964 129 60 21 april.

198 200 59 19 teten
273 200 76 24 ansett,
364 200 32 20 att
411 199 69 26 nägon
497 198 103 22 afvikelse
614 198 47 22 frän
678 199 41 21 den
734 198 58 27 regel
809 197 131 22 beträffande
955 197 68 22 öfver-

198 226 78 22 befälet
292 227 58 21 öfver
371 227 41 21 den
429 227 69 22 finska
513 227 111 26 militären,
640 227 84 21 hvilken
740 227 58 27 regel
814 229 23 18 är
852 226 106 21 fastställd
973 226 6 21 i
994 232 29 14 nu

200 255 98 27 gällande
318 255 166 28 värnepliktslag
504 257 12 26 $
534 256 46 25 119,
596 256 46 21 icke
656 256 67 21 borde
739 262 40 20 ega
794 262 54 14 rum.
878 255 76 21 Denna
969 254 55 21 åsikt

199 284 82 26 nödgas
294 284 37 26 jag
353 283 131 22 fortfarande
500 284 105 21 vidblifva.
636 285 42 20 Det
693 285 40 20 kan
750 284 124 26 visserligen
891 290 70 20 synas,
977 289 46 15 som

198 318 35 15 om
249 312 37 21 det
301 312 148 27 medgifvande
464 313 38 21 här
518 314 62 26 göres
602 313 46 21 icke
663 319 52 15 vore
730 312 23 22 sä
769 312 118 27 synnerligt
903 313 55 20 stort
973 311 50 21 eller

197 340 143 28 äfventyrligt.
370 341 10 21 I
403 341 41 21 alla
459 341 112 22 händelser
587 342 38 20 bör
641 342 53 21 dock
711 341 89 25 märkas,
816 342 31 20 att
863 341 35 21 det
913 342 23 20 är
952 346 25 15 en
993 339 30 21 at-

199 369 81 21 vikelse
303 376 48 14 man
369 370 105 21 etablerar
489 370 47 21 frän
552 376 25 15 en
594 370 22 21 af
630 370 206 27 grundprinciperna
851 369 6 21 i
873 369 83 21 landets
972 368 51 21 kon-

197 398 106 26 stitution,
319 398 40 21 den
382 400 31 20 att
435 399 117 21 monarken
571 405 50 21 eger
636 401 58 25 styra
709 398 72 21 landet
796 398 48 21 med
860 398 82 21 biträde
955 396 23 22 af
992 397 31 21 in-

198 425 63 22 födda
284 426 66 22 finska
374 429 48 19 män
439 427 39 21 och
494 434 77 20 genom
586 427 69 21 finska
670 427 153 27 myndigheter.
855 426 168 26 (Generalguver-

198 456 79 20 nörens
301 456 84 20 ämbete
407 458 29 23 är,
452 456 72 21 såsom
545 456 70 25 kändt,
631 458 31 19 att
678 462 51 15 anse
745 462 46 14 som
808 458 31 18 ett
854 455 65 21 finskt
934 455 89 21 ämbete,

198 490 34 14 om
249 484 65 21 också
329 490 77 21 genom
426 484 50 22 häfd
492 484 40 21 den
548 485 115 26 grundsats
680 490 63 21 synes
767 490 51 15 vara
842 484 134 26 ävägabragt,
992 485 31 19 att

197 512 60 21 detta
273 513 82 21 ämbete
371 513 41 21 kan
427 512 124 22 innehafvas
567 513 23 21 af
602 520 70 14 annan
688 515 27 19 än
730 512 56 22 finsk
802 519 55 15 man.
885 512 73 22 Gifver
974 518 48 15 man

198 541 118 21 emellertid
339 541 84 21 hvilken
447 548 45 15 som
517 542 56 21 hälst
595 548 68 15 annan
683 541 23 21 af
719 541 116 21 monarken
852 541 76 21 utsedd
944 547 78 20 person

197 569 111 27 möjlighet
323 572 31 19 att
369 570 112 22 innehafva
496 570 278 27 öfverbefälhafvareskapet
789 569 59 22 öfver
863 570 69 21 finska
948 569 75 21 militä-

198 603 43 20 ren,
258 598 24 21 så
297 600 23 19 är
343 598 36 21 det
394 599 60 25 klart,
470 601 31 19 att
517 605 47 15 man
581 599 87 20 härmed
683 598 106 21 etablerar
803 599 110 26 undantag
928 597 46 22 från
989 603 34 15 re-

198 626 55 27 geln,
264 627 30 27 ity
310 629 31 19 att
351 627 51 27 rysk
414 633 49 15 man
476 627 84 21 komme
571 630 31 18 att
612 627 112 21 innehafva
735 627 219 27 befälhafvareskapet
964 626 59 21 öfver

198 654 70 22 finska
283 656 105 21 militären
405 656 71 21 såsom
492 656 60 27 ryskt
563 656 89 21 ämbete.
667 656 66 21 Detta
748 662 41 14 ena
802 656 108 26 undantag
925 656 6 20 i
942 655 38 21 och
990 655 33 21 för

198 684 33 26 sig
243 690 52 15 vore
303 684 25 27 ju
338 684 46 22 icke
395 685 117 27 någonting
523 685 24 21 så
558 684 176 27 utomordentligt
743 684 86 28 vådligt,
837 687 32 19 att
877 691 54 18 man,
942 683 44 21 ifall
997 690 25 14 en

198 712 94 27 eftergift
307 713 74 21 härvid
397 720 51 14 vore
463 713 23 21 af
499 713 50 26 vikt,
565 714 45 20 icke
625 713 71 21 kunde
712 713 26 27 gå
753 714 21 20 in
791 713 71 27 därpå.
892 713 49 21 Men
957 712 23 21 af
993 714 30 19 ett

198 741 78 21 sådant
298 741 148 27 medgifvande
468 742 50 27 följa
541 742 164 25 konsekvenser,
725 742 23 20 af
768 742 71 20 hvilka
861 742 40 21 den
916 741 68 21 första
999 742 24 20 är

198 769 47 25 den,
259 772 31 19 att
306 770 40 21 den
363 770 104 22 särskilda
483 771 47 21 stab
546 770 33 22 för
595 770 68 22 finska
679 770 110 26 militären,
801 770 84 22 hvilken
901 770 69 21 måste
984 769 38 21 fin-

198 804 38 15 nas
252 798 32 21 till
296 798 23 21 så
329 798 63 28 länge
402 798 280 28 öfverbefälhafvareskapet
693 798 124 22 innehafves
829 798 22 22 af
861 798 162 27 generalguver-

198 828 73 23 nören,
286 826 120 22 försvinner
423 828 22 20 sä
465 830 60 19 snart
540 827 58 22 detta
613 827 262 27 öfverbefälhafvareskap,
891 827 27 27 på
934 829 42 19 sätt
991 827 31 21 uti

197 856 162 26 propositionen
376 856 64 21 också
455 856 85 27 åsyftas,
555 856 106 21 anförtros
677 857 22 20 åt
715 856 40 21 den
771 856 64 27 ryska
850 855 172 22 befälhafvaren
1011 851 15 37 i

196 883 38 21 det
256 883 121 22 finländska
399 885 191 21 militärdistriktet.
622 884 45 21 Och
690 885 69 20 denna
783 884 79 27 påföljd
882 884 22 21 af
917 884 105 27 lagförän-

197 911 92 28 dringen
306 913 75 26 drager
403 913 45 21 åter
470 919 26 15 en
519 913 34 21 hel
570 913 77 26 mängd
662 913 68 21 andra
743 913 161 21 konsekvenser
920 913 48 20 med
984 913 37 26 sig.

199 940 62 21 Såväl
284 941 7 20 i
306 941 128 27 principiellt
449 948 46 15 som
511 942 7 20 i
533 942 105 26 praktiskt
654 941 121 22 hänseende
791 941 84 22 komme
891 941 58 21 detta
965 941 56 21 med-

198 968 99 27 gifvande
312 972 31 19 att
358 969 110 22 framkalla
480 970 151 25 förhållanden,
642 971 71 20 hvilka
723 970 121 27 påtagligen
857 970 59 21 skola
926 969 95 22 befinnas

197 997 34 21 stå
253 998 7 20 i
283 998 102 26 bjärtaste
407 999 54 21 strid
479 999 48 21 med
543 999 37 21 vår
595 1001 43 19 rätt
652 1001 31 19 att
699 999 64 21 också
778 999 27 26 på
821 999 35 20 det
872 998 90 21 militära
978 1004 44 15 om-

197 1026 61 21 rådet
273 1026 82 27 åtnjuta
371 1027 101 21 nationell
491 1027 175 27 själfständighet.
696 1028 41 26 Jag
753 1030 45 18 tror
814 1027 51 25 icke,
880 1029 32 18 att
927 1027 40 20 den
983 1033 38 14 nu-

198 1055 94 21 varande
315 1055 100 26 politiska
438 1056 129 21 situationen
591 1056 67 21 borde
675 1058 130 25 uppmuntra
822 1055 31 22 till
869 1056 80 21 sådana
964 1055 57 21 med-

197 1082 114 27 gifvanden
333 1090 45 15 som
395 1084 42 23 det,
452 1084 80 21 hvilket
547 1085 62 20 alltså
624 1084 87 21 faktiskt
726 1085 119 26 inneligger
861 1084 64 21 också
935 1084 7 20 i
953 1084 69 21 denna

196 1117 41 21 nya
262 1112 11 27 &
302 1112 44 21 119.
377 1107 138 27 Åtminstone
538 1113 40 20 kan
599 1113 38 26 jag
663 1113 45 21 icke
731 1113 25 26 gå
779 1113 22 20 in
824 1113 75 26 därpå;
923 1112 39 21 och
984 1112 38 27 jag

196 1139 79 22 tillåter
291 1141 44 26 mig
349 1141 72 21 därför
436 1141 82 26 föreslå,
534 1144 32 18 att
581 1141 175 27 borgareståndet
771 1141 33 21 för
821 1142 11 26 $
851 1141 39 21 119
908 1141 47 21 ville
971 1143 50 19 utan

197 1169 73 20 vidare
287 1169 104 21 bibehålla
406 1170 50 21 dess
471 1169 57 22 förra
543 1170 86 26 lydelse.

266 1226 32 21 Hr
314 1226 164 28 Hallberg:
501 1227 41 27 Jag
565 1227 53 21 skall
633 1227 26 21 be
682 1229 32 18 att
735 1226 21 21 få
778 1226 75 20 förena
876 1226 43 26 mig
942 1232 35 14 om
998 1226 24 20 hr

193 1254 109 22 Janssons
310 1255 115 21 uttalande.
435 1256 41 26 Jag
486 1256 54 20 hade
548 1258 58 22 trott,
614 1257 31 19 att
652 1255 76 21 endast
736 1261 26 15 en
772 1254 65 22 sådan
847 1254 176 26 omformulering

195 1282 23 21 af
231 1283 127 27 paragrafen
373 1284 68 20 skulle
457 1284 118 26 föreläggas
587 1284 95 24 stånden,
693 1286 32 18 att
735 1283 193 27 mellanmeningen
939 1283 6 21 i
956 1282 67 22 första

195 1317 65 15 mom.
275 1311 54 21 hade
344 1312 110 21 bortfallit.
478 1312 43 21 Det
536 1312 38 21 har
586 1312 25 27 ju
627 1312 48 21 med
689 1312 37 26 fog
741 1312 133 25 framhållits,
884 1314 32 18 att
926 1312 36 21 det
977 1311 46 21 icke

195 1345 67 21 egnar
286 1340 33 27 sig
340 1342 32 19 att
394 1341 7 20 i
419 1347 26 15 en
462 1340 54 22 finsk
532 1341 34 26 lag
582 1340 62 22 hafva
659 1340 160 27 bestämningar
835 1340 109 27 angående
960 1340 63 26 ryska

194 1368 106 26 ämbeten,
312 1368 39 22 och
367 1368 72 22 därför
450 1376 63 20 synes
527 1370 42 24 det,
580 1376 45 14 som
640 1376 33 14 om
685 1369 65 21 orden
765 1368 98 22 »hvilken
871 1368 81 27 jämväl
962 1368 59 21 kom-

195 1396 113 22 menderar
332 1398 26 21 de
380 1398 64 27 ryska
466 1400 95 25 trupper,
577 1404 46 15 som
646 1398 72 21 kunna
736 1404 51 15 vara
803 1398 6 20 i
824 1398 73 21 landet
911 1396 108 28 förlagda»

194 1424 84 23 kunnat
292 1425 44 22 helt
351 1426 72 21 enkelt
438 1427 112 20 utlämnas.
572 1427 64 20 Detta
652 1426 100 21 behöfver
765 1426 25 27 ju
805 1426 46 21 icke
870 1427 77 26 utgöra
957 1426 66 27 något

194 1453 77 22 hinder
293 1454 33 21 för
346 1454 79 22 honom
441 1457 31 19 att
488 1455 109 27 samtidigt
612 1455 151 21 kommendera
779 1455 26 21 de
821 1455 63 26 ryska
899 1457 122 24 trupperna,

194 1488 49 14 men
267 1482 148 22 hufvudsaken
439 1484 48 20 med
504 1484 11 26 $
533 1484 39 20 119
588 1485 24 19 är
628 1483 33 21 väl
676 1484 41 20 den
733 1486 32 18 att
781 1484 82 25 stadga,
879 1485 31 19 att
925 1483 96 27 general-
