1103 1786
65 120 14 17 3
90 119 47 20 maj.
854 114 39 21 111

135 187 32 22 Hr
191 187 161 28 Hallberg:
374 188 42 27 Jag
439 188 54 21 skall
515 189 27 20 be
557 190 32 19 att
603 188 22 21 få
640 189 132 21 understöda
788 189 24 21 hr
829 188 63 27 Schy-

65 217 101 26 bergson.
196 217 42 26 Jag
260 216 69 21 skulle
352 216 53 21 dock
428 223 58 18 anse,
501 219 32 19 att
548 217 36 21 det
599 223 51 15 vore
668 219 71 19 sämre
755 219 27 19 än
798 217 55 21 hvad
868 217 25 21 hr

67 245 148 27 Schybergson
238 245 36 21 vill
296 245 90 21 tillmäta
408 245 41 26 det,
465 251 34 16 om
523 246 70 21 denna
612 245 102 28 paragraf
727 246 95 27 utginge.
852 246 42 26 Jag

65 273 82 27 hoppas
164 273 77 26 därför,
256 276 32 19 att
302 273 36 22 det
354 275 57 19 ännu
427 273 53 22 skall
495 281 52 14 vara
561 274 84 26 möjligt
661 277 31 18 att
708 274 67 21 samla
786 274 108 21 åsikterna

66 308 35 14 om
117 302 41 21 den
173 301 80 27 lydelse
268 301 178 27 borgareståndet
461 302 38 21 har
514 302 115 27 föreslagit.
651 303 43 27 Jag
709 302 69 22 skulle
794 309 52 15 anse
856 302 37 22 det

65 336 51 15 vara
139 332 70 20 sämre
224 330 77 26 därför,
321 332 36 24 att,
374 330 26 22 då
418 333 31 19 ett
471 331 154 27 lagstadgande
647 331 38 21 alls
704 331 46 21 icke
765 330 76 27 finnes,
856 331 36 21 det

65 358 44 22 helt
125 359 39 21 och
179 358 65 22 hållet
264 359 125 21 ankommer
404 360 28 26 på
446 360 127 26 regeringen
596 362 31 19 att
642 360 76 21 hindra
734 359 124 28 utflyttning
872 359 23 21 af

65 394 58 20 unga
136 389 48 19 män
204 388 64 20 innan
290 388 26 20 de
331 387 97 27 fullgjort
443 388 33 21 sin
493 388 125 27 värneplikt.
648 388 74 22 Bättre
738 390 23 19 är
774 388 25 27 ju
815 388 32 26 då,
862 391 31 18 att

66 418 31 18 ett
119 416 154 26 lagstadgande
294 416 74 25 finnes,
386 422 48 16 men
455 417 27 21 då
503 417 53 21 skall
572 417 70 25 också,
658 423 63 21 synes
738 417 35 21 det
788 417 50 27 mig,
854 417 39 21 tid-

66 444 95 27 punkten
178 451 50 15 vara
247 445 40 21 den
303 444 23 22 af
339 445 178 27 borgareståndet
531 445 92 21 fixerade
639 446 38 20 och
693 446 46 21 icke
756 446 27 21 15
799 446 51 21 eller
867 446 26 20 18

67 473 28 21 år.
128 473 25 21 18
169 473 23 21 år
208 475 22 19 är
246 473 126 27 visserligen
388 474 69 20 bättre
473 476 26 19 än
517 474 32 26 15,
565 480 48 15 men
630 476 56 19 ännu
703 474 35 21 vid
752 474 26 22 18
790 474 34 22 års
836 474 58 21 ålder

65 502 62 20 torde
143 502 36 20 det
194 508 50 15 vara
260 502 58 21 svårt
333 502 33 21 för
382 503 90 26 mången
489 505 31 19 att
535 503 98 21 decidera
649 503 33 27 sig
697 502 33 22 för
746 503 36 21 det
792 510 40 14 ena
842 503 51 21 eller

66 530 73 21 andra.
169 530 46 22 Och
238 530 26 22 då
279 537 49 15 man
343 531 27 26 på
386 537 76 15 senare
477 532 55 20 tider
547 537 49 15 man
612 532 40 20 och
667 538 48 14 man
732 532 90 21 emellan
838 532 54 25 hört,

65 561 32 19 att
118 559 58 21 inom
200 559 148 27 ridderskapet
368 559 39 21 och
427 560 62 21 adeln
505 566 49 15 man
570 566 52 15 vore
637 560 50 27 böjd
702 560 33 21 för
758 562 32 20 att
806 560 87 22 omfatta

66 588 188 25 borgareståndets
270 588 77 25 beslut,
363 588 24 21 så
401 588 72 21 kunde
489 589 40 20 den
545 588 116 21 fataliteten
677 588 90 26 inträffa,
778 591 32 19 att
826 589 20 20 vi
856 589 38 20 här

66 615 76 27 frångå
161 616 123 24 detsamma,
301 617 75 20 medan
399 617 150 27 ridderskapet
573 617 39 21 och
635 617 61 21 adeln
712 617 7 21 i
735 618 41 26 dag
793 617 99 27 möjligen

66 643 99 23 omfattar
188 645 48 21 vårt
258 645 89 27 tidigare
369 646 77 20 beslut.
477 646 33 21 Då
530 645 62 22 äfven
608 646 66 27 några
690 646 122 27 synnerliga
828 646 65 21 vådor

65 673 46 21 icke
132 674 73 20 kunna
226 673 51 27 följa
299 673 22 22 af
341 676 31 19 att
395 674 20 21 vi
438 674 101 22 vidblifva
561 675 48 21 vårt
625 674 76 27 beslut,
718 676 89 20 emedan
823 675 70 21 denna

65 702 102 26 paragraf
184 702 25 27 ju
231 702 46 22 icke
298 702 60 22 faller
377 703 67 21 under
461 703 53 26 dem,
530 703 71 21 hvilka
617 703 22 21 af
653 704 240 26 värnepliktsutskottet

65 730 177 22 karaktäriserats
266 731 71 21 såsom
354 732 26 20 de
403 732 106 26 ömtåliga,
533 732 24 21 så
567 734 57 22 2tror
637 732 43 27 jag,
696 734 32 19 att
744 733 19 20 vi
780 732 113 27 ingenting

66 754 59 58 gjort
146 762 59 18 emot
226 760 78 21 sakens
330 760 55 27 goda
406 760 117 26 ordnande,
539 767 35 15 om
597 760 21 21 vi
633 756 91 36 vidhälla
736 761 51 27 värt
802 761 91 27 tidigare

81 788 62 20 eslut.

135 862 157 22 Diskussionen
308 862 75 22 afslöts
398 862 96 27 härmed,
509 863 107 21 hvarefter
631 864 25 20 hr
672 863 144 22 ordföranden
828 863 64 22 fram-

67 891 76 21 ställde
159 890 93 27 följande
267 892 294 26 omröstningsproposition
552 886 12 36 :

137 947 37 26 De,
186 948 73 21 hvilka
270 948 118 27 godkänna
398 949 113 21 utskottets
521 949 84 28 förslag
617 949 35 21 till
663 949 79 28 lydelse
752 949 37 28 för
803 951 15 19 2
827 957 65 13 mom.

70 977 12 20 7
96 977 19 26 $,
132 978 59 19 rösta
201 977 39 27 ja;

134 1033 81 21 vinner
230 1033 41 28 nej,
286 1034 42 21 har
350 1034 86 21 ständet
459 1035 114 27 vidblifvit
587 1036 40 20 sitt
642 1035 92 28 tidigare
751 1035 142 22 härutinnan

65 1062 83 27 fattade
165 1062 75 21 beslut.

137 1120 39 21 Vid
199 1120 116 21 värkställä
338 1120 98 27 votering
451 1120 97 27 afgåfvos
572 1121 27 21 19
617 1121 23 26 ja
655 1121 39 21 och
710 1121 24 21 31
753 1121 40 27 nej,
810 1121 82 21 hvadan

67 1148 85 21 ständet
175 1149 95 20 vidhällit
294 1149 37 20 sitt
352 1148 58 22 förut
432 1149 81 21 fattade
528 1149 72 22 beslut
615 1150 6 20 i
636 1149 60 28 fräga
712 1156 34 15 om
762 1150 131 27 nyssnämda

67 1177 89 26 lagrum.

135 1234 255 26 Värnepliktsutskottets
412 1234 82 27 förslag
515 1235 7 21 i
546 1234 70 28 öfrigt,
631 1234 32 22 för
682 1235 70 21 sävidt
766 1236 76 26 ätgärd
857 1236 36 20 be-

66 1261 103 22 träffande
185 1262 47 21 dem
248 1262 122 27 päkallades
385 1262 47 22 frän
447 1263 191 27 borgareständets
654 1264 51 25 sida,
717 1264 70 21 blefvo
803 1264 23 21 af
836 1264 58 21 stän-

67 1290 36 22 det
118 1290 118 27 godkända.

135 1446 34 21 Hr
184 1445 142 22 ordföranden
342 1445 159 23 öfverlämnade
516 1447 93 22 härefter
625 1447 31 22 till
667 1447 96 22 ständets
776 1447 117 28 afgörande

65 1473 75 27 frägan
156 1481 41 19 om,
208 1475 55 20 huru
278 1474 90 21 förfaras
384 1474 69 22 skulle
468 1476 49 20 med
533 1476 26 20 de
570 1476 35 21 vid
617 1476 95 21 ständets
724 1476 96 22 enskilda
830 1477 63 26 plena

67 1502 110 22 tillkomna
193 1502 126 28 handlingar
334 1503 40 21 och
389 1503 116 27 protokoll;
520 1504 89 22 hvarvid
