1103 1781
442 102 92 30 Bilagor.
893 106 13 20 3

79 245 72 23 Bilaga
162 245 18 18 1.

81 445 293 29 Värnepliktsutskottets
389 445 95 28 förslag
499 445 42 23 till
559 445 59 29 plan
631 445 39 22 för
685 445 145 22 ständernas
842 451 65 16 svar:

149 539 32 20 att
204 537 115 22 ständerna
338 539 110 25 gentemot
471 537 26 22 de
512 538 7 21 i
534 537 175 28 propositionens
726 537 127 27 handlingar
873 538 34 20 ut-

81 566 70 21 talade
166 566 167 27 vanställningar
348 565 23 22 af
384 566 103 21 Finlands
498 566 98 27 gällande
605 568 44 19 rätt
659 565 63 22 häfda
733 566 85 21 landets
828 565 79 28 grund-

81 595 59 27 lagar
156 594 39 22 och
212 594 100 22 särskildt
327 594 75 22 fastslå
416 595 127 21 ständernas
559 594 134 28 ovillkorliga
708 596 44 20 rätt
760 597 32 19 att
806 595 7 20 i
824 594 83 22 stiftan-

82 624 37 21 det
133 623 23 22 af
169 623 168 27 värnepliktslag
356 623 48 22 med
421 623 170 22 bselutanderätt
606 623 94 27 deltaga;

149 654 32 19 att
197 652 115 21 ständerna
330 652 7 21 i
352 652 111 21 enahanda
478 651 70 28 syften
564 652 67 21 uttala
645 652 34 27 sig
694 658 35 15 om
750 651 122 22 manifestet
887 650 23 23 af

81 681 41 21 den
139 681 27 21 15
183 680 105 26 februari;

150 711 32 20 att
197 709 115 22 ständerna
332 709 51 27 ingå
402 710 7 21 i
424 709 102 27 pröfning
540 709 23 22 af
576 709 103 27 förslaget
694 709 31 21 till
741 708 167 28 värnepliktslag

81 738 40 21 och
144 738 31 21 till
195 738 284 27 organisationsförordning
495 738 68 21 under
578 737 118 22 beaktande
712 737 23 22 af
748 737 42 22 alla
804 737 104 27 viktigare

81 766 73 27 frågor
177 769 56 19 samt
254 767 48 21 med
325 766 154 22 framhållande
505 766 23 22 af
541 767 27 21 de
583 766 85 27 förslag,
684 767 6 20 i
706 766 72 21 hvilka
793 766 115 21 ständerna

81 795 74 21 kunna
177 795 27 27 gå
222 795 188 27 propositionerna
426 795 32 21 till
481 797 74 24 mötes,
571 795 75 27 tydligt
662 795 92 27 utlägga,
769 795 7 20 i
792 794 71 22 hvilka
878 793 30 22 af-

83 824 92 21 seenden
191 824 187 27 propositionerna
393 823 46 22 icke
453 823 74 22 kunna
543 824 134 26 godkännas;

150 855 32 18 att
205 853 114 21 ständerna
339 853 27 26 på
387 853 94 26 antydda
500 853 94 26 grunder
617 852 83 21 besluta
716 854 31 19 att
761 851 96 22 förkasta
872 851 36 22 det

81 880 109 28 förelagda
205 881 101 27 förslaget
322 881 31 22 till
368 881 173 27 värnepliktslag,
557 887 49 15 men
617 881 67 21 tillika
698 880 90 27 anhålla,
803 882 32 20 att
845 881 61 21 Hans

81 909 102 27 Majestät
197 909 81 22 täcktes
294 916 78 21 genom
387 916 28 21 ny
431 910 142 27 proposition,
586 909 112 22 utarbetad
717 909 67 27 enligt
794 909 26 22 de
830 915 30 15 nu
871 915 37 15 an-

82 937 57 28 gifna
157 939 127 26 grunderna,
304 938 52 21 äska
378 939 127 20 ständernas
525 938 189 27 grundlagsenliga
730 937 129 22 medvärkan
874 937 34 22 för

83 966 112 22 stiftandet
209 967 23 21 af
244 973 27 21 ny
287 967 168 27 värnepliktslag
471 967 32 21 för
519 967 95 21 Finland.

150 995 149 22 Minoritetens
324 995 81 27 förslag
427 995 69 22 skilde
519 995 32 27 sig
573 995 48 21 från
642 995 146 27 majoritetens
807 995 50 26 däri,
876 996 32 19 att

81 1024 135 21 minoriteten
232 1024 8 21 i
255 1024 71 21 stället
340 1024 33 21 för
388 1024 99 21 anhållan
503 1030 35 15 om
549 1031 28 20 ny
587 1024 134 27 proposition
737 1023 98 22 förordar
853 1029 55 22 upp-

83 1053 104 26 görandet
201 1052 23 22 af
237 1055 31 19 ett
282 1052 116 28 lagförslag
414 1053 32 21 till
461 1053 108 21 sanktion.
