1103 1781
210 136 26 22 18
938 141 24 17 18
975 145 62 12 mars.

209 213 59 19 utom
288 210 83 22 landets
388 212 94 26 gränser,
499 217 48 15 men
564 212 40 20 när
620 210 21 22 vi
657 210 26 27 gå
698 212 24 20 ut
736 210 47 21 från
799 209 192 27 förutsättningen,
1007 210 31 20 att

210 240 25 21 de
255 238 69 23 finska
346 242 118 24 trupperna
486 239 60 21 skola
561 239 75 21 kunna
650 239 58 21 föras
724 240 59 20 utom
800 238 86 22 landets
904 240 93 26 gränser,
1014 238 23 20 så

209 268 138 22 konstrueras
370 268 88 21 därmed
480 270 31 19 ett
532 268 86 21 försvar
640 267 62 22 äfven
725 267 33 21 för
777 267 63 25 riket,
857 267 29 21 låt
902 268 23 20 så
941 273 50 15 vara
1005 267 32 20 in-

210 297 74 21 direkt.
313 296 50 22 Man
385 297 42 21 kan
450 296 46 22 icke
518 296 87 22 komma
624 296 55 22 ifrån
699 296 40 26 det,
755 298 32 19 att
803 296 72 21 denna
889 295 148 27 försvarsplikt

210 326 63 21 också
294 324 32 22 för
349 326 56 20 riket
427 325 61 27 följer
510 326 73 20 såsom
600 332 26 14 en
642 325 135 21 konsekvens
794 324 24 22 af
832 324 154 27 stipulationen
1002 330 34 15 om

209 356 31 20 att
262 357 117 23 trupperna
402 354 72 21 kunna
494 353 58 22 föras
568 356 61 19 utom
646 354 78 21 landet.
755 353 46 21 Och
817 353 48 21 icke
880 360 39 14 ens
935 353 25 21 hr
974 352 65 22 Jusé-

209 382 47 22 lius”
278 382 141 28 formulering
441 382 38 22 har
502 382 156 28 berättigande,
681 389 34 14 om
732 388 48 15 man
798 382 97 21 besluter
911 382 33 26 sig
959 381 32 21 för
1006 382 32 20 att

210 412 89 20 sålunda
321 411 42 21 låta
385 414 118 24 trupperna
524 410 60 22 föras
600 411 55 21 ifrån
671 411 78 21 landet.
781 410 34 26 Sä,
832 417 47 15 som
896 411 37 21 vär
949 417 29 14 nu
995 410 42 27 gäl-

209 440 63 22 lande
287 440 165 27 värnepliktslag
468 442 23 19 är
506 439 93 26 affattad,
616 442 23 19 är
655 440 35 21 det
705 439 87 21 alldeles
808 439 76 27 riktigt
900 441 31 19 att
941 439 97 26 begagna

210 468 111 28 uttrycket,
340 471 31 19 att
394 475 48 15 man
466 474 76 21 genom
566 468 123 28 värneplikt
704 468 33 21 för
751 467 188 22 fäderneslandets
954 467 85 21 försvar

210 498 64 21 också
289 497 99 27 bidrager
403 497 31 21 till
449 497 66 21 rikets
531 496 92 22 försvar.
647 497 49 21 Men
713 497 26 21 då
754 503 51 15 man
822 497 78 21 sänder
916 496 47 22 sina
978 498 60 24 trup-

211 532 37 21 per
271 529 59 18 utom
353 526 78 26 landet,
449 526 24 21 så
488 526 99 26 bidrager
603 532 49 15 man
665 526 25 26 ju
705 526 46 20 icke
767 525 57 21 blott
839 525 93 21 indirekt
948 524 31 22 till
994 524 43 21 för-

211 557 75 24 svaret,
306 561 49 15 man
379 555 67 21 deltar
468 554 69 22 direkt
560 554 52 22 däri.
643 554 84 21 Plikten
751 554 42 21 kan
809 554 100 21 härledas
926 554 70 20 såsom
1012 553 26 21 hr

209 584 94 21 Jansson
324 584 58 26 gjort
399 584 42 26 det,
456 590 48 14 men
520 582 83 22 faktum
619 585 30 23 är,
664 585 31 19 att
710 584 31 20 ett
755 582 86 22 försvar
857 582 62 22 äfven
934 582 33 21 för
982 582 56 21 riket

209 612 119 27 föreligger.
350 612 32 21 På
397 612 63 22 dessa
476 612 93 27 grunder
585 612 38 21 har
636 612 39 27 jag
689 611 33 21 för
737 612 44 20 min
799 611 34 21 del
849 611 91 21 kommit
955 610 31 22 till
1001 611 36 21 det

210 641 95 25 resultat,
328 643 32 19 att
376 641 106 27 uttrycket
505 640 77 25 »rike»,
599 641 33 21 uti
653 640 5 28 $
675 641 11 20 1
703 640 67 22 borde
785 640 118 21 användas.
934 640 103 20 Däremot

210 671 23 19 är
253 670 38 26 jag
314 669 130 22 beträffande
466 670 63 21 dessa
552 670 97 25 attribut,
672 675 46 15 som
742 668 74 28 gifvits
840 668 45 22 icke
906 668 55 22 blott
976 668 62 21 ordet

212 700 100 20 »tronen»
330 700 50 20 utan
397 698 64 22 också
478 698 86 26 »riket»,
580 698 89 21 alldeles
679 704 51 15 ense
739 704 40 18 om,
792 699 32 19 att
835 698 27 20 de
873 697 81 21 saklöst
965 697 73 21 kunna

211 727 112 21 undvaras.
354 727 27 21 Vi
396 727 71 21 kunna
481 727 25 27 ju
521 726 47 22 icke
584 726 43 22 tala
642 726 32 22 uti
689 732 26 15 en
731 726 35 27 lag
781 726 113 27 angående
909 726 38 21 vår
962 727 75 19 värne-

210 756 54 26 plikt
286 762 34 14 om
342 756 67 26 något
431 758 64 19 annat
516 755 70 21 »rike»
612 757 26 19 än
660 756 35 20 det
710 755 69 27 ryska,
796 754 88 22 hvarför
900 754 60 22 skola
975 754 20 21 vi
1011 754 26 20 dä

210 784 62 21 hafva
294 790 26 15 en
343 784 140 27 bestämning,
507 790 46 15 som
576 784 108 21 förefaller
703 784 24 21 så
741 783 108 27 otymplig
864 783 39 21 och
918 782 118 22 inställsam

211 819 45 15 som
280 813 69 21 denna
370 819 35 15 om
423 813 59 21 »hela
498 813 36 21 det
548 813 77 27 ryska»
644 812 60 26 riket,
719 812 86 21 hvilken
823 812 77 21 enkom
916 812 72 20 kunde
1003 817 34 21 sy-

212 848 38 14 nas
266 848 50 14 vara
331 842 31 20 till
377 841 34 21 för
426 844 30 19 att
472 841 108 24 beteckna,
596 843 38 27 att
644 841 173 21 fäderneslandet
833 840 120 27 utgöresaf
963 846 26 15 en
999 840 38 20 ho-

211 876 77 21 mogen
312 870 33 21 del
364 870 23 21 af
400 870 36 21 det
451 870 63 27 ryska
528 870 62 21 riket.
620 870 32 20 Är
667 870 36 21 det
718 869 46 21 icke
780 875 45 21 nog
840 871 32 19 att
888 870 51 26 säga
956 868 79 22 riket»

210 900 42 20 rätt
268 899 39 21 och
323 899 63 21 slätt?
416 898 52 22 Man
484 899 38 21 har
537 901 55 25 sagt,
608 901 32 19 att
655 898 36 22 det
705 899 7 20 i
728 897 214 27 öfversättningsväg
956 897 32 21 till
1003 903 33 21 ry-

211 927 37 21 ska
270 928 68 21 skulle
361 927 95 22 medföra
478 928 70 26 nägon
572 927 59 27 slags
655 926 139 28 tvetydighet.
825 926 53 21 Man
894 926 38 21 har
948 926 39 21 talt
1001 932 34 14 om

210 956 66 21 orden
296 962 142 22 rocygaperBo
460 956 39 21 och
522 956 103 27 mmmepim.
648 956 43 26 Jag
712 955 67 21 håller
795 954 54 26 före,
864 956 32 20 att
911 954 66 27 därpå
991 954 47 21 icke

209 984 68 27 ligger
297 985 64 21 sädan
377 984 51 27 vikt,
444 987 31 19 att
490 985 20 21 vi
526 984 91 22 behöfva
632 984 55 22 fästa
702 984 102 21 afseende
821 984 81 20 därvid.
932 983 48 21 Mitt
994 982 43 22 för-

211 1013 46 27 slag
277 1013 31 21 till
328 1013 140 27 formulering
484 1015 31 19 är:
540 1013 46 21 »för
602 1015 96 23 tronens,
713 1012 187 22 fäderneslandets
916 1012 40 21 och
971 1011 65 21 rikets

209 1042 83 20 försvar
299 1044 23 19 är
331 1042 73 27 hvarje
411 1042 56 21 finsk
477 1042 143 26 medborgare
628 1041 163 27 värnepliktig»,
801 1041 40 21 och
849 1040 71 22 därtill
932 1040 65 21 skulle
1003 1040 35 27 jag

210 1070 67 21 önska
292 1071 86 27 tillägga
395 1071 57 21 detta
468 1070 22 22 af
503 1070 25 22 hr
544 1071 80 26 Elving
632 1070 117 21 eventuellt
759 1069 117 21 förordade
887 1069 93 27 uttryck:
998 1068 40 27 »pä

210 1100 42 20 sätt
267 1099 7 21 i
289 1099 69 21 denna
373 1099 35 27 lag
423 1101 97 19 närmare
536 1099 109 27 stadgas».

278 1174 32 21 Hr
326 1173 126 27 Elving:
483 1174 39 25 De,
542 1180 47 14 som
605 1173 71 21 känna
691 1172 64 28 ryska
771 1172 96 28 spräket,
882 1172 63 21 hafva
959 1172 78 21 förkla-

209 1205 38 21 rat,
263 1204 37 24 att,
319 1202 3 21 i
336 1202 103 21 händelse
454 1208 48 15 man
519 1202 107 21 utlämnar
649 1202 112 20 attributet
785 1201 90 27 »ryska»
892 1200 88 22 framför
996 1200 40 21 »ri-

208 1230 47 22 ket»
274 1230 39 22 och
328 1231 62 21 ordet
407 1230 78 27 »hela»,
501 1231 40 21 den
558 1230 193 27 missuppfattning
767 1230 71 20 skulle
854 1230 72 20 kunna
942 1230 51 26 göra
1004 1229 32 26 sig

209 1259 103 27 gällande,
333 1261 31 19 att
383 1259 36 21 det
434 1266 51 14 vore
500 1259 60 27 fräga
576 1265 34 15 om
628 1261 83 19 statens
726 1258 85 21 försvar
827 1258 40 21 och
882 1260 32 19 att
930 1258 58 20 detta
1003 1260 34 18 ut-

209 1288 59 26 tryck
293 1290 93 20 »staten»
411 1294 51 15 vore
484 1290 133 26 gemensamt
641 1287 32 21 för
696 1287 91 21 Finland
811 1287 40 21 och
868 1286 112 28 Ryssland.
1003 1286 34 20 Då

208 1317 155 27 motiveringen
386 1316 31 21 till
440 1317 163 27 propositionen
626 1316 51 21 eller
696 1314 262 28 värnepliktskommittön
974 1314 64 22 söker

209 1346 52 26 göra
277 1345 101 27 gällande,
394 1347 31 19 att
441 1345 35 21 det
491 1343 76 23 endast
582 1344 70 22 finnes
668 1351 26 15 en
711 1346 48 23 stat,
775 1344 33 21 dit
823 1344 55 21 bäde
894 1343 90 22 Finland
996 1342 40 22 och

208 1373 106 27 Ryssland
336 1374 122 26 inrymmas,
479 1374 22 21 sä
521 1374 39 21 har
576 1373 106 21 utskottet
698 1372 137 27 naturligtvis
852 1372 56 21 velat
923 1372 61 21 äfven
1001 1377 35 21 ge-

208 1408 50 15 nom
274 1402 138 28 paragrafens
428 1402 132 28 ordalydelse
576 1402 134 21 tillbakavisa
725 1402 72 20 denna
813 1400 143 28 uppfattning.

277 1471 32 21 Hr
325 1472 124 21 Heikel:
472 1472 33 21 Dä
520 1470 167 27 formuleringen
705 1470 22 21 af
741 1470 11 28 $
772 1470 10 21 1
800 1472 29 23 är,
841 1470 71 21 säsom
923 1469 39 21 här
972 1468 65 22 fram-

207 1499 79 25 hållits,
309 1503 30 19 ett
361 1500 232 27 kompromissförslag,
618 1500 24 20 sä
657 1501 22 19 är
695 1499 36 21 det
743 1498 26 28 ju
785 1498 112 27 själtklart,
913 1500 32 19 att
959 1498 77 26 många

206 1528 167 28 anmärkningar
389 1529 48 21 med
453 1529 44 21 skäl
513 1529 73 21 kunna
602 1529 63 25 göras
681 1530 45 18 mot
742 1528 132 24 densamma,
886 1532 48 16 men
942 1526 38 27 jag
990 1528 47 19 tror
