1100 1795
72 145 24 16 18
110 149 61 12 mars.
872 137 29 21 33

143 213 43 21 Det
201 215 22 19 är
239 216 31 19 att
285 213 95 26 beklaga,
395 215 32 19 att
437 213 250 27 värnepliktsutskottets
697 212 160 27 framställning
869 212 32 21 till

73 242 116 22 ständerna
210 242 68 21 måste
292 241 105 27 föreligga
412 242 6 21 i
433 242 36 21 det
485 241 64 24 skick,
565 241 60 22 hvari
641 241 40 21 den
697 244 33 18 ter
746 241 39 27 sig.
816 241 85 21 Försla-

74 273 37 25 get
126 272 23 19 är
164 270 46 21 icke
225 270 84 27 åtföljdt
323 269 23 22 af
359 270 71 27 någon
445 270 134 27 motivering,
595 270 119 21 detsamma
728 271 25 20 är
763 269 46 22 icke
821 269 80 27 bilagdt

74 299 70 27 någon
153 299 54 20 enda
218 299 131 21 reservation
363 299 44 26 och,
419 299 55 21 hvad
487 305 44 15 mer
540 301 29 24 är,
577 299 46 21 icke
631 305 38 14 ens
679 305 25 14 en
716 298 74 21 koncis
801 297 101 22 formule-

74 329 49 26 ring
144 327 113 27 föreligger
280 327 23 22 af
323 327 26 22 de
365 327 65 21 olika”
436 323 98 36 åsikter,
537 333 46 16 som
599 327 58 21 inom
674 327 107 21 utskottet
797 327 56 27 gjort
869 327 34 26 sig

74 356 98 27 gällande
195 355 39 22 och
256 355 71 22 kunde
343 362 51 15 vara
409 356 31 21 till
455 356 88 27 ledning
557 355 33 22 för
606 356 27 21 de
647 355 190 27 ändringsförslag,
854 361 46 15 som

74 391 50 15 man
144 384 99 27 möjligen
259 385 7 20 i
281 385 91 20 stånden
389 384 56 21 velat
459 384 123 22 framställa.
613 384 125 22 Emellertid
754 384 38 21 har
805 384 38 27 jag
859 384 44 26 mig

74 413 85 27 bekant,
181 415 32 19 att
235 413 249 27 värnepliktsutskottets
507 413 76 21 aktade
606 413 129 21 ordförande
757 412 34 21 för
814 413 33 20 sin
868 412 34 21 del

74 441 99 22 omfattat
195 447 26 15 en
245 441 94 21 sträfvan
358 441 24 21 af
395 448 81 14 samma
491 444 32 18 art
539 448 46 14 som
602 442 47 23 den,
664 441 32 21 för
712 441 85 21 hvilken
812 441 37 27 jag
864 441 39 20 här

75 470 58 27 gjort
154 470 44 26 mig
213 470 31 20 till
259 470 50 26 tolk,
325 469 132 22 sträfvandet
472 472 31 19 att
523 471 2 20 i
541 470 70 27 någon
627 470 49 21 mån
693 470 96 26 utjämna
804 469 99 21 villkoret

75 498 77 22 mellan
168 498 67 21 lotten
251 498 31 21 till
298 499 26 21 de
340 499 88 21 stående
444 501 117 25 trupperna
577 498 38 22 och
631 498 66 21 lotten
714 498 32 21 till
761 498 142 21 landtvärnet.

75 527 66 21 Detta
163 526 81 28 förslag
266 527 69 21 skulle
358 527 46 27 gått
426 532 24 16 ut
463 527 72 27 därpå,
551 529 31 19 att
598 527 160 27 värnepliktiga,
775 533 46 15 som
837 527 66 26 draga

75 556 41 20 lott
132 556 30 21 till
183 556 86 20 stående
285 559 70 23 trupp,
373 556 120 26 tjänstgöra
507 556 7 20 i
529 556 58 21 aktiv
603 556 67 26 tjänst
685 556 13 20 3
714 556 24 20 år
753 568 28 2 —
794 556 38 26 jag
847 555 56 21 afser

76 591 29 14 nu
121 584 46 21 icke
183 584 135 26 undantagen
333 584 47 21 från
396 584 41 21 den
453 585 102 26 tre-åriga
570 584 138 27 tjänstetiden
720 596 29 3 —
760 584 39 21 och
811 584 92 21 därefter

75 613 7 21 i
98 619 100 15 reserven
213 613 7 21 i
235 613 63 27 högst
312 613 14 21 5
341 614 29 20 år.
393 613 49 21 Men
459 614 89 20 emedan
564 616 49 18 man
629 613 49 21 med
693 619 26 15 en
733 613 66 21 sådan
811 613 92 21 bestäm-

76 642 52 26 ning
143 648 34 14 om
194 642 136 26 tjänstetiden
347 642 6 20 i
369 648 100 15 reserven
485 642 72 21 kunde
573 641 85 21 befinna
673 642 33 26 sig
721 641 55 21 inför
788 642 41 20 den
841 647 63 15 even-

76 670 117 25 tualiteten,
204 673 31 18 att
250 676 99 15 reserven
366 670 46 21 icke
422 670 88 27 erbjöde
520 670 113 27 tillräcklig
644 670 72 27 styrka
727 670 33 21 för
771 672 32 19 att
817 670 7 21 i
835 670 69 26 krigs-

75 699 32 21 tid
130 699 54 21 hålla
207 699 26 21 de
253 699 71 21 aktiva
346 700 118 26 trupperna
486 699 36 21 vid
544 698 39 22 full
598 701 106 24 numerär,
720 705 37 15 var
773 699 36 21 det
824 698 23 22 af
861 699 44 26 mig

75 727 96 27 åsyftade
193 727 101 27 förslaget
315 727 85 27 tillagdt
421 734 27 14 en
465 728 137 26 bestämning
619 728 80 25 därom,
716 729 33 19 att
763 728 142 26 ersättnings-

78 762 73 15 reserv
174 756 71 21 kunde
267 760 60 22 tagas
351 763 25 14 ur
392 756 147 21 landtvärnets
553 758 79 25 yngsta
647 756 88 21 klasser.
773 756 74 21 Sävidt
867 756 38 26 jag

77 784 64 22 fattat
162 783 101 28 förslaget
285 785 128 21 härutinnan
436 787 47 22 rätt,
508 785 68 21 skulle
599 785 136 21 landtvärnet
754 784 151 22 sönderfalla
894 779 14 36 i

78 815 79 19 tvänne
178 813 125 27 kategorier,
319 814 26 20 de
360 820 67 20 yngre
443 814 188 25 åldersklasserna,
647 814 19 20 d.
683 820 18 14 v.
718 820 17 14 s.
751 813 155 21 åldersklasser

75 842 122 26 jämnåriga
220 842 47 21 med
290 842 53 26 dem,
367 842 71 20 hvilka
453 842 110 27 samtidigt
578 843 73 26 intaga
667 842 54 27 plats
737 842 6 20 i
760 842 39 21 den
817 842 89 21 stående

78 870 81 24 armén,
175 870 38 21 och
229 870 26 21 de
270 870 58 21 äldre
344 870 189 25 åldersklasserna,
549 871 19 21 d.
583 877 19 15 v.
619 877 16 15 s.
651 871 31 25 de,
698 870 72 21 hvilka
785 871 46 21 nått
846 872 60 19 utom

79 899 151 26 åldersgraden
246 898 33 21 för
295 899 26 20 de
337 899 87 20 stående
440 902 124 24 trupperna.
595 899 32 22 Ur
642 899 70 21 denna
726 905 68 21 yngre
809 899 98 26 kategori

78 927 24 20 af
123 927 134 21 landtvärnet
279 927 68 21 skulle
369 927 45 21 icke
437 927 87 22 alldeles
547 927 88 22 oöfvadt
651 927 104 27 manskap
772 930 67 24 tagas,
855 929 51 19 utan

80 955 69 22 skulle
163 955 33 22 för
212 956 123 23 densamma
350 956 80 21 införas
446 962 26 15 en
489 956 141 27 obligatorisk
645 956 215 27 öfningsskyldighet,
872 962 35 15 om

79 984 66 21 också
160 984 45 21 icke
221 985 23 20 så
259 985 50 26 lång
324 991 46 14 som
388 985 46 25 den,
450 985 85 21 hvilken
552 985 66 26 gäller
633 984 33 21 för
681 985 37 20 vår
735 985 125 21 nuvarande
875 990 32 15 re-

80 1013 202 26 servorganisation.
304 1013 41 26 Jag
362 1014 37 20 ber
414 1015 31 19 att
460 1013 21 21 få
496 1013 38 21 här
550 1013 71 22 såsom
638 1014 48 20 mitt
700 1020 29 15 nu
743 1016 95 24 upptaga
849 1013 59 22 detta

80 1041 86 26 förslag.
195 1042 40 21 Att
257 1042 49 26 ingå
328 1042 27 27 på
371 1048 26 15 en
413 1044 98 19 närmare
527 1042 123 21 diskussion
668 1042 44 21 utaf
727 1042 120 21 detsamma
862 1044 46 19 tror

77 1070 39 26 jag
138 1070 45 21 icke
204 1072 23 19 är
248 1071 83 26 mycket
349 1071 51 20 lönt.
430 1071 113 26 Förslaget
562 1071 38 20 har
616 1071 110 20 dessutom
744 1071 67 20 redan
827 1070 82 21 härför-

81 1099 64 20 innan
162 1099 68 20 blifvit
244 1099 32 20 för
292 1105 26 15 en
335 1102 45 18 stor
396 1099 33 21 del
445 1099 22 21 af
479 1099 97 21 ståndets
587 1099 138 21 medlemmar
737 1099 74 21 kändt.
826 1099 84 21 Endast

82 1130 31 18 ett
137 1127 23 21 af
183 1127 25 21 de
233 1127 75 26 inkast,
331 1134 47 15 som
394 1128 68 26 gjorts
479 1130 58 19 emot
559 1128 124 25 detsamma,
710 1128 38 21 ber
770 1128 38 27 jag
834 1129 76 25 genast

80 1156 22 20 få
125 1156 88 25 bemöta,
237 1156 105 27 nämligen
366 1156 41 26 det,
430 1159 31 19 att
483 1159 30 19 ett
537 1157 76 21 sådant
633 1156 81 27 förslag
728 1156 47 22 från
791 1157 60 27 ryskt
866 1156 43 21 håll

80 1184 86 22 komme
188 1187 31 19 att
241 1184 63 22 fattas
325 1185 29 26 så,
371 1192 45 14 som
433 1192 34 14 om
483 1186 21 20 vi
520 1186 6 20 i
542 1186 70 20 denna
627 1185 149 21 landtvärnets
792 1192 67 20 yngre
875 1185 36 21 ka-

81 1214 69 26 tegori
161 1214 45 20 åter
217 1214 48 20 ville
277 1213 66 21 skaffa
354 1220 36 15 oss
402 1220 25 14 en
444 1220 79 19 reserv,
539 1214 80 21 snarlik
635 1214 40 20 den
691 1214 134 26 nuvarande,
841 1214 39 21 och
891 1213 20 21 vi

80 1242 62 21 alltså
157 1242 49 21 ville
221 1241 130 22 fortfarande
367 1242 92 22 vidhålla
474 1243 119 21 tendensen
609 1244 32 20 att
657 1242 35 21 vid
708 1242 70 22 rikets
789 1246 50 23 port
849 1242 64 21 hafva

84 1273 43 18 »ett
141 1270 44 21 folk
200 1271 7 20 i
224 1277 88 21 vapen>.
341 1271 43 26 Jag
407 1271 37 21 ber
466 1270 22 22 få
509 1271 74 21 härom
605 1273 58 25 säga,
678 1273 31 19 att
724 1271 44 27 jag,
784 1272 27 20 då
823 1272 38 26 jag
876 1270 35 21 be-

82 1299 60 21 slutit
152 1299 43 27 mig
210 1301 31 19 att
255 1299 88 21 omfatta
359 1300 36 20 det
410 1299 22 21 af
446 1300 44 26 mig
505 1300 118 20 relaterade
638 1299 112 29 förslaget,
765 1300 46 26 gått
826 1302 24 19 ut
865 1299 47 21 från

82 1328 82 26 hänsyn
194 1328 75 21 endast
298 1328 32 21 till
353 1328 80 21 sådana
463 1328 133 26 synpunkter
620 1328 46 21 från
689 1328 50 27 rysk
763 1328 52 25 sida,
840 1328 71 21 hvilka

82 1356 73 21 kunna
177 1356 113 21 betecknas
313 1356 71 21 såsom
410 1356 81 26 sakliga
513 1356 39 21 och
568 1356 69 27 lojala,
653 1363 48 14 men
718 1359 32 18 att
763 1357 38 26 jag
816 1357 97 20 däremot

82 1390 63 15 anser
169 1385 36 20 det
229 1391 49 14 vara
301 1384 135 27 fullständigt
459 1385 69 20 under
551 1385 128 21 ständernas
702 1385 115 27 värdighet
832 1387 31 19 att
878 1384 35 21 vid

83 1412 111 22 stiftandet
209 1413 23 21 af
245 1413 34 26 lag
293 1413 33 20 för
341 1413 48 21 vårt
405 1413 48 21 land
469 1415 50 24 taga
535 1414 56 20 notis
608 1419 35 15 om
659 1413 114 27 oförsynta
787 1414 127 21 insinuatio-

83 1447 38 15 ner
143 1441 23 21 af
180 1442 65 21 sådan
261 1444 38 23 art,
315 1448 46 15 som
379 1442 40 21 den
432 1442 38 26 jag
486 1442 41 21 sist
541 1442 83 21 nämde.
653 1442 43 26 Jag
715 1442 88 27 hoppas,
819 1444 31 19 att
865 1442 49 20 bor-

84 1471 137 26 gareståndet
243 1470 44 21 icke
311 1470 76 21 enbart
408 1470 28 27 på
458 1470 70 27 grund
551 1470 22 21 af
588 1471 40 20 den
645 1470 126 25 auktoritet,
788 1477 46 14 som
851 1476 63 21 synes

83 1499 108 26 inneligga
206 1499 7 20 i
228 1499 72 26 hvarje
322 1499 252 26 värnepliktsutskottets
597 1499 86 26 förslag,
710 1499 72 21 därför
805 1501 31 19 att
852 1499 63 20 dessa

83 1533 30 14 nu
133 1527 38 21 alls
192 1527 45 21 icke
259 1533 45 15 som
321 1533 79 15 annars
415 1527 84 27 åtföljas
515 1527 21 21 af
551 1527 165 26 anmärkningar
733 1527 39 22 och
788 1527 127 26 erinringar,

860 1567 10 16 3
