1103 1786
207 115 42 21 114
953 122 24 17 13
989 121 49 20 maj.

205 189 144 23 ordföranden
365 191 39 21 och
420 191 96 21 ständets
533 191 139 26 sekreterare,
688 192 69 20 skulle
773 191 142 21 öfverläinnas
931 191 30 21 till
973 193 63 19 stats-

204 218 83 22 arkivet
302 219 7 21 i
324 219 103 22 konvolut
442 220 47 21 med
506 220 96 27 päskrift,
618 222 32 19 att
665 220 58 21 detta
738 220 46 22 icke
799 220 56 26 finge
867 221 82 25 öppnas
964 219 71 21 förrän

205 247 104 27 tjugnfem
333 248 23 21 är
378 248 53 22 efter
453 249 153 25 inlämnandet,
623 249 54 21 dock
698 250 47 20 med
762 250 42 20 rätt
820 248 32 21 för
869 248 101 21 Finlands
987 248 49 20 bor-

205 276 114 26 gareständ
341 279 32 19 att
395 276 61 22 äfven
482 276 46 22 före
545 278 109 25 utgängen
670 277 23 21 af
706 278 78 20 nämda
800 277 92 26 tidrymd
908 277 73 21 härom
997 283 38 14 an-

203 304 108 21 norlunda
325 304 108 22 förordna.
461 305 62 22 Efter
538 306 148 21 elektorernas
702 306 158 21 sammanträde
877 305 52 21 hade
945 305 24 21 hr
985 305 49 20 ord-

203 332 104 22 föranden
329 333 116 22 emellertid
469 335 55 20 varit
546 335 6 20 i
576 334 81 21 tillfälle
672 336 32 19 att
723 335 2 20 i
742 335 65 20 saken
825 334 96 21 meddela
937 334 32 26 sig
984 333 49 21 med

204 361 183 26 statsarkivarien,
403 363 38 20 och
457 363 54 21 hade
533 363 69 21 denne
618 363 33 21 för
667 363 32 21 sin
716 363 33 21 del
765 365 71 19 ansett
852 363 36 21 det
905 369 49 14 vara
970 362 63 21 önsk-

202 389 40 27 ligt
257 392 32 19 att
305 391 51 20 söka
379 391 24 21 sä
425 391 60 27 begå,
501 394 37 19 att,
554 392 6 20 i
576 391 103 22 händelse
695 391 139 22 oförutsedda
850 391 183 26 omständigheter

203 419 71 20 därtill
301 419 62 25 gäfve
385 420 121 27 anledning,
521 420 157 27 handlingarna
696 421 72 20 kunde
783 420 47 21 från
846 420 138 21 statsarkivet
999 422 33 18 ut-

203 449 61 25 tagas
281 448 39 21 och
335 449 141 21 annorstädes
493 449 31 20 till
539 449 72 21 förvar
627 449 111 21 inlämnas.
768 449 78 26 Nägon
862 449 57 26 slags
936 449 96 26 myndig-

203 475 36 22 het
254 477 49 20 med
326 479 43 19 rätt
386 479 37 24 att,
439 477 67 27 enligt
520 477 130 28 päteckning
665 478 12 21 &
692 478 132 25 konvolutet,
839 477 46 21 från
902 477 81 21 arkivet
999 480 33 17 ut-

203 506 50 25 taga
269 505 147 26 depositionen
433 506 66 21 borde
515 506 71 21 därför
602 506 122 26 förefinnas,
734 506 39 21 och
789 506 55 21 hade
857 506 175 21 statsarkivarien

201 533 8 20 i
225 533 77 21 sädant
317 533 99 22 afseende
436 535 111 26 ifrägasatt
568 535 190 27 borgareständets
781 535 121 26 fullmäktig
923 535 38 21 och
977 535 55 20 revi-

202 568 37 14 sor
262 562 7 20 i
292 563 101 21 Finlands
417 563 56 21 bank
495 566 134 24 gemensamt
647 564 49 20 med
712 566 42 18 rätt
770 563 32 21 för
819 563 114 27 suppleant
948 565 31 19 att
995 563 36 21 vid

203 590 110 21 inträffadt
329 590 69 22 förfall
414 592 89 21 inträda.
532 592 131 26 Ytterligare
678 592 54 21 hade
748 594 58 18 ännu
822 595 31 17 ett
868 591 79 27 förslag
962 591 70 21 blifvit

201 619 102 26 privatim
318 619 134 27 framställdt,
469 620 106 27 nämligen
590 623 32 18 att
637 621 155 26 handlingarna
805 620 69 21 skulle
885 620 70 21 säsom
967 620 65 26 depo-

201 647 65 21 sition
282 648 105 21 inlämnas
403 649 30 20 till
454 649 71 26 någon
541 649 71 26 privat
627 649 56 21 bank
699 649 47 21 med
763 648 97 27 påskrift.
875 651 32 18 att
922 649 110 20 desamma

202 675 68 22 borde
285 676 22 21 af
322 677 83 21 banken
421 677 23 21 är
462 678 54 21 1925
532 678 32 21 till
580 678 137 21 statsarkivet
732 677 150 22 öfverlämnas.

270 733 33 21 Hr
326 733 113 22 Heikel
460 734 71 21 anhöll
546 734 53 21 härä
614 741 34 15 om
666 735 61 21 ordet
742 735 40 21 och
797 735 94 26 yttrade:
913 735 31 20 Pä
960 735 71 26 grund

199 760 24 22 af
237 761 36 22 det
289 763 144 25 meddelande,
449 769 47 15 som
512 763 25 21 hr
553 763 143 22 ordföranden
713 764 75 26 gjorde
800 770 34 14 om
847 764 37 20 sitt
895 763 75 21 samtal
981 763 50 21 med

199 791 181 24 statsarkivarien,
403 791 77 22 tilläter
500 792 38 27 jag
559 793 44 26 mig
618 792 84 26 föreslä,
718 795 30 18 att
764 792 64 21 dessa
838 792 107 27 protokoll
961 792 70 21 skulle

199 818 144 22 öfverlämnas
366 820 31 21 till
420 821 83 20 enskild
519 821 56 20 bank
590 821 33 21 för
639 823 31 18 att
685 821 37 21 där
738 821 97 20 förvaras
852 821 30 20 uti
898 821 28 20 25
941 821 29 25 är,
985 821 44 20 ifall

199 847 179 27 borgareständet
398 849 45 21 icke
468 849 90 26 tidigare
582 849 94 22 besluter
692 851 32 20 att
739 851 75 25 uttaga
830 849 53 21 dem.
915 849 72 22 Skulle
1003 849 27 21 de

198 875 47 21 icke
261 876 57 21 inom
335 877 70 21 denna
424 877 92 27 tidrymd
532 877 65 22 blifva
613 880 93 24 uttagna,
723 879 24 20 sä
762 878 70 20 skulle
848 878 83 20 banken
948 878 27 20 dä
990 884 40 20 ega

197 906 34 19 att
246 904 132 22 öfverlämna
394 906 46 21 dem
458 906 30 21 till
505 906 139 22 statsarkivet
659 909 50 19 utan
726 909 32 19 att
773 906 146 27 förseglingen
935 906 95 21 därefter

199 932 70 22 skulle
284 933 92 22 behöfva
391 934 95 22 bevaras.

267 990 33 21 Hr
315 990 91 22 Lille:
423 991 99 21 Ständets
538 992 106 21 elektorer
655 994 50 25 togo
717 998 43 21 nog
771 992 65 21 ocksä
846 992 7 20 i
864 991 163 27 öfvervägande,

196 1018 108 22 huruvida
327 1019 63 21 dessa
405 1020 126 27 handlingar
547 1020 71 22 kunde
634 1020 143 22 öfverlämnas
793 1021 22 20 ät
830 1020 71 27 privat
917 1020 60 26 bank,
989 1020 39 22 och

196 1047 89 26 gjordes
308 1048 27 20 dä
357 1048 41 21 den
413 1049 139 26 invändning,
575 1052 31 17 att
629 1050 35 20 det
679 1055 51 15 vore
749 1049 85 27 mycket
850 1049 89 26 möjligt,
954 1051 31 19 att
1001 1050 28 20 de

195 1075 74 21 kunde
285 1075 104 27 glömmas
409 1077 53 26 bort,
478 1077 7 21 i
500 1077 102 21 händelse
618 1078 26 21 de
660 1078 148 27 deponerades
824 1078 7 20 i
847 1083 25 15 en
888 1078 69 26 privat
968 1078 60 20 insti-

195 1104 78 21 tution.
288 1104 61 21 Efter
364 1105 28 21 25
407 1105 23 21 är
445 1105 97 22 kommer
558 1106 82 27 knappt
650 1107 70 26 nägon
734 1106 114 21 människa
856 1106 54 27 ihäg,
921 1108 32 19 att
963 1106 64 21 dessa

194 1131 129 28 handlingar
345 1133 74 22 finnas.
450 1134 45 27 Mig
517 1141 68 20 synes,
605 1137 32 18 att
659 1135 189 21 statsarkivariens
871 1135 158 26 invändningar

194 1161 47 21 icke
257 1161 68 21 borde
340 1162 80 27 ingifva
435 1163 71 20 alltför
526 1166 59 18 stora
601 1163 171 27 betänkligheter
788 1166 46 17 mot
849 1165 32 19 att
896 1163 132 21 öfverlämna

194 1189 157 27 handlingarna
367 1191 30 20 till
413 1191 143 21 statsarkivet.
582 1191 40 21 Om
640 1192 35 20 det
690 1192 110 26 värkligen
817 1191 69 21 skulle
902 1191 63 21 blitva
980 1191 47 21 fara

193 1218 13 20 å
221 1217 65 27 färde,
302 1220 32 19 att
350 1219 26 21 de
391 1219 71 21 kunde
478 1220 50 20 råka
544 1220 31 20 uti
591 1222 57 19 orätt
658 1220 61 26 hand,
731 1220 25 22 sä
771 1222 24 19 är
806 1220 34 20 väl
851 1220 174 20 statsarkivarien

193 1246 48 26 den,
258 1253 46 15 som
328 1249 96 20 närmast
446 1248 41 21 kan
510 1248 46 21 föra
572 1248 63 22 dessa
650 1256 80 20 papper
746 1249 7 21 i
770 1248 107 22 säkerhet.
906 1248 120 27 Förslaget.

192 1277 33 19 att
248 1275 36 21 det
306 1276 67 21 borde
397 1283 49 15 vara
469 1276 103 22 Finlands
596 1277 166 27 borgareständs
784 1276 179 28 bankfullmäktig
985 1277 40 21 och

192 1304 91 25 revisor,
307 1310 46 15 som
379 1304 68 22 skulle
471 1307 51 25 göra
545 1306 63 25 detta,
625 1312 62 21 synes
710 1307 45 25 mig
777 1306 48 21 icke
840 1306 111 26 praktiskt.
982 1306 44 20 Det

191 1332 70 21 mäste
281 1332 60 22 alltid
361 1332 62 22 hafva
439 1334 32 21 sin
497 1334 93 27 omgäng
605 1336 32 20 att
651 1335 125 21 underrätta
793 1334 48 21 dem
858 1340 41 17 om,
915 1336 31 19 att
961 1334 64 21 dessa

191 1366 83 21 papper
289 1362 101 26 möjligen
406 1362 72 22 kunna
493 1362 86 22 komma
594 1363 31 21 uti
641 1365 69 19 orätta
721 1363 89 21 händer.
829 1363 45 20 Min
885 1362 56 22 äsikt
953 1364 28 24 är,
993 1365 32 18 att

191 1389 183 27 statsarkivarien,
391 1397 33 14 om
440 1391 41 21 han
498 1398 62 14 anser
572 1391 141 22 förhällandet
723 1392 92 26 päkalla,
826 1393 32 19 att
868 1391 63 21 dessa
942 1397 83 21 papper

191 1417 150 27 deponerades
364 1419 33 21 för
417 1420 71 26 nägon
508 1420 30 20 tid
554 1420 141 21 annorstädes
711 1422 26 20 än
753 1420 7 21 i
778 1420 145 25 statsarkivet,
939 1419 85 27 mycket

190 1446 35 21 väl
240 1446 72 22 kunde
328 1447 21 21 fä
364 1448 102 26 rättighet
481 1450 31 20 att
528 1450 51 25 göra
594 1449 64 21 detta.
682 1449 42 27 Jag
738 1455 72 19 anser,
826 1450 32 20 att
869 1448 108 21 desamma
990 1448 34 21 för

190 1474 41 21 den
248 1474 101 23 framtida
364 1475 152 28 forskningens
532 1477 55 20 skull
604 1479 37 18 äro
657 1478 47 20 bäst
720 1477 141 27 tillgängliga,
872 1483 35 14 om
921 1477 26 20 de
958 1477 66 26 depo-

189 1503 93 21 nerades
300 1505 30 20 uti
347 1505 137 21 statsarkivet
500 1505 38 22 och
554 1505 46 21 icke
615 1505 7 21 i
637 1512 26 14 en
679 1506 70 27 privat
765 1505 64 21 bank.
