1106 1756
194 124 42 36 120
942 132 23 18 17
976 131 49 19 mai.

263 203 33 22 Hr
311 203 148 22 Jansson:
475 203 34 21 Då
524 203 159 27 bordläggning
697 202 23 22 af
734 203 59 21 detta
808 201 135 23 betänkande
954 202 23 20 är
987 200 38 22 be-

195 231 58 27 gärd,
268 234 89 24 antager
370 232 43 27 jag,
429 234 31 19 att
470 232 87 22 ståndet
572 232 46 22 icke
633 232 54 22 skall
702 234 67 25 vägra
784 231 48 26 den,
848 230 24 22 så
884 230 83 27 mycket
979 234 47 16 mer

195 266 47 16 som
254 260 26 27 ju
296 260 28 22 all
339 260 123 22 diskussion
478 261 7 21 i
501 260 65 22 saken
583 261 69 21 måste
668 267 50 15 vara
732 260 98 28 ytterligt
850 258 111 22 försvårad
977 258 48 21 där-

194 288 26 26 af,
236 291 32 19 att
290 289 97 21 ståndets
410 289 139 21 medlemmar
572 290 76 21 endast
672 295 77 21 genom
766 295 26 15 en
809 287 130 28 uppläsning
953 286 23 22 af
989 286 36 21 be-

194 317 118 22 tänkandet
326 317 62 22 däraf
398 318 40 24 fått
453 318 40 21 del.
523 318 49 21 Med
588 317 100 22 afseende
704 318 56 26 därå,
772 320 32 18 att
820 316 157 27 bordläggning
991 314 34 22 så-

194 346 66 21 lunda
284 346 97 26 förestår,
399 346 38 22 har
456 346 39 28 jag
510 346 46 22 icke
578 347 116 27 anledning
709 348 31 20 att
755 352 30 16 nu
802 345 68 22 uttala
885 344 44 27 mig
943 344 7 21 i
965 343 60 27 fråga

195 380 35 16 om
252 374 128 22 karaktären
402 375 22 21 af
438 375 41 22 den
495 375 130 26 diskussion,
642 382 46 14 som
704 376 7 20 i
727 374 92 22 stånden
835 374 42 21 kan
892 372 134 22 förekomma

195 403 112 27 angående
322 404 59 21 detta
396 404 140 21 betänkande.
566 404 42 27 Jag
623 404 38 21 ber
676 404 56 21 blott
746 403 22 22 få
782 402 144 28 provisoriskt
935 400 90 24 anmäla,

194 433 32 19 att
241 432 152 27 lagutskottets
416 432 140 26 betänkande,
580 432 66 26 enligt
668 433 44 21 min
735 431 144 28 uppfattning,
903 432 23 19 är
951 428 73 23 defini-

195 452 49 40 tivt
256 460 40 28 och
311 463 32 19 att
365 461 36 21 det
423 461 46 21 icke
492 461 31 21 hit
546 462 130 20 remitterats
692 462 7 20 i
714 461 78 21 sådant
815 459 55 28 syfte
891 465 46 15 som
953 458 36 22 det
1004 456 24 23 af

194 488 26 22 hr
236 489 85 22 Öhman
342 489 33 21 för
390 490 54 21 hans
467 490 34 21 del
524 490 98 27 antydda.
652 490 152 27 Lagutskottet
826 488 37 22 vill
884 488 34 21 väl
933 487 46 21 icke
993 486 32 21 in-

195 517 72 22 hämta
283 518 38 21 råd
336 518 6 21 i
358 524 26 15 en
400 518 95 27 lagfråga
510 518 23 22 af
546 518 91 26 ståndet,
653 519 27 21 då
696 518 133 28 grundlagen
846 516 131 25 förutsätter,
994 517 31 19 att

196 546 36 22 det
247 548 92 20 tvärtom
356 548 23 20 är
395 548 91 24 ståndet,
502 554 47 14 som
565 547 54 21 skall
634 547 96 21 inhämta
745 546 155 28 lagutskottets
911 545 44 21 råd.
983 544 43 26 Jag

195 574 39 22 har
254 576 24 20 så
293 576 83 26 mycket
392 582 44 15 mer
452 576 46 21 skäl
514 576 31 21 till
561 576 71 21 denna
646 576 104 26 anmälan,
764 581 48 15 som
821 575 39 27 jag
869 574 49 21 hört
928 573 25 21 hr
964 573 62 21 Sten-

195 604 49 21 roth
260 604 104 21 beteckna
378 604 58 22 detta
451 604 135 22 betänkande
602 611 46 15 som
664 607 31 19 ett
710 604 82 26 förslag
806 603 33 22 till
855 602 139 22 betänkande.
1014 601 11 21 I

194 631 75 28 frågan
293 639 34 15 om
348 633 156 27 motiveringen
521 633 39 28 för
579 633 40 21 den
636 640 40 14 ena
690 633 52 21 eller
759 632 69 22 andra
843 630 160 28 ståndpunkten
1018 630 8 21 i

196 661 36 21 det
248 661 106 26 afseende,
377 668 46 15 som
439 662 23 21 af
475 662 25 21 hr
516 662 84 21 Öhman
616 662 109 26 berördes,
740 660 131 22 förbehåller
883 660 38 27 jag
936 659 43 27 mig
994 660 33 20 att

194 689 115 22 framdeles
325 692 98 20 närmare
437 690 21 22 få
474 690 67 22 uttala
556 691 49 27 mig.

264 747 36 21 Hr
313 747 90 21 Lille:
418 748 42 26 Jag
475 747 85 21 förenar
576 748 44 26 mig
635 748 7 20 i
657 747 41 21 allo
714 748 50 20 med
779 746 27 22 hr
820 746 102 22 Jansson.

265 804 33 21 Hr
314 804 230 28 Schybergson:
561 805 10 21 I
587 805 26 21 de
625 805 36 21 två
672 805 52 21 sista
735 803 168 27 andragandena
913 802 38 21 har
961 802 64 21 fram-

195 833 57 21 trädt
277 839 25 15 en
326 833 170 27 granntyckthet,
518 840 45 14 som
587 833 107 21 förefaller
714 834 44 26 mig
773 833 7 21 i
796 832 78 27 högsta
890 831 52 27 grad
957 830 69 22 öfver-

194 861 113 21 raskande.
337 861 43 21 Får
403 868 48 15 man
475 862 45 21 icke
544 862 48 21 med
615 862 119 21 hvarandra
758 860 88 22 rådslå?
877 860 42 21 Det
941 861 24 19 är
979 859 47 21 icke

195 889 60 28 fråga
271 896 34 15 om
321 892 33 19 att
368 890 102 27 påtvinga
485 890 105 22 utskottet
605 897 26 15 en
648 890 144 27 uppfattning,
808 890 37 20 det
861 890 23 20 är
900 888 54 22 blott
966 887 61 27 fråga

194 924 36 15 om
253 921 32 19 att
307 919 70 21 lämna
398 919 117 21 utskottets
536 919 137 21 medlemmar
696 919 33 21 del
746 918 48 22 utaf
808 918 27 21 de
851 916 176 28 betänkligheter,

194 953 47 15 som
258 947 67 21 andra
339 948 165 26 landtdagsmän
520 948 32 21 uti
566 948 74 26 frågan
663 948 57 26 hysa.
752 947 66 22 Hvad
835 952 29 15 nu
880 945 95 27 speciellt
990 945 36 21 be-

194 975 73 22 träffar
290 976 41 21 den
353 976 111 27 oskyldiga
486 976 148 27 anmärkning,
656 982 46 15 som
715 976 39 27 jag
770 976 77 26 gjorde
863 988 26 2 —
905 974 33 21 för
954 976 72 18 resten

193 1004 47 21 icke
261 1004 27 27 på
304 1007 48 24 eget
374 1005 96 26 initiativ,
494 1007 50 19 utan
568 1005 88 21 emedan
680 1005 42 21 min
746 1002 193 29 uppmärksamhet
960 1002 68 27 härpå

195 1032 73 22 väckts
292 1033 46 21 utaf
358 1039 26 15 en
400 1034 90 20 medlem
514 1033 23 21 af
550 1036 66 18 annat
631 1034 67 25 stånd,
710 1046 27 2 —
754 1033 24 21 så
794 1033 42 21 kan
849 1032 39 26 jag
903 1031 46 21 icke
964 1030 63 26 finna,

193 1063 32 19 att
249 1061 41 21 den
313 1062 50 21 bort
386 1062 56 26 gifva
464 1062 116 27 anledning
599 1062 31 21 till
652 1064 31 19 att
698 1064 50 25 taga
764 1061 67 22 saken
848 1060 25 22 så
887 1060 8 21 i
910 1059 41 22 den
967 1062 61 18 stora

194 1090 69 25 stilen,
280 1096 46 15 som
342 1097 29 14 nu
387 1090 39 21 har
441 1091 63 20 skett.

263 1147 33 20 Hr
312 1147 145 21 Jansson:
479 1147 42 27 Jag
543 1150 35 18 vet
594 1147 43 27 mig
652 1147 46 21 icke
714 1147 49 20 med
780 1148 32 19 ett
828 1145 39 22 ord
883 1144 62 22 hafva
961 1151 67 20 oppo-

193 1177 62 19 nerat
271 1177 45 19 mot
330 1175 26 21 hr
373 1175 161 28 Schybergsons
549 1175 129 27 fullkomligt
693 1175 65 27 lojala
767 1174 109 28 yttrande.
906 1173 30 27 Ty
947 1179 35 15 om
993 1176 34 18 ut-

192 1203 83 22 skottet
290 1210 26 15 en
332 1204 57 27 gång
404 1204 96 21 hitsändt
514 1205 38 20 sitt
568 1203 133 22 betänkande
722 1210 35 15 om
774 1203 41 21 ock
832 1203 55 20 blott
906 1202 30 21 till
947 1202 80 21 känne-

194 1232 56 26 dom,
267 1233 24 20 så
313 1232 46 21 icke
374 1233 108 21 förmenar
502 1233 34 21 väl
552 1233 110 25 utskottet,
678 1235 31 18 att
724 1231 126 22 diskussion
867 1237 35 15 om
918 1231 58 21 detta
991 1230 36 21 be-

193 1260 109 22 tänkande
325 1267 50 20 eger
396 1268 55 14 rum.
481 1262 50 20 Mitt
552 1261 103 21 förbehåll
678 1263 31 19 att
731 1260 118 22 framdeles
865 1259 21 21 få
901 1259 68 21 uttala
984 1259 44 26 mig

194 1289 112 27 angående
322 1289 164 22 diskussionens
502 1290 103 21 innebörd
621 1289 136 22 föranleddes
774 1288 189 27 hufvudsakligast
973 1287 23 21 af
1002 1287 26 21 hr

193 1317 115 22 Stenroths
329 1318 89 27 uttryck,
434 1319 27 21 då
476 1319 25 21 hr
516 1318 103 22 Stenroth
634 1318 83 21 kallade
732 1317 149 22 betänkandet
896 1319 31 18 ett
942 1316 85 27 förslag

192 1346 32 21 till
246 1346 142 22 betänkande.
419 1347 39 21 Att
473 1353 29 15 nu
518 1347 49 27 ingå
582 1347 28 26 på
624 1347 26 20 hr
666 1347 166 27 Schybergsons
847 1345 131 21 förebråelse
993 1344 34 21 för

192 1375 168 26 granrtyckthet
375 1382 51 15 vore
441 1377 32 20 att
488 1376 116 27 anticipera
619 1375 28 27 pä
662 1375 40 22 den
719 1375 134 24 diskussion,
869 1373 86 21 hvilken
967 1373 59 21 kom-

191 1409 47 15 mer
262 1405 32 20 att
309 1410 40 21 ega
372 1410 47 15 rum
442 1403 54 22 efter
511 1404 99 21 ärendets
630 1404 160 27 bordläggning
812 1403 41 21 och
868 1403 7 20 i
891 1402 84 21 hvilken
989 1401 39 27 jag

192 1432 68 21 redan
276 1431 121 22 förbehållit
412 1433 44 26 mig
470 1434 32 19 att
516 1432 22 21 få
552 1435 49 24 taga
616 1433 40 20 del.

263 1489 33 20 Hr
312 1489 163 22 Stenroth:
491 1489 74 22 Minun
581 1491 71 25 täytyy
668 1495 71 19 sanoa,
756 1490 46 21 että
822 1487 50 22 olen
888 1487 62 21 aivan
965 1487 62 32 kum-

194 1517 166 22 mastuksissani
376 1517 38 22 hra
429 1518 117 21 Janssonin
561 1518 121 21 lausunnon
696 1517 111 28 johdosta.
838 1517 33 20 En
884 1516 35 21 voi
929 1515 98 26 käsittää,
