1100 1775
207 109 30 21 24
941 113 24 17 18
978 116 63 14 mars.

279 184 33 21 Hr
332 184 151 22 Jansson:
514 184 49 22 Mitt
585 184 82 27 förslag
689 185 7 20 i
719 184 59 22 detta
800 182 123 23 hänseende
946 182 37 21 har
1003 181 39 27 jag

208 213 67 21 redan
297 213 91 27 tidigare
404 213 112 21 betecknat
532 213 71 21 såsom
620 215 31 19 ett
667 213 123 22 sekundärt.
821 212 56 21 Dess
894 210 108 28 betydelse
1018 211 24 20 är

208 242 64 21 alltså
287 242 46 21 icke
355 248 39 15 ens
413 242 140 21 närmelsevis
565 241 110 27 jämförlig
690 242 49 21 med
755 242 26 21 de
796 240 83 26 frågors
902 240 21 21 vi
939 246 50 20 nyss
1006 244 36 21 ge-

209 276 52 16 nom
285 270 138 27 omröstning
444 270 86 27 afgjort.
567 270 49 21 Men
640 270 252 27 värnepliktsutskottets
915 268 72 22 försök
1010 269 33 19 att

209 299 89 26 inpassa
321 299 58 21 detta
402 299 118 26 stadgande
543 299 31 21 uti
597 299 12 26 8
629 299 14 20 4
659 299 39 21 och
714 298 156 26 motiveringen
887 297 72 21 därför
974 295 69 22 måste

207 327 39 27 jag
268 327 56 22 ändå
346 327 109 25 beteckna,
479 327 49 22 med
550 327 66 21 förlof
629 327 69 27 sagdt,
714 327 72 21 såsom
803 326 96 27 skäligen
916 325 54 22 sökt.
999 324 43 21 Det

210 358 23 19 är
250 356 44 27 mig
315 356 98 27 omöjligt
430 358 31 19 att
476 355 58 26 fatta,
550 356 56 21 huru
621 362 50 15 man
687 356 69 21 under
772 362 29 15 nu
818 354 98 28 gällande
931 355 12 25 $
959 354 13 20 4
988 352 54 22 skall

210 384 75 21 kunna
307 385 45 20 läsa
375 391 38 14 ens
436 391 25 15 en
485 385 156 26 tillstymmelse
662 385 31 20 till
709 384 119 27 stadgande
844 383 81 25 därom,
941 385 31 18 att
986 381 57 22 finsk

210 413 145 28 värnepliktig
390 413 77 27 fullgör
492 413 33 21 sin
556 413 121 27 värneplikt
706 413 35 21 vid
764 412 57 22 finsk
851 414 72 25 trupp.
974 410 71 27 Långt

211 442 85 21 klarare
319 442 71 27 grund
413 448 34 15 ser
464 442 38 27 jag
518 442 26 21 dä
567 442 30 21 till
619 444 32 19 ett
676 442 77 21 sådant
777 441 120 27 stadgande
912 440 32 21 uti
960 440 10 20 1
997 440 47 25 $:ns

211 471 139 26 bestämning
365 471 80 26 därom,
461 473 32 19 att
508 471 36 20 det
559 473 23 18 är
597 470 33 21 för
647 471 36 21 sitt
698 470 152 22 fädernesland
866 469 27 21 de
905 468 69 21 finska
984 467 59 22 med-

212 499 121 27 borgarena
355 501 76 25 utgöra
451 500 33 21 sin
500 499 126 27 värneplikt.
657 499 77 22 Stöder
747 499 38 27 jag
800 499 44 26 mig
859 498 28 27 pä
902 497 142 26 värneplikts-

212 528 118 21 utskottets
346 528 78 27 riktiga
439 528 74 26 motiv,
529 528 36 21 det
579 530 32 19 att
627 534 48 15 man
692 528 31 21 uti
739 534 26 15 en
782 526 105 28 paragraf,
901 525 101 22 särskildt
1012 525 33 20 uti

212 563 27 14 en
255 556 23 21 af
292 557 187 26 grundlagsnatur,
501 556 46 21 icke
569 557 68 21 under
653 557 134 20 närvarande
803 555 102 22 situation
923 555 38 20 bör
975 553 71 22 införa

212 585 121 28 någonting
355 585 86 22 alldeles
465 587 52 26 nytt,
537 585 43 22 ifall
596 585 59 22 detta
669 585 42 21 kan
728 585 111 25 undvikas,
856 584 24 21 sä
895 585 46 20 tror
954 583 42 27 jag,
1012 584 33 20 att

209 614 40 27 jag
264 614 61 27 följer
341 614 250 28 värnepliktsutskottets
607 615 131 20 intentioner
754 614 6 21 i
776 614 77 21 sädant
869 612 100 22 afseende
984 612 61 26 längt

211 649 53 20 mer,
288 650 35 14 om
343 643 39 27 jag
407 643 95 27 placerar
525 643 128 27 stadgandet
676 643 31 21 uti
735 644 5 20 1
762 644 13 25 $
800 644 27 19 än
853 642 31 20 uti
910 641 41 21 den
976 640 69 27 fjärde

212 672 43 20 För
279 672 64 27 öfrigt
366 672 38 21 ber
425 672 38 27 jag
484 672 21 20 fä
528 672 87 26 päpeka,
643 674 31 19 att
697 670 209 28 värnepliktslagens
931 670 9 20 1
966 670 13 26 $
995 668 49 21 med

212 700 29 21 all
264 700 136 22 sannolikhet
422 701 97 21 kommer
541 703 32 18 att
597 700 96 27 undergä
716 706 26 15 en
766 700 93 25 ändring
881 698 39 22 och
936 700 31 19 att
982 697 62 21 äfven

213 728 72 22 därför
304 730 7 20 i
327 730 155 26 sammanhang
505 729 48 21 med
575 729 119 27 ändringen
718 729 65 21 ocksä
805 728 98 26 tillägget
921 727 67 21 hällre
1002 726 42 20 kan

214 759 64 25 göras
301 760 26 19 än
344 758 35 21 vid
394 764 25 14 en
436 758 105 26 paragraf,
557 764 46 15 som
620 757 108 21 sannolikt
743 757 75 21 förblir
834 756 135 21 oförändrad.

285 815 32 21 Hr
333 815 127 27 Elving:
483 815 50 21 Icke
553 815 41 21 kan
611 815 39 27 jag
664 815 64 26 finna,
744 817 32 19 att
791 815 38 21 det
843 816 24 18 är
883 813 49 21 sökt
947 815 31 19 att
993 818 53 15 anse

213 844 71 21 denna
306 844 137 27 bestämning
463 846 96 19 närmast
574 844 52 21 höra
645 844 32 21 till
693 845 11 25 $
719 845 20 24 4,
755 846 21 24 ty
793 844 36 20 det
845 842 45 22 stär
905 843 7 20 i
928 842 12 26 $
955 841 20 27 4,
992 842 52 20 hvar

214 873 27 20 de
257 872 128 27 uppbädade
401 872 155 27 värnepliktiga
571 872 61 21 skola
647 873 102 26 placeras,
765 872 109 25 nämligen
890 871 35 20 vid
939 870 25 21 de
975 870 71 21 aktiva

213 903 125 24 trupperna,
361 901 39 21 och
419 903 39 19 när
473 901 7 20 i
496 902 13 25 8
524 901 13 20 3
553 903 23 18 är
592 901 69 26 sagdt,
677 903 30 19 att
722 901 85 21 landets
824 899 120 27 krigsmakt
959 900 87 25 utgöres

213 929 24 21 af
257 929 26 21 de
306 929 72 22 aktiva
396 932 123 25 trupperna,
541 930 24 20 sä
580 931 23 19 är
619 930 36 21 det
671 929 82 27 tydligt,
769 931 32 19 att
816 929 7 20 i
839 929 12 26 $
867 928 14 21 4
894 927 67 22 borde
976 929 70 24 sägas,

214 960 33 19 att
269 958 36 21 det
328 960 23 19 är
375 959 34 20 vid
425 959 40 20 den
482 958 68 21 finska
565 958 92 21 aktiven.
687 958 41 27 Jag
744 960 36 19 vet
795 957 111 21 dessutom
923 956 51 25 icke,
990 955 55 21 huru

214 993 49 15 man
280 993 90 14 numera
386 986 53 22 efter
455 987 96 21 ständets
567 989 86 19 senaste
669 986 72 22 beslut
757 992 35 15 om
809 988 31 19 ett
855 985 75 26 tillägg
942 984 31 21 till
984 990 62 21 para-

215 1015 72 27 grafen
305 1015 69 21 skulle
389 1015 21 22 få
425 1022 47 15 rum
489 1015 70 22 därför
574 1015 7 21 i
597 1016 12 25 &
627 1016 10 19 1
655 1015 50 21 eller
721 1021 35 15 om
773 1015 37 20 det
826 1020 38 15 ens
880 1019 52 15 vore
949 1012 97 27 lämpligt

213 1046 38 23 att,
267 1044 27 21 dä
309 1050 49 15 man
375 1044 100 21 hänvisar
491 1044 30 21 till
537 1044 26 21 de
579 1044 100 26 grunder,
696 1050 47 15 som
759 1044 7 20 i
781 1043 63 26 lagen
861 1041 113 22 framdeles
987 1043 59 19 näm-

214 1079 46 19 nas,
275 1072 39 21 här
330 1074 49 25 taga
394 1073 21 20 in
432 1079 45 14 mer
492 1074 27 19 än
534 1072 56 21 hvad
605 1073 39 20 här
659 1073 65 20 redan
742 1072 51 21 stär.

284 1130 33 21 Hr
332 1130 151 21 Jansson:
513 1130 43 21 Det
577 1130 42 21 kan
642 1136 29 15 nu
694 1129 103 27 slutligen
821 1128 65 21 blifva
905 1134 26 15 en
946 1127 100 21 formule-

214 1158 128 28 ringsfräga,
357 1159 56 20 huru
436 1165 48 14 man
500 1159 7 20 i
522 1159 13 26 &
552 1159 10 20 1
579 1158 54 21 skall
649 1158 21 21 fä
685 1158 85 27 inrymd
785 1157 56 21 bäde
858 1157 39 20 den
914 1156 69 25 tanke,
1000 1161 46 15 som

213 1187 69 27 ligger
305 1187 31 21 till
360 1188 70 26 grund
453 1187 32 21 för
507 1187 26 21 hr
549 1187 162 27 Schybergsons
731 1187 68 21 redan
823 1185 114 27 godkända
952 1184 94 27 tilläggs-

213 1216 84 26 förslag
319 1216 40 21 och
379 1216 48 21 mitt
447 1216 81 26 förslag
543 1222 35 15 om
595 1216 70 21 denna
680 1215 169 27 öfverflyttning.
879 1214 10 20 I
905 1213 41 21 alla
961 1212 86 22 händel-

214 1250 36 15 ser
273 1244 104 22 vidhäller
397 1244 38 28 jag
453 1245 27 27 pä
503 1245 36 21 det
561 1244 151 26 bestämdaste,
735 1246 33 19 att
783 1243 60 21 detta
859 1242 74 26 tillägg
947 1242 46 20 icke
1008 1241 39 21 har

213 1273 122 27 någonting
357 1274 49 20 med
427 1274 13 25 $
455 1273 14 21 4
484 1275 31 19 att
531 1272 72 22 skaffa.
632 1273 30 27 Ty
684 1273 36 21 det
737 1274 24 19 är
782 1272 25 26 ju
827 1271 39 21 alls
881 1270 47 22 icke
943 1270 103 26 omöjligt,

214 1303 33 19 att
270 1308 48 14 man
339 1302 49 21 med
412 1302 25 21 de
457 1302 71 21 aktiva
543 1304 119 24 trupperna
677 1301 39 21 och
731 1306 104 16 reserven
852 1300 27 26 pä
896 1300 26 20 de
937 1298 48 26 häll,
1001 1300 46 19 mot

213 1330 74 21 hvilka
295 1330 20 21 vi
323 1329 63 22 träffa
396 1330 50 21 vära
457 1330 111 27 garantier,
578 1330 79 21 förstär
668 1330 58 21 aktiv
737 1329 40 21 och
786 1334 74 16 reserv
869 1328 6 20 i
883 1328 164 26 kejsaredömet.

285 1387 70 21 Sedan
372 1388 149 21 diskussionen
537 1387 88 21 härmed
641 1386 114 22 förklarats
767 1386 100 24 afslutad,
879 1384 131 22 framställde
1021 1384 26 20 hr

215 1415 144 22 ordföranden
375 1416 93 27 följande
483 1416 294 26 omröstningsproposition:

285 1467 38 25 De,
339 1468 75 20 hvilka
427 1468 117 26 godkänna
559 1467 114 20 utskottets
688 1466 87 27 förslag
791 1466 35 20 till
842 1465 79 27 lydelse
936 1464 36 27 för
987 1465 14 26 $
1017 1464 30 20 1%

214 1495 36 21 det
265 1495 29 28 af
305 1495 28 21 hr
349 1496 97 21 Jansson
461 1495 118 21 anmärkta
595 1495 106 28 afseende,
716 1497 63 18 rösta
792 1494 37 27 ja;
