<?xml version="1.0" encoding="UTF-8"?>
<alto xmlns="http://www.loc.gov/standards/alto/ns-v3#" xmlns:xlink="http://www.w3.org/1999/xlink" xmlns:xsi="http://www.w3.org/2001/XMLSchema-instance" xsi:schemaLocation="http://www.loc.gov/standards/alto/ns-v3# http://www.loc.gov/alto/v3/alto-3-0.xsd">
	<Description>
		<MeasurementUnit>pixel</MeasurementUnit>
		<sourceImageInformation>
			<fileName>/tmp/tess_w3e7e67z_input.PNG</fileName>
		</sourceImageInformation>
		<OCRProcessing ID="OCR_0">
			<ocrProcessingStep>
				<processingSoftware>
					<softwareName>tesseract 5.3.4</softwareName>
				</processingSoftware>
			</ocrProcessingStep>
		</OCRProcessing>
	</Description>
	<Layout>
		<Page WIDTH="1106" HEIGHT="1792" PHYSICAL_IMG_NR="0" ID="page_0">
			<PrintSpace HPOS="0" VPOS="0" WIDTH="1106" HEIGHT="1792">
				<ComposedBlock ID="cblock_0" HPOS="202" VPOS="116" WIDTH="826" HEIGHT="22">
					<TextBlock ID="block_0" HPOS="202" VPOS="116" WIDTH="826" HEIGHT="22">
						<TextLine ID="line_0" HPOS="202" VPOS="116" WIDTH="826" HEIGHT="22">
							<String ID="string_0" HPOS="202" VPOS="116" WIDTH="12" HEIGHT="21" WC="0.93" CONTENT="8"/><SP WIDTH="714" VPOS="116" HPOS="214"/>
							<String ID="string_1" HPOS="928" VPOS="121" WIDTH="25" HEIGHT="17" WC="0.96" CONTENT="18"/><SP WIDTH="12" VPOS="121" HPOS="953"/>
							<String ID="string_2" HPOS="965" VPOS="125" WIDTH="63" HEIGHT="13" WC="0.95" CONTENT="mars."/>
						</TextLine>
					</TextBlock>
				</ComposedBlock>
				<GraphicalElement ID="cblock_1" HPOS="202" VPOS="149" WIDTH="826" HEIGHT="5"></GraphicalElement >
				<ComposedBlock ID="cblock_2" HPOS="254" VPOS="316" WIDTH="726" HEIGHT="34">
					<TextBlock ID="block_1" HPOS="254" VPOS="316" WIDTH="726" HEIGHT="34">
						<TextLine ID="line_1" HPOS="254" VPOS="316" WIDTH="726" HEIGHT="34">
							<String ID="string_3" HPOS="254" VPOS="317" WIDTH="62" HEIGHT="27" WC="0.96" CONTENT="Den"/><SP WIDTH="18" VPOS="317" HPOS="316"/>
							<String ID="string_4" HPOS="334" VPOS="317" WIDTH="32" HEIGHT="26" WC="0.96" CONTENT="16"/><SP WIDTH="19" VPOS="317" HPOS="366"/>
							<String ID="string_5" HPOS="385" VPOS="325" WIDTH="83" HEIGHT="23" WC="0.96" CONTENT="mars,"/><SP WIDTH="19" VPOS="325" HPOS="468"/>
							<String ID="string_6" HPOS="487" VPOS="318" WIDTH="73" HEIGHT="27" WC="0.93" CONTENT="efter"/><SP WIDTH="17" VPOS="318" HPOS="560"/>
							<String ID="string_7" HPOS="577" VPOS="317" WIDTH="110" HEIGHT="27" WC="0.91" CONTENT="slutadt"/><SP WIDTH="18" VPOS="317" HPOS="687"/>
							<String ID="string_8" HPOS="705" VPOS="316" WIDTH="133" HEIGHT="27" WC="0.96" CONTENT="officiellt"/><SP WIDTH="19" VPOS="316" HPOS="838"/>
							<String ID="string_9" HPOS="857" VPOS="316" WIDTH="123" HEIGHT="34" WC="0.96" CONTENT="plenum."/>
						</TextLine>
					</TextBlock>
				</ComposedBlock>
				<ComposedBlock ID="cblock_3" HPOS="273" VPOS="391" WIDTH="552" HEIGHT="86">
					<TextBlock ID="block_2" HPOS="273" VPOS="391" WIDTH="552" HEIGHT="86">
						<TextLine ID="line_2" HPOS="274" VPOS="391" WIDTH="551" HEIGHT="28">
							<String ID="string_10" HPOS="274" VPOS="392" WIDTH="144" HEIGHT="22" WC="0.95" CONTENT="Ordförande:"/><SP WIDTH="16" VPOS="392" HPOS="418"/>
							<String ID="string_11" HPOS="434" VPOS="393" WIDTH="25" HEIGHT="21" WC="0.93" CONTENT="hr"/><SP WIDTH="15" VPOS="393" HPOS="459"/>
							<String ID="string_12" HPOS="474" VPOS="393" WIDTH="168" HEIGHT="21" WC="0.92" CONTENT="vicetalmannen"/><SP WIDTH="17" VPOS="393" HPOS="642"/>
							<String ID="string_13" HPOS="659" VPOS="391" WIDTH="166" HEIGHT="28" WC="0.89" CONTENT="Wegelius."/>
						</TextLine>
						<TextLine ID="line_3" HPOS="273" VPOS="449" WIDTH="462" HEIGHT="28">
							<String ID="string_14" HPOS="273" VPOS="450" WIDTH="41" HEIGHT="21" WC="0.96" CONTENT="Vid"/><SP WIDTH="15" VPOS="450" HPOS="314"/>
							<String ID="string_15" HPOS="329" VPOS="450" WIDTH="139" HEIGHT="27" WC="0.93" CONTENT="protokollet:"/><SP WIDTH="16" VPOS="450" HPOS="468"/>
							<String ID="string_16" HPOS="484" VPOS="450" WIDTH="96" HEIGHT="21" WC="0.91" CONTENT="ståndets"/><SP WIDTH="17" VPOS="450" HPOS="580"/>
							<String ID="string_17" HPOS="597" VPOS="449" WIDTH="138" HEIGHT="22" WC="0.95" CONTENT="sekreterare."/>
						</TextLine>
					</TextBlock>
				</ComposedBlock>
				<ComposedBlock ID="cblock_4" HPOS="273" VPOS="507" WIDTH="414" HEIGHT="22">
					<TextBlock ID="block_3" HPOS="273" VPOS="507" WIDTH="414" HEIGHT="22">
						<TextLine ID="line_4" HPOS="273" VPOS="507" WIDTH="414" HEIGHT="22">
							<String ID="string_18" HPOS="273" VPOS="507" WIDTH="159" HEIGHT="21" WC="0.95" CONTENT="Frånvarande:"/><SP WIDTH="15" VPOS="507" HPOS="432"/>
							<String ID="string_19" HPOS="447" VPOS="507" WIDTH="25" HEIGHT="21" WC="0.93" CONTENT="hr"/><SP WIDTH="15" VPOS="507" HPOS="472"/>
							<String ID="string_20" HPOS="487" VPOS="507" WIDTH="19" HEIGHT="22" WC="0.91" CONTENT="J."/><SP WIDTH="42" VPOS="507" HPOS="506"/>
							<String ID="string_21" HPOS="548" VPOS="507" WIDTH="139" HEIGHT="21" WC="0.87" CONTENT="Pelkonen."/>
						</TextLine>
					</TextBlock>
				</ComposedBlock>
				<ComposedBlock ID="cblock_5" HPOS="202" VPOS="648" WIDTH="827" HEIGHT="109">
					<TextBlock ID="block_4" HPOS="202" VPOS="648" WIDTH="827" HEIGHT="109">
						<TextLine ID="line_5" HPOS="273" VPOS="648" WIDTH="754" HEIGHT="29">
							<String ID="string_22" HPOS="273" VPOS="651" WIDTH="120" HEIGHT="26" WC="0.93" CONTENT="Föredrogs"/><SP WIDTH="19" VPOS="651" HPOS="393"/>
							<String ID="string_23" HPOS="412" VPOS="650" WIDTH="249" HEIGHT="27" WC="0.92" CONTENT="värnepliktsutskottets"/><SP WIDTH="16" VPOS="650" HPOS="661"/>
							<String ID="string_24" HPOS="677" VPOS="651" WIDTH="36" HEIGHT="20" WC="0.96" CONTENT="vid"/><SP WIDTH="15" VPOS="651" HPOS="713"/>
							<String ID="string_25" HPOS="728" VPOS="652" WIDTH="85" HEIGHT="19" WC="0.96" CONTENT="senaste"/><SP WIDTH="15" VPOS="652" HPOS="813"/>
							<String ID="string_26" HPOS="828" VPOS="649" WIDTH="97" HEIGHT="21" WC="0.96" CONTENT="enskilda"/><SP WIDTH="15" VPOS="649" HPOS="925"/>
							<String ID="string_27" HPOS="940" VPOS="648" WIDTH="87" HEIGHT="27" WC="0.96" CONTENT="plenum"/>
						</TextLine>
						<TextLine ID="line_6" HPOS="203" VPOS="677" WIDTH="825" HEIGHT="28">
							<String ID="string_28" HPOS="203" VPOS="679" WIDTH="40" HEIGHT="21" WC="0.96" CONTENT="den"/><SP WIDTH="23" VPOS="679" HPOS="243"/>
							<String ID="string_29" HPOS="266" VPOS="679" WIDTH="26" HEIGHT="21" WC="0.96" CONTENT="13"/><SP WIDTH="16" VPOS="679" HPOS="292"/>
							<String ID="string_30" HPOS="308" VPOS="679" WIDTH="81" HEIGHT="22" WC="0.93" CONTENT="dennes"/><SP WIDTH="18" VPOS="679" HPOS="389"/>
							<String ID="string_31" HPOS="407" VPOS="679" WIDTH="117" HEIGHT="26" WC="0.90" CONTENT="bordlagda"/><SP WIDTH="14" VPOS="679" HPOS="524"/>
							<String ID="string_32" HPOS="538" VPOS="679" WIDTH="154" HEIGHT="21" WC="0.96" CONTENT="förberedande"/><SP WIDTH="16" VPOS="679" HPOS="692"/>
							<String ID="string_33" HPOS="708" VPOS="679" WIDTH="80" HEIGHT="26" WC="0.96" CONTENT="förslag"/><SP WIDTH="15" VPOS="679" HPOS="788"/>
							<String ID="string_34" HPOS="803" VPOS="678" WIDTH="32" HEIGHT="21" WC="0.95" CONTENT="till"/><SP WIDTH="15" VPOS="678" HPOS="835"/>
							<String ID="string_35" HPOS="850" VPOS="677" WIDTH="126" HEIGHT="26" WC="0.93" CONTENT="förordning"/><SP WIDTH="15" VPOS="677" HPOS="976"/>
							<String ID="string_36" HPOS="991" VPOS="683" WIDTH="37" HEIGHT="14" WC="0.92" CONTENT="an-"/>
						</TextLine>
						<TextLine ID="line_7" HPOS="204" VPOS="705" WIDTH="825" HEIGHT="30">
							<String ID="string_37" HPOS="204" VPOS="707" WIDTH="82" HEIGHT="27" WC="0.96" CONTENT="gående"/><SP WIDTH="15" VPOS="707" HPOS="286"/>
							<String ID="string_38" HPOS="301" VPOS="708" WIDTH="91" HEIGHT="27" WC="0.96" CONTENT="ändring"/><SP WIDTH="14" VPOS="708" HPOS="392"/>
							<String ID="string_39" HPOS="406" VPOS="707" WIDTH="23" HEIGHT="22" WC="0.96" CONTENT="af"/><SP WIDTH="14" VPOS="707" HPOS="429"/>
							<String ID="string_40" HPOS="443" VPOS="708" WIDTH="104" HEIGHT="21" WC="0.96" CONTENT="särskilda"/><SP WIDTH="16" VPOS="708" HPOS="547"/>
							<String ID="string_41" HPOS="563" VPOS="708" WIDTH="132" HEIGHT="26" WC="0.96" CONTENT="stadganden"/><SP WIDTH="11" VPOS="708" HPOS="695"/>
							<String ID="string_42" HPOS="706" VPOS="707" WIDTH="6" HEIGHT="21" WC="0.93" CONTENT="i"/><SP WIDTH="12" VPOS="707" HPOS="712"/>
							<String ID="string_43" HPOS="724" VPOS="707" WIDTH="194" HEIGHT="26" WC="0.92" CONTENT="värnepliktslagen"/><SP WIDTH="11" VPOS="707" HPOS="918"/>
							<String ID="string_44" HPOS="929" VPOS="705" WIDTH="32" HEIGHT="22" WC="0.91" CONTENT="för"/><SP WIDTH="12" VPOS="705" HPOS="961"/>
							<String ID="string_45" HPOS="973" VPOS="707" WIDTH="56" HEIGHT="19" WC="0.91" CONTENT="stor-"/>
						</TextLine>
						<TextLine ID="line_8" HPOS="202" VPOS="735" WIDTH="604" HEIGHT="22">
							<String ID="string_46" HPOS="202" VPOS="735" WIDTH="158" HEIGHT="22" WC="0.96" CONTENT="furstendömet"/><SP WIDTH="15" VPOS="735" HPOS="360"/>
							<String ID="string_47" HPOS="375" VPOS="737" WIDTH="91" HEIGHT="20" WC="0.96" CONTENT="Finland"/><SP WIDTH="14" VPOS="737" HPOS="466"/>
							<String ID="string_48" HPOS="480" VPOS="736" WIDTH="23" HEIGHT="21" WC="0.95" CONTENT="af"/><SP WIDTH="13" VPOS="736" HPOS="503"/>
							<String ID="string_49" HPOS="516" VPOS="737" WIDTH="41" HEIGHT="20" WC="0.96" CONTENT="den"/><SP WIDTH="16" VPOS="737" HPOS="557"/>
							<String ID="string_50" HPOS="573" VPOS="737" WIDTH="26" HEIGHT="20" WC="0.96" CONTENT="27"/><SP WIDTH="18" VPOS="737" HPOS="599"/>
							<String ID="string_51" HPOS="617" VPOS="736" WIDTH="111" HEIGHT="21" WC="0.96" CONTENT="december"/><SP WIDTH="17" VPOS="736" HPOS="728"/>
							<String ID="string_52" HPOS="745" VPOS="735" WIDTH="61" HEIGHT="22" WC="0.95" CONTENT="1878."/>
						</TextLine>
					</TextBlock>
				</ComposedBlock>
				<ComposedBlock ID="cblock_6" HPOS="202" VPOS="791" WIDTH="828" HEIGHT="87">
					<TextBlock ID="block_5" HPOS="202" VPOS="791" WIDTH="828" HEIGHT="87">
						<TextLine ID="line_9" HPOS="273" VPOS="791" WIDTH="757" HEIGHT="29">
							<String ID="string_53" HPOS="273" VPOS="794" WIDTH="31" HEIGHT="21" WC="0.96" CONTENT="På"/><SP WIDTH="14" VPOS="794" HPOS="304"/>
							<String ID="string_54" HPOS="318" VPOS="793" WIDTH="26" HEIGHT="22" WC="0.96" CONTENT="hr"/><SP WIDTH="15" VPOS="793" HPOS="344"/>
							<String ID="string_55" HPOS="359" VPOS="794" WIDTH="212" HEIGHT="21" WC="0.96" CONTENT="ordförandens"/><SP WIDTH="35" VPOS="794" HPOS="571"/>
							<String ID="string_56" HPOS="606" VPOS="793" WIDTH="65" HEIGHT="27" WC="0.96" CONTENT="fråga,"/><SP WIDTH="13" VPOS="793" HPOS="671"/>
							<String ID="string_57" HPOS="684" VPOS="793" WIDTH="106" HEIGHT="22" WC="0.96" CONTENT="huruvida"/><SP WIDTH="13" VPOS="793" HPOS="790"/>
							<String ID="string_58" HPOS="803" VPOS="793" WIDTH="84" HEIGHT="21" WC="0.96" CONTENT="ståndet"/><SP WIDTH="11" VPOS="793" HPOS="887"/>
							<String ID="string_59" HPOS="898" VPOS="791" WIDTH="132" HEIGHT="22" WC="0.96" CONTENT="omedelbart"/>
						</TextLine>
						<TextLine ID="line_10" HPOS="202" VPOS="820" WIDTH="828" HEIGHT="30">
							<String ID="string_60" HPOS="202" VPOS="822" WIDTH="50" HEIGHT="21" WC="0.92" CONTENT="ville"/><SP WIDTH="15" VPOS="822" HPOS="252"/>
							<String ID="string_61" HPOS="267" VPOS="822" WIDTH="87" HEIGHT="28" WC="0.92" CONTENT="öfvergå"/><SP WIDTH="15" VPOS="822" HPOS="354"/>
							<String ID="string_62" HPOS="369" VPOS="823" WIDTH="31" HEIGHT="21" WC="0.93" CONTENT="till"/><SP WIDTH="16" VPOS="823" HPOS="400"/>
							<String ID="string_63" HPOS="416" VPOS="823" WIDTH="198" HEIGHT="27" WC="0.92" CONTENT="detaljgranskning"/><SP WIDTH="14" VPOS="823" HPOS="614"/>
							<String ID="string_64" HPOS="628" VPOS="822" WIDTH="23" HEIGHT="22" WC="0.96" CONTENT="af"/><SP WIDTH="13" VPOS="822" HPOS="651"/>
							<String ID="string_65" HPOS="664" VPOS="822" WIDTH="103" HEIGHT="27" WC="0.96" CONTENT="förslaget"/><SP WIDTH="13" VPOS="822" HPOS="767"/>
							<String ID="string_66" HPOS="780" VPOS="822" WIDTH="52" HEIGHT="20" WC="0.93" CONTENT="eller"/><SP WIDTH="13" VPOS="822" HPOS="832"/>
							<String ID="string_67" HPOS="845" VPOS="820" WIDTH="136" HEIGHT="22" WC="0.91" CONTENT="därförinnan"/><SP WIDTH="12" VPOS="820" HPOS="981"/>
							<String ID="string_68" HPOS="993" VPOS="820" WIDTH="37" HEIGHT="21" WC="0.90" CONTENT="be-"/>
						</TextLine>
						<TextLine ID="line_11" HPOS="203" VPOS="851" WIDTH="491" HEIGHT="27">
							<String ID="string_69" HPOS="203" VPOS="851" WIDTH="79" HEIGHT="21" WC="0.96" CONTENT="handla"/><SP WIDTH="15" VPOS="851" HPOS="282"/>
							<String ID="string_70" HPOS="297" VPOS="852" WIDTH="88" HEIGHT="20" WC="0.96" CONTENT="ärendet"/><SP WIDTH="15" VPOS="852" HPOS="385"/>
							<String ID="string_71" HPOS="400" VPOS="852" WIDTH="7" HEIGHT="20" WC="0.96" CONTENT="i"/><SP WIDTH="15" VPOS="852" HPOS="407"/>
							<String ID="string_72" HPOS="422" VPOS="852" WIDTH="50" HEIGHT="20" WC="0.96" CONTENT="dess"/><SP WIDTH="15" VPOS="852" HPOS="472"/>
							<String ID="string_73" HPOS="487" VPOS="851" WIDTH="76" HEIGHT="26" WC="0.93" CONTENT="helhet,"/><SP WIDTH="16" VPOS="851" HPOS="563"/>
							<String ID="string_74" HPOS="579" VPOS="852" WIDTH="66" HEIGHT="20" WC="0.91" CONTENT="utbad"/><SP WIDTH="16" VPOS="852" HPOS="645"/>
							<String ID="string_75" HPOS="661" VPOS="851" WIDTH="33" HEIGHT="27" WC="0.96" CONTENT="sig"/>
						</TextLine>
					</TextBlock>
				</ComposedBlock>
				<ComposedBlock ID="cblock_7" HPOS="201" VPOS="905" WIDTH="831" HEIGHT="515">
					<TextBlock ID="block_6" HPOS="201" VPOS="905" WIDTH="831" HEIGHT="515">
						<TextLine ID="line_12" HPOS="275" VPOS="905" WIDTH="754" HEIGHT="30">
							<String ID="string_76" HPOS="275" VPOS="908" WIDTH="25" HEIGHT="21" WC="0.93" CONTENT="hr"/><SP WIDTH="39" VPOS="908" HPOS="300"/>
							<String ID="string_77" HPOS="339" VPOS="908" WIDTH="195" HEIGHT="27" WC="0.90" CONTENT="Schybergson"/><SP WIDTH="17" VPOS="908" HPOS="534"/>
							<String ID="string_78" HPOS="551" VPOS="908" WIDTH="61" HEIGHT="21" WC="0.96" CONTENT="ordet"/><SP WIDTH="14" VPOS="908" HPOS="612"/>
							<String ID="string_79" HPOS="626" VPOS="908" WIDTH="40" HEIGHT="21" WC="0.96" CONTENT="och"/><SP WIDTH="14" VPOS="908" HPOS="666"/>
							<String ID="string_80" HPOS="680" VPOS="908" WIDTH="93" HEIGHT="26" WC="0.96" CONTENT="yttrade:"/><SP WIDTH="31" VPOS="908" HPOS="773"/>
							<String ID="string_81" HPOS="804" VPOS="907" WIDTH="42" HEIGHT="21" WC="0.96" CONTENT="För"/><SP WIDTH="15" VPOS="907" HPOS="846"/>
							<String ID="string_82" HPOS="861" VPOS="906" WIDTH="43" HEIGHT="21" WC="0.95" CONTENT="min"/><SP WIDTH="12" VPOS="906" HPOS="904"/>
							<String ID="string_83" HPOS="916" VPOS="906" WIDTH="33" HEIGHT="21" WC="0.95" CONTENT="del"/><SP WIDTH="11" VPOS="906" HPOS="949"/>
							<String ID="string_84" HPOS="960" VPOS="905" WIDTH="69" HEIGHT="22" WC="0.96" CONTENT="skulle"/>
						</TextLine>
						<TextLine ID="line_13" HPOS="201" VPOS="934" WIDTH="827" HEIGHT="30">
							<String ID="string_85" HPOS="201" VPOS="936" WIDTH="38" HEIGHT="27" WC="0.96" CONTENT="jag"/><SP WIDTH="23" VPOS="936" HPOS="239"/>
							<String ID="string_86" HPOS="262" VPOS="936" WIDTH="80" HEIGHT="22" WC="0.94" CONTENT="föreslå"/><SP WIDTH="21" VPOS="936" HPOS="342"/>
							<String ID="string_87" HPOS="363" VPOS="943" WIDTH="26" HEIGHT="15" WC="0.96" CONTENT="en"/><SP WIDTH="22" VPOS="943" HPOS="389"/>
							<String ID="string_88" HPOS="411" VPOS="937" WIDTH="129" HEIGHT="27" WC="0.96" CONTENT="behandling"/><SP WIDTH="21" VPOS="937" HPOS="540"/>
							<String ID="string_89" HPOS="561" VPOS="936" WIDTH="101" HEIGHT="28" WC="0.96" CONTENT="paragraf"/><SP WIDTH="12" VPOS="936" HPOS="662"/>
							<String ID="string_90" HPOS="674" VPOS="936" WIDTH="33" HEIGHT="21" WC="0.96" CONTENT="för"/><SP WIDTH="15" VPOS="936" HPOS="707"/>
							<String ID="string_91" HPOS="722" VPOS="935" WIDTH="106" HEIGHT="28" WC="0.94" CONTENT="paragraf."/><SP WIDTH="31" VPOS="935" HPOS="828"/>
							<String ID="string_92" HPOS="859" VPOS="935" WIDTH="49" HEIGHT="21" WC="0.95" CONTENT="Men"/><SP WIDTH="13" VPOS="935" HPOS="908"/>
							<String ID="string_93" HPOS="921" VPOS="935" WIDTH="38" HEIGHT="26" WC="0.95" CONTENT="jag"/><SP WIDTH="15" VPOS="935" HPOS="959"/>
							<String ID="string_94" HPOS="974" VPOS="934" WIDTH="54" HEIGHT="26" WC="0.95" CONTENT="ville,"/>
						</TextLine>
						<TextLine ID="line_14" HPOS="203" VPOS="962" WIDTH="826" HEIGHT="30">
							<String ID="string_95" HPOS="203" VPOS="967" WIDTH="73" HEIGHT="19" WC="0.91" CONTENT="törrän"/><SP WIDTH="25" VPOS="967" HPOS="276"/>
							<String ID="string_96" HPOS="301" VPOS="966" WIDTH="20" HEIGHT="20" WC="0.96" CONTENT="vi"/><SP WIDTH="21" VPOS="966" HPOS="321"/>
							<String ID="string_97" HPOS="342" VPOS="966" WIDTH="26" HEIGHT="26" WC="0.96" CONTENT="gå"/><SP WIDTH="20" VPOS="966" HPOS="368"/>
							<String ID="string_98" HPOS="388" VPOS="966" WIDTH="31" HEIGHT="20" WC="0.96" CONTENT="till"/><SP WIDTH="17" VPOS="966" HPOS="419"/>
							<String ID="string_99" HPOS="436" VPOS="966" WIDTH="11" HEIGHT="26" WC="0.92" CONTENT="$"/><SP WIDTH="17" VPOS="966" HPOS="447"/>
							<String ID="string_100" HPOS="464" VPOS="966" WIDTH="18" HEIGHT="26" WC="0.96" CONTENT="1,"/><SP WIDTH="14" VPOS="966" HPOS="482"/>
							<String ID="string_101" HPOS="496" VPOS="965" WIDTH="116" HEIGHT="25" WC="0.96" CONTENT="framhålla,"/><SP WIDTH="15" VPOS="965" HPOS="612"/>
							<String ID="string_102" HPOS="627" VPOS="968" WIDTH="32" HEIGHT="18" WC="0.96" CONTENT="att"/><SP WIDTH="15" VPOS="968" HPOS="659"/>
							<String ID="string_103" HPOS="674" VPOS="965" WIDTH="69" HEIGHT="21" WC="0.96" CONTENT="denna"/><SP WIDTH="15" VPOS="965" HPOS="743"/>
							<String ID="string_104" HPOS="758" VPOS="964" WIDTH="160" HEIGHT="26" WC="0.95" CONTENT="handläggning"/><SP WIDTH="15" VPOS="964" HPOS="918"/>
							<String ID="string_105" HPOS="933" VPOS="962" WIDTH="22" HEIGHT="22" WC="0.93" CONTENT="af"/><SP WIDTH="13" VPOS="962" HPOS="955"/>
							<String ID="string_106" HPOS="968" VPOS="965" WIDTH="61" HEIGHT="18" WC="0.93" CONTENT="ären-"/>
						</TextLine>
						<TextLine ID="line_15" HPOS="204" VPOS="991" WIDTH="827" HEIGHT="30">
							<String ID="string_107" HPOS="204" VPOS="994" WIDTH="36" HEIGHT="20" WC="0.96" CONTENT="det"/><SP WIDTH="11" VPOS="994" HPOS="240"/>
							<String ID="string_108" HPOS="251" VPOS="994" WIDTH="69" HEIGHT="21" WC="0.96" CONTENT="måste"/><SP WIDTH="10" VPOS="994" HPOS="320"/>
							<String ID="string_109" HPOS="330" VPOS="1000" WIDTH="64" HEIGHT="15" WC="0.95" CONTENT="anses"/><SP WIDTH="11" VPOS="1000" HPOS="394"/>
							<String ID="string_110" HPOS="405" VPOS="994" WIDTH="69" HEIGHT="21" WC="0.96" CONTENT="såsom"/><SP WIDTH="13" VPOS="994" HPOS="474"/>
							<String ID="string_111" HPOS="487" VPOS="994" WIDTH="128" HEIGHT="27" WC="0.96" CONTENT="preliminär."/><SP WIDTH="13" VPOS="994" HPOS="615"/>
							<String ID="string_112" HPOS="628" VPOS="994" WIDTH="26" HEIGHT="21" WC="0.96" CONTENT="Vi"/><SP WIDTH="9" VPOS="994" HPOS="654"/>
							<String ID="string_113" HPOS="663" VPOS="993" WIDTH="61" HEIGHT="21" WC="0.96" CONTENT="hafva"/><SP WIDTH="6" VPOS="993" HPOS="724"/>
							<String ID="string_114" HPOS="730" VPOS="994" WIDTH="24" HEIGHT="26" WC="0.96" CONTENT="ju"/><SP WIDTH="8" VPOS="994" HPOS="754"/>
							<String ID="string_115" HPOS="762" VPOS="993" WIDTH="47" HEIGHT="21" WC="0.96" CONTENT="icke"/><SP WIDTH="9" VPOS="993" HPOS="809"/>
							<String ID="string_116" HPOS="818" VPOS="992" WIDTH="115" HEIGHT="22" WC="0.93" CONTENT="utskottets"/><SP WIDTH="9" VPOS="992" HPOS="933"/>
							<String ID="string_117" HPOS="942" VPOS="991" WIDTH="89" HEIGHT="21" WC="0.92" CONTENT="motive-"/>
						</TextLine>
						<TextLine ID="line_16" HPOS="204" VPOS="1020" WIDTH="826" HEIGHT="29">
							<String ID="string_118" HPOS="204" VPOS="1022" WIDTH="54" HEIGHT="26" WC="0.96" CONTENT="ring,"/><SP WIDTH="24" VPOS="1022" HPOS="258"/>
							<String ID="string_119" HPOS="282" VPOS="1023" WIDTH="20" HEIGHT="20" WC="0.96" CONTENT="vi"/><SP WIDTH="15" VPOS="1023" HPOS="302"/>
							<String ID="string_120" HPOS="317" VPOS="1022" WIDTH="73" HEIGHT="22" WC="0.96" CONTENT="kunna"/><SP WIDTH="15" VPOS="1022" HPOS="390"/>
							<String ID="string_121" HPOS="405" VPOS="1023" WIDTH="81" HEIGHT="26" WC="0.96" CONTENT="knappt"/><SP WIDTH="14" VPOS="1023" HPOS="486"/>
							<String ID="string_122" HPOS="500" VPOS="1022" WIDTH="97" HEIGHT="22" WC="0.96" CONTENT="betrakta"/><SP WIDTH="16" VPOS="1022" HPOS="597"/>
							<String ID="string_123" HPOS="613" VPOS="1022" WIDTH="69" HEIGHT="21" WC="0.96" CONTENT="denna"/><SP WIDTH="15" VPOS="1022" HPOS="682"/>
							<String ID="string_124" HPOS="697" VPOS="1022" WIDTH="111" HEIGHT="21" WC="0.96" CONTENT="redaktion"/><SP WIDTH="17" VPOS="1022" HPOS="808"/>
							<String ID="string_125" HPOS="825" VPOS="1021" WIDTH="70" HEIGHT="21" WC="0.96" CONTENT="såsom"/><SP WIDTH="18" VPOS="1021" HPOS="895"/>
							<String ID="string_126" HPOS="913" VPOS="1020" WIDTH="117" HEIGHT="21" WC="0.96" CONTENT="utskottets"/>
						</TextLine>
						<TextLine ID="line_17" HPOS="203" VPOS="1048" WIDTH="826" HEIGHT="28">
							<String ID="string_127" HPOS="203" VPOS="1050" WIDTH="113" HEIGHT="26" WC="0.94" CONTENT="definitiva,"/><SP WIDTH="17" VPOS="1050" HPOS="316"/>
							<String ID="string_128" HPOS="333" VPOS="1051" WIDTH="38" HEIGHT="21" WC="0.96" CONTENT="och"/><SP WIDTH="17" VPOS="1051" HPOS="371"/>
							<String ID="string_129" HPOS="388" VPOS="1051" WIDTH="36" HEIGHT="21" WC="0.96" CONTENT="det"/><SP WIDTH="15" VPOS="1051" HPOS="424"/>
							<String ID="string_130" HPOS="439" VPOS="1053" WIDTH="23" HEIGHT="19" WC="0.96" CONTENT="är"/><SP WIDTH="15" VPOS="1053" HPOS="462"/>
							<String ID="string_131" HPOS="477" VPOS="1051" WIDTH="33" HEIGHT="21" WC="0.93" CONTENT="väl"/><SP WIDTH="16" VPOS="1051" HPOS="510"/>
							<String ID="string_132" HPOS="526" VPOS="1050" WIDTH="141" HEIGHT="22" WC="0.92" CONTENT="öfverhufvud"/><SP WIDTH="17" VPOS="1050" HPOS="667"/>
							<String ID="string_133" HPOS="684" VPOS="1050" WIDTH="50" HEIGHT="26" WC="0.96" CONTENT="skäl,"/><SP WIDTH="16" VPOS="1050" HPOS="734"/>
							<String ID="string_134" HPOS="750" VPOS="1052" WIDTH="37" HEIGHT="24" WC="0.96" CONTENT="att,"/><SP WIDTH="12" VPOS="1052" HPOS="787"/>
							<String ID="string_135" HPOS="799" VPOS="1049" WIDTH="62" HEIGHT="21" WC="0.96" CONTENT="äfven"/><SP WIDTH="11" VPOS="1049" HPOS="861"/>
							<String ID="string_136" HPOS="872" VPOS="1056" WIDTH="35" HEIGHT="14" WC="0.96" CONTENT="om"/><SP WIDTH="12" VPOS="1056" HPOS="907"/>
							<String ID="string_137" HPOS="919" VPOS="1048" WIDTH="55" HEIGHT="22" WC="0.93" CONTENT="olika"/><SP WIDTH="11" VPOS="1048" HPOS="974"/>
							<String ID="string_138" HPOS="985" VPOS="1054" WIDTH="44" HEIGHT="15" WC="0.91" CONTENT="om-"/>
						</TextLine>
						<TextLine ID="line_18" HPOS="204" VPOS="1077" WIDTH="826" HEIGHT="29">
							<String ID="string_139" HPOS="204" VPOS="1079" WIDTH="236" HEIGHT="27" WC="0.91" CONTENT="formuleringsförslag"/><SP WIDTH="22" VPOS="1079" HPOS="440"/>
							<String ID="string_140" HPOS="462" VPOS="1080" WIDTH="85" HEIGHT="21" WC="0.96" CONTENT="komma"/><SP WIDTH="22" VPOS="1080" HPOS="547"/>
							<String ID="string_141" HPOS="569" VPOS="1082" WIDTH="32" HEIGHT="18" WC="0.93" CONTENT="att"/><SP WIDTH="15" VPOS="1082" HPOS="601"/>
							<String ID="string_142" HPOS="616" VPOS="1079" WIDTH="133" HEIGHT="27" WC="0.92" CONTENT="framläggas,"/><SP WIDTH="17" VPOS="1079" HPOS="749"/>
							<String ID="string_143" HPOS="766" VPOS="1079" WIDTH="69" HEIGHT="24" WC="0.96" CONTENT="dessa,"/><SP WIDTH="16" VPOS="1079" HPOS="835"/>
							<String ID="string_144" HPOS="851" VPOS="1084" WIDTH="34" HEIGHT="15" WC="0.93" CONTENT="om"/><SP WIDTH="17" VPOS="1084" HPOS="885"/>
							<String ID="string_145" HPOS="902" VPOS="1077" WIDTH="128" HEIGHT="21" WC="0.91" CONTENT="hufvudtan-"/>
						</TextLine>
						<TextLine ID="line_19" HPOS="203" VPOS="1106" WIDTH="827" HEIGHT="27">
							<String ID="string_146" HPOS="203" VPOS="1108" WIDTH="42" HEIGHT="20" WC="0.96" CONTENT="ken"/><SP WIDTH="17" VPOS="1108" HPOS="245"/>
							<String ID="string_147" HPOS="262" VPOS="1108" WIDTH="7" HEIGHT="20" WC="0.96" CONTENT="i"/><SP WIDTH="16" VPOS="1108" HPOS="269"/>
							<String ID="string_148" HPOS="285" VPOS="1108" WIDTH="47" HEIGHT="20" WC="0.96" CONTENT="dem"/><SP WIDTH="24" VPOS="1108" HPOS="332"/>
							<String ID="string_149" HPOS="356" VPOS="1108" WIDTH="100" HEIGHT="21" WC="0.96" CONTENT="omfattas"/><SP WIDTH="22" VPOS="1108" HPOS="456"/>
							<String ID="string_150" HPOS="478" VPOS="1108" WIDTH="23" HEIGHT="21" WC="0.96" CONTENT="af"/><SP WIDTH="22" VPOS="1108" HPOS="501"/>
							<String ID="string_151" HPOS="523" VPOS="1108" WIDTH="95" HEIGHT="25" WC="0.93" CONTENT="stånden,"/><SP WIDTH="24" VPOS="1108" HPOS="618"/>
							<String ID="string_152" HPOS="642" VPOS="1108" WIDTH="142" HEIGHT="20" WC="0.92" CONTENT="öfverlämnas"/><SP WIDTH="18" VPOS="1108" HPOS="784"/>
							<String ID="string_153" HPOS="802" VPOS="1106" WIDTH="32" HEIGHT="22" WC="0.96" CONTENT="till"/><SP WIDTH="16" VPOS="1106" HPOS="834"/>
							<String ID="string_154" HPOS="850" VPOS="1106" WIDTH="116" HEIGHT="21" WC="0.93" CONTENT="utskottets"/><SP WIDTH="15" VPOS="1106" HPOS="966"/>
							<String ID="string_155" HPOS="981" VPOS="1107" WIDTH="49" HEIGHT="19" WC="0.92" CONTENT="när-"/>
						</TextLine>
						<TextLine ID="line_20" HPOS="203" VPOS="1134" WIDTH="827" HEIGHT="29">
							<String ID="string_156" HPOS="203" VPOS="1142" WIDTH="60" HEIGHT="15" WC="0.93" CONTENT="mare"/><SP WIDTH="22" VPOS="1142" HPOS="263"/>
							<String ID="string_157" HPOS="285" VPOS="1136" WIDTH="163" HEIGHT="27" WC="0.91" CONTENT="öfvervägande."/><SP WIDTH="31" VPOS="1136" HPOS="448"/>
							<String ID="string_158" HPOS="479" VPOS="1137" WIDTH="63" HEIGHT="21" WC="0.96" CONTENT="Detta"/><SP WIDTH="22" VPOS="1137" HPOS="542"/>
							<String ID="string_159" HPOS="564" VPOS="1138" WIDTH="22" HEIGHT="19" WC="0.96" CONTENT="är"/><SP WIDTH="21" VPOS="1138" HPOS="586"/>
							<String ID="string_160" HPOS="607" VPOS="1136" WIDTH="24" HEIGHT="27" WC="0.96" CONTENT="ju"/><SP WIDTH="21" VPOS="1136" HPOS="631"/>
							<String ID="string_161" HPOS="652" VPOS="1136" WIDTH="76" HEIGHT="21" WC="0.96" CONTENT="endast"/><SP WIDTH="19" VPOS="1136" HPOS="728"/>
							<String ID="string_162" HPOS="747" VPOS="1142" WIDTH="26" HEIGHT="14" WC="0.96" CONTENT="en"/><SP WIDTH="16" VPOS="1142" HPOS="773"/>
							<String ID="string_163" HPOS="789" VPOS="1135" WIDTH="131" HEIGHT="21" WC="0.93" CONTENT="konsultativ"/><SP WIDTH="17" VPOS="1135" HPOS="920"/>
							<String ID="string_164" HPOS="937" VPOS="1134" WIDTH="93" HEIGHT="21" WC="0.90" CONTENT="behand-"/>
						</TextLine>
						<TextLine ID="line_21" HPOS="203" VPOS="1162" WIDTH="828" HEIGHT="30">
							<String ID="string_165" HPOS="203" VPOS="1164" WIDTH="50" HEIGHT="27" WC="0.96" CONTENT="ling,"/><SP WIDTH="24" VPOS="1164" HPOS="253"/>
							<String ID="string_166" HPOS="277" VPOS="1165" WIDTH="39" HEIGHT="21" WC="0.96" CONTENT="och"/><SP WIDTH="22" VPOS="1165" HPOS="316"/>
							<String ID="string_167" HPOS="338" VPOS="1165" WIDTH="36" HEIGHT="21" WC="0.96" CONTENT="det"/><SP WIDTH="21" VPOS="1165" HPOS="374"/>
							<String ID="string_168" HPOS="395" VPOS="1166" WIDTH="124" HEIGHT="20" WC="0.96" CONTENT="ankommer"/><SP WIDTH="23" VPOS="1166" HPOS="519"/>
							<String ID="string_169" HPOS="542" VPOS="1166" WIDTH="65" HEIGHT="20" WC="0.96" CONTENT="sedan"/><SP WIDTH="20" VPOS="1166" HPOS="607"/>
							<String ID="string_170" HPOS="627" VPOS="1165" WIDTH="27" HEIGHT="27" WC="0.96" CONTENT="på"/><SP WIDTH="16" VPOS="1165" HPOS="654"/>
							<String ID="string_171" HPOS="670" VPOS="1165" WIDTH="106" HEIGHT="21" WC="0.96" CONTENT="utskottet"/><SP WIDTH="16" VPOS="1165" HPOS="776"/>
							<String ID="string_172" HPOS="792" VPOS="1166" WIDTH="32" HEIGHT="19" WC="0.96" CONTENT="att"/><SP WIDTH="15" VPOS="1166" HPOS="824"/>
							<String ID="string_173" HPOS="839" VPOS="1167" WIDTH="48" HEIGHT="23" WC="0.96" CONTENT="taga"/><SP WIDTH="16" VPOS="1167" HPOS="887"/>
							<String ID="string_174" HPOS="903" VPOS="1163" WIDTH="26" HEIGHT="21" WC="0.96" CONTENT="de"/><SP WIDTH="15" VPOS="1163" HPOS="929"/>
							<String ID="string_175" HPOS="944" VPOS="1162" WIDTH="87" HEIGHT="26" WC="0.96" CONTENT="förslag,"/>
						</TextLine>
						<TextLine ID="line_22" HPOS="204" VPOS="1191" WIDTH="826" HEIGHT="29">
							<String ID="string_176" HPOS="204" VPOS="1199" WIDTH="46" HEIGHT="15" WC="0.95" CONTENT="som"/><SP WIDTH="24" VPOS="1199" HPOS="250"/>
							<String ID="string_177" HPOS="274" VPOS="1193" WIDTH="38" HEIGHT="21" WC="0.95" CONTENT="här"/><SP WIDTH="23" VPOS="1193" HPOS="312"/>
							<String ID="string_178" HPOS="335" VPOS="1193" WIDTH="129" HEIGHT="22" WC="0.94" CONTENT="framställas"/><SP WIDTH="16" VPOS="1193" HPOS="464"/>
							<String ID="string_179" HPOS="480" VPOS="1194" WIDTH="38" HEIGHT="21" WC="0.96" CONTENT="och"/><SP WIDTH="16" VPOS="1194" HPOS="518"/>
							<String ID="string_180" HPOS="534" VPOS="1193" WIDTH="100" HEIGHT="27" WC="0.96" CONTENT="möjligen"/><SP WIDTH="16" VPOS="1193" HPOS="634"/>
							<String ID="string_181" HPOS="650" VPOS="1193" WIDTH="101" HEIGHT="21" WC="0.96" CONTENT="omfattas"/><SP WIDTH="16" VPOS="1193" HPOS="751"/>
							<String ID="string_182" HPOS="767" VPOS="1192" WIDTH="23" HEIGHT="21" WC="0.93" CONTENT="af"/><SP WIDTH="14" VPOS="1192" HPOS="790"/>
							<String ID="string_183" HPOS="804" VPOS="1192" WIDTH="95" HEIGHT="21" WC="0.92" CONTENT="ståndets"/><SP WIDTH="18" VPOS="1192" HPOS="899"/>
							<String ID="string_184" HPOS="917" VPOS="1191" WIDTH="113" HEIGHT="27" WC="0.95" CONTENT="majoritet,"/>
						</TextLine>
						<TextLine ID="line_23" HPOS="203" VPOS="1218" WIDTH="828" HEIGHT="31">
							<String ID="string_185" HPOS="203" VPOS="1222" WIDTH="69" HEIGHT="20" WC="0.96" CONTENT="under"/><SP WIDTH="16" VPOS="1222" HPOS="272"/>
							<String ID="string_186" HPOS="288" VPOS="1222" WIDTH="132" HEIGHT="26" WC="0.96" CONTENT="granskning"/><SP WIDTH="16" VPOS="1222" HPOS="420"/>
							<String ID="string_187" HPOS="436" VPOS="1222" WIDTH="38" HEIGHT="21" WC="0.96" CONTENT="och"/><SP WIDTH="16" VPOS="1222" HPOS="474"/>
							<String ID="string_188" HPOS="490" VPOS="1222" WIDTH="99" HEIGHT="27" WC="0.96" CONTENT="möjligen"/><SP WIDTH="17" VPOS="1222" HPOS="589"/>
							<String ID="string_189" HPOS="606" VPOS="1222" WIDTH="113" HEIGHT="27" WC="0.96" CONTENT="godkänna"/><SP WIDTH="16" VPOS="1222" HPOS="719"/>
							<String ID="string_190" HPOS="735" VPOS="1221" WIDTH="56" HEIGHT="21" WC="0.96" CONTENT="hvad"/><SP WIDTH="15" VPOS="1221" HPOS="791"/>
							<String ID="string_191" HPOS="806" VPOS="1227" WIDTH="47" HEIGHT="15" WC="0.95" CONTENT="som"/><SP WIDTH="16" VPOS="1227" HPOS="853"/>
							<String ID="string_192" HPOS="869" VPOS="1220" WIDTH="106" HEIGHT="21" WC="0.93" CONTENT="utskottet"/><SP WIDTH="17" VPOS="1220" HPOS="975"/>
							<String ID="string_193" HPOS="992" VPOS="1218" WIDTH="39" HEIGHT="22" WC="0.92" CONTENT="fin-"/>
						</TextLine>
						<TextLine ID="line_24" HPOS="204" VPOS="1248" WIDTH="826" HEIGHT="30">
							<String ID="string_194" HPOS="204" VPOS="1256" WIDTH="38" HEIGHT="15" WC="0.96" CONTENT="ner"/><SP WIDTH="16" VPOS="1256" HPOS="242"/>
							<String ID="string_195" HPOS="258" VPOS="1250" WIDTH="115" HEIGHT="27" WC="0.96" CONTENT="anledning"/><SP WIDTH="15" VPOS="1250" HPOS="373"/>
							<String ID="string_196" HPOS="388" VPOS="1253" WIDTH="32" HEIGHT="19" WC="0.96" CONTENT="att"/><SP WIDTH="16" VPOS="1253" HPOS="420"/>
							<String ID="string_197" HPOS="436" VPOS="1250" WIDTH="118" HEIGHT="28" WC="0.96" CONTENT="godkänna."/><SP WIDTH="30" VPOS="1250" HPOS="554"/>
							<String ID="string_198" HPOS="584" VPOS="1250" WIDTH="70" HEIGHT="22" WC="0.96" CONTENT="Sedan"/><SP WIDTH="16" VPOS="1250" HPOS="654"/>
							<String ID="string_199" HPOS="670" VPOS="1250" WIDTH="98" HEIGHT="21" WC="0.96" CONTENT="kommer"/><SP WIDTH="16" VPOS="1250" HPOS="768"/>
							<String ID="string_200" HPOS="784" VPOS="1250" WIDTH="40" HEIGHT="20" WC="0.96" CONTENT="den"/><SP WIDTH="17" VPOS="1250" HPOS="824"/>
							<String ID="string_201" HPOS="841" VPOS="1248" WIDTH="108" HEIGHT="22" WC="0.93" CONTENT="definitiva"/><SP WIDTH="15" VPOS="1248" HPOS="949"/>
							<String ID="string_202" HPOS="964" VPOS="1248" WIDTH="66" HEIGHT="20" WC="0.93" CONTENT="hand-"/>
						</TextLine>
						<TextLine ID="line_25" HPOS="203" VPOS="1276" WIDTH="829" HEIGHT="30">
							<String ID="string_203" HPOS="203" VPOS="1278" WIDTH="137" HEIGHT="27" WC="0.96" CONTENT="läggningen,"/><SP WIDTH="16" VPOS="1278" HPOS="340"/>
							<String ID="string_204" HPOS="356" VPOS="1279" WIDTH="38" HEIGHT="21" WC="0.96" CONTENT="där"/><SP WIDTH="15" VPOS="1279" HPOS="394"/>
							<String ID="string_205" HPOS="409" VPOS="1279" WIDTH="21" HEIGHT="21" WC="0.96" CONTENT="vi"/><SP WIDTH="15" VPOS="1279" HPOS="430"/>
							<String ID="string_206" HPOS="445" VPOS="1280" WIDTH="68" HEIGHT="20" WC="0.96" CONTENT="måste"/><SP WIDTH="15" VPOS="1280" HPOS="513"/>
							<String ID="string_207" HPOS="528" VPOS="1280" WIDTH="27" HEIGHT="26" WC="0.96" CONTENT="gå"/><SP WIDTH="15" VPOS="1280" HPOS="555"/>
							<String ID="string_208" HPOS="570" VPOS="1286" WIDTH="58" HEIGHT="14" WC="0.96" CONTENT="mera"/><SP WIDTH="15" VPOS="1286" HPOS="628"/>
							<String ID="string_209" HPOS="643" VPOS="1278" WIDTH="94" HEIGHT="22" WC="0.96" CONTENT="formellt"/><SP WIDTH="15" VPOS="1278" HPOS="737"/>
							<String ID="string_210" HPOS="752" VPOS="1278" WIDTH="94" HEIGHT="26" WC="0.96" CONTENT="tillväga."/><SP WIDTH="16" VPOS="1278" HPOS="846"/>
							<String ID="string_211" HPOS="862" VPOS="1278" WIDTH="42" HEIGHT="26" WC="0.96" CONTENT="Jag"/><SP WIDTH="10" VPOS="1278" HPOS="904"/>
							<String ID="string_212" HPOS="914" VPOS="1276" WIDTH="49" HEIGHT="22" WC="0.96" CONTENT="ville"/><SP WIDTH="11" VPOS="1276" HPOS="963"/>
							<String ID="string_213" HPOS="974" VPOS="1276" WIDTH="58" HEIGHT="26" WC="0.96" CONTENT="gifva"/>
						</TextLine>
						<TextLine ID="line_26" HPOS="204" VPOS="1304" WIDTH="827" HEIGHT="30">
							<String ID="string_214" HPOS="204" VPOS="1307" WIDTH="86" HEIGHT="27" WC="0.95" CONTENT="uttryck"/><SP WIDTH="22" VPOS="1307" HPOS="290"/>
							<String ID="string_215" HPOS="312" VPOS="1308" WIDTH="22" HEIGHT="20" WC="0.95" CONTENT="åt"/><SP WIDTH="15" VPOS="1308" HPOS="334"/>
							<String ID="string_216" HPOS="349" VPOS="1308" WIDTH="71" HEIGHT="20" WC="0.96" CONTENT="denna"/><SP WIDTH="15" VPOS="1308" HPOS="420"/>
							<String ID="string_217" HPOS="435" VPOS="1308" WIDTH="43" HEIGHT="20" WC="0.96" CONTENT="min"/><SP WIDTH="17" VPOS="1308" HPOS="478"/>
							<String ID="string_218" HPOS="495" VPOS="1308" WIDTH="141" HEIGHT="26" WC="0.72" CONTENT="uppfattning,"/><SP WIDTH="16" VPOS="1308" HPOS="636"/>
							<String ID="string_219" HPOS="652" VPOS="1308" WIDTH="88" HEIGHT="20" WC="0.96" CONTENT="emedan"/><SP WIDTH="14" VPOS="1308" HPOS="740"/>
							<String ID="string_220" HPOS="754" VPOS="1307" WIDTH="38" HEIGHT="27" WC="0.96" CONTENT="jag"/><SP WIDTH="14" VPOS="1307" HPOS="792"/>
							<String ID="string_221" HPOS="806" VPOS="1306" WIDTH="69" HEIGHT="21" WC="0.96" CONTENT="finner"/><SP WIDTH="16" VPOS="1306" HPOS="875"/>
							<String ID="string_222" HPOS="891" VPOS="1306" WIDTH="37" HEIGHT="20" WC="0.93" CONTENT="det"/><SP WIDTH="15" VPOS="1306" HPOS="928"/>
							<String ID="string_223" HPOS="943" VPOS="1304" WIDTH="88" HEIGHT="22" WC="0.91" CONTENT="betänk-"/>
						</TextLine>
						<TextLine ID="line_27" HPOS="204" VPOS="1334" WIDTH="827" HEIGHT="28">
							<String ID="string_224" HPOS="204" VPOS="1335" WIDTH="44" HEIGHT="27" WC="0.96" CONTENT="ligt,"/><SP WIDTH="24" VPOS="1335" HPOS="248"/>
							<String ID="string_225" HPOS="272" VPOS="1342" WIDTH="35" HEIGHT="15" WC="0.93" CONTENT="om"/><SP WIDTH="23" VPOS="1342" HPOS="307"/>
							<String ID="string_226" HPOS="330" VPOS="1336" WIDTH="98" HEIGHT="21" WC="0.91" CONTENT="ståndets"/><SP WIDTH="22" VPOS="1336" HPOS="428"/>
							<String ID="string_227" HPOS="450" VPOS="1336" WIDTH="71" HEIGHT="21" WC="0.96" CONTENT="beslut"/><SP WIDTH="23" VPOS="1336" HPOS="521"/>
							<String ID="string_228" HPOS="544" VPOS="1336" WIDTH="68" HEIGHT="21" WC="0.90" CONTENT="skulle"/><SP WIDTH="15" VPOS="1336" HPOS="612"/>
							<String ID="string_229" HPOS="627" VPOS="1342" WIDTH="63" HEIGHT="15" WC="0.96" CONTENT="anses"/><SP WIDTH="16" VPOS="1342" HPOS="690"/>
							<String ID="string_230" HPOS="706" VPOS="1342" WIDTH="51" HEIGHT="15" WC="0.93" CONTENT="vara"/><SP WIDTH="15" VPOS="1342" HPOS="757"/>
							<String ID="string_231" HPOS="772" VPOS="1334" WIDTH="111" HEIGHT="27" WC="0.92" CONTENT="fastslaget"/><SP WIDTH="16" VPOS="1334" HPOS="883"/>
							<String ID="string_232" HPOS="899" VPOS="1334" WIDTH="35" HEIGHT="21" WC="0.95" CONTENT="vid"/><SP WIDTH="16" VPOS="1334" HPOS="934"/>
							<String ID="string_233" HPOS="950" VPOS="1334" WIDTH="81" HEIGHT="25" WC="0.96" CONTENT="dagens"/>
						</TextLine>
						<TextLine ID="line_28" HPOS="204" VPOS="1361" WIDTH="827" HEIGHT="30">
							<String ID="string_234" HPOS="204" VPOS="1365" WIDTH="174" HEIGHT="20" WC="0.96" CONTENT="sammanträden"/><SP WIDTH="16" VPOS="1365" HPOS="378"/>
							<String ID="string_235" HPOS="394" VPOS="1365" WIDTH="7" HEIGHT="20" WC="0.96" CONTENT="i"/><SP WIDTH="15" VPOS="1365" HPOS="401"/>
							<String ID="string_236" HPOS="416" VPOS="1365" WIDTH="41" HEIGHT="20" WC="0.97" CONTENT="den"/><SP WIDTH="23" VPOS="1365" HPOS="457"/>
							<String ID="string_237" HPOS="480" VPOS="1365" WIDTH="91" HEIGHT="26" WC="0.96" CONTENT="mening,"/><SP WIDTH="23" VPOS="1365" HPOS="571"/>
							<String ID="string_238" HPOS="594" VPOS="1367" WIDTH="32" HEIGHT="18" WC="0.96" CONTENT="att"/><SP WIDTH="22" VPOS="1367" HPOS="626"/>
							<String ID="string_239" HPOS="648" VPOS="1365" WIDTH="26" HEIGHT="21" WC="0.95" CONTENT="de"/><SP WIDTH="16" VPOS="1365" HPOS="674"/>
							<String ID="string_240" HPOS="690" VPOS="1364" WIDTH="68" HEIGHT="21" WC="0.96" CONTENT="skulle"/><SP WIDTH="16" VPOS="1364" HPOS="758"/>
							<String ID="string_241" HPOS="774" VPOS="1370" WIDTH="63" HEIGHT="15" WC="0.96" CONTENT="anses"/><SP WIDTH="22" VPOS="1370" HPOS="837"/>
							<String ID="string_242" HPOS="859" VPOS="1363" WIDTH="72" HEIGHT="21" WC="0.92" CONTENT="såsom"/><SP WIDTH="16" VPOS="1363" HPOS="931"/>
							<String ID="string_243" HPOS="947" VPOS="1361" WIDTH="84" HEIGHT="22" WC="0.88" CONTENT="beteck-"/>
						</TextLine>
						<TextLine ID="line_29" HPOS="203" VPOS="1393" WIDTH="465" HEIGHT="27">
							<String ID="string_244" HPOS="203" VPOS="1393" WIDTH="72" HEIGHT="20" WC="0.91" CONTENT="nande"/><SP WIDTH="16" VPOS="1393" HPOS="275"/>
							<String ID="string_245" HPOS="291" VPOS="1393" WIDTH="96" HEIGHT="21" WC="0.91" CONTENT="ståndets"/><SP WIDTH="16" VPOS="1393" HPOS="387"/>
							<String ID="string_246" HPOS="403" VPOS="1393" WIDTH="107" HEIGHT="21" WC="0.95" CONTENT="definitiva"/><SP WIDTH="15" VPOS="1393" HPOS="510"/>
							<String ID="string_247" HPOS="525" VPOS="1393" WIDTH="143" HEIGHT="27" WC="0.96" CONTENT="uppfattning."/>
						</TextLine>
					</TextBlock>
				</ComposedBlock>
				<ComposedBlock ID="cblock_8" HPOS="203" VPOS="1448" WIDTH="828" HEIGHT="85">
					<TextBlock ID="block_7" HPOS="203" VPOS="1448" WIDTH="828" HEIGHT="85">
						<TextLine ID="line_30" HPOS="274" VPOS="1448" WIDTH="757" HEIGHT="29">
							<String ID="string_248" HPOS="274" VPOS="1450" WIDTH="32" HEIGHT="21" WC="0.96" CONTENT="Hr"/><SP WIDTH="15" VPOS="1450" HPOS="306"/>
							<String ID="string_249" HPOS="321" VPOS="1450" WIDTH="151" HEIGHT="21" WC="0.96" CONTENT="Jansson:"/><SP WIDTH="30" VPOS="1450" HPOS="472"/>
							<String ID="string_250" HPOS="502" VPOS="1450" WIDTH="42" HEIGHT="21" WC="0.96" CONTENT="Det"/><SP WIDTH="16" VPOS="1450" HPOS="544"/>
							<String ID="string_251" HPOS="560" VPOS="1450" WIDTH="71" HEIGHT="27" WC="0.96" CONTENT="tyckes"/><SP WIDTH="16" VPOS="1450" HPOS="631"/>
							<String ID="string_252" HPOS="647" VPOS="1450" WIDTH="49" HEIGHT="26" WC="0.96" CONTENT="mig,"/><SP WIDTH="16" VPOS="1450" HPOS="696"/>
							<String ID="string_253" HPOS="712" VPOS="1456" WIDTH="47" HEIGHT="15" WC="0.95" CONTENT="som"/><SP WIDTH="17" VPOS="1456" HPOS="759"/>
							<String ID="string_254" HPOS="776" VPOS="1455" WIDTH="34" HEIGHT="15" WC="0.95" CONTENT="om"/><SP WIDTH="16" VPOS="1455" HPOS="810"/>
							<String ID="string_255" HPOS="826" VPOS="1449" WIDTH="26" HEIGHT="20" WC="0.93" CONTENT="hr"/><SP WIDTH="16" VPOS="1449" HPOS="852"/>
							<String ID="string_256" HPOS="868" VPOS="1448" WIDTH="163" HEIGHT="27" WC="0.91" CONTENT="Schybergsons"/>
						</TextLine>
						<TextLine ID="line_31" HPOS="203" VPOS="1476" WIDTH="828" HEIGHT="29">
							<String ID="string_257" HPOS="203" VPOS="1477" WIDTH="82" HEIGHT="28" WC="0.96" CONTENT="förslag"/><SP WIDTH="15" VPOS="1477" HPOS="285"/>
							<String ID="string_258" HPOS="300" VPOS="1478" WIDTH="31" HEIGHT="21" WC="0.96" CONTENT="till"/><SP WIDTH="15" VPOS="1478" HPOS="331"/>
							<String ID="string_259" HPOS="346" VPOS="1478" WIDTH="122" HEIGHT="22" WC="0.96" CONTENT="förfarande"/><SP WIDTH="15" VPOS="1478" HPOS="468"/>
							<String ID="string_260" HPOS="483" VPOS="1479" WIDTH="67" HEIGHT="21" WC="0.96" CONTENT="skulle"/><SP WIDTH="17" VPOS="1479" HPOS="550"/>
							<String ID="string_261" HPOS="567" VPOS="1479" WIDTH="73" HEIGHT="20" WC="0.95" CONTENT="kunna"/><SP WIDTH="14" VPOS="1479" HPOS="640"/>
							<String ID="string_262" HPOS="654" VPOS="1479" WIDTH="7" HEIGHT="20" WC="0.93" CONTENT="i"/><SP WIDTH="16" VPOS="1479" HPOS="661"/>
							<String ID="string_263" HPOS="677" VPOS="1477" WIDTH="121" HEIGHT="22" WC="0.91" CONTENT="hufvudsak"/><SP WIDTH="13" VPOS="1477" HPOS="798"/>
							<String ID="string_264" HPOS="811" VPOS="1477" WIDTH="130" HEIGHT="27" WC="0.95" CONTENT="godkännas."/><SP WIDTH="26" VPOS="1477" HPOS="941"/>
							<String ID="string_265" HPOS="967" VPOS="1476" WIDTH="13" HEIGHT="21" WC="0.91" CONTENT="I"/><SP WIDTH="10" VPOS="1476" HPOS="980"/>
							<String ID="string_266" HPOS="990" VPOS="1476" WIDTH="41" HEIGHT="21" WC="0.92" CONTENT="alla"/>
						</TextLine>
						<TextLine ID="line_32" HPOS="203" VPOS="1505" WIDTH="828" HEIGHT="28">
							<String ID="string_267" HPOS="203" VPOS="1506" WIDTH="115" HEIGHT="21" WC="0.96" CONTENT="händelser"/><SP WIDTH="15" VPOS="1506" HPOS="318"/>
							<String ID="string_268" HPOS="333" VPOS="1507" WIDTH="62" HEIGHT="21" WC="0.96" CONTENT="torde"/><SP WIDTH="16" VPOS="1507" HPOS="395"/>
							<String ID="string_269" HPOS="411" VPOS="1507" WIDTH="36" HEIGHT="21" WC="0.96" CONTENT="det"/><SP WIDTH="15" VPOS="1507" HPOS="447"/>
							<String ID="string_270" HPOS="462" VPOS="1507" WIDTH="33" HEIGHT="21" WC="0.96" CONTENT="väl"/><SP WIDTH="15" VPOS="1507" HPOS="495"/>
							<String ID="string_271" HPOS="510" VPOS="1513" WIDTH="50" HEIGHT="15" WC="0.96" CONTENT="vara"/><SP WIDTH="15" VPOS="1513" HPOS="560"/>
							<String ID="string_272" HPOS="575" VPOS="1513" WIDTH="26" HEIGHT="15" WC="0.96" CONTENT="en"/><SP WIDTH="16" VPOS="1513" HPOS="601"/>
							<String ID="string_273" HPOS="617" VPOS="1506" WIDTH="85" HEIGHT="27" WC="0.96" CONTENT="uppgift"/><SP WIDTH="15" VPOS="1506" HPOS="702"/>
							<String ID="string_274" HPOS="717" VPOS="1506" WIDTH="33" HEIGHT="21" WC="0.96" CONTENT="för"/><SP WIDTH="16" VPOS="1506" HPOS="750"/>
							<String ID="string_275" HPOS="766" VPOS="1506" WIDTH="59" HEIGHT="21" WC="0.96" CONTENT="detta"/><SP WIDTH="12" VPOS="1506" HPOS="825"/>
							<String ID="string_276" HPOS="837" VPOS="1505" WIDTH="96" HEIGHT="22" WC="0.96" CONTENT="enskilda"/><SP WIDTH="10" VPOS="1505" HPOS="933"/>
							<String ID="string_277" HPOS="943" VPOS="1505" WIDTH="88" HEIGHT="27" WC="0.95" CONTENT="plenum"/>
						</TextLine>
					</TextBlock>
				</ComposedBlock>
			</PrintSpace>
		</Page>
	</Layout>
</alto>
