1103 1784
209 103 28 22 14
567 114 92 20 Bilagor.

207 178 72 23 Bilaga
290 179 18 19 6.

412 353 102 28 Förslag
528 354 43 22 till
586 355 248 28 sammanjämkning.

273 444 45 32 Vid
334 444 155 28 behandlingen
505 445 24 22 af
542 446 252 28 värnepligtsutskottets
804 446 157 22 förberedande
971 446 64 22 fram-

207 472 102 33 ställning
323 473 91 22 rörande
427 474 105 21 särskilda
542 475 117 27 ändringar
670 476 7 21 i
688 476 24 27 $$
724 476 68 21 1—21
805 475 31 22 uti
852 475 98 28 gällande
961 477 74 20 värne-

206 501 102 28 pliktslag
322 501 63 22 hafva
399 502 92 22 stånden
507 506 87 19 stannat
608 504 7 21 i
631 503 95 28 följande
741 504 123 27 skiljaktiga
880 504 78 22 beslut:

597 580 11 25 8
628 579 17 21 1.

275 629 157 28 Ridderskapet
454 630 39 21 och
516 630 62 21 adeln
601 631 38 21 har
654 630 104 22 förkastat
775 630 118 22 utskottets
908 630 81 28 förslag
1003 631 32 21 till

205 657 82 27 lydelse
309 657 32 22 för
357 658 70 22 denna
441 659 103 27 paragraf
557 659 39 21 och
613 659 88 21 beslutit
716 662 32 18 att
765 659 6 21 i
787 659 72 21 stället
878 659 105 21 bibehälla
993 659 41 21 den

205 685 80 27 lydelse
311 686 65 27 sagda
391 687 99 27 paragraf
513 687 38 21 har
573 688 7 20 i
596 688 97 25 gällande
719 687 176 28 värnepliktslag.
925 688 110 26 Därjämte

205 714 38 21 har
259 715 85 21 ständet
359 715 88 22 beslutit
462 718 32 19 att
514 722 63 15 mom.
594 717 10 20 1
621 716 7 21 i
644 716 116 22 utskottets
776 716 81 26 förslag
876 716 31 21 till
918 717 13 26 &
941 716 14 21 4
965 716 70 22 skulle

204 743 51 27 ingå
271 744 70 21 såsom
357 750 64 16 mom.
437 745 13 21 2
465 745 7 21 i
480 739 13 37 8
517 746 17 20 1.

275 772 163 22 Prästeständet
452 773 39 21 har
507 774 95 26 godkänt
616 774 118 21 utskottets
750 773 82 27 förslag
849 772 154 28 beträffande
988 768 9 36 &
1016 775 18 20 1.

275 800 182 28 Borgareständet
472 802 38 21 har
525 802 33 21 för
568 802 126 27 paragrafen
706 803 6 20 i
723 802 61 27 fräga
794 802 85 26 antagit
888 801 93 28 följande
991 802 42 22 för-

205 829 96 21 ändrade
315 830 88 27 lydelse:
428 830 56 22 >För
500 833 94 24 tronens,
609 830 185 22 fäderneslandets
811 830 39 22 och
867 830 66 22 rikets
949 830 84 22 försvar

204 859 23 19 är
240 857 74 28 hvarje
335 858 56 22 finsk
407 859 141 27 medborgare
564 860 142 26 värnepliktig
721 859 67 27 enligt
804 859 26 21 de
847 860 100 26 grunder,
963 866 47 15 som
1026 860 6 20 i

205 886 71 22 denna
287 887 36 27 lag
337 888 107 27 stadgas>.

274 916 161 22 Bondeständet
450 917 38 21 har
502 917 94 26 godkänt
611 917 118 21 utskottets
740 917 87 26 förslag.

274 944 113 22 Utskottet
396 945 96 26 föreslår,
502 948 32 19 att
544 945 33 22 för
588 946 12 26 $
615 946 5 21 1
631 946 65 21 måtte
705 945 126 28 godkännas
840 945 93 27 följande
941 945 91 27 lydelse:

484 1003 53 21 »För
552 1005 89 19 tronens
658 1005 56 19 samt
728 1002 186 22 fäderneslandets
930 1002 39 21 och
985 1002 48 21 hela

412 1031 36 21 det
463 1031 64 27 ryska
542 1031 66 22 rikets
628 1031 83 22 försvar
734 1033 23 20 är
773 1031 75 27 hvarje
863 1031 56 21 finsk
935 1031 97 21 medbor-

412 1065 50 21 gare
478 1060 142 27 värnepliktig
635 1060 67 27 enligt
717 1061 26 20 de
760 1060 102 27 grunder,
878 1066 46 15 som
940 1059 7 21 i
963 1059 70 22 denna

411 1088 36 26 lag
462 1089 107 26 stadgas».

596 1164 11 25 8
624 1163 19 21 3.

273 1213 157 28 Ridderskapet
452 1214 39 22 och
514 1214 60 22 adeln
598 1217 57 19 samt
677 1213 161 28 prästeståndet
860 1212 63 22 hafva
939 1212 94 27 godkänt

203 1241 118 22 utskottets
338 1242 81 28 förslag
435 1244 6 20 i
462 1242 70 28 öfrigt,
553 1246 58 18 utom
636 1245 32 19 att
683 1243 62 21 ordet
763 1242 161 21 »landtvärnet»
942 1242 6 20 i
964 1241 68 27 punkt

203 1270 25 21 B.
244 1270 82 27 utbytts
342 1274 59 18 emot
417 1272 106 26 uttrycket
540 1272 48 21 »det
602 1271 70 22 finska
686 1272 158 20 landtvärnet».

273 1299 183 27 Borgareståndet
465 1300 38 22 har
512 1300 94 27 godkänt
614 1300 126 27 paragrafen
748 1300 8 20 i
764 1299 70 27 öfrigt,
843 1301 59 19 utom
911 1300 32 19 att
949 1304 62 15 mom.
1018 1298 13 21 2

203 1328 69 21 under
287 1328 68 27 punkt
370 1328 26 22 A.
412 1329 176 21 återremitterats
604 1328 33 22 för
653 1328 179 26 omformulering
847 1326 86 26 därhän,
949 1329 32 19 att
995 1327 37 21 det

202 1356 96 28 tydligen
320 1357 126 27 framginge,
461 1360 32 19 att
508 1364 100 14 reserven
631 1359 89 25 utgöres
736 1356 23 22 af
772 1362 110 22 personer,
898 1355 71 21 hvilka
983 1354 49 22 full-

203 1386 58 26 gjort
276 1386 159 27 sin;tjänstetid
451 1386 35 22 vid
502 1386 26 21 de
538 1386 71 21 aktiva
619 1388 118 25 trupperna
748 1385 54 21 eller
813 1384 71 22 hvilka
894 1383 69 22 blifvit
973 1383 58 21 hem-

201 1414 119 22 förlofvade
335 1414 46 22 före
397 1415 108 27 utgången
521 1414 23 22 af
557 1415 62 21 deras
635 1414 52 22 fulla
702 1414 118 27 tjänstetid.

272 1443 164 22 Bondeståndet
458 1444 37 20 har
517 1444 94 26 godkänt
631 1443 119 21 utskottets
765 1442 83 26 förslag
863 1442 7 20 i
885 1440 70 28 öfrigt,
971 1442 60 20 utom

201 1474 32 19 att
248 1472 7 21 i
271 1472 69 27 punkt
361 1472 24 21 B.
402 1472 66 22 borde
490 1471 88 22 framför
601 1472 62 21 ordet
687 1477 131 21 »personer»
842 1469 107 27 inskjutas
970 1469 62 21 ordet

203 1500 149 28 »vapenföra»,
375 1501 93 21 hvarhos
491 1501 106 21 utskottet
623 1500 126 27 berättigats
773 1502 37 23 att,
836 1498 44 22 ifall
902 1498 23 21 så
940 1498 91 27 ansåges
