1103 1761
97 104 26 17 18
135 108 63 12 mars.
897 96 29 21 39

99 171 106 23 träffande
227 173 69 21 denna
318 172 96 21 lokution
439 172 167 27 »kejsardömets
621 171 35 28 lag
671 171 52 21 eller
738 171 67 27 enligt
821 171 103 22 särskilda

97 201 155 27 stadganden».
282 201 42 21 Det
346 201 61 20 torde
431 201 25 26 gå
480 201 81 26 ganska
583 201 40 20 lätt
642 202 31 19 att
689 200 134 27 omredigera
838 199 41 26 den
894 200 30 23 så,

97 233 34 18 att
153 229 36 21 det
204 229 68 22 skulle
287 230 57 21 heta:
363 229 78 26 »enligt
456 229 6 21 i
478 229 158 27 kejsaredömet
652 228 97 27 gällande
771 228 154 27 stadganden».

98 259 51 21 Men
172 257 119 28 egentligen
314 257 93 27 begärde
429 257 37 27 jag
489 258 62 21 ordet
565 257 35 21 för
615 259 31 19 att
662 259 51 25 göra
729 263 82 15 samma
831 257 94 26 yrkande

97 293 49 15 som
162 286 25 20 hr
201 287 100 25 Jansson,
317 286 107 26 nämligen
440 289 31 18 att
487 286 163 26 bestämningen
666 286 7 20 i
688 292 64 14 mom.
763 287 12 19 2
787 285 69 21 skulle
866 285 58 21 bibe-

98 315 68 21 hållas
190 314 64 22 sådan
276 315 41 21 den
339 321 29 14 nu
384 316 29 23 är,
429 314 19 22 d.
464 321 19 15 v.
500 321 16 15 s.
533 317 32 18 att
580 314 76 21 endast
671 314 48 26 den,
735 320 47 15 som
798 314 65 21 redan
879 316 23 18 är
917 314 7 20 i

99 343 178 28 uppbådsåldern,
296 343 121 21 förhindras
440 346 31 18 att
494 343 70 21 lämna
587 343 72 21 landet
681 343 40 21 och
736 342 78 27 fritaga
829 342 34 27 sig
877 342 47 21 från

99 372 145 26 undersåtliga
266 372 83 26 plikter.
379 372 55 20 Från
458 372 50 26 rysk
532 372 114 26 synpunkt,
665 383 26 3 —
709 371 39 21 och
763 372 41 20 den
821 371 67 21 måste
904 371 20 21 vi

95 401 27 26 ju
138 400 37 21 här
191 400 6 21 i
213 400 69 27 någon
299 400 48 21 mån
362 400 45 21 afse
423 413 27 3 —
466 400 41 21 kan
523 400 143 26 anmärkning
681 400 98 21 däremot
793 400 46 21 icke
855 401 68 25 göras,

99 432 23 23 ty
144 433 117 22 trupperna
284 428 32 21 fås
338 428 104 27 fulltaliga
462 429 60 21 ändå.
552 429 51 20 Man
618 428 41 21 kan
676 428 27 21 då
718 434 88 15 snarare
821 429 56 26 säga,
892 430 32 19 att

97 457 33 26 de,
146 463 46 15 som
209 457 83 27 deltaga
307 457 6 21 i
328 457 97 27 lottning,
442 457 65 22 borde
522 457 72 21 kunna
610 459 51 25 göra
676 457 93 27 anspråk
784 457 32 26 på,
832 459 31 18 att
878 457 46 25 alla,

97 492 49 15 som
162 487 37 20 äro
214 487 7 19 i
236 485 178 28 uppbädsäldern,
438 486 64 21 också
517 486 60 21 skola
593 485 130 22 underkasta
739 486 32 26 sig
787 485 69 22 denna
874 485 49 21 risk.

98 514 51 21 Men
171 513 33 22 för
226 515 43 20 min
293 515 34 20 del
341 514 70 21 finner
425 515 37 26 jag
484 515 90 20 likasom
591 514 25 21 hr
631 515 101 25 Jansson,
747 516 32 19 att
793 514 58 21 finsk
866 514 57 21 med-

99 543 102 26 borgares
224 545 42 19 rätt
289 545 31 19 att
342 543 116 21 eventuellt
473 543 69 21 befria
557 543 34 26 sig
605 543 47 21 från
668 543 58 21 detta
741 542 181 27 medborgarskap

99 571 39 21 bör
159 571 122 21 bibehållas.
312 571 37 21 Ser
372 578 56 19 man,
452 574 30 18 att
500 571 167 27 olägenheterna
681 571 65 21 blifva
761 571 83 27 mycket
859 573 63 23 stora,

97 600 26 20 så
138 600 34 20 må
187 600 35 21 det
238 600 26 20 då
279 599 78 22 införas
374 602 31 19 ett
417 600 118 26 stadgande
550 600 23 21 af
591 600 161 27 ifrågavarande
771 602 38 23 art,
826 606 47 14 men
890 600 32 20 så-

97 628 64 27 länge
183 628 57 22 detta
265 628 45 21 icke
332 630 23 19 är
370 628 147 26 förhållandet,
533 628 39 22 och
588 629 27 21 då
630 635 48 14 man
692 628 25 27 ju
733 628 55 22 ändå
803 628 68 21 måste
887 628 35 21 be-

98 657 69 25 tänka,
183 659 32 19 att
230 657 46 24 den,
293 663 45 15 som
361 657 95 21 besluter
472 658 34 26 sig
520 657 32 21 för
568 660 32 18 att
615 658 70 20 lämna
701 660 48 24 eget
763 657 56 25 land,
835 657 87 21 därmed

98 687 91 19 utsätter
205 686 33 26 sig
253 685 32 21 för
300 688 31 19 att
352 686 45 20 icke
413 685 20 22 få
448 686 133 21 återkomma
592 686 52 20 eller
654 686 131 21 åtminstone
796 686 45 21 icke
851 686 71 20 vidare

97 713 22 22 få
140 714 181 27 medborgarskap
346 714 110 21 härstädes
480 714 39 22 och
542 714 142 22 underkastar
707 714 34 27 sig
763 716 30 20 ett
820 714 24 21 så
866 716 56 19 stort

97 742 58 26 offer,
179 749 34 15 om
236 743 40 21 han
293 743 94 21 besluter
403 743 33 27 sig
451 742 32 22 för
500 743 41 25 det,
557 743 7 21 i
579 743 57 21 valet
651 743 77 21 mellan
744 743 35 21 två
795 743 56 21 onda
870 743 51 26 ting,

97 771 26 21 så
137 771 52 21 böra
204 772 52 20 hans
273 772 80 20 händer
368 771 45 21 icke
429 772 82 21 bindas.
540 772 42 26 Jag
597 771 32 21 för
645 772 43 20 min
702 772 33 20 del
749 771 68 21 skulle
829 773 55 19 sätta
895 777 26 15 en

97 800 84 26 mycket
201 802 45 19 stor
267 800 45 21 vikt
327 800 32 27 på,
375 802 32 19 att
421 800 59 21 detta
495 800 119 27 stadgande
629 800 69 21 skulle
713 800 117 21 bibehållas
846 800 76 21 sådant

97 828 37 21 det
149 835 29 14 nu
201 828 65 26 gäller
286 829 39 21 och
346 829 89 21 sålunda
454 828 56 22 finsk
530 829 141 26 medborgare
694 828 45 22 icke
762 829 66 21 redan
845 829 34 21 vid
895 834 26 15 en

97 856 65 26 ålder,
185 857 27 21 då
232 857 41 21 han
292 858 45 20 icke
357 857 38 21 har
413 864 39 14 ens
468 858 67 26 några
550 857 178 27 förutsättningar
743 857 33 21 för
791 860 32 19 att
839 857 83 21 besluta

96 891 36 15 om
149 885 32 21 sin
204 885 90 26 framtid,
320 885 83 27 tvingas
427 888 31 19 att
473 885 53 22 fatta
541 886 37 21 sitt
593 886 77 21 beslut.
699 886 42 27 Jag
755 885 86 22 förenar
856 886 44 26 mig
915 885 7 21 i

96 913 42 22 allo
155 914 48 21 med
219 914 24 21 hr
257 915 94 21 Jansson
367 921 34 14 om
417 914 53 21 hans
486 914 86 27 förslag.

167 971 33 21 Hr
216 971 121 21 Heikel:
361 972 40 27 Jag
421 973 45 20 tror
482 978 48 14 man
547 971 63 21 fattat
624 971 131 22 innebörden
772 973 21 19 at
808 977 63 15 mom.
887 971 13 21 2
915 972 7 20 i

97 1000 11 27 8
125 1000 11 21 7
153 999 70 22 alltför
245 1000 82 26 seriöst,
343 1004 21 23 ty
380 1000 45 21 icke
447 999 111 28 förbjuder
581 1000 59 21 detta
662 1000 118 27 stadgande
803 1000 70 27 någon
891 1001 31 20 att

97 1028 70 21 lämna
182 1028 77 25 landet,
274 1028 61 21 äfven
352 1028 53 21 efter
421 1029 35 20 det
471 1029 41 20 han
528 1028 47 27 fyllt
587 1029 26 20 15
624 1029 28 25 år,
665 1029 40 20 och
715 1031 57 18 ännu
785 1029 82 20 mindre
880 1028 41 21 för-

97 1057 76 26 bjuder
189 1057 37 21 det
248 1057 70 27 någon
333 1059 32 19 att
379 1057 21 21 få
415 1060 24 18 ut
454 1063 94 21 respass.
578 1057 49 21 Han
644 1057 37 21 har
697 1057 38 21 full
750 1057 63 21 frihet
827 1060 32 18 att
874 1063 48 15 resa

97 1088 30 18 ut.
158 1085 43 21 Det
223 1086 54 21 enda
292 1088 29 23 är,
337 1088 31 19 att
383 1086 41 21 han
440 1086 46 21 icke
500 1086 42 21 blir
557 1085 82 22 befriad
654 1085 47 22 från
717 1086 46 21 sina
778 1085 143 28 förpliktelser

97 1120 46 15 som
160 1113 55 22 finsk
230 1115 121 20 undersåte.
381 1115 48 20 Men
454 1117 56 18 t.ex.
524 1115 8 20 i
548 1115 36 20 det
598 1114 56 24 land,
671 1115 30 20 dit
717 1115 26 21 de
758 1113 61 22 flesta
835 1114 22 21 af
871 1115 49 20 våra

96 1143 130 26 emigranter
249 1143 51 26 fara,
322 1143 178 25 Nord-Amerika,
524 1143 72 21 kunna
620 1143 26 21 de
661 1143 64 21 vinna
741 1143 179 26 medborgarskap

97 1175 51 17 utan
165 1173 31 19 att
212 1178 49 14 vara
277 1171 93 21 befriade
381 1171 45 21 från
437 1172 37 20 sitt
482 1172 90 26 tidigare
581 1171 187 27 undersåtarskap.
789 1172 65 20 Detta
865 1172 54 20 stad-

97 1199 69 27 gande
181 1201 24 19 är
218 1200 70 20 därför
304 1200 18 26 ej
334 1199 23 21 af
365 1200 70 21 alltför
451 1203 45 18 stor
512 1200 109 27 betydelse
636 1200 40 21 och
689 1200 68 26 ansåg
767 1206 48 15 man
829 1199 71 22 därför
916 1200 6 20 i

96 1228 111 26 utskottet,
222 1231 31 18 att
269 1228 118 21 detsamma
401 1228 72 22 kunde
489 1228 92 22 kvarstå.

165 1285 33 21 Hr
213 1285 124 27 Elving:
359 1286 42 26 Jag
423 1285 38 21 har
476 1286 46 20 icke
538 1286 74 26 riktigt
628 1292 81 15 samma
724 1286 139 26 uppfattning
875 1292 47 14 som

95 1313 26 21 hr
145 1313 75 21 Heikel
236 1314 7 20 i
258 1314 70 20 denna
351 1314 74 26 punkt.
454 1314 44 21 Det
513 1316 23 19 är
552 1320 43 21 nog
610 1314 63 23 fallet,
689 1316 31 19 att
736 1321 47 14 man
799 1314 42 21 kan
857 1314 65 21 vinna

95 1342 182 27 medborgarskap
299 1343 7 20 i
322 1342 112 22 Amerikas
457 1342 85 22 förenta
565 1345 72 23 stater,
656 1343 68 21 ehuru
740 1349 49 15 man
804 1343 46 21 icke
873 1343 49 21 med

95 1370 99 27 behörigt
209 1370 95 22 tillstånd
317 1370 94 28 utflyttat
425 1371 47 21 från
489 1372 37 20 sitt
547 1371 69 27 gamla
631 1371 123 26 fosterland,
770 1378 48 14 men
835 1372 87 20 därmed

95 1400 38 20 äro
156 1399 45 21 icke
224 1400 67 20 andra
306 1400 63 26 högst
387 1400 110 26 allvarliga
512 1399 104 27 påföljder
631 1400 114 21 uteslutna.
775 1400 42 21 För
832 1400 45 26 mig
892 1400 30 21 åt-

95 1427 108 21 minstone
221 1428 37 20 har
277 1428 64 20 saken
357 1428 107 21 framstått
480 1428 29 26 så,
525 1431 31 18 att
572 1428 58 21 detta
640 1429 117 26 stadgande
769 1428 71 21 därför
850 1428 72 21 kunde

94 1456 133 26 godkännas,
250 1458 31 19 att
304 1456 46 26 den,
367 1463 46 14 som
436 1456 82 21 lämnar
534 1456 72 21 landet
622 1456 32 21 för
670 1457 126 26 undgående
811 1456 22 21 af
847 1458 75 19 värne-

94 1484 87 26 plikten,
192 1484 45 21 icke
248 1484 54 21 blott
312 1484 87 27 fritager
415 1485 33 26 sig
458 1484 50 27 själf
517 1485 99 26 derifrån,
629 1488 49 18 utan
690 1485 130 27 öfverflyttar
831 1485 33 21 sin
880 1485 42 21 för-
