1103 1775
92 125 24 18 18
130 125 59 20 april.
892 118 30 22 85

94 195 133 26 guvernören
250 194 60 22 öfver
340 193 203 22 storfurstendömet
568 194 90 20 Finland
681 195 23 19 är
728 192 48 22 chef
797 192 32 22 för
852 192 70 22 finska

93 222 80 22 armén.

163 285 33 21 Hr
211 285 150 22 Jansson:
383 285 41 26 Jag
440 285 36 21 ber
492 285 22 21 få
528 287 56 19 rätta
598 291 26 15 en
641 285 146 26 oegentlighet
801 285 7 20 i
824 285 48 21 mitt
887 291 34 14 se-

93 317 62 18 naste
177 313 123 22 anförande.
330 314 33 21 De
386 301 166 47 anmärkningar
571 314 39 27 jag
632 313 75 33 gjorde
729 313 89 22 hänföra
841 314 33 26 sig
888 313 32 21 till

94 349 64 15 mom.
182 343 9 20 1
215 343 13 26 &
252 343 54 20 119..
328 343 41 21 För
393 342 64 27 öfrigt
477 344 23 19 är
516 343 36 20 det
567 343 45 20 icke
627 342 43 21 min
686 343 88 26 mening
789 344 32 19 att
835 342 85 21 absolut

93 371 56 21 hålla
164 371 28 27 på
207 371 39 21 den
264 371 123 21 nuvarande
403 371 95 27 lydelsen
514 370 22 22 af
550 372 12 25 &
575 371 40 21 119
634 371 87 21 oaktadt
731 371 26 21 de
769 370 92 27 ordalag,
873 376 47 15 som

93 399 106 22 afslutade
221 400 47 21 mitt
290 400 99 27 yrkande.
420 400 42 26 Jag
483 399 61 26 afser,
560 402 32 19 att
614 400 39 21 den
675 399 6 21 i
698 400 12 26 $
727 400 40 20 119
783 405 64 15 mom.
863 400 11 20 1
890 405 30 14 nu

93 428 121 21 fastställda
229 429 72 26 regeln
317 427 103 22 förblefve
436 428 134 21 oförändrad.

163 497 32 20 Hr
219 496 124 21 Heikel:
367 497 42 20 För
432 497 42 20 min
498 496 34 21 del
548 503 63 14 anser
624 497 37 26 jag
677 496 44 27 mig
736 496 115 27 ingalunda
867 496 53 21 böra

94 525 62 21 kläda
171 525 73 26 blodig
260 525 80 26 skjorta
355 524 33 21 för
404 525 40 21 den
460 525 66 21 andra
542 531 84 20 person,
643 531 45 14 som
705 525 100 26 möjligen
821 524 22 21 af
858 525 62 20 Hans

93 553 102 27 Majestät
209 553 40 21 kan
267 556 58 19 utses
341 553 31 22 till
387 553 143 21 befälhafvare
545 553 33 21 för
588 553 26 21 de
624 553 69 21 finska
704 555 117 25 trupperna
831 553 6 20 i
849 553 73 21 stället

93 581 34 23 för
150 582 227 27 generalguvernören,
393 585 51 18 utan
467 582 64 21 beror
554 582 36 21 det
613 581 106 28 själffallet
739 582 28 27 på
782 581 85 27 enhvar,
883 587 37 15 om

94 610 41 22 han
152 612 6 20 i
174 611 58 21 detta
246 610 36 22 fall
299 611 35 21 vill
351 612 51 26 göra
417 611 70 27 någon
503 611 127 21 koncession
641 611 51 21 eller
703 611 51 21 icke.
773 611 43 26 Jag
826 610 96 27 begärde

95 640 62 20 ordet
172 640 48 20 med
233 640 115 26 anledning
360 639 23 21 af
398 646 25 14 en
439 640 69 26 punkt
523 640 31 20 uti
570 640 24 20 hr
609 640 106 21 Janssons
732 639 114 21 uttalande.
871 639 49 21 Han

95 668 51 21 sade
161 668 40 21 och
217 668 35 21 det
267 668 38 21 har
320 668 142 27 lagutskottet
481 668 62 21 äfven
558 668 121 22 framhållit,
693 671 32 18 att
740 674 25 14 en
782 668 71 26 gifven
869 667 53 27 följd

95 696 64 26 däraf,
175 699 32 18 att
236 703 69 15 annan
326 703 77 21 person
429 699 25 19 än
479 697 220 26 generalguvernören
723 696 68 22 skulle
816 698 58 19 utses
890 696 32 20 till

95 724 208 26 öfverbefälhafvare,
315 732 50 14 vore
376 728 31 18 att
414 726 80 26 jämväl
506 725 232 27 generalguvernörens
752 725 46 21 stab
809 724 33 22 för
853 724 69 21 finska

95 754 105 20 militären
216 753 133 22 afskaffades.
379 754 77 21 Denna
470 754 136 21 konsekvens
622 756 46 19 tror
683 754 36 26 jag
733 754 45 21 icke
795 755 22 19 är
833 752 89 22 därmed

95 782 77 27 gifven,
187 782 31 27 Ty
234 788 33 15 om
285 782 39 21 ock
339 788 25 15 en
381 789 69 14 annan
467 784 26 19 än
506 782 220 27 generalguvernören
738 784 59 19 utses
811 782 30 20 till
853 781 67 21 öfver-

96 811 148 23 befälhafvare,
260 811 24 21 så
299 811 40 21 kan
356 811 35 21 det
407 811 82 22 ändock
504 811 68 21 finnas
588 811 39 21 och
643 811 66 26 enligt
725 811 42 20 min
784 810 138 27 uppfattning

95 839 38 21 bör
149 839 36 21 det
201 839 94 27 i-bvarje
310 840 101 21 händelse
427 839 69 22 finnas
512 846 25 15 en
554 840 54 21 skild
624 840 47 21 stab
687 839 32 22 för
736 840 40 21 den
788 839 69 21 finska
867 839 56 20 mili-

95 870 66 19 tären.
191 868 46 21 Den
262 869 54 20 enda
336 868 130 27 förändring,
482 875 46 15 som
545 869 68 20 skulle
628 869 89 25 inträda,
734 874 56 19 vore,
805 870 32 19 att
851 868 72 21 denna

95 896 47 21 stab
158 897 45 20 icke
223 897 73 21 vidare
318 897 71 20 kunde
409 897 67 21 kallas
492 897 234 27 generalguvernörens
742 897 47 20 stab
805 896 32 21 för
852 895 71 22 finska

95 925 111 26 militären,
216 928 51 18 utan
278 925 229 22 öfverbefälhafvarens
518 925 32 21 för
561 926 40 21 den
614 925 69 22 finska
693 925 106 21 militären
811 925 46 21 stab
869 924 53 21 eller

95 953 65 27 något
175 953 72 27 dylikt.
268 954 38 21 Att
321 960 25 15 en
363 954 55 21 skild
434 954 46 21 stab
496 954 122 26 bibehålles,
634 954 72 21 kunna
721 954 20 21 vi
757 953 84 28 påyrka,
857 953 63 21 äfven

95 988 34 15 om
146 983 20 20 vi
181 985 79 24 antaga
275 982 116 21 utskottets
404 982 140 27 formulering
559 982 22 21 af
595 983 12 26 &
624 983 46 20 119.

164 1051 32 21 Hr
219 1051 145 22 Jansson:
388 1051 43 22 Det
452 1053 24 19 är
499 1052 44 26 mig
564 1051 46 22 icke
625 1053 115 25 angenämt
755 1054 32 19 att
803 1052 24 21 så
842 1051 79 28 många

95 1079 80 27 gånger
191 1083 48 23 taga
255 1080 30 21 till
302 1080 61 21 ordet
378 1081 6 20 i
400 1080 70 21 denna
482 1080 66 27 fråga.
576 1081 48 20 Men
640 1081 7 20 i
662 1080 114 27 anledning
792 1080 23 21 af
828 1080 25 21 hr
869 1080 51 21 Hei-

94 1108 45 21 kels
155 1111 85 18 senaste
260 1109 137 26 andragande
420 1109 35 20 ber
468 1109 38 26 jag
521 1109 21 20 få
558 1111 82 23 nämna,
656 1112 31 18 att
699 1109 38 26 jag
751 1111 24 19 är
790 1109 131 26 fullkomligt

95 1143 51 14 ense
162 1137 48 20 med
226 1137 25 20 hr
267 1137 75 21 Heikel
359 1137 80 24 därom,
454 1140 38 21 att,
507 1144 35 14 om
558 1139 26 19 än
600 1140 32 18 ett
647 1137 76 22 sådant
739 1137 118 27 stadgande
873 1143 47 15 som

95 1165 35 21 det
146 1165 121 27 föreslagna
282 1165 95 22 infördes
392 1166 7 20 i
415 1166 37 21 vår
468 1166 172 27 värnepliktslag,
652 1166 35 21 det
702 1166 77 27 riktiga
790 1166 39 22 och
840 1165 80 27 grund-

94 1194 117 26 lagsenliga
226 1194 54 21 dock
296 1200 55 20 vore,
367 1197 32 18 att
414 1200 25 15 en
456 1194 92 22 särskild
564 1195 46 21 stab
625 1194 33 22 för
673 1195 41 21 den
729 1194 70 22 finska
814 1195 106 21 militären

94 1222 84 21 likvisst
201 1222 69 22 blefve
293 1223 124 21 bibehållen.
447 1223 33 21 De
502 1230 104 20 personer
628 1224 57 20 inom
710 1224 146 26 lagutskottet,
873 1229 47 15 som

94 1250 101 22 förfäktat
218 1251 49 21 dess
291 1252 118 26 majoritets
432 1252 62 26 åsikt,
512 1251 62 21 hafva
596 1252 117 21 emellertid
729 1252 47 21 med
793 1252 27 21 all
835 1251 87 27 önsklig

94 1279 104 27 tydlighet
213 1279 120 26 framhållit,
349 1282 31 19 att
395 1280 7 21 i
417 1280 63 21 deras
495 1280 149 27 medgifvande
660 1280 68 22 skulle
738 1280 108 27 inneligga
857 1280 65 21 också

95 1310 30 18 ett
140 1308 148 33 medgifvande
309 1309 80 23 därom,
405 1311 31 19 att
456 1309 40 20 den
510 1309 104 21 särskilda
629 1309 64 27 ryska
708 1308 141 22 befälhafvare
864 1308 57 33 finge

95 1336 96 27 begagna
207 1337 32 21 sin
255 1337 63 27 ryska
333 1338 48 20 stab
402 1338 7 20 i
424 1337 40 21 alla
481 1338 46 21 sina
542 1337 252 28 befälsangelägenheter.
825 1337 45 22 Och
883 1337 39 32 jag

94 1364 83 22 befarar
193 1365 45 26 ock,
249 1368 31 19 att
296 1366 26 21 de
337 1366 123 27 paragrafer
476 1366 23 21 af
513 1366 186 33 grundlagsnatur,
715 1373 45 14 som
777 1367 21 21 vi
814 1373 29 14 nu
859 1372 39 21 ega
913 1366 7 20 i

94 1378 194 47 värnepliktslagen
310 1395 38 20 och
371 1395 71 20 hvilka
462 1395 38 26 jag
515 1395 81 26 hoppas
612 1398 32 18 att
659 1395 20 20 vi
695 1395 130 21 åtminstone
839 1395 7 20 i
862 1394 58 21 detta

93 1421 100 22 afseende
216 1422 21 21 få
261 1423 108 25 bibehålla,
385 1423 46 21 icke
452 1423 104 21 innefatta
571 1423 125 27 tillräckliga
711 1423 106 27 garantier
834 1425 45 19 mot
893 1429 26 14 en

94 1450 69 55 ET.
187 1451 136 21 konsekvens
350 1451 23 21 af
395 1451 249 27 värnepliktsutskottets
669 1458 42 21 nya
735 1451 140 27 formulering
900 1450 23 22 af
