1106 1778
429 116 90 34 Bilagor.
860 117 29 22 49

60 204 72 23 Bilaga
143 204 22 18 11
178 209 16 14 e.

61 283 141 20 Förberedande
213 284 143 23 framställning.
714 283 175 24 Korrekturafdrag.

421 382 105 22 Sekret.

290 490 118 34 Förslag
425 490 48 27 till
491 490 170 35 förordning

76 565 124 28 angående
216 565 106 28 ändring
337 565 28 22 af
377 566 124 22 särskilda
515 565 153 28 stadganden
683 565 10 22 i
711 565 162 28 värneplikts-

144 594 73 28 lagen
232 594 42 22 för
290 595 238 22 storfurstendömet
545 594 106 22 Finland
667 594 28 22 af
711 594 48 22 den
775 594 28 22 27

370 623 131 22 december
518 623 65 22 1878.

451 704 16 27 $
481 705 20 20 1.

131 754 46 21 För
189 757 86 18 tronens
293 757 69 18 samt
374 755 296 27 fäderneslandets
686 754 53 21 och
754 754 70 21 hela
840 754 49 21 det

62 783 94 28 ryska
171 783 101 21 rikets
283 783 93 27 försvar
386 786 27 18 är
426 783 75 28 hvarje
506 783 61 28 finsk
586 783 139 28 medborgare
741 783 147 28 värnepliktig

62 812 104 27 enligt
181 812 193 27 degrunder,
390 819 60 14 som
466 813 7 20 i
489 812 169 28 dennalag
674 812 141 28 stadgas.

451 892 13 28 $
481 895 20 19 2.

131 944 375 27 Jordegarenailandetäro
592 944 51 27 för
654 944 178 27 framtiden
849 943 42 21 be-

64 973 108 25 friade
190 973 78 27 frän
290 973 226 28 skyldigheten
540 975 47 18 att
603 973 171 27 uppställa
790 973 100 26 krigs-

59 1001 73 28 folk
157 1003 101 26 enligt
288 1001 313 28 indelningsvärket,
633 1001 121 22 hvilket
778 1001 79 22 dock
882 1001 9 20 i

62 1030 156 21 kameralt
239 1030 171 21 hänseende
427 1030 196 25 fortbestär.

451 1110 16 27 $
482 1111 20 20 3.

133 1160 312 28 Storfurstendömet
461 1162 186 27 uppställer
668 1162 124 21 stående
809 1164 82 26 trup-

60 1197 54 21 per
128 1190 249 22 ochlandtvärn.

131 1218 35 25 A)
200 1218 38 22 De
250 1218 114 28 finska
381 1219 131 20 stående
528 1222 171 24 trupperna
716 1221 117 26 utgöras
849 1219 42 27 af:

132 1248 21 27 1)
172 1247 109 21 aktiva
304 1250 140 24 trupper,
461 1254 60 14 som
541 1248 229 27 kompletteras
787 1255 103 21 genom

63 1276 101 28 årligt
185 1276 116 28 uppbåd
322 1276 33 28 af
366 1276 226 28 manskap,
542 1272 54 36 och

130 1305 24 27 2)
172 1312 112 20 reserv,
309 1304 127 22 hvilken
461 1307 34 18 är
517 1305 119 27 afsedd
654 1305 55 27 för
725 1305 32 21 de
779 1305 111 21 aktiva

63 1335 196 26 truppernas
274 1333 490 29 uppbringande
528 1329 70 37 till
614 1333 150 29 fulltalig
779 1334 111 27 styrka

63 1362 52 21 och
137 1364 128 25 utgöres
290 1362 35 27 af
332 1369 235 20 personer,
515 1358 51 36 som
584 1362 113 28 blifvit
720 1362 65 28 från
801 1362 91 21 aktiv

63 1391 103 27 tjänst
188 1387 257 36 hemförlofvade.

132 1419 35 27 B)
201 1419 55 21 Det
270 1419 112 26 finska
398 1419 493 27 landtvärnet
633 1415 106 35 består
753 1415 34 35 af
798 1415 33 35 de
845 1415 51 35 va-

60 1448 140 27 penföra
220 1454 158 21 personer,
401 1447 112 22 hvilka
535 1448 69 21 icke
619 1448 273 28 hänförts
782 1443 68 37 till
858 1443 38 37 de

62 1476 131 21 stående
210 1479 183 24 trupperna,
410 1476 163 28 äfvensom
589 1477 36 27 af
640 1477 65 25 dem,
726 1476 103 21 hvilka
848 1476 43 28 af-

62 1505 102 21 slutat
184 1506 43 20 sin
245 1505 181 27 tjänstetid
442 1506 51 20 vid
512 1506 87 20 dessa
616 1501 135 36 trupper.
