1103 1792
59 161 34 17 '23
105 164 63 13 mars.
866 153 27 21 75

66 228 105 22 utskottet
180 228 8 20 i
198 228 111 22 skrifvelse
323 228 32 21 till
368 228 238 27 värnepliktsutskottet
613 227 117 27 föreslagit.
746 228 71 26 Sagda
830 234 61 20 para-

66 257 49 27 graf
120 256 79 22 erhölle
215 257 26 21 då
249 258 36 20 det
298 256 97 26 innehåll,
411 259 32 18 att
459 257 26 21 de
500 263 111 21 personer,
624 263 46 15 som
679 256 28 27 på
722 256 70 27 grund
807 256 24 22 af
841 256 50 21 dom

66 288 38 19 äro
120 285 112 26 förlustiga
254 285 168 27 medborgerligt
442 285 124 21 förtroende
581 285 51 21 eller
648 285 102 27 ovärdiga
765 287 31 19 att
811 284 80 28 nyttjas

65 314 8 21 i
87 314 84 21 landets
187 313 71 27 tjänst,
273 314 46 21 icke
334 313 21 21 få
370 314 83 21 inträda
468 314 7 20 i
490 314 133 26 krigstjänst,
639 320 49 14 men
704 316 32 19 att
750 314 27 20 de
788 314 105 25 däremot,

66 342 54 22 efter
136 342 36 22 det
186 344 32 19 att
232 342 63 26 tiden,
312 342 67 21 under
395 342 85 21 hvilken
496 342 26 22 de
537 342 56 22 varit
613 342 78 21 dömda
705 342 114 26 förlustiga
834 342 58 21 med-

65 371 119 27 borgerligt
199 370 123 22 förtroende
337 370 51 22 eller
403 370 113 22 förklarats
532 371 102 27 ovärdiga
649 373 32 19 att
696 370 79 28 nyttjas
791 371 6 21 i
808 370 84 22 landets

66 400 73 26 tjänst,
154 399 75 27 utgått,
242 399 69 21 blefve
322 399 157 22 underkastade
490 400 125 26 värneplikt.
645 400 10 20 I
666 399 167 27 förteckningen,
845 405 47 15 som

65 427 138 22 omförmäles
218 428 6 20 i
239 428 13 26 &
268 428 33 26 75,
317 428 66 21 borde
399 428 70 21 därför
481 428 70 21 denna
561 428 160 26 omständighet
733 428 94 20 beaktas.
843 428 49 20 Mitt

65 456 100 28 yttrande
187 456 88 22 innebär
299 456 82 22 således
403 462 27 16 en
450 457 133 27 uppmaning
606 456 31 22 till
653 456 240 27 värnepliktsutskottet

66 487 32 19 att
113 484 76 22 beakta
205 485 69 21 denna
289 485 164 27 omständighet.

113 554 8 4 ,
137 530 89 22 Ståndet
248 531 112 27 godkände
379 531 52 21 härä
446 532 13 26 &
475 531 27 22 75
518 532 49 21 med
583 532 41 20 den
640 531 84 21 erinran
741 531 30 21 till
788 530 105 22 utskottet

67 559 25 21 hr
108 559 84 21 Öhman
208 559 102 22 förordat.

137 605 27 29 88
180 606 27 21 76
223 606 38 21 och
275 606 26 21 79
315 606 88 27 gillades
416 606 135 22 oförändrad.

136 652 99 21 Rörande
250 653 13 25 $
279 652 34 26 80,
329 652 72 21 anhöll

135 698 25 21 hr
176 698 121 21 Kumlin
314 704 35 15 om
365 698 62 21 ordet
441 698 40 22 och
496 698 93 28 yttrade:
605 698 46 22 Här
666 698 87 27 stadgas
769 698 6 21 i
791 704 101 21 paragra-

65 726 42 26 fen,
123 728 31 20 att
178 727 59 25 »den,
261 733 46 15 som
323 727 44 21 står
384 727 67 21 under
466 727 147 27 rannsakning
628 727 52 21 eller
695 726 62 22 tilltal
771 726 34 22 för
821 726 71 27 gröfre

66 755 64 24 brott,
147 755 115 27 besiktigas
275 755 40 21 och
330 755 101 22 anställes
447 756 6 20 i
469 756 67 26 tjänst
551 756 138 25 omedelbart,
700 755 53 21 efter
764 755 50 21 det
809 751 9 36 i
826 755 65 21 saken

66 783 122 21 meddeladt
204 784 70 26 utslag
289 784 76 21 vunnit
380 784 48 27 laga
443 784 76 21 kraft».
549 784 34 21 Då
597 784 6 21 i
619 784 63 27 lagen
698 784 46 21 icke
756 783 69 22 finnes
837 783 57 22 stad-

67 812 52 27 gadt
133 812 56 21 hvad
205 818 46 15 som
267 812 78 22 förstås
361 813 48 21 med
422 812 83 27 »gröfre
513 813 71 21 brott»
595 812 39 22 och
651 813 71 27 någon
734 812 91 22 särskild
836 812 58 27 enig-

67 840 58 22 het
118 836 15 37 i
148 840 163 28 uppfattningen
333 841 46 21 icke
401 841 67 21 häller
483 842 7 20 i
506 842 59 20 detta
587 841 107 26 afseende,
718 841 69 21 såvidt
803 841 39 27 jag
857 840 38 22 har

67 869 45 27 mig
135 869 83 26 bekant,
233 869 38 21 har
293 870 120 24 etablerats,
429 870 24 21 så
469 870 68 21 skulle
551 870 38 27 jag
603 876 57 20 anse,
675 872 32 19 att
722 876 54 20 man,
793 869 31 22 till
839 868 56 22 före-

66 898 130 21 kommande
211 897 22 22 af
246 898 56 21 olika
327 898 134 28 tillämpning
476 898 23 22 af
513 899 69 21 denna
603 898 139 27 lagparagraf,
765 898 68 21 borde
847 898 47 21 häri

69 926 142 27 uttryckligen
234 929 81 25 utsäga,
339 927 56 22 hvad
418 928 47 21 med
491 927 83 28 »gröfre
596 928 70 21 brott»
684 927 54 22 skall
752 927 85 25 förstås,
854 926 40 22 och

68 955 69 21 skulle
149 955 38 27 jag
209 955 32 21 för
263 956 44 21 min
323 956 33 21 del
374 955 84 28 föreslä,
475 958 32 19 att
521 955 126 28 paragrafen
663 956 6 21 i
685 956 59 21 detta
759 955 54 28 syfte
828 955 67 22 mätte

68 983 173 22 äterremitteras.

137 1029 34 22 Dä
185 1030 63 27 ingen
264 1037 70 14 annan
347 1030 92 27 begärde
449 1031 67 25 ordet,
528 1030 75 22 afslöts
613 1031 156 25 diskussionen,
780 1030 41 21 och
831 1029 63 22 fram-

68 1058 77 50 side
160 1058 24 21 hr
200 1058 142 22 ordföranden
366 1065 26 15 en
413 1059 287 27 omröstningsproposition,
716 1059 91 27 lydande
822 1059 72 20 säsom

78 1087 63 26 öljer
133 1083 12 34 :

139 1133 128 26 De,3hvilka
281 1133 118 28 godkänna
414 1133 113 22 utskottets
542 1133 83 28 förslag
641 1133 35 22 till
694 1133 78 28 lydelse
785 1133 36 27 för
831 1133 15 27 $
859 1133 37 25 80,

67 1163 62 20 rösta
136 1162 41 27 ja;

139 1207 81 21 vinner
234 1207 42 28 nej,
293 1207 42 21 har
349 1208 87 21 ständet
449 1208 90 27 förenat
553 1208 34 27 sig
602 1215 35 14 om
649 1208 27 21 hr
689 1207 106 22 Kumlins
805 1207 90 28 förslag.

139 1253 165 27 Propositionen
335 1254 127 21 besvarades
488 1254 48 21 med
561 1254 157 27 öfvervägande
743 1253 40 27 nej,
809 1251 87 23 hvarför

69 1281 88 22 ständet
172 1282 165 21 äterremitterat
352 1282 125 27 paragrafen
493 1282 70 27 isyfte
573 1285 31 19 att
615 1283 45 21 däri
670 1282 69 21 skulle
753 1281 81 22 införas
850 1283 48 19 när-

70 1316 59 15 mare
145 1311 134 26 bestämning
294 1317 35 15 om
345 1311 56 21 hvad
416 1311 48 21 med
481 1311 71 27 gröfre
567 1311 58 21 brott
640 1311 101 21 förstods.

141 1357 27 26 88
184 1356 89 26 81—83,
289 1356 34 26 85,
338 1357 27 20 87
381 1357 40 20 och
437 1357 26 21 89
479 1359 93 25 antogos
588 1359 51 19 utan
655 1356 129 22 diskussion.

141 1401 172 22 Sammanträdet
328 1402 75 21 afslöts
419 1402 52 21 härä
486 1402 28 21 kl.
530 1403 40 21 8.50
585 1409 17 14 e.
619 1409 26 14 m.

696 1453 22 18 In
731 1453 65 18 fidem:

644 1500 25 20 A.
690 1499 22 20 V.
728 1499 116 27 Lindberg.
