1103 1784
429 111 92 34 Bilagor.
864 111 28 22 63

60 188 133 29 uppbådats.
223 183 40 27 Är
285 188 58 21 han
365 188 8 20 i
388 187 91 21 ålder
499 188 117 21 mellan
639 187 176 21 trettiotvå
837 186 54 21 och

56 218 187 28 fyratiotre
263 217 40 25 år,
325 216 182 28 inskrifves
527 216 59 21 han
602 216 51 21 vid
672 216 219 21 landtvärnet.

131 246 49 26 Lag
199 252 84 14 samma
304 252 50 14 vare
369 251 33 15 om
418 245 48 26 den,
484 252 46 14 som
542 245 59 27 från
616 244 76 22 landet
707 244 98 28 utflyttat
820 245 71 20 innan

61 275 38 21 han
115 275 7 20 i
131 274 91 28 lottning
232 269 105 37 deltagit,
348 280 37 14 men
396 274 112 20 återvändt
528 274 62 28 före
604 273 151 28 uppnådd
770 273 122 21 trettio-

62 304 54 21 två
133 303 38 21 års
187 303 67 21 ålder.

444 383 16 27 $
476 384 34 20 83.

138 440 126 28 Utländing,
287 447 46 14 som
355 440 34 21 till
412 440 74 21 landet
501 440 97 27 inflyttat
613 440 38 21 och
667 440 77 20 vunnit
754 439 63 28 finsk
833 439 59 20 med-

64 469 137 28 borgarerätt
216 469 57 23 efter
288 469 35 20 det
338 468 44 21 han
393 468 58 29 fyllt
466 469 100 28 tjugutvå
576 469 33 24 år,
642 468 166 27 inskrifves
824 474 71 14 ome-

65 497 127 22 delbart
217 498 8 20 i
250 497 210 22 landtvärnet
476 498 8 20 i
509 497 41 21 den
578 497 59 21 klass
662 496 44 21 han
732 497 57 27 efter
817 497 77 20 åldern

65 526 84 21 tillhör.

447 611 16 28 $
478 613 35 20 85.

139 669 61 22 Utom
216 669 27 21 de
258 670 8 20 i
281 669 184 28 nästföregående
484 670 116 27 paragraf
621 669 82 21 nämda
723 669 172 28 förteckningar

66 699 85 28 åligger
173 698 192 28 uppbådsnämden
382 701 32 18 att
429 699 8 20 i
452 698 92 28 enlighet
559 697 48 22 med
618 698 201 27 fastställdt
830 698 66 27 for-

67 728 102 20 mulär
181 727 140 28 oförtöfvadt
331 729 100 26 uppgöra
442 727 39 20 och
492 727 34 21 till
538 726 62 21 såväl
611 727 143 20 länenämden
765 733 46 14 som
822 727 73 20 veder-

67 756 96 21 börande
188 755 297 28 truppkommendör
509 755 99 21 insända
633 755 97 21 särskild
750 755 145 28 förteckning

67 785 62 27 öfver
143 785 47 20 alla
205 785 54 24 dem,
276 791 45 14 som
333 785 58 27 från
403 784 97 21 området
510 784 77 27 blifvit
598 784 34 21 till
645 784 59 21 aktiv
714 785 70 27 tjänst
795 783 100 26 utsedda,

68 814 33 20 uti
109 813 86 21 hvilken
200 813 143 28 förteckning
348 813 86 28 jämväl
442 813 52 21 böra
502 813 53 28 ingå
564 813 25 20 de
597 813 121 28 uppgifter,
726 819 44 15 som
779 813 116 28 erfordras

67 842 38 27 för
121 842 140 27 uppgörande
277 842 30 27 af
319 842 73 21 dessas
407 841 255 28 tjänsteförteckningar.

138 871 35 20 På
192 871 73 28 grund
287 871 30 27 af
329 871 62 20 dessa
413 870 137 29 handlingar
573 872 117 26 upprättar
709 871 145 20 länenämden
870 877 25 14 en

69 900 68 27 dylik,
150 899 49 22 hela
215 900 58 20 länet
288 900 135 25 omfattande
434 899 152 28 förteckning,
602 899 85 27 hvaraf
697 899 73 21 skilda
786 899 111 27 exemplar

69 931 54 18 utan
139 928 134 21 tidsutdräkt
297 928 61 21 skola
379 928 107 21 insändas
506 928 35 21 till
560 930 90 18 senaten
669 927 37 21 och
727 928 168 28 generalguver-

69 964 74 14 nören.

453 1044 15 25 $
483 1044 36 20 86.

141 1100 34 21 De
190 1100 35 21 till
245 1100 59 21 aktiv
327 1101 69 26 tjänst
418 1100 92 21 utsedda
533 1100 161 28 värnepliktiga
711 1100 104 28 fördelas
828 1100 32 28 på
876 1100 26 20 de

71 1129 75 21 aktiva
163 1131 120 25 trupperna
299 1129 102 24 sålunda,
417 1131 32 19 att

142 1158 43 24 1:0)
197 1158 43 27 för
261 1158 206 28 gardesbataljonen
491 1158 71 26 väljas
582 1158 78 20 därtill
675 1158 108 27 lämpliga
796 1164 106 21 personer

73 1188 54 19 utan
140 1186 104 28 afseende
255 1187 13 20 ä
279 1186 64 21 deras
353 1186 87 26 hemort,
452 1186 244 27 företrädesvis
708 1186 40 28 de,
784 1193 42 14 som
835 1185 66 27 för-

72 1215 112 21 klarat
199 1216 46 27 sig
261 1215 120 21 därtill
395 1215 131 27 villiga;

141 1244 49 26 2:0)
202 1243 37 26 för
254 1244 228 27 kavalleritrupperna
498 1246 88 25 uttagas
602 1244 32 25 de,
647 1244 73 21 hvilka
731 1244 89 20 erhållit
831 1243 72 28 lägsta

73 1273 162 20 lottnumrorna
251 1272 37 21 och
304 1274 38 19 äro
358 1273 34 20 till
407 1272 153 28 ryttaretjänst
576 1273 101 27 tjänliga,
692 1275 56 19 samt

144 1301 43 27 3:0)
207 1301 121 21 återstoden
351 1301 60 21 delas
427 1302 91 20 emellan
534 1301 76 27 öfriga
627 1304 97 24 trupper,
740 1301 92 21 hvarvid
847 1300 56 21 iakt-

74 1332 67 24 tages,
157 1332 32 17 att
212 1330 80 20 enhvar
314 1330 71 20 såvidt
408 1330 86 27 möjligt
516 1330 72 20 kallas
612 1330 35 20 till
661 1330 71 20 sådan
749 1332 73 25 trupp,
839 1329 65 21 hvars

74 1358 129 27 stationsort
226 1358 71 21 under
315 1358 101 27 fredstid
432 1360 26 18 är
474 1358 35 21 till
524 1358 56 21 hans
595 1357 82 22 hemort
692 1361 100 18 närmast
808 1357 95 28 belägen.

145 1387 33 20 År
193 1387 114 27 afståndet
322 1387 79 20 mellan
417 1387 159 27 värnepliktigs
591 1386 81 21 hemort
688 1387 38 20 och
739 1389 67 23 orten,
817 1386 32 21 dit
860 1386 44 21 han

76 1415 73 26 blifvit
165 1415 116 27 anbefalld
296 1418 31 18 att
343 1416 34 20 till
393 1415 59 20 aktiv
468 1416 148 27 tjänstgöring
632 1415 32 28 sig
678 1415 94 28 begifva,
784 1416 121 27 längre;än

73 1443 80 28 femtio
169 1443 117 28 kilometer,
302 1444 58 21 skall
375 1443 43 21 han
435 1444 31 27 af
478 1444 85 21 kronan
574 1444 77 27 förses
667 1444 47 21 med
722 1444 184 28 färdpenningar

77 1471 56 28 efter
147 1472 119 27 beräkning
282 1473 30 27 af
324 1473 47 20 åtta
383 1473 69 27 penni
464 1473 43 26 för
522 1473 75 27 hvarje
612 1472 116 27 kilometer,
744 1472 103 21 hvarmed
853 1473 54 27 fär-

77 1501 43 21 den
136 1501 147 27 öfverskrider
298 1501 81 21 nämda
395 1501 131 28 vägalängd.

811 1535 22 18 13
