1103 1775
198 111 34 33 30
571 124 90 20 Bilagor.

552 216 54 26 Kap.
621 216 63 20 XIII.

262 265 52 27 Om
334 266 86 33 intyg
437 266 123 26 rörande
577 266 218 34 värnepliktens
814 266 163 34 utgörande.

583 342 14 26 $
612 343 37 20 89.

273 397 99 26 Enhvar,
391 405 47 14 som
462 398 74 27 blifvit
557 399 10 20 i
589 399 194 28 uppbådslängden
798 399 76 28 införd
889 399 38 21 och
942 399 88 21 inställt

203 426 33 27 sig
252 426 38 21 vid
312 427 205 27 uppbådstillfället,
533 435 50 13 men
602 428 45 21 icke
661 428 120 27 förklarats
795 428 85 27 skyldig
895 430 32 19 att
943 428 62 21 träda
1019 427 10 21 i

203 455 70 26 tjänst
294 456 38 20 vid
346 456 60 21 aktiv
430 457 72 26 trupp,
517 456 70 27 förses
601 457 29 26 af
641 457 196 27 uppbådsnämden
852 457 49 20 med
916 457 64 26 bevis,
996 458 33 19 att

205 483 45 21 han
266 484 105 27 infunnit
386 484 33 28 sig
436 485 35 20 till
486 485 162 26 värnepliktens
662 486 146 27 fullgörande,
824 485 165 27 hvarförutom:

274 513 34 20 1:0
323 513 48 26 den,
382 520 47 14 som
445 520 65 14 anses
525 514 126 27 oförmögen
667 514 35 21 till
712 514 134 28 krigstjänst,
856 514 93 21 erhåller
958 514 70 27 intyg,

203 542 34 19 att
251 541 46 20 han
312 543 27 19 är
353 544 37 25 för
404 542 65 21 alltid
483 543 105 26 därifrån
604 542 96 27 befriad;

275 571 33 20 2:0
323 571 47 26 den,
381 578 46 13 som
441 571 74 27 blifvit
525 571 124 28 inskrifven
660 571 37 21 vid
712 572 215 26 landtvärnet,
943 571 86 27 undfär

203 598 59 21 bevis
278 599 102 27 däröfver
395 600 48 20 med
459 600 89 27 uppgift
561 600 31 28 pä
607 600 57 21 hans
680 601 156 25 lottnummer
828 594 13 38 ;
852 600 39 22 och

275 628 37 20 3:0
328 628 48 26 den,
390 628 24 21 ät
437 629 87 21 hvilken
547 629 99 27 beviljats
661 629 98 27 uppskof
770 630 49 20 med
833 629 86 21 inträde
929 629 10 20 i
955 629 73 27 tjänst,

201 658 60 18 samt
276 656 47 25 den,
334 664 46 14 som
397 657 37 21 bör
449 658 98 27 undergä
559 665 31 20 ny
606 658 122 27 besiktning
744 658 51 20 eller
808 658 48 20 stär
870 658 69 20 under
954 664 71 14 rann-

202 684 96 28 sakning
314 685 51 21 eller
390 686 73 25 tilltal,
479 686 93 21 erhåller
595 688 118 26 temporärt
727 687 70 27 intyg,
812 687 9 20 i
836 686 79 21 hvilket
931 686 97 28 tydligen

203 714 123 26 uppgifves,
343 714 85 28 hvarpå
451 715 153 27 upphörandet
623 715 28 27 af
669 716 48 20 dess
738 715 101 28 giltighet
854 715 71 25 beror;
949 715 38 21 och
1001 716 27 19 är

203 742 147 28 innehafvare
366 743 29 27 af
406 743 81 21 sådant
503 744 60 27 betyg
575 744 82 27 pliktig
672 746 38 23 att,
726 744 67 20 sedan
808 744 60 20 tiden
883 744 35 27 för
933 744 95 27 intygets

201 770 103 28 giltighet
326 772 79 27 utgått,
422 772 91 21 anmäla
535 772 34 28 sig
584 772 39 21 hos
637 772 157 21 vederbörande
809 772 169 28 uppbådsnämd
992 772 36 27 för

201 800 35 20 att
250 800 86 21 erhålla
351 801 157 21 underrättelse
524 808 35 14 om
575 801 60 21 tiden
649 803 43 19 när
707 802 38 20 och
760 803 62 19 orten
837 802 87 20 hvarest
934 801 45 21 han
990 801 38 21 bör

201 828 94 27 infinna
310 828 34 28 sig
359 829 37 27 för
410 831 33 19 att
458 830 116 26 besiktigas
589 830 39 20 och
643 832 107 25 mottagas
765 830 10 20 i
790 830 74 27 tjänst.
