1103 1770
94 106 25 17 16
131 110 63 12 mars.
894 98 28 22 25

164 175 80 21 vinner
259 176 43 27 nej,
317 176 41 20 har
372 174 86 22 ståndet
473 175 89 27 förenat
576 175 33 27 sig
625 182 35 14 om
672 174 27 21 hr
711 174 110 22 Janssons
833 174 90 27 förslag.

166 232 31 21 På
216 232 93 27 begäran
326 232 107 22 anstäldes
448 232 108 27 votering;
573 232 39 21 och
628 238 46 15 som
693 232 74 21 därvid
783 231 97 27 afgåfvos
895 231 29 21 40

94 262 23 26 ja
133 260 40 22 och
188 261 27 20 22
230 261 40 27 nej,
286 261 54 21 hade
355 260 26 22 hr
395 261 106 21 Janssons
516 260 81 28 förslag
612 260 22 22 af
649 261 85 21 ståndet
749 260 85 27 afböjts.

167 318 40 21 Vid
228 318 36 21 det
287 318 86 22 ståndet
396 318 52 21 härä
470 318 108 27 öfvergick
600 318 32 21 till
650 318 131 26 behandling
796 317 23 21 af
838 317 5 21 1
860 323 64 15 mom.

97 348 14 26 8
127 347 46 25 123,
188 347 84 27 yttrade

167 410 25 20 hr
228 416 130 15 Jansson:
380 410 43 26 Jag
442 410 39 20 har
496 410 114 21 betecknat
622 410 250 26 värnepliktsutskottets
882 408 43 22 for-

99 438 107 27 mulering
226 438 22 21 af
268 438 127 27 stadgandet
410 445 34 14 om
461 439 26 20 de
502 438 69 21 finska
587 439 180 26 medborgarenas
783 438 141 27 värneplikts-

100 467 120 27 skyldighet
235 467 71 21 säsom
322 467 108 26 oegentlig
445 467 39 21 och
500 467 72 21 rentaf
585 467 84 27 oriktig.
700 467 75 21 Säsom
791 467 135 26 fullständigt

100 495 89 22 förfelad
202 495 68 21 måste
278 495 38 27 jag
326 495 103 22 beteckna
440 495 251 27 värnepliktsutskottets
703 495 116 27 stilisering
829 495 23 21 af
867 496 6 26 $
885 495 41 21 123

99 525 7 20 i
122 525 49 20 dess
194 525 4 20 1
223 530 71 20 mom.,
316 524 81 21 hvilket
417 527 96 18 moment
535 524 116 21 innefattar
674 525 151 20 bestämmelse
848 530 34 15 om
899 524 27 21 de

99 553 70 21 finska
184 555 128 24 truppernas
329 553 104 21 ändamäl.
448 553 42 21 Det
506 559 51 15 vore
572 553 44 26 mig
632 553 97 26 omöjligt
743 555 32 19 att
786 553 72 24 förstä,
870 553 55 20 huru

101 588 48 14 man
173 581 57 21 inom
253 581 140 27 landtdagens
417 581 217 27 värnepliktsutskott
648 581 83 21 kunnat
745 581 86 21 komma
847 581 33 26 sig
895 580 31 22 till

101 616 25 15 en
146 610 146 26 formulering,
308 610 23 20 sä
346 609 112 22 afvikande
473 610 46 21 frän
536 610 55 21 hvad
604 616 48 15 man
669 610 54 21 hade
738 610 102 27 rättighet
854 612 31 18 att
900 616 26 14 ur

101 638 50 22 våra
169 639 119 20 intressens
304 638 110 27 synpunkt
428 638 78 26 fordra,
522 638 44 22 ifall
581 639 36 21 det
631 638 46 21 icke
693 645 50 15 vore
758 638 33 22 för
807 639 42 26 mig
865 638 61 26 klart,

101 670 32 18 att
156 667 40 21 den
217 666 161 28 ifrågavarande
393 667 168 27 formuleringen
577 667 102 27 framgått
693 667 23 21 af
729 674 26 14 en
771 667 79 27 mängd
866 667 59 21 kom-

101 696 123 27 promisser,
248 696 39 20 och
311 702 33 14 om
368 696 124 21 densamma
514 696 46 21 icke
575 698 116 25 yttermera
705 695 133 22 förklarades
862 694 64 27 däraf,

101 727 32 18 att
154 731 49 14 man
226 731 29 14 nu
277 730 26 15 en
328 724 56 27 gång
399 725 185 21 sammanblandat
599 725 162 27 bestämningen
778 731 34 15 om
829 724 97 21 medbor-

103 759 89 20 garenas
216 752 119 28 värneplikt
359 753 47 21 med
429 753 163 27 bestämningen
620 760 35 14 om
677 758 130 22 truppernas
823 752 104 22 ändamål.

101 782 50 20 Man
167 781 38 21 har
221 782 106 26 nämligen
342 782 7 20 i
365 782 40 20 den
422 782 85 26 lydelse,
524 788 45 15 som
586 782 72 26 gifvits
674 782 21 20 åt
710 783 13 25 &
740 783 17 22 1,
773 782 65 21 redan
855 788 25 14 en
892 781 35 21 be-

103 810 108 27 stämning
233 817 34 14 om
291 811 26 20 de
339 810 69 21 finska
430 813 129 24 truppernas
581 810 103 22 ändamäl.
715 810 130 25 Emellertid,
862 810 65 21 sädan

104 839 40 21 123
160 839 12 26 $
188 845 28 15 nu
235 841 33 19 ter
288 839 38 26 sig,
342 841 23 19 är
390 839 41 21 den
447 839 7 21 i
469 839 73 27 hvarje
562 838 37 22 fall
621 845 45 15 mer
689 841 26 19 än
739 839 96 27 märklig.
866 839 10 20 I
898 845 29 14 nu

103 867 97 26 gällande
223 868 167 26 värnepliktsiag
411 870 24 18 är
455 868 100 26 stadgadt
571 874 34 14 om
622 868 26 20 de
663 867 68 21 finska
747 870 129 24 truppernas
892 869 36 18 än-

103 895 79 21 damäl:
211 896 113 21 »Finlands
346 896 119 27 krigsmakt
488 896 37 21 har
548 896 31 21 till
603 896 97 21 ändamål
723 898 31 19 att
769 898 67 19 värna
851 897 77 20 tronen

103 924 39 21 och
165 923 171 22 fäderneslandet
359 927 56 18 samt
438 925 123 26 därigenom
586 924 61 22 äfven
671 925 88 26 bidraga
781 925 31 20 till
835 924 93 27 kejsare-

104 953 83 21 dömets
209 953 103 21 försvar».
342 953 34 21 Nu
398 953 115 27 föreligger
538 953 60 21 här
587 949 14 35 i
624 953 70 21 stället
717 953 31 21 till
773 953 155 27 godkännande

104 984 31 18 ett
157 981 85 27 förslag,
266 982 37 21 där
326 988 55 19 man,
396 982 7 21 i
418 982 60 27 fråga
500 988 34 15 om
557 982 26 21 de
598 981 68 22 finska
681 984 129 25 truppernas
825 981 104 26 ändamål,

104 1009 101 28 förglömt
226 1010 46 21 icke
294 1011 55 20 blott
371 1013 88 18 tronens
476 1013 51 18 utan
543 1013 49 18 rent
606 1010 23 21 af
642 1010 182 22 fäderneslandets
840 1010 89 25 försvar,

105 1039 38 20 och
160 1039 37 20 där
214 1045 46 15 man
277 1039 32 21 får
325 1039 26 21 de
366 1039 69 21 finska
450 1043 129 23 truppernas
595 1039 97 21 ändamål
708 1041 31 19 att
755 1046 50 14 vara
817 1051 27 2 —
854 1039 76 26 bidrag

105 1067 30 21 till
157 1067 36 21 det
213 1067 63 27 ryska
298 1067 65 21 rikets
377 1067 89 21 försvar.
496 1068 77 20 Denna
588 1067 101 27 paragraf
702 1068 39 20 bör
756 1074 29 14 nu
801 1067 128 27 visserligen

104 1096 57 20 läsas
176 1096 7 20 i
199 1096 154 26 sammanhang
368 1096 49 21 med
433 1096 67 21 andra
515 1096 123 27 paragrafer
653 1096 7 20 i
675 1096 146 27 lagförslaget;
838 1102 47 14 men
899 1097 31 19 att

106 1124 57 26 gifva
178 1130 25 15 en
227 1125 177 27 grundväsentlig
419 1125 109 21 definition
545 1131 35 15 om
596 1125 26 21 de
638 1124 68 22 finska
721 1127 129 25 truppernas
866 1124 64 21 ända-

106 1152 42 22 mål
170 1153 27 27 på
219 1156 31 18 ett
272 1154 76 20 sådant
371 1155 48 23 sätt,
442 1160 46 14 som
511 1153 238 27 värnepliktsutskottet
763 1153 38 21 här
817 1153 57 27 gjort
889 1153 42 25 det,

107 1188 62 20 synes
185 1182 44 26 mig
244 1182 54 21 dock
314 1182 25 26 gå
355 1182 66 26 något
435 1182 33 21 för
483 1182 65 26 långt.
572 1182 50 21 Icke
637 1188 43 20 nog
691 1182 47 21 med
749 1184 29 19 att
790 1181 140 27 värneplikts-

106 1210 106 21 utskottet
234 1211 31 21 uti
288 1211 32 21 sin
343 1210 142 27 formulering
509 1211 99 21 förbisett
624 1211 26 21 de
665 1210 69 22 finska
756 1213 129 24 truppernas
901 1216 29 14 nu

107 1238 38 22 och
161 1239 59 21 alltid
234 1239 141 21 förblifvande
397 1239 68 21 första
483 1239 105 24 ändamål,
604 1242 48 24 eget
673 1239 60 21 lands
751 1239 90 25 försvar,
857 1240 74 19 värne-

106 1267 173 27 pliktsutskottet
301 1268 38 20 har
359 1268 46 21 icke
428 1274 38 15 ens
489 1268 75 21 vårdat
584 1268 34 26 sig
640 1274 34 14 om
699 1270 31 19 att
753 1268 31 20 uti
799 1268 41 21 den
857 1273 75 15 senare

107 1296 60 20 delen
189 1296 23 21 af
224 1299 118 18 momentet
357 1296 147 21 åstadkomma
520 1297 70 26 någon
606 1302 46 15 som
668 1296 56 21 hälst
739 1296 74 27 möjlig
827 1296 40 21 och
882 1296 50 20 rim-

106 1324 30 27 lig
159 1324 146 27 begränsning
327 1325 22 20 af
370 1325 41 20 den
434 1325 64 26 ryska
513 1324 136 27 riksuppgift,
664 1325 85 20 hvilken
765 1324 166 27 värnepliktsut-

107 1353 80 21 skottet
211 1353 23 20 så
256 1353 72 21 frankt
349 1353 90 27 angifvit
460 1353 70 22 såsom
553 1353 50 21 våra
618 1355 106 25 truppers,
740 1353 6 21 i
761 1353 58 21 förra
835 1353 61 21 delen
912 1351 22 22 af

107 1381 32 21 sin
163 1383 50 19 sats.
243 1382 30 27 Ty
296 1388 33 15 om
352 1388 55 19 man,
431 1381 53 22 efter
506 1383 31 20 att
552 1381 63 22 hafva
629 1382 42 21 läst
685 1381 74 28 början
775 1381 23 22 af
812 1381 120 26 meningen,

107 1410 121 21 sedermera
252 1410 53 21 skall
328 1410 85 21 försöka
435 1413 31 18 att
490 1411 31 20 uti
536 1411 36 20 det
587 1410 111 27 inskjutna
714 1410 178 21 »företrädesvis>
909 1415 23 15 se

107 1438 70 27 någon
201 1441 57 18 sorts
280 1439 83 26 garanti
382 1438 33 21 för
431 1441 31 18 att
478 1439 26 21 de
519 1439 69 21 finska
604 1441 129 24 truppernas
749 1438 98 22 ändamål
863 1437 69 22 blefve

107 1467 27 26 på
149 1467 48 25 håll,
213 1473 46 15 som
275 1467 110 26 vederbör,
401 1467 75 26 riktigt
491 1467 123 27 uppfattadt
629 1468 37 20 och
683 1467 154 27 respekteradt,
850 1467 23 21 så
889 1467 43 20 må-

107 1497 32 19 ste
160 1502 48 14 man
232 1495 147 28 ovillkorligen
396 1495 98 28 uppfatta
516 1497 58 20 detta
600 1495 174 22 »företrädesvis>
800 1496 72 21 såsom
888 1501 45 14 mer
