1103 1786
206 115 28 21 76
574 123 91 21 Bilagor.

277 192 32 20 att
323 191 70 27 någon
409 190 199 29 afkommendering
624 191 23 22 af
659 191 137 22 landtvärnet
806 191 31 22 till
847 191 119 28 aflägsnare
978 191 55 22 före-

205 220 37 27 tag
263 219 46 22 icke
332 219 41 22 kan
393 219 28 28 på
435 219 66 22 allvar
517 219 89 28 befaras,
623 222 51 19 enär
690 220 70 27 dylika
775 222 89 25 trupper
880 220 27 21 då
921 220 46 22 icke
981 225 52 16 vore

205 248 31 21 till
252 249 66 26 något
333 254 55 21 gagn
403 247 33 22 för
451 248 154 27 krigföringen,
624 248 147 22 hvarförutom
787 249 48 27 krig
845 255 89 15 numera
943 251 90 25 antagas

205 277 66 21 blifva
285 276 61 22 förda
360 277 49 22 med
425 277 40 21 den
482 277 110 25 snabbhet,
608 280 33 19 att
657 277 65 27 något
732 277 87 22 rådrum
834 277 34 22 för
883 277 150 27 uppställande

205 304 23 22 af
241 305 221 27 landtvärnstrupper,
472 305 88 22 afsedda
574 306 34 21 för
619 306 137 27 operationer
767 308 59 19 utom
837 306 78 25 landet,
925 306 108 27 knappast

206 333 71 22 blefve
292 333 69 27 öfrigt.

275 362 78 22 Vidare
368 362 39 22 har
421 362 36 22 vid
472 362 114 27 förslagets
602 363 140 27 uppgörande
754 362 80 28 jämväl
850 363 65 27 tagits
929 363 6 21 i
947 363 85 21 betrak-

205 391 70 26 tande,
285 393 32 19 att
332 391 26 21 de
373 397 34 15 om
424 391 40 21 ock
483 397 65 20 svaga
564 391 120 21 utsikterna
698 394 32 19 att
744 391 33 21 för
792 390 241 29 författningsförslaget

206 419 65 22 vinna
285 420 98 21 sanktion
400 420 7 20 i
417 420 71 26 någon
499 420 49 20 mån
560 420 71 21 kunde
642 420 58 23 ökas,
714 420 72 21 därest
800 420 129 22 monarkens
941 420 92 22 bestäm-

204 448 108 27 ningsrätt
327 448 47 22 med
385 448 86 22 hänsikt
478 448 31 22 till
520 448 147 22 landtvärnets
678 449 138 27 användning
826 449 18 27 ej
857 449 24 21 så
891 449 141 27 uttryckligen

204 475 145 29 kringskäres.

275 506 103 26 Slutligen
395 512 63 15 anser
474 506 34 27 sig
523 506 106 22 utskottet
646 506 51 21 böra
712 506 32 21 till
754 506 160 27 prästeståndet
924 506 55 21 rikta
989 506 42 21 den

204 533 134 27 hemställan,
354 537 31 19 att
406 536 164 25 prästeståndet,
585 535 33 21 för
634 534 146 28 befrämjande
800 534 24 22 af
842 535 190 27 samstämmighet,

205 562 92 28 benäget
312 563 65 21 måtte
392 562 76 28 frångå
483 564 26 21 de
524 564 113 21 afvikande
652 564 77 25 beslut,
740 570 47 15 som
804 564 85 21 ståndet
900 563 132 22 beträffande

205 592 13 26 8
234 592 13 20 9
263 592 39 21 och
317 597 64 16 mom.
396 592 14 20 4
425 592 22 21 af
460 594 14 25 &
488 593 28 20 20
532 593 35 21 vid
587 592 127 27 pröfningen
730 592 24 21 af
767 595 86 18 senaste
868 592 163 27 sammanjämk-

204 619 145 28 ningsförslag
365 620 100 27 vidhållit,
481 623 57 24 enär,
554 621 70 21 såvidt
639 621 106 21 utskottet
759 620 80 21 förmår
854 621 95 25 bedöma,
960 621 71 27 någon

205 649 68 21 utsikt
288 649 17 27 ej
322 648 75 27 finnes,
407 652 31 19 att
454 650 26 21 de
495 650 69 27 öfriga
579 650 90 21 stånden
685 650 6 20 i
708 650 63 21 dessa
786 649 93 27 punkter
894 649 69 21 skulle
977 650 7 20 i
995 656 36 14 en-

204 677 67 27 lighet
286 678 87 22 därmed
389 678 67 22 ändra
471 679 47 21 sina
532 679 78 21 beslut.

274 810 127 22 Oberoende
416 810 22 22 af
452 811 55 21 hvad
523 811 106 21 utskottet
643 811 7 21 i
665 810 137 22 förestående
818 810 65 21 måtto
900 809 131 22 beträffande

203 838 157 22 ofvanberörda
382 840 251 26 grundlagsstadganden
649 839 121 25 framhållit,
786 838 32 22 får
834 838 105 22 utskottet
953 841 78 24 ytterst

203 867 89 26 anmäla,
304 870 31 19 att
350 868 95 25 stånden,
461 868 35 21 vid
511 868 156 26 behandlingen
684 868 22 21 af
720 868 117 21 utskottets
853 869 86 19 senaste
951 866 80 26 förslag

203 896 92 21 rörande
310 902 63 15 mom.
389 897 13 20 2
417 897 7 20 i
439 897 12 26 &
468 897 18 26 7,
503 899 85 18 stannat
604 897 31 20 uti
650 896 94 27 följande
760 895 121 27 skiljaktiga
897 895 79 21 beslut:

273 925 156 27 Ridderskapet
444 925 39 21 och
501 925 60 21 adeln
578 925 38 21 har
632 925 106 21 vidblifvit
752 925 38 21 sitt
806 924 90 27 tidigare
912 924 76 26 beslut,
999 925 32 20 att

203 959 65 15 mom.
283 953 13 20 2
312 953 66 22 borde
394 961 25 14 ur
435 953 124 27 paragrafen
576 953 57 26 utgå.

272 981 86 22 Präste-
374 982 39 21 och
436 982 162 21 bondestånden
622 981 62 22 hafva
700 982 96 26 godkänt
812 981 116 21 utskottets
943 980 87 27 förslag.

272 1010 182 27 Borgareståndet
476 1011 38 21 har
537 1010 105 22 förkastat
657 1011 117 20 omordade
788 1009 82 27 förslag
884 1009 40 22 och
940 1009 90 22 sålunda

202 1039 107 21 vidblifvit
330 1039 37 22 sitt
388 1039 57 21 förra
467 1039 71 22 beslut
560 1039 80 25 därom,
663 1041 32 19 att
717 1045 64 15 mom.
797 1039 13 20 2
832 1037 22 22 af
867 1038 162 27 ifrågavarande

201 1067 102 27 paragraf
326 1068 67 21 borde
415 1068 79 21 erhålla
516 1068 93 27 följande
631 1067 89 28 lydelse:
745 1067 80 21 »Finsk
846 1067 140 26 medborgare
1009 1066 22 21 af

201 1096 100 27 mankön,
317 1103 45 14 som
380 1097 92 26 uppnått
487 1097 162 26 uppbådsålder,
665 1096 41 21 kan
722 1095 94 22 frikallas
832 1095 47 21 från
895 1095 46 21 sina
952 1095 77 21 under-

202 1124 78 27 sätliga
295 1125 76 26 plikter
387 1131 19 15 0.
421 1132 16 14 s.
453 1132 32 14 v.»

272 1153 40 21 Vid
328 1154 140 27 uppgörande
482 1153 23 22 af
515 1153 80 27 förslag
606 1153 30 21 till
647 1153 210 27 sammanjämkning
866 1152 22 21 af
897 1153 64 20 dessa
972 1152 58 27 skilj-

201 1181 74 27 aktiga
297 1182 71 20 beslut
389 1182 38 21 har
450 1182 106 21 utskottet
578 1184 86 18 stannat
687 1182 35 20 vid
738 1184 32 18 att
785 1181 79 21 föreslä
880 1181 35 21 det
931 1181 99 26 samtliga

201 1210 64 21 stånd
281 1210 48 21 ville
345 1210 32 21 för
393 1211 115 21 omordade
519 1217 63 14 mom.
593 1210 13 21 2
617 1210 113 26 godkänna
739 1210 95 26 följande
844 1209 87 27 lydelse:
950 1208 80 22 »Finsk

200 1238 148 27 medborgare,
364 1245 46 15 som
433 1239 47 27 fyllt
502 1239 89 21 aderton
615 1239 29 25 är,
660 1238 40 21 kan
717 1238 95 21 frikallas
827 1237 47 21 frän
890 1238 46 21 sina
952 1237 77 21 under-

201 1266 78 28 sätliga
301 1267 78 27 plikter
401 1267 55 22 först
478 1267 52 21 efter
546 1268 36 20 det
597 1267 40 21 han
653 1267 99 27 fullgjort
768 1267 32 21 sin
818 1266 119 27 värneplikt
953 1266 34 21 vid
1003 1266 27 21 de

201 1295 90 21 stäende
306 1298 117 25 trupperna
438 1296 51 21 eller
505 1296 77 26 uttagit
596 1296 47 25 lott,
659 1302 45 14 som
721 1295 79 22 befriar
816 1295 78 21 honom
905 1294 46 22 frän
963 1294 66 22 sädan

201 1324 73 26 tjänst,
290 1324 51 21 eller
356 1325 39 21 ock
408 1324 116 22 förklarats
540 1324 88 27 oduglig
642 1324 30 21 till
688 1324 148 27 krigstjänst».

479 1382 31 21 På
526 1381 115 21 utskottets
658 1383 90 25 vägnar:

537 1427 25 21 L.
580 1427 113 21 Mechelin.

678 1472 36 20 Ch.
730 1472 50 20 Em.
796 1472 29 26 af
837 1471 120 21 Frosterus.
