1103 1750
428 109 94 34 Bilagor.
860 110 25 21 81

62 184 115 22 bibehållit
197 184 40 22 och
260 184 85 28 lämpat
362 184 39 22 Oss
417 185 53 27 efter
484 186 59 20 detta
560 185 64 22 lands
639 186 103 21 urgamla
758 185 64 27 bruk,
835 192 52 16 anse

65 213 36 21 Wi
115 213 42 21 den
174 212 143 27 Trohets-
283 208 42 36 Ed,
333 213 122 22 Ständerne
473 214 10 21 i
497 214 130 26 allmänhet,
643 188 39 57 och
699 214 189 22 Bonde-Ständets

62 242 137 27 Deputerade
221 242 9 20 i
253 242 124 28 synnerhet,
400 242 7 21 å
427 250 51 20 egne
494 243 38 21 och
547 243 63 21 deras
625 243 186 21 hemmavarande
826 242 59 22 med-

62 270 86 22 bröders
163 272 90 25 vägnar,
269 270 105 28 frivilligt
389 271 39 21 och
443 273 102 26 otvunget
560 272 75 27 aflagt,
646 272 72 21 såsom
732 272 43 27 god
790 271 38 22 och
842 272 45 27 för-

62 299 109 21 bindande
187 299 74 28 hvarje
280 299 112 21 Finlands
407 300 129 28 Inbyggare,
552 302 57 20 utan
625 301 41 20 allt
680 301 122 27 undantag.
817 312 27 4 —
861 313 26 2 —

61 336 40 11 —»
113 328 22 26 1).
165 328 70 27 (Hans
251 328 120 27 Kejserliga
386 328 111 27 Majestäts
513 329 83 27 Nådiga
611 329 135 27 kungörelse,
762 329 32 21 till
810 330 77 20 samte-

60 356 43 27 lige
118 357 102 21 Finlands
235 357 126 27 Inbyggare,
377 357 109 27 angående
501 358 41 21 den
558 358 22 21 af
593 358 70 21 Landt
674 358 120 22 Ständerne
805 357 83 27 aflagda

61 385 52 21 Tro-
129 385 40 21 och
184 385 185 27 Huldhets-Eden,
385 385 22 22 af
421 386 39 21 den
477 386 27 22 23
520 387 82 23 mars/4
617 386 62 28 April
696 387 68 26 1809).

131 414 20 25 d)
170 414 51 21 »Wi
235 414 124 21 Alexander
374 415 41 20 den
432 414 52 22 I:ste
500 417 37 19 etc.
554 428 25 2 —
598 428 19 2 —
642 415 151 28 Ofrertygade,
804 416 32 19 att
846 415 41 20 den

61 441 146 29 Författning
229 443 39 20 och
283 443 24 20 de
323 442 80 28 Lagar,
419 450 47 14 som
481 443 241 28 öfrerensstämmande
737 444 49 21 med
802 443 85 21 Finska

61 470 86 21 Folkets
163 471 73 27 lynne,
250 471 61 21 seder
325 471 38 21 och
379 471 107 28 bildning,
502 473 71 20 under
587 479 27 14 en
631 472 51 27 läng
698 472 56 28 följd
767 472 30 27 af
808 471 27 22 är
848 473 39 20 ut-

59 499 58 28 gjort
130 500 139 27 grundvalen
291 500 36 27 för
348 500 47 21 dess
411 500 120 28 borgerliga
546 501 69 27 frihet
630 501 38 21 och
682 501 59 27 lugn,
752 501 46 21 icke
810 501 76 24 kunde,

61 529 56 20 utan
139 528 56 21 väda
217 528 36 28 för
273 529 66 22 dessa,
361 529 133 22 inskränkas
508 530 52 21 eller
575 529 88 23 rubbas.
684 529 64 28 hafve
775 529 35 21 Wi
824 529 63 28 ifrän

59 557 72 27 första
146 557 95 21 stunden
263 557 29 28 af
307 557 51 21 Wär
373 557 107 29 Regering
495 558 61 28 öfver
570 559 59 20 detta
644 558 71 26 Land,
730 558 46 21 icke
794 558 93 21 allenast

58 586 31 27 pä
114 586 35 21 det
171 586 152 28 högtidligaste
346 586 108 28 bekräftat
476 594 88 14 samma
586 587 146 28 Författning
751 588 39 20 och
805 586 80 28 Lagar,

60 614 49 22 med
123 615 25 21 de
163 615 75 27 hvarje
251 614 70 22 Finsk
336 615 145 28 Medborgare,
491 616 10 20 i
515 616 52 27 följe
582 616 70 28 deraf,
664 616 165 21 tillkommande
844 615 42 28 fri-

60 643 59 21 heter
134 644 38 20 och
187 644 132 27 rättigheter,
329 647 56 18 utan
401 644 37 22 ock
452 645 55 27 efter
516 644 134 28 föregängen
660 645 167 27 öfverläggning
837 644 50 22 med

61 672 96 21 Landets
179 672 134 27 församlade
337 672 99 27 Ständer,
452 673 153 28 tillförordnat
627 680 25 14 en
673 673 95 21 särskild
785 673 100 28 Styrelse,

59 708 54 18 som,
135 701 70 21 under
227 708 70 14 namn
320 701 29 27 af
371 701 52 21 Wär
444 702 228 27 Regerings-Conseil,
694 704 149 19 sammansatt
862 702 29 27 af

60 729 82 21 Finske
164 729 62 25 Män,
242 730 81 21 hittills
348 730 5 20 i
371 730 61 21 Wärt
454 738 71 14 namn
548 731 78 25 besörjt
641 730 97 22 Landets
755 730 73 22 Civila
842 730 45 28 för-

59 758 102 28 valtning
184 758 39 22 och
245 759 121 21 rättvisans
387 759 106 27 skipande
508 759 10 21 i
531 760 56 20 sista
602 760 111 26 Instance,
729 760 115 21 oberoende
860 762 25 24 af

59 787 32 21 all
105 793 78 15 annan
199 787 66 26 makt,
281 789 30 19 än
328 787 118 28 Lagarnes,
463 788 39 21 och
516 788 42 21 den
578 788 40 26 Wi,
628 788 73 21 säsom
716 788 88 28 Regent,
814 788 10 20 i
844 788 42 27 följe

59 815 29 27 af
107 816 54 26 dem,
178 815 81 28 Sjelfve
282 816 79 27 utöfve.
391 816 42 21 Det
452 818 27 19 är
498 816 32 28 pä
552 816 81 22 sådant
647 818 45 20 sätt
711 816 34 22 Wi
760 817 58 21 velat
846 816 39 22 både

59 844 137 28 ädagalägga
212 844 24 21 de
253 845 113 26 tänkesätt,
382 852 47 14 som
445 846 43 20 ledt
502 846 39 20 och
556 846 113 27 framgent
682 846 60 20 skola
758 846 48 20 leda
822 844 65 28 Oss,i

59 872 121 22 hänseende
197 873 34 21 till
250 873 62 21 Wäre
328 873 81 21 Finske
431 874 151 27 Undersätare,
598 874 39 21 och
653 874 78 26 tillika,
746 874 36 28 för
796 874 88 21 evärde-

60 901 44 27 liga
128 902 61 25 tider,
206 902 84 27 befästa
310 902 42 21 den
367 902 117 27 försäkran
500 903 25 21 de
540 903 29 27 af
584 903 39 21 Oss
638 903 119 27 emottagit,
773 902 112 28 angäende

60 930 161 21 bibehällandet
235 931 29 25 af
275 931 63 21 deras
348 931 109 21 särskilda
468 931 146 28 Författning
625 932 71 20 under
710 931 51 21 Wär
771 932 39 20 och
824 931 61 21 Wäre

59 958 165 28 Efterträdares
247 959 79 27 Spira;
350 972 26 2 —
395 972 24 2 —
438 969 37 11 —»
497 960 69 26 (Hans
582 960 120 27 Kejserliga
717 960 70 28 Maj:ts
803 960 83 27 Nädiga

60 988 141 26 Kungörelse,
218 988 109 27 angäende
350 988 120 28 Kejserliga
485 989 257 27 Regerings-Conseilens
758 989 128 22 förändrade

59 1016 55 50 Pere
120 1016 69 28 mning
211 1017 31 21 till
265 1017 107 27 Kejserlig
395 1017 63 22 Senat
474 1017 33 21 för
522 1018 97 26 Finland,
635 1017 22 22 af
671 1018 40 21 den
727 1018 49 26 9/21
793 1017 93 22 februari

61 1045 69 27 1816).

128 1074 19 26 €)
166 1073 137 28 >Konungen
318 1076 51 25 äger
383 1076 63 25 styra
461 1074 55 22 Rike
526 1074 56 27 sino,
592 1082 47 14 som
651 1074 98 28 Sveriges
762 1074 45 28 Lag
817 1076 68 26 säger,

60 1102 54 20 Han
137 1102 39 21 och
197 1102 68 28 ingen
288 1110 85 19 annan,
397 1103 53 21 Rätt
472 1103 39 21 och
535 1103 104 28 Sanning
662 1104 81 27 styrka,
766 1104 62 21 älska
848 1103 39 22 och

57 1133 103 25 gömma;
183 1138 50 14 men
249 1131 118 27 vrångvisa
384 1132 39 21 och
441 1134 58 18 orätt
513 1132 109 28 förbiuda,
638 1132 96 28 afskaffa
750 1132 38 22 och
808 1132 77 21 neder-

60 1160 86 27 trycka;
170 1159 70 28 Ingen
256 1160 111 28 förderfva
384 1161 27 20 til
426 1160 43 28 Lif
489 1161 39 21 och
542 1160 54 28 Ara,
613 1161 42 21 lem
671 1161 38 21 och
724 1161 94 27 välfärd,
829 1162 56 20 utan

59 1188 46 21 han
129 1188 93 28 lagligen
237 1189 127 27 förvunnen
380 1189 38 22 och
433 1189 89 22 dömder
536 1191 32 26 är,
584 1190 39 21 och
638 1190 66 27 ingen
719 1190 99 27 afhända
835 1190 52 21 eller

130 1257 13 20 1)
155 1257 65 23 Ayant
235 1257 51 18 réuni
302 1257 25 18 les
339 1257 48 18 états
399 1257 23 18 de
434 1258 18 17 la
464 1258 91 18 Finlande
567 1264 22 12 en
601 1264 36 12 une
649 1258 55 18 Ditte
715 1259 87 22 générale,
815 1260 19 16 et
845 1264 42 17 regu

62 1281 49 17 leurs
123 1286 81 12 sermens
221 1279 23 19 de
255 1279 75 22 fidélité,
362 1286 33 12 Nous
407 1286 57 13 avons
477 1281 57 18 voulu
547 1281 11 18 &
570 1283 47 16 cette
630 1281 83 18 occasion
725 1287 33 18 par
769 1287 25 12 un
808 1283 40 17 acte
860 1287 27 12 so-

60 1303 67 17 lemnel
144 1303 65 18 6man6
227 1309 21 11 en
261 1303 39 17 leur
312 1304 85 22 prösence
409 1306 18 15 et
439 1305 93 21 proclamé
543 1304 47 18 dans
601 1305 17 17 le
631 1305 103 17 sanctuaire
745 1304 23 18 de
779 1300 60 22 VEtre
852 1304 34 18 Su-

60 1326 61 22 pr&me
134 1326 97 18 confirmer
243 1328 18 16 et
273 1332 73 12 assurer
358 1326 17 18 le
386 1327 87 17 maintien
486 1326 23 18 de
520 1327 18 18 la
548 1327 89 23 Religion,
647 1326 32 19 des
688 1327 37 18 loix
735 1327 152 22 fondamentales,

60 1349 25 17 les
98 1348 58 18 droits
169 1351 17 15 et
199 1349 26 17 les
237 1349 96 23 privilöges
345 1348 46 19 dont
403 1350 70 26 chague
486 1350 38 18 état
536 1356 21 12 en
570 1350 106 23 particulier
688 1352 18 16 et
714 1352 42 16 tous
766 1350 26 18 les
800 1350 87 18 habitans

60 1371 23 18 de
99 1372 19 17 la
136 1371 91 18 Finlande
243 1378 22 11 en
281 1372 71 22 général
365 1374 33 16 ont
409 1372 39 22 joui
459 1372 74 24 jusgwa
545 1374 78 22 present.
647 1373 29 17 En
688 1373 68 18 faisant
768 1374 120 22 promulguer

61 1396 28 16 cet
101 1396 40 16 acte
153 1400 32 18 par
198 1400 29 12 ces
241 1395 99 40 RR
353 1395 52 18 Nous
419 1401 78 17 croyons
510 1395 62 19 devoir
585 1396 87 18 instruire
684 1402 21 12 en
717 1396 59 18 méme
788 1398 47 16 tems
848 1396 39 18 Nos

60 1417 63 18 fiddles
137 1418 56 22 sujets
205 1417 24 19 de
257 1417 74 19 Finlande
342 1418 53 23 gwen
408 1418 52 18 Nous
478 1419 116 18 conformant
606 1419 12 17 A
629 1419 69 23 V'usage
710 1419 74 23 antigue
796 1421 18 16 et
826 1419 61 18 révéré

60 1440 23 18 de
99 1446 21 12 ce
137 1446 51 18 pays,
201 1440 53 18 Nous
272 1440 99 24 regardons
389 1441 25 18 les
433 1447 81 13 sermens
532 1442 22 18 de
569 1441 70 19 fidélité
650 1442 60 23 pröt6s
722 1448 33 17 par
766 1442 26 18 les
805 1442 48 18 états
866 1448 21 12 en

60 1464 74 22 général
144 1465 19 16 et
174 1469 33 17 par
221 1464 26 17 les
259 1463 76 19 députés
347 1464 32 18 des
392 1470 80 17 paysans
485 1470 21 12 en
518 1465 107 23 particulier
637 1470 21 12 en
670 1465 40 18 leur
722 1471 43 12 nom
776 1467 18 16 et
806 1471 22 12 en
841 1465 46 17 celui

60 1486 23 18 de
95 1486 40 18 lenr
147 1488 122 16 commettans
295 1492 9 12 de
315 1487 40 17 leur
367 1493 118 12 mouvemens
502 1493 74 17 propres
589 1490 18 16 et
619 1488 98 23 spontan6s
729 1494 71 12 comme
812 1488 45 18 bons
870 1490 18 17 et

61 1509 116 24 obligatoires
190 1515 47 18 pour
250 1512 41 16 tous
304 1510 26 18 les
341 1510 87 19 habitans
440 1510 24 18 de
475 1510 19 19 la
506 1510 91 20 Finlande
608 1521 23 3 —
644 1520 22 4 —
678 1518 40 12 —>»,
