1103 1767
446 112 92 31 Bilagor.
875 110 31 27 69

150 184 171 28 Angående
343 184 272 22 kommunikation
641 185 62 21 med
724 185 183 27 krigsmini-

79 216 93 18 stern
194 212 35 28 af
249 213 192 27 deärenden,
463 220 59 14 som
543 213 159 22 ankommaä
718 214 188 21 minister-

79 241 335 22 statssekreterarens
429 242 53 27 för
503 242 305 35 storfurstendömet
825 242 81 28 före:

80 270 158 28 dragning
254 270 79 21 eller
348 270 372 28 hvilkasafgörandeär
734 271 170 27 öfverläm-

80 299 74 21 nadt
170 299 30 21 ät
214 302 139 24 senaten,
367 299 107 27 gäller
488 299 78 21 hvad
581 300 105 21 därom
701 300 39 28 af
753 299 153 43 Kejsaren

79 327 164 21 särskildt
264 312 171 48 förordnas.

451 408 16 28 $
483 410 48 20 120.

151 459 33 21 De
199 460 35 20 till
245 460 81 28 finska
341 462 120 26 trupperna
472 459 96 22 hörande
579 460 117 27 generaler,
708 459 67 22 stabs-
785 460 38 21 och
834 459 72 28 öfver-

81 488 121 28 officerare
218 490 55 19 samt
289 489 64 20 civila
369 491 132 24 tjänstemän
517 489 114 27 äfvensom
646 488 129 25 underbefäl
790 488 39 22 och
844 494 62 15 man-

81 516 56 29 skap
151 518 88 26 utgöras
255 517 30 28 af
292 517 80 27 jinska
389 517 144 28 medborgare.

176 546 168 28 fficerare
359 550 34 24 aj
407 545 436 29 ryskhärkomstkunnadock
859 545 48 21 till

77 574 97 28 finsk
199 574 282 29 truppafdelning,
504 574 129 28 utöfver
656 574 67 22 dess
745 576 70 24 stat,
835 574 69 20 till-

81 602 242 22 kommenderas.

453 684 16 26 $
483 685 49 21 121.

153 740 73 21 Under
237 740 100 28 fredstid
359 741 122 27 uppställer
495 740 201 28 storfurstendömet
711 748 26 14 en
753 740 59 21 aktiv
827 742 76 26 trupp-

81 769 77 28 styrka
180 769 31 27 af
229 769 86 28 högst
331 770 159 27 tolftusen
513 776 51 14 man
587 769 129 28 underbefäl
736 769 37 21 och
789 768 115 28 manskap,

76 798 71 49 JärTn
167 798 30 49 ue
209 798 32 27 pä
257 797 57 22 olika
330 805 69 21 vapen
414 798 56 28 efter
485 798 68 28 behof
564 798 39 21 och
613 798 110 28 förlagda
742 798 8 20 i
765 798 66 20 länen
846 798 58 20 inom

90 828 66 19 andet

153 854 178 28 Truppstyrkans
341 856 196 27 sammansättning
546 855 40 21 och
592 855 132 29 fördelning
731 856 32 27 på
771 854 59 22 olika
838 861 68 21 vapen

81 883 111 28 äfvensom
208 884 48 20 dess
271 884 133 20 dislokation
416 884 125 28 fastställes
553 884 29 27 af
595 884 108 27 Kejsaren
719 884 38 21 och
768 884 138 27 Storfursten

79 912 41 28 på
131 912 256 28 framställning
403 913 38 27 af
452 912 267 28 krigsministern,
734 912 83 22 sedan
832 919 74 14 sena-

81 943 50 19 ten
148 940 141 29 afgifvit
304 941 168 21 utlåtande
495 942 9 20 i
519 941 138 21 ärendet.

453 1021 16 27 $
484 1022 48 21 122.

151 1077 178 21 Bestämmandet
351 1078 31 25 af
393 1081 130 25 truppernas
539 1078 127 28 utrustning
681 1078 38 21 och
735 1078 116 21 underhåll
867 1085 41 14 an-

82 1106 96 21 kommer
190 1107 32 27 på
236 1106 107 28 Kejsaren
358 1106 39 22 och
414 1107 136 27 Storfursten
566 1108 79 20 allena.
660 1106 155 22 Kostnaderna
829 1106 79 26 härför

81 1135 53 27 utgå
162 1135 118 27 främst
307 1134 30 28 af
363 1136 114 20 allmänna
509 1136 173 27 militiefondens
715 1136 193 28 tillgångar;

81 1164 114 26 (utesl.)
220 1163 57 21 hvad
299 1164 128 27 därutöfver
449 1164 122 28 erfordras,
591 1164 97 21 betäckes
710 1164 55 21 till
781 1164 54 21 den
853 1164 54 27 del,

81 1194 104 26 somej
206 1192 57 21 kan
282 1193 81 27 från
378 1192 219 22 statsvärkets
614 1192 169 22 ordinarie
798 1193 108 21 inkom-

81 1224 64 18 ster
160 1220 170 27 bestridas,
345 1221 48 21 med
409 1221 25 21 de
448 1222 75 26 medel,
538 1228 45 14 som
593 1221 43 28 för
651 1221 125 22 ändamålet
791 1221 74 27 blifvit
880 1221 31 27 af

81 1250 120 20 ständerna
216 1250 110 21 anvisade.

454 1324 15 28 $
484 1326 49 20 123.

155 1380 102 22 Under
282 1381 148 28 krigstid
452 1381 163 21 användas
637 1381 33 21 de
686 1380 115 28 finska
823 1383 85 25 trup-

80 1416 102 21 perna
194 1410 246 27 företrädesvis
455 1410 50 21 vid
517 1409 390 29 försvarsätgärderiFin-

83 1438 83 27 land,
188 1445 59 14 men
270 1438 113 27 kunna,
407 1438 36 21 dä
458 1438 33 21 de
513 1438 67 21 icke
603 1440 52 19 äro
673 1438 117 21 härtill
808 1438 99 28 behöf-

83 1467 75 27 liga,
181 1466 108 22 kallas
312 1470 47 18 att
378 1466 119 28 jämväl
519 1469 80 19 utom
622 1466 109 22 landet
754 1466 153 22 medvärka

84 1495 167 21 vidrikets
269 1491 136 36 försvar.
