1106 1781
192 107 27 21 78
558 115 93 21 Bilagor.

192 183 81 27 dagens
297 183 132 27 granskning
451 184 159 21 underkastade
632 183 103 27 förslaget
757 183 32 22 till
804 183 168 27 värnepliktslag
985 181 33 22 för

192 211 96 26 Finland,
299 211 141 22 öfverlämnas
457 212 31 21 till
504 212 142 27 landtdagens
661 212 115 21 utlåtande.
838 211 58 22 detta
911 211 107 26 föredrag-

191 240 175 27 ningsmemorial
381 241 37 21 har
434 241 62 21 Hans
509 241 119 27 Kejserliga
638 241 100 27 Majestät
753 241 41 21 den
810 241 28 20 23
854 246 56 15 mars
922 240 21 27 (4
957 239 61 28 april)

192 269 86 21 tecknat
301 269 92 26 följande
416 269 128 22 resolution:
570 270 83 21 »Dessa
673 269 73 28 frågor
762 269 66 24 skola,
843 269 8 21 i
866 269 106 21 anseende
987 267 32 22 till

192 297 63 22 deras
271 297 134 28 oskiljaktiga
420 298 104 21 samband
540 299 48 20 med
601 298 199 27 värnepliktslagen,
811 297 130 22 oförtöfvadt
951 296 67 22 öfver-

192 325 84 22 lämnas
292 326 30 21 till
338 327 79 21 urtima
432 327 141 26 landtdagens
590 327 128 21 utlåtande».
777 341 4 4 ä

262 355 10 21 I
296 355 110 21 skrifvelse
428 355 23 22 af
465 355 40 22 den
522 356 28 20 24
566 362 56 15 mars
638 355 22 26 (5
674 355 61 27 april)
751 355 31 21 till
798 357 14 19 t.
827 354 14 22 f.
857 355 161 20 ministerstats-

192 383 147 22 sekreteraren
354 383 33 22 för
403 383 204 22 storfurstendömet
617 384 90 21 Finland
716 384 38 21 har
764 383 171 27 krigsministern
948 383 71 26 därpä,

192 412 49 21 med
257 412 135 27 äberopande
412 413 24 21 af
456 413 59 21 Hans
531 413 111 26 Majestäts
658 412 64 22 ofvan
738 412 92 22 citerade
847 412 76 27 nädiga
938 411 81 22 resolu-

192 441 52 25 tion,
266 441 88 21 anhållit
376 441 36 22 det
434 441 49 22 ville
506 443 14 19 t.
536 441 13 22 f.
572 441 301 22 ministerstatssekreteraren
889 440 131 21 öfverlämna

192 469 124 22 förenämda
330 469 73 28 frågor
418 470 7 21 i
440 470 41 21 den
497 470 7 21 i
520 471 19 25 2,
554 470 28 21 26
600 470 38 21 och
655 470 27 21 50
697 471 27 26 8$
740 470 30 21 uti
786 469 232 27 landtdagsordningen

192 497 24 22 af
236 498 41 21 den
302 498 26 21 15
350 499 54 26 april
428 499 54 21 1869
505 498 87 27 angifna
607 499 93 26 ordning
714 499 31 20 till
762 498 127 21 ständernas
906 497 113 25 utlätande,

193 526 119 27 hvarjämte
322 527 171 27 krigsministern
505 540 27 2 —
544 527 67 21 ehuru
623 527 61 21 Hans
694 527 112 27 Majestäts
816 527 119 21 resolution
946 526 73 21 därom

192 555 55 21 intet
262 555 116 22 innehäller
389 569 27 2 —
427 556 49 21 med
491 556 101 21 afseende
606 556 13 21 ä
634 558 38 19 art.
689 556 7 21 4
712 555 38 22 och
762 556 13 21 5
785 556 7 20 i
803 555 217 27 grundstadgandena

192 583 24 22 af
229 584 41 21 den
286 584 52 26 3/15
352 584 94 21 februari
467 584 76 22 utbedt
558 585 34 26 sig
606 587 32 18 att
653 585 6 20 i
676 585 68 20 sinom
760 585 32 20 tid
807 583 21 22 fä
843 587 108 24 emottaga
967 583 52 21 utlä-

193 613 79 21 tanden
288 613 7 20 i
311 613 65 27 sagda
391 613 73 27 frägor
480 613 22 21 af
515 613 129 27 landtdagen
660 613 39 22 och
716 616 88 18 senaten
820 615 56 19 samt
891 612 23 21 af
927 615 14 18 t.
956 611 13 22 f.
982 613 37 20 mi-

192 641 273 22 nisterstatssekreteraren
489 642 40 21 och
554 642 222 27 generalguvernören
800 641 59 22 öfver
881 641 96 24 Finland,
992 641 28 26 pä

192 669 38 22 det
251 670 102 27 frägorna
376 671 122 21 sedermera
520 671 68 26 enligt
610 673 38 18 art.
673 671 12 20 6
711 671 7 20 i
743 670 120 27 äberopade
889 669 129 28 grundstad-

193 699 85 26 ganden
294 699 72 21 kunde
381 699 126 27 hänskjutas
524 699 32 21 till
571 699 169 27 rikskonseljens
755 698 106 28 pröfning.

263 727 145 22 Underrättad
423 728 23 21 af
459 728 171 27 krigsministern
648 734 34 15 om
699 728 80 21 dennes
795 727 64 22 afsikt
874 729 31 20 att
916 729 52 25 göra
977 726 42 21 för-

194 755 90 22 berörda
306 756 132 27 hemställan,
454 757 38 20 har
512 756 80 27 jämväl
611 759 14 18 t.
641 756 13 21 f.
671 756 300 21 ministerstatssekreteraren
986 754 33 22 för

193 784 91 22 Finland
299 785 12 20 ä
326 785 33 21 sin
375 785 46 21 sida
428 785 72 21 funnit
513 785 115 27 anledning
634 787 31 19 att
674 785 47 21 med
729 785 118 26 äberopadt
856 785 48 21 stöd
912 780 21 36 af
941 785 9 20 3
960 784 37 21 art.
1013 784 7 20 i

193 813 107 22 ännämda
315 814 202 26 grundstadganden
533 814 40 21 hos
588 814 62 21 Hans
662 814 100 26 Majestät
775 813 116 26 hemställa,
902 815 32 19 att
943 812 76 27 ifräga-

193 842 94 21 varande
302 843 78 20 ärende
401 843 66 20 mätte
482 843 138 20 tillerkännas
635 842 109 27 betydelse
760 842 22 21 af
796 842 77 21 allmän
890 841 129 27 riksangelä-

194 870 79 26 genhet
298 873 56 19 samt
376 871 6 21 i
404 871 100 21 afseende
526 871 13 21 å
560 871 109 21 utlåtande
684 871 178 21 förberedelsevis
877 870 142 21 öfverlämnas

193 899 31 20 till
240 899 103 22 Finlands
363 906 29 15 nu
411 899 129 22 församlade
555 900 93 21 ständer.
678 894 19 27 Ä
713 902 13 19 t.
742 899 13 22 f.
772 899 247 21 ministerstatssekrete-

193 933 75 16 rarens
284 927 202 28 föredragningnsot
501 928 39 21 har
550 929 62 20 Hans
628 928 101 27 Majestät
745 928 104 27 Kejsaren
868 928 40 21 den
924 927 27 21 23
963 933 56 15 mars

193 956 21 26 (4
229 956 61 27 april)
305 957 95 21 tecknat:
425 956 113 22 >Förfares
553 957 67 26 enligt
634 957 41 21 den
690 956 23 22 af
724 957 43 26 mig
782 957 71 20 denna
869 957 41 26 dag
925 956 12 21 ä
952 956 67 27 krigs-

194 984 124 22 ministerns
332 985 276 27 föredragningsmemorial
624 985 123 22 meddelade
760 985 167 21 resolutionen>».

264 1013 93 22 Oaktadt
380 1014 61 21 Hans
457 1014 99 27 Majestät
573 1014 104 27 Kejsaren
694 1014 89 21 sälunda
799 1020 76 21 genom
892 1013 127 27 högstegen-

193 1041 90 27 händigt
292 1042 103 22 tecknade
406 1043 143 21 resolutioner
560 1043 58 21 säväl
629 1043 12 21 ä
652 1043 184 27 krigsministerns
847 1042 172 26 föredragnings-

193 1071 111 21 memorial
328 1078 46 14 som
387 1067 12 36 ä
423 1074 14 18 t.
452 1071 14 21 f.
482 1072 312 21 ministerstatssekreterarens
817 1071 204 27 föredragningsnot

194 1099 107 21 meddelat
316 1100 76 21 endast
407 1100 41 21 den
468 1100 121 27 befallning,
605 1103 31 18 att
650 1100 124 21 förberörda
788 1099 74 27 frågor
877 1099 91 25 skulle,
961 1095 9 36 i
984 1105 36 15 an-

194 1128 79 20 seende
295 1128 31 21 till
349 1129 62 21 deras
434 1128 136 28 oskiljaktiga
588 1129 153 27 sammanhang
756 1128 50 22 med
821 1128 199 27 värnepliktslagen,

194 1155 130 23 oförtöfvadt
340 1157 142 21 öfverlämnas
501 1157 31 21 till
548 1158 120 25 ständerna,
684 1157 38 21 har
736 1160 15 18 t.
766 1157 14 21 f.
796 1156 224 22 ministerstatssekre-

194 1187 85 19 teraren
300 1186 117 21 emellertid
440 1186 5 20 i
463 1186 111 21 skrifvelse
589 1186 23 21 af
625 1186 40 21 den
681 1186 26 21 27
724 1192 58 15 mars
798 1186 21 26 (8
835 1185 68 27 april).
920 1184 101 22 hvarmed

193 1212 42 22 han
252 1214 31 20 till
300 1214 221 27 generalguvernören
538 1214 58 21 öfver
610 1214 88 22 Finland
709 1214 7 21 i
726 1214 101 22 afseende
838 1214 12 21 å
861 1214 88 26 behörig
960 1213 61 21 värk-

194 1241 109 27 ställighet
325 1242 123 22 öfversändt
472 1242 82 22 afskrift
576 1242 23 22 af
618 1243 184 27 krigsministerns
822 1242 63 22 ofvan
901 1242 120 26 äberopade

194 1270 113 22 skrifvelse
329 1271 23 21 af
365 1272 41 20 den
422 1272 28 20 24
466 1278 56 14 mars
538 1272 22 26 (5
576 1272 66 26 april),
658 1271 102 21 förklarat
775 1271 119 22 sistnämda
910 1270 111 22 skrifvelse

193 1299 57 26 angä
267 1300 123 21 »meddelad
406 1300 65 27 nädig
485 1300 117 26 befallning
616 1302 31 19 att
662 1300 73 27 trägan
751 1306 35 15 om
800 1300 138 26 utjämnande
950 1298 23 22 af
981 1299 40 21 den

193 1328 123 26 personella
330 1328 40 21 och
385 1328 118 22 finansiella
518 1328 212 28 värnepliktstungan
741 1329 6 21 i
758 1328 91 21 Finland
863 1328 40 21 och
913 1328 7 20 i
930 1328 92 26 kejsare-

193 1356 75 21 dömet
282 1356 54 22 skall
351 1363 64 15 anses
432 1358 70 20 säsom
518 1357 78 21 allmän
612 1357 200 27 riksangelägenhet
828 1356 110 22 äfvensom
954 1358 31 19 att
995 1356 27 21 de

193 1384 7 20 i
216 1384 92 22 berörda
323 1385 113 21 skrifvelse
451 1385 140 22 omförmälda.
606 1385 80 27 förslag
700 1386 7 21 i
723 1386 66 26 sagda
800 1386 79 20 ärende
890 1385 61 21 skola
961 1385 6 20 i
979 1384 43 26 lag-

194 1412 153 28 stiftningsväg
371 1413 86 28 afgöras
479 1414 7 21 i
509 1415 40 20 den
572 1414 97 27 ordning,
686 1420 45 16 som
752 1414 70 22 finnes
837 1413 106 22 fastställd
959 1413 7 21 i
981 1413 41 21 den

192 1441 54 26 3/15
262 1442 98 21 sistlidna
375 1442 95 22 februari
493 1443 86 26 nädigst
594 1442 130 22 stadfästade
740 1442 231 28 grundstadgandena»

264 1470 102 22 Finlands
388 1471 286 21 ministerstatssekreterare
692 1472 37 20 har
744 1471 90 26 säledes,
849 1471 34 21 för
898 1471 24 21 sä
938 1470 44 21 vidt
999 1476 24 15 ur

194 1498 156 28 handlingarna
371 1499 102 27 framgär,
488 1500 46 21 icke
556 1499 32 21 för
611 1500 61 21 Hans
694 1500 101 27 Majestät
814 1499 121 26 framhällit,
950 1501 31 19 att
996 1504 26 16 en
