1103 1778
192 118 28 22 88
922 125 23 17 18
958 125 62 21 april.

263 193 34 21 Hr
313 199 56 16 von
385 193 120 22 Pfaler:
535 194 50 21 Med
606 193 116 28 anledning
736 193 23 22 af
772 194 25 21 hr
812 194 57 21 Ecks
884 196 86 19 senaste
984 199 35 15 er-

195 221 62 22 inran
274 221 37 22 ber
323 222 39 27 jag
376 222 21 21 fä
412 222 117 27 framhälla,
545 224 36 24 att,
597 223 27 21 dä
634 223 11 21 i
661 229 63 15 mom.
736 223 10 20 1
758 222 143 21 förekommer
913 221 108 28 uttrycket

198 250 283 27 »Kejsaren-Storfursten»,
491 251 37 21 det
542 251 6 21 i
565 251 222 22 öfverensstämmelse
803 251 48 21 med
866 251 54 21 hvad
936 253 14 19 t.
966 256 31 15 ex.
1012 250 8 21 i

194 279 22 21 1.
232 279 26 22 O.
274 281 24 19 är
317 279 59 22 fallet
398 279 83 27 mycket
497 279 33 22 väl
549 280 63 21 torde
627 279 69 28 lämpa
712 280 32 27 sig
759 281 32 20 att
805 279 34 22 för
854 279 64 27 öfrigt
932 280 6 21 i
954 285 61 21 para-

196 307 74 28 grafen
286 307 54 22 kalla
356 308 79 21 honom
451 309 76 20 endast
544 308 121 27 »Kejsare».

266 364 69 22 Sedan
361 365 150 21 diskussionen
537 365 113 22 förklarats
675 365 92 21 afslutad
793 364 109 22 äfvensom
919 364 25 22 hr
959 364 62 21 Eck

194 392 95 28 frängätt
311 394 37 20 sitt
370 393 86 27 förslag,
471 394 132 21 framställde
622 394 25 21 hr
662 394 142 21 ordföranden
813 393 99 29 följande
928 394 93 20 omröst-

194 422 232 27 ningspropositioner:

266 479 40 26 1:0)
322 478 39 27 De,
377 479 74 21 hvilka
468 479 35 20 till
518 479 216 28 kontraproposition
749 481 46 19 mot
809 479 113 20 utskottets
936 478 85 27 förslag

196 507 35 21 till
254 507 79 28 lydelse
354 508 37 27 för
410 507 16 28 $
441 509 39 20 119
503 508 54 27 vilja
573 509 82 26 antaga
670 508 40 21 hrr
724 507 110 22 Janssons
849 507 39 21 och
903 507 117 27 Hallbergs

196 535 91 28 förslag,
303 538 59 19 rösta
375 536 36 27 ja;

264 593 79 21 vinner
365 594 44 26 nej,
433 593 41 21 har
495 593 86 22 ständet
601 593 10 21 i
626 593 80 21 sädant
728 593 100 28 afseende
848 593 121 27 föredragit
992 593 30 20 hr

195 621 121 22 Boismans
329 622 91 27 förslag.

265 679 164 27 Propositionen
446 680 129 21 besvarades
591 679 48 22 med
655 679 155 27 öfvervägande
823 679 28 27 ja.

264 736 42 27 2:0)
323 736 38 22 De,
377 736 74 21 hvilka
466 736 73 21 såsom
555 736 215 28 kontraproposition
785 739 46 18 mot
846 737 113 20 utskottets
974 736 46 27 för-

193 765 48 27 slag
264 765 35 21 till
314 760 79 32 lydelse
407 765 36 27 för
454 765 19 32 $
488 766 40 20 119
551 765 54 27 vilja
621 767 81 25 antaga
718 765 39 21 hrr
772 765 109 21 Janssons
896 765 39 21 och
950 764 68 22 Hall-

194 793 61 28 bergs
270 794 89 27 förslag,
375 796 59 18 rösta
443 794 40 27 ja;

263 851 80 21 vinner
365 851 42 27 nej,
429 851 41 21 har
491 851 87 21 ståndet
597 851 9 21 i
625 851 80 21 sådant
726 852 101 26 afseende
849 851 120 27 föredragit
992 851 28 21 hr

194 879 109 21 Kumlins
317 880 90 27 förslag.

263 936 77 22 Denna
355 938 134 26 proposition
505 938 128 20 besvarades
650 938 47 20 med
713 937 156 27 öfvervägande
885 937 41 27 nej.

263 994 41 25 3:0)
325 994 38 25 De,
384 994 73 21 hvilka
477 994 118 27 godkänna
611 994 112 21 utskottets
738 994 83 27 förslag
838 994 35 20 till
888 994 79 27 lydelse
982 994 38 27 för

192 1022 16 27 $
222 1022 50 27 119,
289 1024 57 19 rösta
361 1022 38 27 ja;

263 1079 78 21 vinner
364 1079 43 28 nej,
429 1079 42 21 har
493 1079 175 28 borgareståndet
685 1079 88 28 förenat
795 1079 34 28 sig
851 1086 35 14 om
901 1079 27 21 hr
943 1078 75 21 Kum-

193 1107 45 22 lins
253 1107 90 28 förslag.

261 1165 96 20 Emedan
372 1165 161 27 propositionen
546 1165 128 21 besvarades
687 1165 48 21 med
747 1164 156 27 ötvervägande
914 1165 44 32 nej,
965 1165 55 20 hade

192 1193 87 22 ståndet
301 1193 90 21 beslutit
413 1194 156 21 återremittera
591 1194 12 26 $
621 1194 40 21 119
676 1194 7 21 i
698 1193 61 28 syfte,
771 1195 36 26 att
821 1193 67 21 första
904 1193 114 27 meningen

192 1221 70 22 skulle
285 1221 79 22 erhålla
387 1221 93 28 följande
495 1221 128 22 förändrade
637 1201 91 48 lydelse:
752 1211 223 32 >Öfverbefälhafvare
992 1234 26 3 —

192 1263 27 3 —
235 1263 28 2 -—
279 1257 79 21 person
382 1250 22 21 af
425 1251 104 26 Kejsaren
551 1250 39 21 och
614 1250 131 22 Storfursten
767 1250 113 21 förordnas
896 1252 31 19 att
942 1250 78 21 nämda

192 1279 86 21 ämbete
294 1279 70 21 såsom
381 1278 55 22 finsk
451 1279 133 21 ämbetsman
600 1279 133 22 innehafva».

262 1336 157 21 Diskussionen
435 1337 109 26 angående
559 1336 13 26 $
589 1337 42 20 120
645 1336 95 21 inleddes
756 1335 23 22 af

260 1393 26 21 hr
302 1393 187 27 Appelberg,
506 1400 45 15 som
567 1394 92 27 yttrade:
675 1394 104 27 Tillägget
795 1393 30 21 till
848 1393 5 27 $
869 1393 48 21 120:
936 1392 84 22 »office-

190 1427 49 15 rare
254 1421 23 21 af
291 1421 51 27 rysk
358 1421 110 21 härkomst
484 1422 71 21 kunna
571 1422 65 21 dock»
654 1428 18 15 o.
690 1428 16 15 s.
721 1428 18 14 v.
755 1424 24 18 är
795 1421 22 21 af
831 1422 41 20 den
888 1423 80 23 art,att
980 1421 40 26 jag

190 1450 18 26 ej
231 1450 43 21 kan
297 1452 34 18 tro
354 1450 37 20 det
414 1456 51 15 vara
487 1450 128 22 tillkommet
629 1451 7 20 i
651 1453 64 18 annat
738 1450 55 27 syfte
811 1452 26 18 än
853 1449 33 21 för
902 1452 32 18 att
949 1449 24 21 sä
988 1451 32 19 att

191 1480 52 25 säga
266 1478 57 26 köpa
345 1478 34 26 sig
400 1478 31 21 till
454 1484 25 15 en
505 1479 99 21 sanktion
625 1478 20 22 af
660 1479 127 21 ständernas
803 1478 80 26 förslag
897 1478 31 21 till
945 1480 75 18 värne-

190 1506 109 28 pliktslag.
323 1506 84 22 Endast
423 1507 68 21 under
507 1506 155 28 förutsättning
676 1507 23 21 af
708 1514 24 14 en
749 1507 66 21 sädan
831 1506 74 27 möjlig
920 1506 99 21 sanktion
