1098 1795
220 164 28 23 52
952 172 22 17 17
986 175 63 13 mars.

220 240 53 21 böra
289 240 160 27 tillkännagifva
464 241 81 26 härom,
559 241 68 26 jämte
643 241 36 21 det
691 241 38 27 jag
743 241 33 21 för
791 241 42 21 min
845 240 35 21 del
891 241 64 26 vågar
965 239 84 25 föreslå,

218 271 34 18 att
267 269 178 26 borgareståndet
468 269 66 22 måtte
557 270 156 21 återremittera
728 270 70 21 denna
813 269 102 27 paragraf
928 269 31 22 till
975 270 74 20 värne-

220 297 173 27 pliktsutskottet
418 298 48 21 med
488 304 26 15 en
539 298 111 21 enahanda
672 298 105 25 anhållan,
799 303 46 16 som
866 297 41 22 den
920 297 38 28 jag
973 297 76 21 nämde

218 328 34 19 att
267 325 141 28 lagutskottet
423 326 62 27 gjort.
515 327 43 26 Jag
573 327 37 21 ber
626 326 21 21 få
662 326 92 28 tillägga,
769 329 32 19 att
817 326 70 22 denna
897 325 152 28 lagutskottets

221 354 112 22 skrifvelse
348 355 31 21 till
396 355 244 27 värnepliktsutskottet,
656 355 69 22 såvidt
739 355 37 27 jag
791 357 40 23 vet,
847 357 58 19 ännu
920 355 46 21 icke
981 353 68 22 blifvit

219 385 100 19 närmare
334 383 129 22 formulerad
479 383 40 22 och
534 383 72 22 därför
622 386 58 19 ännu
695 384 46 21 icke
755 383 74 27 afgått.

290 440 32 21 Hr
338 440 123 21 Heikel:
484 441 40 21 Att
541 442 31 20 uti
587 441 11 27 $
614 441 29 21 20
658 441 46 21 icke
718 441 61 27 ingår
796 440 70 27 någon
883 440 144 28 begränsning
1042 440 7 21 i

219 467 102 22 afseende
344 469 13 21 å
371 469 165 27 användningen
553 469 23 22 af
589 469 280 27 landtvärnsbataljonerna,
891 469 63 22 beror
977 469 71 27 därpå,

221 499 32 18 att
269 497 39 21 den
325 497 139 28 formulering
479 498 128 27 paragrafen
623 505 29 14 nu
668 498 38 21 har
729 498 128 25 tillkommit,
873 498 71 21 såsom
960 497 41 22 alla
1011 497 38 22 här

220 526 133 21 närvarande
376 527 60 20 torde
459 527 76 26 känna,
553 533 77 20 genom
647 527 105 21 särskilda
767 527 160 26 omröstningar
942 527 56 20 inom
1016 528 33 19 ut-

221 554 87 21 skottet.
337 555 42 21 För
395 555 43 21 min
454 555 34 22 del
504 555 38 22 har
550 555 39 27 jag
598 555 59 22 inom
669 555 105 22 utskottet
784 555 102 22 förfäktat
897 561 80 16 samma
988 555 60 26 åsikt,

220 589 47 14 som
291 583 24 21 hr
339 583 86 22 Kumlin
449 584 100 27 upplyste
572 591 34 14 om
632 586 32 19 att
686 584 141 27 lagutskottet
842 583 103 26 omfattat,
961 584 20 21 d.
997 590 18 14 v.
1031 590 16 14 s.

220 613 31 19 att
273 612 285 27 landtvärnsbataljonernas
581 613 85 27 uppgift
688 613 68 22 borde
776 613 127 21 inskränkas
919 612 31 21 till
965 612 83 21 landets

221 639 40 22 och
279 641 215 22 rikshufvudstadens
516 641 52 22 eller
584 641 129 22 monarkens
730 641 159 22 residensstads
905 641 88 26 försvar,
1009 641 39 21 och

220 669 37 21 ber
270 669 38 27 jag
323 669 70 22 därför
409 672 31 19 att
454 669 22 22 få
492 671 132 20 understöda
639 670 25 21 hr
681 671 99 21 Kumlins
796 669 86 28 förslag.

289 727 33 21 Hr
366 727 97 22 Öhman:
478 728 43 26 Jag
541 734 65 15 anser
622 727 40 22 den
678 727 23 22 af
715 727 106 22 utskottet
835 726 122 28 föreslagna
972 727 76 21 stilise-

219 755 76 28 ringen
319 755 23 22 af
362 757 13 25 S
390 756 28 21 20
438 763 50 14 vara
504 757 6 20 i
526 756 43 27 hög
587 757 53 26 grad
656 756 70 27 vädlig
741 756 40 21 och
797 755 36 22 vill
849 755 71 22 därför
935 755 61 21 äfven
1012 755 37 27 pä-

220 784 57 27 yrka,
300 787 32 18 att
347 785 12 26 $
375 785 28 20 20
417 785 32 21 till
471 785 107 21 utskottet
602 785 174 21 återremitteras.
807 784 48 21 Men
879 783 32 22 för
927 784 43 27 mig
986 790 63 21 synes

220 813 36 20 det
271 813 46 21 icke
334 819 51 15 vara
400 813 127 27 tillräckligt.
543 816 31 19 att
590 814 76 21 endast
678 813 25 22 de
714 813 59 21 äldre
784 813 147 21 årsklasserna
941 812 23 21 af
975 815 74 18 värne-

219 843 94 19 männen
333 841 92 28 skyddas
446 841 33 22 för
501 844 31 19 att
547 843 7 20 i
569 842 49 27 krig
640 842 81 27 nödgas
738 842 120 27 tjänstgöra
873 842 7 20 i
895 841 80 22 trakter
991 841 59 27 långt

219 869 96 28 aflägsna
337 869 46 22 från
406 870 146 22 fosterlandet.
582 871 11 20 I
614 871 152 26 lagutskottets
790 870 125 21 förenämda
938 869 111 22 skrifvelse

220 901 106 24 upptages
342 899 61 21 äfven
419 899 76 21 endast
513 899 72 21 såsom
596 901 32 19 ett
642 899 119 25 alternativ,
771 901 33 19 att
816 898 129 21 åtminstone
956 898 26 22 de
992 898 58 21 äldre

220 927 181 22 åldersklasserna
417 928 45 21 icke
479 928 65 21 borde
560 928 21 21 få
603 927 83 22 utföras
707 930 60 19 utom
784 927 78 21 landet.
893 927 104 21 Däremot
1007 927 40 21 kan

216 955 40 27 jag
270 955 75 22 förena
360 957 43 26 mig
411 963 34 14 om
455 956 41 21 den
505 957 62 22 åsikt,
576 963 47 14 som
632 963 29 14 nu
671 956 88 21 uttalats
767 956 23 21 af
798 956 25 21 hr
835 955 82 26 Heikel,
929 955 40 22 och
980 955 69 22 skulle

220 983 72 22 därför
314 984 84 27 föreslå,
420 987 31 19 att
467 985 127 27 paragrafen
618 985 167 21 återremitteras
802 985 31 20 till
849 984 106 21 utskottet
969 984 32 21 för
1017 984 31 21 in-

219 1012 90 22 förande
324 1013 23 21 af
360 1013 136 27 bestämning
511 1014 82 25 därom,
604 1016 32 19 att
646 1013 26 22 de
683 1013 31 21 till
730 1013 137 21 landtvärnet
878 1013 93 21 hörande
981 1013 66 21 batal-

215 1041 94 27 jonerna
331 1042 76 21 endast
430 1043 34 20 vid
488 1042 182 27 utomordentliga
692 1041 98 22 tillfällen
814 1041 67 21 under
904 1041 96 27 krigstid,
1021 1041 28 22 då

220 1069 91 28 fientligt
333 1070 64 21 anfall
420 1073 45 19 mot
481 1071 89 20 Finland
586 1071 52 20 eller
651 1070 204 21 rikshufvudstaden
867 1072 98 24 emotses,
976 1070 73 21 kunna

219 1098 90 21 inkallas
325 1099 31 20 till
372 1099 148 28 tjänstgöring.

289 1156 32 21 Hr
336 1156 148 21 Jansson:
510 1157 43 20 Det
576 1156 110 21 uttalande
708 1156 23 21 af
753 1155 148 28 lagutskottet,
924 1155 80 22 hvilket
1023 1155 25 21 hr

220 1183 88 22 Kumlin
332 1186 101 22 omnämt,
456 1185 43 25 har,
516 1185 72 21 såsom
602 1185 34 20 väl
650 1185 65 26 inses,
731 1184 102 27 framgått
845 1191 25 14 ur
881 1184 167 27 kompromisser

218 1212 67 21 också
300 1213 41 21 det.
370 1213 42 27 Jag
426 1213 39 22 har
480 1213 57 21 inom
554 1213 107 22 utskottet
675 1213 46 22 icke
736 1213 85 21 kunnat
835 1213 50 26 nöja
900 1213 43 26 mig
958 1213 48 20 med
1017 1215 32 19 ett

219 1241 24 21 så
259 1243 54 19 tamt
328 1241 39 22 och
383 1244 50 25 vagt
449 1242 84 27 uttryck
547 1241 34 22 för
597 1242 27 21 de
639 1241 163 28 önskningsmål
818 1247 47 16 man
883 1241 66 22 borde
965 1240 62 22 hafva
1041 1241 7 21 i

218 1269 62 28 fråga
302 1276 35 15 om
360 1270 147 21 landtvärnets
526 1271 109 20 räddande
650 1270 46 21 från
712 1269 133 28 krigsföring
860 1272 59 19 utom
935 1272 49 24 eget
998 1269 50 22 land

218 1298 42 21 och
275 1298 32 21 för
329 1298 133 22 främmande
477 1299 113 24 intressen,
608 1301 50 19 utan
674 1299 38 21 har
724 1299 40 27 jag
778 1298 33 21 för
828 1299 42 20 min
887 1298 34 21 del
935 1298 66 27 yrkat,
1017 1300 32 19 att

218 1326 137 22 landtvärnet
370 1327 6 21 i
392 1327 49 21 dess
457 1327 71 21 helhet
549 1327 51 21 eller
615 1327 131 21 åtminstone
761 1327 42 21 alla
819 1327 26 21 de
860 1327 153 21 åldersklasser
1028 1326 23 22 af

218 1354 127 25 detsamma,
367 1355 46 21 från
436 1356 71 20 hvilka
528 1356 46 21 icke
597 1356 208 26 ersättningsreserv
820 1355 72 21 kunde
908 1357 90 25 uttagas,
1014 1355 35 21 må

219 1389 52 16 vara
286 1384 114 21 bibehållet
414 1384 36 22 vid
466 1390 81 15 samma
562 1384 120 27 tryggande
697 1384 139 27 bestämning
847 1390 46 15 som
905 1384 46 25 den,
963 1383 84 22 hvilken

219 1418 29 15 nu
272 1412 60 27 ingår
349 1413 6 20 i
371 1414 12 25 $
399 1413 28 21 20
441 1413 23 21 af
477 1413 38 21 vår
536 1413 173 27 värnepliktslag,
733 1413 20 22 d.
775 1419 19 14 v.
816 1419 17 15 s.
855 1414 32 20 att
902 1412 63 22 dessa
979 1412 69 22 landt-

218 1442 162 26 värnstrupper,
395 1442 77 21 endast
487 1442 27 21 då
535 1441 93 27 fientligt
650 1441 64 22 anfall
729 1442 7 20 i
749 1441 74 22 landet
833 1443 88 23 motses,
932 1441 35 20 mä
976 1441 72 21 kunna

219 1469 112 27 uppbädas
355 1470 31 21 till
406 1471 69 20 dettas
491 1470 89 21 försvar.
610 1470 77 27 Nägon
704 1469 93 22 särskild
813 1469 82 27 hänsyn
911 1469 32 22 till
957 1469 91 22 rikshuf-

219 1498 120 21 vudstaden
362 1498 69 22 finner
449 1499 39 26 jag
508 1499 46 21 icke
575 1499 91 21 behöfva
682 1499 79 21 uttalas
776 1499 8 20 i
799 1498 56 21 finsk
870 1498 41 27 lag.
939 1498 43 27 Jag
997 1499 50 24 tror,

216 1529 35 18 att
265 1527 215 21 rikshufvudstadens
496 1527 106 22 intressen
618 1528 7 20 i
640 1527 41 22 alla
696 1527 35 22 fall
748 1529 50 24 taga
815 1530 23 18 ut
853 1527 33 21 sin
897 1528 48 20 rätt.
