1103 1786
206 111 32 41 ör
583 124 95 30 Bilagor.

592 217 14 25 $
619 216 38 26 87.

281 266 72 21 Sedan
375 266 196 28 uppbådsnämden
587 266 95 25 bestämt,
696 266 73 22 hvilka
785 266 31 28 af
828 266 25 22 de
864 266 58 28 från
938 266 98 22 området

210 294 131 28 uppbådade
361 295 62 21 skola
439 296 37 20 vid
497 295 74 21 aktiva
587 298 119 25 trupperna
722 295 96 24 inträda,
834 295 120 28 inskrifver
970 297 63 19 näm-

210 323 42 21 den
267 324 46 21 alla
328 323 83 28 öfriga,
426 331 45 14 som
486 324 9 21 i
510 324 120 28 lottningen
641 324 97 28 deltagit,
749 324 36 21 vid
801 323 211 22 landtvärnet
1027 323 9 20 i

211 352 40 21 den
268 352 93 28 ordning
377 353 105 20 lottlistan
500 352 105 29 angifver.

587 438 16 28 $
617 439 38 21 89.

280 489 141 27 Enhvar,som
437 489 72 28 blifvit
525 491 8 20 i
548 489 196 29 uppdädslängden
759 489 80 28 införd
849 489 37 22 och
897 489 87 22 inställt
999 490 35 33 sig

210 518 37 21 vid
268 518 209 28 uppbdädstillfället,
499 525 48 14 men
570 518 46 21 icke
634 519 128 26 förklarats
786 518 87 28 skyldig
896 521 32 18 att
944 518 66 21 träda
1025 519 9 20 i

209 547 70 49 jjänsi
299 547 36 20 vid
357 546 59 21 aktiv
432 550 72 24 trupp,
518 547 77 27 förses
610 547 31 28 af
651 547 195 27 uppdbädsnämden
861 547 49 21 med
924 547 63 25 bevis,
1003 549 33 19 att

223 582 30 14 an
269 575 102 27 infunnit
386 576 33 27 sig
435 576 34 20 till
485 576 161 27 värnepliktens
657 576 152 27 fullgörande,
825 575 165 27 hvarförutom
977 571 16 37 :

278 605 31 19 1:o
325 604 48 26 den,
395 611 46 14 som
464 611 62 14 anses
549 605 127 27 oförmögen
692 605 34 20 till
741 604 136 28 krigstjänst,
894 603 92 22 erhåller
1002 605 33 19 in-

210 634 42 26 tyg,
268 635 32 18 att
314 632 45 21 han
374 634 27 19 är
411 633 44 27 för
469 633 66 21 alltid
550 633 107 28 därifrän
672 633 99 28 befriad;

277 663 38 20 2:0
331 661 48 26 den,
394 668 45 14 som
450 661 73 28 blifvit
533 662 124 27 inskrifven
668 662 36 21 vid
714 661 216 25 landtvärnet,
947 661 88 27 undfär

210 689 57 21 bevis
282 689 105 51 Söräjver
402 690 48 21 med
465 690 92 29 uppgift
568 690 33 28 på
615 690 56 21 hans
687 691 149 25 lottnummer;
851 690 38 21 och

278 720 35 19 3:o
336 719 48 21 den.
401 719 23 21 åt
446 718 85 22 hvilken
544 719 99 28 beviljats
659 719 100 28 uppskof
770 719 48 20 med
833 719 87 20 inträde
934 719 8 20 i
958 719 76 27 tjänst,

210 750 56 18 samt
281 747 47 26 den,
343 754 45 14 som
403 747 38 21 bör
457 747 97 28 undergå
569 755 30 21 ny
615 747 121 29 besiktning
751 748 52 20 eller
819 748 47 20 står
881 747 69 21 under
965 754 70 14 rann-

210 775 95 28 sakning
328 777 52 20 eller
395 777 74 25 tilltal,
486 777 95 20 erhåller
602 779 118 25 temporärt
736 777 66 26 intyg,
819 777 8 20 i
842 775 79 22 hvilket
936 776 97 35 tydligen

210 805 120 27 uppgifves,
346 805 85 28 hvarpå
452 789 151 48 upphörandet
626 805 31 28 af
668 806 48 20 dess
737 805 100 28 giltighet
860 805 71 24 beror;
953 804 39 21 och
1006 807 29 18 är

211 833 143 28 innehafvare
369 833 31 28 af
412 833 79 22 sådant
507 833 60 28 betyg
579 833 82 28 pliktig
677 836 38 23 att,
731 833 68 21 sedan
814 833 59 21 tiden
884 833 42 27 för
941 834 93 27 intygets

210 861 99 29 giltighet
325 863 76 27 utgått,
425 863 90 20 anmäla
530 863 33 27 sig
585 862 38 21 hos
639 862 158 21 vederbörande
812 861 168 28 uppbådsnämd
991 862 43 27 för

210 893 31 18 att
257 890 84 21 erhålla
356 891 156 21 underrättelse
528 898 32 14 om
577 891 58 21 tiden
651 893 43 19 när
709 891 38 21 och
762 893 60 18 orten
838 890 84 21 hvarest
938 890 44 22 han
996 891 39 20 bör

210 919 93 27 infinna
318 920 33 26 sig
363 920 42 27 för
421 922 32 18 att
468 919 116 28 besiktigas
600 919 39 21 och
654 920 126 26 mottagas
770 915 12 36 i
795 919 76 27 tjänst.

590 1005 15 27 $
621 1006 34 20 90.

278 1056 69 27 Den,
363 1063 59 14 som
437 1056 116 21 önskar
569 1057 131 20 inträda
716 1057 92 20 såsom
821 1056 147 27 frivillig
989 1055 46 21 vid

210 1084 259 29 trupperna,
411 1080 61 37 bör:

278 1115 35 19 1:o
330 1113 246 28 hafvauppnätt
591 1113 124 28 sjutton
732 1113 50 20 års
798 1113 77 20 ålder
890 1113 52 24 och,
955 1113 79 27 ifall

208 1141 57 22 han
282 1144 33 19 är
329 1142 152 28 omyndig,
497 1142 104 25 förete
616 1141 82 22 bevisaf
714 1141 224 28 föräldrar
953 1141 81 21 eller

208 1171 149 20 målsmän
380 1171 93 27 öfver
497 1171 91 20 deras
603 1171 160 27 samtycke
779 1170 56 21 till
854 1170 180 21 sökandens

208 1199 378 27 inträde
350 1195 16 35 i
376 1199 210 27 krigstjänst;

276 1229 34 20 2:0
333 1228 9 20 i
365 1228 148 27 afseende
540 1228 13 20 å
569 1227 266 28 kroppsbyggnad
857 1226 53 21 och
932 1226 99 21 hälso-

208 1256 158 22 tillstånd
381 1259 158 18 motsvara
557 1256 32 20 de
600 1256 207 28 fordringar,
823 1262 56 14 som
892 1256 80 27 gälla
984 1255 49 27 för

207 1284 432 28 antagande
398 1280 19 36 i
428 1284 211 28 krigstjänst;

276 1315 35 19 3:0
325 1314 105 26 förete
446 1314 87 27 intyg
553 1314 86 27 öfver
661 1313 219 28 genomgången
897 1313 135 27 fullstän-

206 1342 53 28 dig
275 1342 74 20 kurs
365 1342 50 21 vid
431 1342 100 28 någon
548 1342 37 27 af
597 1342 132 27 dei
672 1336 17 38 $
703 1336 34 38 32
744 1341 226 28 punkterna
940 1336 32 38 2)
985 1340 47 21 och

206 1370 21 28 3)
247 1371 110 21 nämda
381 1371 81 20 eller
477 1371 62 20 med
554 1371 60 21 dem
631 1371 103 27 enligt
753 1370 79 21 sista
847 1370 187 20 momentet
1021 1366 16 36 i

206 1406 113 14 samma
337 1399 194 28 paragrafen
547 1399 169 21 likställda
733 1395 298 36 läroinrättningar,

206 1429 81 19 eller
309 1428 91 27 öfver
419 1428 206 27 ådagalagda
641 1427 221 21 motsvarande
877 1426 155 28 kunskaper

206 1457 81 21 eller
302 1456 53 21 ock
378 1456 88 28 öfver
487 1456 117 28 aflagd
625 1456 148 21 särskild
789 1462 125 14 examen
930 1456 102 27 enligt

205 1486 281 26 program,
378 1480 57 36 som
453 1480 34 36 på
504 1488 143 17 senatens
669 1484 243 28 framställning
929 1484 103 21 varder

205 1513 38 27 af
257 1513 155 27 Kejsaren
432 1514 50 21 och
503 1513 201 27 Storfursten
725 1509 197 37 fastställdt.
