1103 1759
61 84 24 17 13
99 84 60 20 april.
863 78 27 21 79

62 152 67 27 härpå
149 151 21 21 få
191 158 69 15 svara:
284 152 55 21 hvad
361 151 84 22 landets
468 152 87 21 ständer
577 152 7 21 i
599 152 59 21 detta
672 152 100 21 afseende
788 152 100 27 möjligen

61 181 74 21 kunna
150 180 70 24 tänka,
234 180 38 22 har
292 180 38 27 jag
345 180 44 26 mig
403 180 46 21 icke
465 180 84 22 bekant.
579 181 42 21 För
637 181 43 20 min
696 187 54 21 egen
766 180 34 22 del
816 181 73 26 åtager

59 209 39 27 jag
113 209 44 27 mig
172 208 54 22 dock
240 211 32 19 att
287 209 28 27 på
329 208 67 22 allvar
410 208 63 27 påstå
487 209 65 21 detta.
581 210 42 26 Jag
638 211 66 19 sätter
720 209 44 27 mig
779 209 111 27 härvidlag

61 238 88 22 alldeles
165 236 58 22 öfver
239 238 26 20 de
280 237 92 25 känslor,
388 243 47 15 som
451 243 48 15 man
516 237 100 27 möjligen
632 238 71 20 kunde
718 238 53 26 hysa
786 238 28 26 på
829 237 60 27 ryskt

62 266 48 26 håll,
126 266 43 21 ifall
192 266 20 20 vi
235 266 7 21 i
257 266 71 21 stället
343 265 33 21 för
391 272 25 14 en
434 266 110 21 manstark
558 266 153 21 nutidsmilitär
726 266 7 21 i
748 266 92 21 Finland
856 266 33 21 så-

61 294 67 22 lunda
149 294 46 21 icke
209 294 38 21 här
266 294 146 22 åstadkomme
428 294 67 27 något
510 297 65 19 annat
591 296 26 20 än
633 295 41 21 den
690 294 198 28 truppkontingent,

63 329 45 15 som
125 323 39 21 nås
179 322 49 22 med
243 323 36 21 det
294 322 70 28 gamla
379 323 232 27 indelningssystemet.
637 324 63 20 Hvad
712 324 46 20 åter
769 324 41 20 den
823 323 67 21 andra

62 352 168 26 anmärkningen
250 351 105 25 beträffar,
371 351 51 21 eller
437 354 31 18 att
483 352 207 27 värnepliktslagens
712 353 6 25 $
734 352 12 20 2
762 352 6 20 i
784 352 50 21 dess
850 358 39 14 nu-

62 380 93 21 varande
171 379 54 21 form
246 380 60 26 gåfve
321 380 22 21 åt
358 380 194 27 värnepliktslagen
568 387 26 14 en
610 382 108 25 temporär
734 380 100 21 karaktär
849 380 39 21 och

62 408 83 22 således
161 408 73 27 gjorde
249 408 121 22 införandet
384 408 23 21 af
421 409 251 27 grundlagsstadganden
683 409 46 21 däri
740 409 149 26 oberättigadt,

61 437 24 21 så
107 439 24 19 är
148 437 46 21 icke
209 437 66 21 häller
290 437 59 21 detta
364 440 113 24 argument
493 438 96 21 hållbart.
618 438 29 26 Ty
662 444 26 14 en
704 437 133 27 provisorisk
853 437 35 21 ka-

61 466 73 20 raktär
149 466 38 20 har
203 466 39 20 den
259 466 123 20 nuvarande
398 466 194 27 värnepliktslagen
608 466 40 21 alls
663 466 51 21 icke.
737 466 121 21 Innehållet
868 465 23 21 af

61 494 12 27 $
89 494 13 21 2
119 494 76 21 värkar
218 494 45 21 icke
284 494 27 27 på
326 494 74 27 lagens
417 494 97 27 giltighet
529 501 50 15 vare
595 495 34 27 sig
644 495 7 21 i
666 497 31 19 ett
712 495 51 21 eller
778 496 66 20 annat
858 494 30 21 af-

62 523 85 21 seende.
178 524 11 25 S
208 523 13 20 2
236 523 116 21 innehåller
368 523 44 21 helt
427 524 78 25 enkelt,
520 526 37 23 att,
573 530 34 14 om
624 524 70 20 denna
708 523 36 27 lag
758 523 23 21 af
794 529 27 15 en
837 523 52 21 eller

61 558 72 14 annan
156 551 63 21 orsak
240 551 85 21 komme
346 553 31 19 att
399 552 126 26 upphäfvas,
541 552 36 21 det
600 552 70 26 gamla
691 551 198 27 indelningsvärket

61 580 70 21 blefve
148 582 49 19 utan
213 580 73 21 vidare
302 580 102 27 gällande.
433 581 42 26 Jag
490 580 36 22 vill
542 580 46 22 icke
603 581 66 21 inlåta
684 581 44 26 mig
742 581 28 26 på
782 579 106 28 vidlyftigt

61 614 142 21 resonemang
213 608 6 21 i
230 609 68 21 denna
309 608 65 27 fråga.
392 609 162 27 Lagutskottets
563 609 133 21 betänkande
706 609 96 21 kommer
813 608 74 22 härom

61 639 31 19 att
114 637 107 21 innehålla
242 637 50 26 skäl,
309 644 46 14 som
378 638 62 21 torde
457 638 110 27 öfvertyga
585 638 160 21 vederbörande
761 638 79 25 därom,
856 639 31 19 att

62 666 194 26 värnepliktslagen
277 666 116 27 ingalunda
411 666 124 26 härigenom
552 666 74 22 mister
642 666 37 22 sitt
694 666 147 27 berättigande
856 668 31 18 att

61 694 103 21 innefatta
179 694 112 27 orubbliga
306 694 169 27 grundlagsbud.

130 753 32 21 Hr
178 753 121 27 Elving:
322 754 41 26 Jag
379 753 68 21 skulle
461 753 47 21 icke
524 753 49 27 vilja
585 752 74 22 förena
670 753 43 27 mig
723 759 35 15 om
768 755 32 19 ett
810 752 76 22 sådant

60 782 122 26 påstående,
198 784 31 18 att
250 782 156 21 bibehållandet
420 782 23 21 af
456 782 69 21 denna
541 781 101 27 paragraf
656 781 61 27 gåfve
732 781 22 21 åt
768 781 63 27 lagen
846 780 40 22 och

61 808 50 23 dess
128 810 240 27 grundlagsparagrafer
384 816 25 15 en
427 810 133 27 provisorisk
576 810 104 26 karaktär,
692 810 102 21 ehuruväl
807 809 78 21 tanken

61 838 28 27 på
103 841 32 19 att
149 839 70 21 denna
233 839 35 26 lag
282 839 72 21 kunde
369 838 64 22 blifva
447 838 24 22 af
484 839 142 27 öfvergående
642 841 62 19 natur
717 838 93 21 dikterat
820 838 67 27 sagda

61 867 104 27 paragraf,
182 867 26 22 då
223 867 61 28 lagen
300 868 88 21 tillkom.
413 868 104 21 Däremot
532 868 67 21 måste
612 867 39 27 jag
665 866 32 22 för
713 868 43 20 min
772 867 34 21 del
822 866 65 22 också

61 896 56 21 hålla
139 896 38 25 för,
193 898 31 20 att
238 897 36 21 det
291 897 46 21 icke
352 897 28 27 på
394 897 66 21 allvar
475 897 41 21 kan
533 896 65 22 blifva
613 896 60 27 fråga
688 902 35 15 om
738 898 32 19 att
785 896 101 26 återupp-

61 925 66 21 väcka
150 925 35 21 det
207 925 64 21 redan
294 925 78 21 aflidna
386 925 203 27 indelningsvärket.
619 925 32 21 På
666 925 43 27 mig
724 926 38 26 gör
778 931 26 15 en
821 924 65 22 sådan

61 953 101 27 paragraf
183 960 46 14 som
251 954 39 21 den
315 960 29 15 nu
366 954 7 21 i
393 954 60 27 fråga
468 954 99 25 varande,
584 954 27 21 då
626 960 26 14 en
669 954 56 26 gång
740 954 62 26 lagen
818 960 29 14 nu
862 954 24 20 är

61 981 88 22 föremål
171 982 33 21 för
226 982 77 22 allmän
326 983 99 25 revision,
441 985 30 19 ett
490 983 63 27 högst
569 982 144 26 märkvärdigt
728 982 88 27 intryck.
846 982 41 26 Jag

61 1010 42 21 kan
127 1010 70 22 därför
217 1011 46 21 icke
278 1011 57 21 finna
350 1014 70 23 annat,
436 1013 26 19 än
479 1014 31 18 att
525 1012 36 20 det
576 1013 23 19 är
606 1011 54 26 skäl
676 1013 30 19 att
722 1012 51 26 göra
789 1011 39 21 den
845 1010 42 21 för-

64 1039 95 27 ändring,
175 1046 46 14 som
238 1040 105 21 utskottet
358 1040 116 27 föreslagit.

131 1097 33 20 Hr
187 1096 225 28 Schybergson:
436 1098 42 20 För
494 1097 43 21 min
554 1096 33 22 del
602 1096 54 22 hade
668 1096 38 27 jag
721 1097 54 21 varit
790 1097 96 26 benägen

62 1127 32 19 att
109 1125 113 27 godkänna
240 1126 250 26 värnepliktsutskottets
505 1125 81 27 förslag
600 1126 7 20 i
623 1125 70 21 denna
708 1125 33 21 del
757 1126 39 20 och
812 1127 23 19 är
851 1125 36 21 det

62 1156 63 23 ännu,
142 1160 47 15 men
206 1154 52 21 efter
280 1154 40 21 den
339 1154 135 27 upplysning,
491 1161 46 15 som
552 1154 25 21 hr
592 1154 94 21 Jansson
702 1154 38 20 har
756 1154 80 21 lämnat
852 1159 34 15 om

62 1184 32 19 att
109 1182 141 27 lagutskottet
264 1183 7 20 i
286 1183 37 21 sitt
339 1183 134 21 betänkande
489 1183 96 21 kommer
600 1184 32 19 att
647 1182 26 27 på
689 1184 31 19 ett
735 1182 152 27 öfvertygande

63 1212 43 20 sätt
121 1211 104 21 behandla
246 1211 80 27 frågan,
342 1212 24 20 så
388 1212 69 21 måste
469 1212 39 26 jag
523 1211 64 21 blifva
603 1211 95 21 tveksam
714 1211 39 21 och
766 1211 38 27 jag
819 1210 68 22 finner

62 1239 37 21 allt
114 1246 51 18 mer,
181 1240 54 20 huru
251 1240 7 20 i
274 1240 69 26 grund
359 1240 39 21 och
413 1240 75 22 botten
499 1240 121 26 lättsinnigt
627 1239 48 21 hela
684 1240 59 20 detta
752 1240 135 26 preliminära

62 1268 185 26 behandlingssätt
269 1270 29 19 är.
328 1268 43 22 Det
390 1269 35 21 må
440 1275 51 15 vara
506 1269 55 21 huru
577 1268 132 28 preliminärt
724 1275 46 14 som
786 1268 62 24 hälst,
864 1268 23 20 så

62 1296 39 21 har
117 1297 36 21 det
168 1297 54 21 dock
236 1297 70 27 någon
323 1297 115 27 betydelse,
453 1298 40 21 och
509 1298 20 21 vi
545 1298 27 26 gå
587 1297 38 21 här
635 1296 32 21 till
680 1296 94 22 fattande
785 1296 23 22 af
816 1296 71 21 beslut

63 1327 50 19 utan
137 1327 32 19 att
191 1325 62 21 hafva
276 1326 55 20 klart
345 1325 33 22 för
394 1332 36 15 oss
445 1326 26 21 de
489 1326 72 25 motiv,
578 1331 46 15 som
640 1325 44 21 ledt
699 1325 117 21 utskotten.
845 1325 42 27 Jag

62 1354 97 26 päyrkar,
174 1356 31 19 att
224 1354 130 21 åtminstone
368 1354 7 21 i
391 1355 70 21 denna
476 1355 13 21 2
505 1356 13 25 &
533 1354 70 22 beslut
618 1354 46 20 icke
680 1354 64 21 måtte
759 1354 71 21 fattas.

132 1411 32 21 Hr
179 1410 122 28 Elving:
324 1411 34 21 Då
370 1411 38 27 jag
423 1412 22 20 är
461 1410 130 28 fullkomligt
606 1417 51 15 ense
672 1411 47 21 med
733 1411 25 21 hr
769 1411 117 27 Schyberg-

63 1445 39 15 son
125 1439 39 21 och
187 1440 35 20 vid
245 1440 104 21 särskilda
367 1439 94 21 tillfällen
479 1440 58 20 såväl
553 1440 6 20 i
575 1440 86 21 ståndet
676 1446 46 15 som
737 1440 7 20 i
760 1440 105 20 utskottet
880 1440 7 20 i

62 1467 67 21 likhet
143 1468 48 20 med
207 1468 78 21 honom
302 1468 92 27 påpekat
408 1468 187 27 nödvändigheten
611 1468 26 25 af,
653 1471 31 19 att
695 1469 63 21 dessa
768 1468 119 28 öfverlägg-
