1103 1786
197 115 27 22 12
553 124 91 21 Bilagor.

198 190 120 28 godonjuta
337 191 26 22 de
378 192 49 21 med
448 192 126 22 densamma
588 192 101 22 förenade
704 192 163 26 löneförmåner,
882 192 53 22 efter
950 192 75 27 afdrag

199 218 23 22 af
236 219 37 22 det
288 220 83 27 belopp,
387 227 46 15 som
448 221 68 27 enligt
528 221 98 27 gällande
638 221 150 27 författningar
799 221 128 22 tillkommer
938 220 85 22 vikarie.

268 248 137 27 Reservman,
421 256 46 15 som
484 252 118 25 emottager
614 250 125 26 befattning,
749 250 85 22 hvilken
849 249 79 23 befriar
943 250 79 21 honom

197 275 48 23 från
268 279 33 19 att
322 277 90 22 inkallas
427 278 7 21 i
448 278 68 27 tjänst
538 278 21 27 ($
580 279 40 26 14),
642 280 24 20 är
682 279 83 27 skyldig
779 281 32 19 att
826 279 72 21 därom
914 279 59 21 inom
988 278 36 21 två

196 305 104 22 månader
322 306 84 21 anmäla
428 306 39 22 hos
490 307 192 27 uppbädsnämden
698 308 7 21 i
721 308 40 21 den
781 307 66 26 krets,
869 307 37 21 där
922 307 41 21 han
979 308 22 19 är
1016 306 7 21 i

199 333 196 28 värnepliktslängd
410 335 129 26 inskrifven;
555 336 72 27 styrke
642 336 40 21 ock
697 336 33 21 sin
746 335 99 22 anmälan
861 336 49 21 med
925 335 99 26 behörigt

199 361 66 22 bevis.
295 362 66 27 Afgår
384 369 123 16 reservman
530 364 47 21 från
593 364 57 28 dylik
666 365 125 26 befattning,
806 364 39 21 bör
861 364 110 22 enahanda
986 370 36 15 an-

196 390 71 22 mälan
284 393 68 25 göras.

581 462 13 26 8
611 461 33 22 18.

266 512 118 27 Angående
407 512 121 28 skyldighet
552 512 33 22 för
608 519 124 16 reservman
753 515 32 20 att
807 513 40 22 hos
862 513 160 22 vederbörande

195 540 126 28 myndighet
336 542 52 26 göra
405 541 105 26 anmälan,
526 542 28 21 då
569 541 41 22 han
627 543 27 26 på
669 543 74 26 längre
759 542 30 21 tid
805 541 106 28 aflägsnar
927 542 33 27 sig
974 541 46 22 från

195 568 119 27 hemorten,
329 569 110 22 äfvensom
462 572 31 19 att
508 569 82 22 infinna
605 571 33 26 sig
653 571 32 21 till
700 571 173 24 kontrollmöten,
890 577 46 15 som
951 570 70 22 föran-

195 597 77 22 staltas
294 597 32 22 för
347 600 33 19 att
401 600 77 20 utröna
500 598 129 28 riktigheten
652 599 23 21 af
689 599 26 21 de
729 600 8 20 i
752 598 224 28 värnepliktslängden
990 599 32 21 in-

195 626 83 50 gående
293 626 137 28 uppgifterna
444 633 36 15 om
495 629 174 25 reservmännen,
685 628 66 27 gäller
767 627 56 22 hvad
836 628 73 21 därom
921 627 101 22 särskildt

195 657 94 25 stadgas.

553 754 54 27 Kap.
622 754 38 22 IV.

493 810 43 23 Om
552 811 167 23 landtvärnet.

578 881 12 26 8
607 880 33 21 19.

262 931 153 27 Värnepliktig,
437 931 84 22 hvilken
545 931 141 22 inskrifvits
681 927 14 36 i
705 931 143 27 landtvärnet,
869 931 98 22 kvarstår
983 931 35 21 vid

193 959 119 22 detsamma
327 960 54 21 intill
396 959 64 28 fyllda
475 960 111 27 fyratiotre
601 960 30 21 år.

575 1029 12 27 s
603 1029 34 21 20.

262 1080 38 25 De,
323 1080 71 21 hvilka
417 1080 84 22 tillhöra
516 1081 141 25 landtvärnet,
672 1080 68 21 kallas
762 1081 115 20 värnemän
892 1079 40 22 och
947 1079 73 22 kunna

191 1108 78 21 endast
285 1109 35 21 vid
335 1109 181 27 utomordentliga
530 1109 95 21 tillfällen
643 1109 68 21 under
726 1109 92 26 krigstid
830 1108 90 22 inkallas
925 1104 9 36 i
949 1108 71 27 tjänst.

261 1137 116 27 Uppbädet
392 1137 49 22 sker
458 1138 90 21 medelst
562 1137 112 27 kejserligt
690 1137 107 22 manifest.

261 1165 33 22 De
309 1168 78 24 yngsta
406 1166 147 21 ärsklasserna
568 1166 90 21 inkallas
674 1165 32 22 till
722 1166 60 21 först.
812 1165 31 22 Af
856 1165 26 22 de
897 1167 122 24 värnemän,

191 1199 46 15 som
255 1196 74 19 senast
343 1194 69 22 blifvit
427 1194 46 22 frän
489 1200 100 16 reserven
601 1194 31 21 till
643 1194 138 22 landtvärnet
791 1192 126 27 öfverförda,
928 1193 90 21 inkallas

191 1222 104 26 derjämte
316 1223 75 26 nödigt
409 1223 57 21 antal
481 1223 33 20 för
530 1225 30 19 att
576 1223 58 26 tjäna
649 1222 31 21 till
696 1222 66 21 kader
777 1222 33 21 för
826 1222 26 21 de
867 1222 69 21 finska
951 1222 68 21 landt-

190 1251 162 26 värnstrupper,
369 1257 44 15 som
431 1251 125 27 uppställas.

260 1279 122 22 Värnemän
398 1281 6 19 i
421 1280 25 21 de
461 1286 67 21 yngre
542 1279 148 22 ärsklasserna
705 1280 74 21 kunna
791 1279 80 27 jämväl
886 1281 61 25 tagas
963 1279 6 20 i
982 1285 36 14 an-

190 1307 67 27 spräk
272 1307 33 22 för
320 1308 26 21 de
362 1308 71 21 aktiva
448 1311 129 24 truppernas
593 1309 173 26 komplettering,
781 1308 7 21 i
804 1307 102 22 händelse
916 1313 102 15 reserven

190 1335 98 22 befinnes
303 1336 70 21 härtill
389 1337 127 26 otillräcklig
531 1337 50 21 eller
597 1337 69 21 blifvit
679 1337 91 21 uttömd.

260 1365 93 21 Inkallas
376 1365 46 21 icke
444 1365 33 21 hel
500 1365 100 24 ärsklass,
623 1365 49 22 sker
695 1365 141 27 uttagningen
852 1364 46 22 frän
915 1364 41 22 alla
968 1364 49 21 lott-

189 1393 168 26 ningsomräden
373 1394 39 21 och
423 1394 104 27 iakttages
540 1393 32 22 för
585 1394 64 27 öfrigt
660 1394 111 21 enahanda
781 1394 98 26 ordning,
890 1399 47 16 som
948 1393 6 21 i
965 1393 11 28 $
990 1393 27 20 13

189 1423 24 20 är
227 1421 35 22 för
278 1428 99 15 reserven
394 1423 96 26 stadgad.

258 1451 146 21 Landtvärnet
425 1451 151 21 hemförlofvas
592 1451 35 21 vid
642 1451 81 27 krigets
739 1451 45 21 slut
799 1451 52 21 eller
867 1450 39 22 ock
921 1451 96 26 tidigare,

189 1479 27 21 dä
231 1479 101 21 behofvet
347 1479 23 21 af
383 1480 118 20 detsamma
517 1479 99 27 upphört.
645 1479 155 21 Förordnande
815 1479 74 21 härom
908 1479 109 21 meddelas

189 1513 78 21 genom
283 1507 111 27 kejserligt
409 1508 93 26 reskript
517 1508 32 21 till
565 1508 230 27 generalguvernören.
