1103 1764
81 123 24 17 13
117 123 59 20 april.
870 115 39 22 101

150 192 137 22 Beträffande
302 193 13 26 &
331 193 39 20 121
385 192 82 27 yttrade

150 249 25 22 hr
198 249 119 22 Heikel:
339 249 42 27 Jag
400 249 37 21 vill
455 248 103 27 meddela,
573 248 28 27 på
615 248 86 21 hvilken
718 248 70 27 grund
805 247 105 22 utskottet

81 278 91 22 kommit
186 278 32 21 till
233 277 71 22 siffran
317 277 80 26 12,000.
421 277 61 22 Inom
499 277 106 22 utskottet
616 277 112 25 uttalades,
739 278 32 19 att
781 277 40 20 den
833 275 78 28 högsta

82 307 80 26 ökning
185 313 47 14 man
256 306 71 21 kunde
351 307 26 26 gå
400 306 30 21 till
449 312 52 15 vore
516 308 32 19 att
563 307 102 26 uppsätta
679 305 13 21 8
708 311 41 21 nya
764 305 147 26 skarpskytte-

82 336 118 27 bataljoner
216 335 39 21 och
270 337 31 19 ett
318 337 47 24 nytt
375 335 211 26 dragonregemente,
597 334 39 21 och
648 334 65 21 sedan
724 333 71 22 anhöll
806 333 106 22 utskottet

82 364 39 21 hos
143 364 167 25 statsutskottet,
325 365 32 20 att
376 363 37 22 det
428 363 69 21 skulle
512 363 95 21 beräkna
622 362 145 22 kostnaderna
783 361 70 22 härför
871 361 40 22 och

79 393 81 26 jämväl
182 392 86 21 försöka
285 392 106 27 uppställa
406 398 26 15 en
449 392 70 27 kalkyl
535 391 59 22 öfver
611 391 141 22 statsvärkets
768 390 96 27 förmåga
879 392 33 19 att

83 421 93 22 bestrida
192 421 63 21 dessa
269 421 122 21 kostnader.
416 421 65 21 Detta
495 420 116 27 fullgjorde
627 420 162 21 statsutskottet
803 419 39 21 och
858 418 54 22 efter

82 450 148 27 beräkningar,
246 456 46 15 som
308 449 46 22 icke
369 449 72 22 kunde
455 455 64 16 anses
535 449 145 27 sangviniska,
693 449 50 20 kom
759 448 106 21 utskottet
880 447 32 22 till

83 479 36 20 det
134 479 94 25 resultat,
245 481 30 18 att
291 478 89 22 Finland
397 478 68 21 under
481 478 26 21 de
522 479 97 20 närmast
633 477 93 27 följande
742 481 33 17 tre
788 476 123 26 landtdags-

83 507 127 27 perioderna
224 507 72 21 kunde
316 507 107 26 uppställa
439 507 12 21 8
467 507 120 26 bataljoner
603 506 39 21 och
658 508 31 19 ett
704 506 208 26 dragonregemente

83 536 39 21 och
139 535 122 22 underhålla
277 536 47 20 dem
341 535 68 22 under
425 535 40 21 den
481 535 30 22 tid
528 535 26 21 de
570 541 51 15 vore
637 537 101 24 uppsatta
753 536 52 19 utan
820 536 31 19 att
864 533 47 22 där-

82 565 84 26 igenom
183 565 66 26 några
265 571 40 20 nya
321 564 81 21 skatter
420 563 91 22 behöfde
526 564 102 27 påläggas
643 563 77 21 landet.
742 563 101 21 Tvärtom
855 562 57 21 visar

83 593 103 27 kalkylen,
202 596 31 18 att
248 593 149 26 behållningen
414 593 6 20 i
437 593 107 21 allmänna
560 592 135 21 statsfonden
711 591 53 22 efter
780 591 63 22 dessa
859 591 13 20 9
888 591 24 21 år

83 622 69 20 skulle
168 628 49 14 vara
233 622 12 20 7
264 621 99 27 miljoner
379 623 69 19 större
464 623 27 19 än
507 621 33 21 för
555 621 139 25 närvarande,
708 620 38 21 allt
761 620 68 21 under
845 619 67 21 förut-

83 650 95 27 sättning
200 653 31 18 att
261 650 100 21 störande
383 650 90 26 ingrepp
497 650 7 20 i
527 650 38 20 vär
588 648 98 22 tulltariff
708 649 50 21 eller
781 649 7 20 i
803 648 38 21 vår
857 648 55 27 poli-

83 679 56 21 tiska
155 679 101 27 ställning
275 678 18 27 ej
311 678 68 22 skulle
395 678 44 21 ske.
469 678 32 21 På
517 684 70 21 grung
602 677 61 22 häraf
676 678 68 26 ansåg
759 678 33 26 sig
807 677 107 21 utskottet

83 707 73 21 kunna
170 707 87 21 förorda
272 707 150 27 uppställande
437 706 22 22 af
473 708 65 20 dessa
553 707 119 27 bataljoner
687 706 51 21 eller
749 706 130 21 öfverlämna
890 705 22 21 åt

83 736 27 20 H.
126 736 38 21 M:t
186 739 32 18 att
239 736 81 20 fördela
342 736 36 21 det
400 735 123 27 föreslagna
545 735 81 21 antalet
649 737 48 19 män
713 735 27 27 på
755 735 66 21 andra
837 740 75 20 vapen.

83 764 64 22 Hvad
162 765 41 21 den
220 764 138 27 erforderliga
380 764 190 22 fredsnumerären
586 763 107 26 beträffar,
710 764 24 21 så
748 762 86 22 kräfvas
850 762 32 21 för
899 762 13 21 8

83 800 41 20 nya
148 793 254 27 skarpskyttebataljoner
425 793 64 25 4,240
512 799 49 15 man
585 792 39 22 och
647 792 33 22 för
696 792 217 27 dragonregementet

83 822 41 20 812
140 828 55 19 man,
211 822 62 21 alltsä
295 822 69 25 5,052.
394 822 48 20 Den
459 822 125 21 nuvarande
605 821 146 27 fredsstyrkan
768 822 64 25 utgör
847 820 65 25 5,600

83 857 55 18 man,
149 850 82 22 således
243 850 156 27 sammanlagdt
412 850 75 26 10,652
499 857 55 15 man.
570 850 50 21 Men
629 856 29 15 nu
668 852 24 18 är
702 850 37 20 det
748 848 64 27 fallet,
823 850 32 20 att
869 848 41 21 den

83 886 28 14 nu
129 879 96 27 gällande
239 878 188 22 fredsnumerären
444 879 56 21 visat
515 879 34 27 sig
564 878 106 22 såtillvida
686 878 131 26 otillräcklig,
829 879 31 19 att
871 877 40 21 den

80 908 56 26 jämt
144 907 39 21 och
189 909 46 19 nätt
243 908 74 20 räcker
325 908 31 20 till
365 907 72 21 för'att
450 907 57 22 hafva
515 902 110 37 trupperna
639 906 162 28 fulltaliga,men
810 906 27 21 dä
845 906 68 20 under

83 936 26 21 de
123 936 68 21 första
206 936 128 21 mänaderna
351 936 22 21 af
386 936 127 27 tjänsteäret
528 936 51 21 flere
593 935 22 22 af
624 936 36 21 det
670 935 105 21 inkallade
786 934 128 27 manskapet

83 964 105 26 kasseras,
204 965 37 21 har
257 965 36 21 det
308 965 55 21 visat
379 965 32 26 sig
427 965 76 27 nödigt
517 967 32 19 att
564 964 79 22 inkalla
654 964 52 21 flere
716 966 26 19 än
753 970 46 15 som
811 962 102 22 behöfvas

83 993 33 21 för
131 996 31 18 att
180 994 49 26 fylla
245 994 138 24 vakanserna,
400 993 40 21 och
455 993 80 27 följden
551 993 38 21 har
605 994 61 24 varit,
681 995 32 19 att
728 992 59 22 alltid
803 992 68 21 under
887 992 27 20 de

83 1022 67 21 första
173 1022 129 21 månaderna
324 1025 120 24 trupperna
459 1023 56 20 varit
530 1021 177 28 öfverkompletta
723 1021 48 21 med
786 1021 43 21 200
843 1020 13 21 ä
871 1020 43 21 300

84 1057 55 15 man.
169 1051 42 21 För
226 1053 31 19 att
272 1050 94 22 undvika
381 1053 32 19 ett
429 1051 76 21 sådant
520 1050 118 27 oafsiktligt
653 1049 166 22 öfverträdande
834 1048 23 22 af
871 1049 41 21 den

84 1080 103 26 stadgade
210 1079 194 26 fredsnumerären,
426 1080 69 20 borde
517 1079 72 21 därför
610 1079 32 21 tili
664 1079 64 21 dessa
748 1078 75 25 10,652
838 1078 75 26 läggas

84 1108 58 21 cirka
162 1108 43 21 500
227 1114 54 20 man,
298 1108 138 26 hvarigenom
457 1108 21 21 vi
494 1108 86 21 komma
595 1114 44 20 upp
655 1107 31 22 till
703 1108 75 24 11,152
795 1113 55 15 man.
880 1106 34 21 Dä

84 1136 108 22 äterstode
208 1138 57 20 ännu
281 1136 42 22 850
346 1143 55 19 man,
417 1143 49 15 men
483 1136 106 22 utskottet
603 1136 97 22 kommer
715 1136 7 21 i
737 1135 100 22 afseende
853 1135 12 21 ä
880 1140 33 16 re-

85 1171 74 15 serven
183 1168 31 18 att
234 1165 85 26 föreslä,
334 1167 32 19 att
382 1172 50 14 man
451 1165 63 21 äfven
529 1165 40 21 hos
587 1172 36 14 oss
638 1166 7 20 i
660 1165 83 21 mindre
758 1163 156 27 utsträckning,

84 1194 118 21 tillsvidare
224 1194 136 26 åtminstone,
379 1194 70 21 skulle
472 1194 51 27 följa
547 1194 35 21 det
605 1196 85 25 system,
704 1200 47 14 som
773 1195 24 19 är
812 1192 102 22 infördt
900 1188 16 38 i

84 1222 106 27 Ryssland
213 1222 39 22 och
275 1223 61 21 älven
359 1223 7 20 i
389 1222 126 26 Frankrike,
531 1222 106 27 nämligen
659 1224 31 19 att
712 1221 62 22 hafva
789 1222 41 20 den
846 1220 68 22 första

85 1251 120 21 ärsklassen
222 1252 34 20 vid
273 1251 26 21 de
314 1251 71 21 aktiva
396 1254 119 24 trupperna
526 1250 164 28 öfverkomplett
702 1250 110 26 såtillvida,
823 1252 32 19 att
865 1255 49 15 man

84 1279 90 21 inkallar
190 1282 30 18 ett
235 1280 66 26 nägot
317 1281 69 20 större
404 1280 59 21 antal
479 1282 27 18 än
523 1286 47 15 som
585 1279 102 22 behöfves
710 1279 38 21 och
764 1278 53 22 efter
833 1280 30 19 ett
879 1278 35 20 ärs

85 1308 50 21 eller
151 1308 13 21 9
179 1308 112 22 mänaders
305 1308 110 27 tjänstetid
432 1308 95 22 öfverför
538 1308 31 22 till
580 1314 100 16 reserven
692 1308 36 21 det
738 1306 176 28 öfverkompletta

85 1336 127 28 manskapet
231 1337 28 27 pä
281 1337 70 27 grund
367 1337 22 21 af
402 1337 102 27 lottning.
534 1337 96 27 Antager
646 1343 49 15 man
711 1336 28 21 50
754 1342 49 15 man
819 1336 7 21 i
841 1334 73 27 hvarje

85 1365 193 27 infanteribataljon
294 1366 72 20 säsom
382 1365 186 27 öfverkompletta,
579 1366 25 21 sä
619 1365 68 21 skulle
698 1365 20 21 vi
729 1364 90 22 sälunda
829 1364 86 21 komma

85 1399 44 21 upp
144 1393 30 21 till
191 1393 72 22 siffran
280 1394 77 25 12,000
372 1394 72 21 säsom
461 1395 42 20 den
519 1395 77 26 högsta
611 1393 165 22 fredsnumerär.

154 1451 10 26 8
182 1451 39 20 121
237 1450 46 22 blef
295 1450 53 22 härä
362 1450 23 22 af
399 1451 87 21 ståndet
504 1451 105 27 godkänd.

154 1507 100 22 Rörande
269 1508 12 26 8
299 1508 40 21 122
355 1507 72 22 anhöll
