1103 1773
218 111 28 21 38
946 118 24 17 18
982 121 62 14 mars.

219 185 58 22 föras
291 187 32 20 till
345 187 80 21 sådana
447 187 165 28 bestämningar,
629 194 45 15 som
691 189 37 20 äro
745 187 98 28 gällande
858 186 32 21 för
903 187 143 21 kosackernas

219 214 134 27 fullgörande
368 215 23 22 af
403 216 153 27 värneplikten.
587 216 113 27 Uttrycket
719 218 23 19 är
755 217 25 26 ju
796 215 96 22 hämtadt
906 215 46 22 från
968 221 78 22 propo-

219 244 98 25 sitionen,
333 250 48 15 men
394 244 38 27 jag
447 247 50 23 tror,
513 247 32 19 att
560 245 37 22 det
611 245 53 21 skall
680 251 51 15 vara
747 245 60 21 svårt
821 246 32 19 att
867 244 7 21 i
889 245 36 20 det
941 249 104 16 samman-

219 271 63 28 hang,
297 272 59 21 hvari
371 273 37 21 det
422 273 38 21 här
475 273 132 26 framställts,
623 274 73 21 kunna
711 276 43 19 rätt
770 273 98 27 uppfatta
884 273 38 21 och
932 273 56 21 tolka
1001 272 44 21 det-

219 307 87 20 samma,
322 301 85 22 hvarför
419 301 38 28 jag
471 302 130 25 hemställer,
610 303 106 20 huruvida
727 302 17 27 ej
757 301 159 27 omredigering
926 301 61 22 äfven
998 300 47 21 här-

218 329 35 22 vid
270 329 66 22 borde
351 336 39 21 ega
405 337 53 14 rum.

288 387 33 21 Hr
335 387 148 26 Jus6lius,
493 388 93 21 Ferd.:
602 388 163 27 Förordningen
781 387 23 22 af
818 388 41 21 den
876 388 25 21 18
917 394 57 15 mars
991 387 54 21 1886

217 415 112 27 angäende
351 416 118 27 eftergifter
483 417 8 20 i
506 417 160 26 värnepliktens
688 417 135 26 fullgörande
845 416 33 21 för
900 416 68 21 finska
988 415 57 22 med-

219 444 96 27 borgare,
337 444 72 22 hvilka
423 445 81 22 inträdt
518 445 8 21 i
541 445 51 27 rysk
615 445 134 27 krigstjänst,
772 447 24 19 är
820 445 125 27 visserligen
964 445 46 21 icke
1025 443 23 22 af

218 473 107 21 utskottet
339 473 84 22 lämnad
440 477 50 18 utan
507 474 195 27 uppmärksamhet,
718 474 69 21 ehuru
801 474 36 21 det
849 474 69 21 mäste
934 473 111 25 erkännas,

217 503 33 19 att
266 502 36 21 det
318 508 37 15 var
371 504 30 19 ett
424 502 141 26 förbiseende,
588 505 31 19 att
639 503 45 20 icke
700 503 126 21 densamma
841 503 38 20 här
894 502 100 21 särskildt
1009 502 36 27 pä-

218 530 81 27 pekats.
329 531 62 20 Inom
407 531 106 21 utskottet
525 531 39 22 har
579 531 119 21 emellertid
713 532 56 21 varit
783 531 62 27 fråga
860 537 34 15 om
910 533 31 19 att
956 531 28 26 pä
994 531 50 20 läm-

216 559 55 26 pligt
287 561 42 19 sätt
344 560 7 20 i
366 565 25 15 en
407 560 142 27 anmärkning
559 560 31 21 till
601 559 140 22 förevarande
751 559 104 28 paragraf
864 560 71 24 uttala,
946 562 31 19 att
987 559 58 22 detta

218 587 118 27 stadgande
360 588 45 21 icke
428 589 69 21 skulle
516 588 77 22 beröra
608 589 41 21 den
665 595 29 15 nu
710 589 163 26 ifrägavarande
887 588 158 27 förordningen,

216 616 86 21 hvilken
326 616 89 22 sälunda
437 617 58 27 finge
518 617 99 22 förblifva
632 618 7 20 i
655 617 98 27 gällande
768 617 63 21 kraft.
861 617 63 22 Hvad
939 617 45 21 äter
1000 617 44 21 vid-

216 645 98 21 kommer
329 645 106 27 uttrycket
452 646 79 27 »enligt
547 646 105 21 särskilda
668 647 155 26 stadganden»,
843 646 24 21 sä
882 648 22 19 är
920 646 41 25 det,
973 645 70 21 säsom

217 673 66 22 redan
299 676 77 22 nämts,
392 674 96 21 hämtadt
503 681 26 15 ur
544 675 163 27 propositionen
724 675 39 21 och
779 675 63 20 torde
857 674 61 22 hafva
934 674 39 21 den
986 674 58 27 bety-

216 702 60 21 delse
299 709 51 20 nyss
373 703 109 27 antyddes,
506 710 48 14 men
578 710 62 20 synes
664 704 36 21 det
723 703 82 27 ganska
821 704 60 21 svärt
894 706 37 23 att,
947 706 51 18 utan
1014 705 31 18 att

216 731 51 26 ingä
282 731 7 21 i
304 734 57 18 stora
377 732 94 27 detaljer,
487 739 45 14 mer
547 732 51 21 eller
614 732 82 21 mindre
712 731 134 22 främmande
864 731 32 22 för
916 732 38 21 vär
970 733 74 19 värne-

215 759 107 28 pliktslag,
345 760 128 22 därutinnan
497 761 86 27 vidtaga
605 761 70 26 nägon
699 761 98 27 ändring.
837 761 43 21 Det
904 761 42 21 kan
971 760 7 21 i
1003 760 40 21 alla

215 788 38 21 fall
268 795 50 15 vara
333 789 46 21 skäl
393 791 32 19 att
440 789 64 22 tänka
519 792 98 19 närmare
632 790 72 26 därpä.

222 869 8 4 W
286 846 33 20 Hr
333 846 148 21 Jansson:
503 847 42 26 Jag
566 846 85 22 förenar
674 847 44 27 mig
740 847 25 21 sä
788 846 84 27 mycket
886 846 66 21 hällre
968 852 35 16 om
1018 846 25 21 hr

215 874 99 21 Öhmans
337 874 141 28 anmärkning
497 878 46 19 mot
563 882 64 15 mom.
642 876 12 20 2
670 876 7 21 i
693 876 13 26 &
722 876 18 25 7,
757 882 48 15 som
819 875 38 27 jag
871 875 66 21 redan
953 875 90 27 tidigare

215 903 8 20 i
238 905 66 19 annat
319 904 154 27 sammanhang
487 904 46 21 haft
547 904 81 21 tillfälle
643 904 81 26 anföra,
734 907 32 18 att
777 904 68 27 enligt
856 904 42 21 min
907 903 137 28 uppfattning

214 931 35 21 för
271 931 58 22 finsk
350 938 49 15 man
422 933 46 20 icke
489 933 102 21 existerar
613 933 71 26 nägon
708 939 46 15 som
778 933 58 20 hälst
850 932 131 27 förpliktelse
996 939 47 14 som

215 960 65 27 ryska
302 960 65 21 rikets
391 961 120 21 undersäte.
541 961 65 21 Detta
628 961 84 28 uttryck
738 961 76 27 »ryska
829 961 66 21 rikets
915 961 126 21 undersäte»

215 989 36 20 mä
266 995 29 15 nu
310 989 50 27 ingä
374 990 7 20 i
397 989 129 28 strafflagen,
549 990 38 21 där
602 991 37 20 det
652 989 145 22 förekommer
813 992 61 19 snart
888 990 63 26 sagdt
965 989 33 22 för
1012 991 32 20 att

216 1017 103 22 beteckna
334 1017 90 22 allenast
439 1018 26 21 de
480 1018 23 21 af
511 1018 122 27 strafflagen
644 1018 132 21 beträffande
787 1024 143 21 personernas
942 1018 101 27 bonings-

214 1049 41 18 ort.
286 1046 11 21 I
313 1047 154 26 sammanhang
489 1047 48 21 med
559 1047 71 27 någon
653 1053 47 15 som
720 1047 57 21 hälst
791 1047 133 26 förpliktelse
938 1046 32 21 får
986 1047 58 21 detta

215 1075 86 26 uttryck
325 1075 75 26 »ryska
419 1075 66 22 rikets
509 1076 127 21 undersäte»
654 1076 115 27 omöjligen
785 1075 258 21 förekomma.
935 1071 13 37 —
960 1075 83 21 Tillika

215 1103 39 21 ber
274 1103 38 27 jag
333 1106 32 18 att
378 1103 33 22 för
427 1110 53 21 egen
497 1104 33 21 del
545 1104 22 21 fä
582 1106 52 25 göra
649 1111 26 14 en
691 1104 145 26 anmärkning
851 1106 45 19 mot
911 1103 132 28 paragrafen.

213 1132 45 26 Jag
281 1131 40 22 kan
344 1132 46 21 icke
410 1131 59 22 finna
489 1133 44 26 mig
547 1133 7 20 i
570 1133 40 21 den
628 1133 147 27 begränsning
791 1133 106 20 utskottet
912 1133 38 20 här
965 1132 55 21 inför
1035 1133 6 20 i

215 1159 59 22 finsk
289 1167 60 14 mans
365 1163 43 19 rätt
423 1163 31 19 att
475 1161 139 27 undandraga
627 1163 33 25 sig
674 1161 75 27 lyckan
765 1161 24 21 af
803 1161 36 21 det
854 1161 63 27 ryska
932 1161 112 21 undersät-

214 1189 84 26 skapet.
334 1189 75 27 Enligt
431 1190 128 26 nugällande
584 1190 168 27 värnepliktslag
776 1191 24 20 är
824 1190 36 21 det
880 1189 109 27 förbjudet
1010 1189 33 21 för

214 1217 58 21 finsk
294 1224 55 15 man,
373 1224 46 15 som
443 1218 46 21 nätt
510 1219 179 26 uppbädsäldern,
705 1221 32 18 att
753 1218 46 21 utfä
815 1225 50 20 pass
880 1217 32 22 för
928 1221 31 18 att
973 1218 71 21 lämna

215 1245 78 22 landet.
321 1246 42 27 Jag
378 1249 46 18 tror
440 1253 48 14 man
504 1247 54 21 hade
575 1248 47 20 bort
636 1247 117 21 inskränka
764 1247 35 26 sig
809 1247 31 20 till
852 1249 31 18 att
893 1247 71 20 lämna
974 1247 70 20 denna

215 1274 136 27 bestämning
366 1275 7 20 i
388 1275 61 21 kraft.
480 1275 139 27 Synnerligen
636 1275 83 27 obilligt
734 1275 40 21 och
791 1275 93 26 oskäligt
898 1281 52 15 vore
960 1275 42 25 det,
1013 1277 31 19 att

213 1309 28 14 en
257 1303 140 27 medborgare
412 1303 46 22 icke
473 1304 54 21 hade
542 1304 102 27 rättighet
659 1306 31 19 att
705 1304 72 21 lämna
792 1304 79 25 landet,
886 1303 44 22 ifall
946 1303 41 22 han
998 1303 46 22 icke

214 1331 59 26 gjort
284 1331 36 22 det
330 1332 65 21 redan
403 1333 68 20 under
479 1339 26 14 en
515 1332 36 26 tid,
562 1333 27 20 dä
599 1333 53 21 hans
662 1333 159 26 undervisning
831 1332 32 21 för
877 1332 99 21 framtida
986 1332 58 21 med-

215 1359 121 28 borgerliga
358 1360 48 21 värf
427 1367 46 15 som
489 1360 48 22 bäst
552 1361 71 27 pägär.
654 1361 42 21 Det
711 1361 70 27 ligger
797 1361 32 20 till
845 1361 39 20 och
899 1361 49 21 med
963 1361 80 26 nägon-

213 1388 49 27 ting
284 1388 23 21 af
327 1388 129 27 perfiditet
452 1384 13 37 i
479 1390 58 21 detta
559 1390 123 27 stadgande,
706 1396 47 15 som
773 1389 72 21 därför
864 1389 46 21 icke
927 1389 48 22 bort
996 1389 47 21 frän

213 1417 162 27 propositionen
392 1417 138 22 oförändradt
547 1417 86 23 införas.

284 1474 33 21 Hr
333 1474 230 28 Schybergson:
584 1476 42 26 Jag
633 1478 31 25 är
680 1476 89 21 alldeles
786 1482 52 14 ense
853 1482 35 14 om
904 1475 26 21 de
946 1474 97 22 anmärk-

213 1502 84 27 ningar,
321 1509 46 15 som
391 1503 124 22 framställts
531 1504 23 21 af
567 1504 36 21 hrr
623 1500 84 25 Öhman
724 1504 40 21 och
780 1504 101 25 Jansson,
892 1503 102 22 särskildt
1008 1504 36 20 be-
