1103 1773
438 111 90 33 Bilagor.
869 112 33 22 29

72 188 51 22 två
144 188 38 21 års
201 188 67 26 ålder,
282 188 97 21 inkallas
395 188 35 21 till
444 188 56 27 först
514 188 89 21 skeende
619 188 101 27 lottning,
739 188 46 26 och,
801 195 36 14 om
852 188 46 20 han

72 217 97 27 befinnes
190 217 112 27 vapenför,
317 217 50 21 däri
380 217 86 32 deltaga
482 217 49 21 med
544 217 42 20 den
602 216 139 27 åldersklass,
757 224 49 14 som
821 216 79 21 därtill

72 245 128 29 uppbådats.
230 246 40 20 År
292 245 60 21 han
373 246 10 20 i
405 245 90 21 ålder
518 246 116 20 mellan
650 245 179 21 trettiotvå
845 244 53 22 och

71 274 183 28 fyratiotre
275 274 39 25 år,
336 274 183 28 inskrifves
534 274 61 21 han
610 274 52 21 vid
677 273 221 22 landtvärnet.

141 302 48 28 Lag
204 310 86 13 samma
306 310 50 14 vare
374 310 35 14 om
424 303 48 26 den,
487 310 47 14 som
550 302 53 27 från
622 302 75 22 landet
711 302 101 28 utflyttat
825 302 76 21 innan

73 332 45 21 han
133 332 9 20 i
158 331 94 27 lottning
267 331 96 27 deltagit,
377 338 50 14 men
442 316 115 46 återvändt
572 331 68 27 före
661 331 153 28 uppnådd
829 332 69 20 trei-

73 360 104 22 tiotvå
192 360 37 21 års
244 360 66 21 ålder.

452 458 16 27 $
484 458 38 21 83.

150 521 128 27 Utlänning,
293 528 46 14 som
357 521 34 21 till
406 521 74 21 landet
498 520 102 28 inflyttat
614 520 39 21 och
668 520 82 21 vunnit
765 520 60 28 finsk
840 520 59 21 med-

76 550 134 28 borgarerätt
225 550 54 27 efter
288 550 35 20 det
333 550 45 21 han
389 550 52 27 fyllt
452 549 100 27 tjugutvå
567 549 33 26 år,
640 549 169 27 inskrifves
831 556 70 14 ome-

76 578 375 22 delbartilandivärnet
466 578 60 21 iden
538 578 58 21 klass
606 578 46 21 han
664 580 56 25 efter
731 578 78 21 åldern
821 578 83 20 tillhör.

456 683 14 27 $
488 684 36 20 85.

153 745 64 21 Utom
226 746 38 20 dei
270 746 178 27 nästföregående
451 746 113 28 paragraf
566 746 83 21 nämda
654 746 161 28 förteckningar
824 745 80 27 åligger

78 774 194 28 uppbådsnämden
288 776 32 19 att
334 775 9 20 i
359 775 95 27 enlighet
464 775 48 21 med
526 775 193 27 fastställdt
743 774 160 28 formulär

79 803 132 27 oförtöfvadt
227 806 98 24 uppgöra
340 804 39 20 och
394 804 35 20 till
443 804 62 20 såväl
522 804 144 20 länenämden
681 810 46 14 som
745 802 159 22 vederbörande

80 832 299 27 truppkommendör
400 832 98 21 insända
520 832 94 21 särskild
628 832 137 27 förteckning:
782 832 61 32 öfver
857 832 47 20 alla

79 860 55 27 dem,
150 867 47 14 som
212 860 53 27 från
280 861 96 21 området
388 861 73 27 blifvit
478 862 36 20 till
528 861 60 21 aktiv
604 861 68 28 tjänst
686 861 97 26 utsedda,
798 860 35 21 uti
848 860 55 20 hvil-

80 889 41 21 ken
143 889 135 28 förteckning
291 890 88 27 jämväl
401 890 52 21 böra
476 890 53 27 ingå
551 891 25 20 de
598 889 117 28 uppgifter,
730 897 47 14 som
793 889 111 28 erfordras

80 918 37 27 för
131 918 147 49 sport
287 918 28 27 af
326 919 73 20 dessas
415 919 248 27 tjänsteförleekningar.

162 947 10 10 På
204 947 74 26 grund
300 947 28 27 af
345 947 61 21 dessa
427 947 136 27 handlingar
584 949 118 26 upprättar
717 947 146 20 länenämden
879 953 27 14 en

81 975 62 28 dylik
157 975 49 21 hela
229 976 59 20 länet
302 976 136 27 omfattande
453 976 143 27 förteckning,
612 976 84 27 hvaraf
707 976 71 21 skilda
795 975 111 27 exemplar

83 1005 55 19 utan
162 1004 132 21 tidsutdräkt
312 1005 60 20 skola
395 1005 108 20 insändas
527 1005 35 20 till
576 1007 89 18 senaten
681 1005 38 20 och
735 1004 169 27 generalguver-

82 1035 76 18 nören.

462 1121 15 25 $
495 1120 36 20 87.

155 1182 73 20 Sedan
242 1182 195 27 uppbädsnämden
461 1182 96 26 bestämt,
573 1182 74 20 hvilka
662 1182 28 27 af
701 1182 25 20 de
741 1182 54 26 från
813 1181 96 21 området

85 1210 127 28 uppbädade
227 1210 60 21 skola
302 1210 38 21 vid
354 1211 75 21 aktiva
440 1212 121 26 trupperna
571 1210 97 27 inträda,
679 1210 124 26 inskrifver
813 1210 97 21 nämden

85 1240 46 20 alla
147 1239 77 27 öfriga,
235 1246 46 14 som
296 1239 10 20 i
321 1240 123 26 lottningen
458 1240 97 26 deltagit,
570 1239 38 21 vid
623 1239 195 21 landtvärnet
849 1239 67 20 iden:

87 1268 94 27 ordning
197 1268 107 20 lottlistan
320 1268 107 27 angifver.

467 1365 15 27 $
500 1366 37 20 88.

158 1428 89 27 Förslag
262 1428 108 21 meddelas
385 1428 123 21 framdeles.
