1103 1798
204 119 45 35 100
933 129 24 17 13
970 128 59 22 april.

202 197 24 22 af
247 198 202 22 naturalisationens
472 199 86 24 värkan,
574 206 48 15 som
644 200 68 21 under
728 205 75 16 senare
819 198 30 22 tid
866 198 57 28 gjort
938 198 33 27 sig
986 197 43 27 gäl-

203 226 68 26 lande,
284 227 80 27 jämväl
387 228 167 21 naturaliserade
572 228 69 22 finska
657 228 141 27 medborgare
813 228 72 20 kunna
900 233 63 15 anses
979 232 51 15 vara

201 255 8 21 i
224 255 59 21 detta
297 256 122 22 hänseende
434 256 106 22 likställda
556 257 48 21 med
620 256 87 22 infödda
723 259 54 22 män,
789 256 24 22 så
828 256 65 27 gäller
910 255 53 22 dock
978 254 51 22 fort-

203 283 88 23 farande
313 285 48 21 med
385 285 187 27 grundlagshälgd,
594 288 31 18 att
645 285 162 22 naturalisation
825 285 68 21 måste
908 284 73 26 föregå
996 286 33 18 ut-

203 313 129 27 nämningen
355 316 31 19 att
408 314 89 21 bekläda
519 314 67 27 tjänst
608 314 7 21 i
638 314 108 22 Finland.s
779 314 33 21 Hr
833 314 93 21 Jansson
942 312 88 26 frågade

202 341 79 25 vidare,
292 342 85 21 hvarför
390 342 38 28 jag
442 342 46 22 icke
503 342 133 22 framställde
648 344 48 20 mitt
711 343 82 26 förslag
808 348 34 15 om
853 344 32 19 att
899 342 79 21 insätta
993 341 36 20 be-

201 370 136 27 stämningen
353 377 34 15 om
403 370 73 23 infödd
491 371 55 21 finsk
563 378 48 14 man
624 372 8 20 i
644 372 11 27 &
672 372 41 20 120
723 371 62 21 äfven
797 371 37 21 här
845 371 6 20 i
862 370 90 22 ståndet.
976 369 53 21 Där-

201 398 32 21 till
248 399 62 21 torde
322 399 38 27 jag
375 400 89 26 tidigare
480 400 61 27 gifvit
556 400 52 24 skäl,
624 400 27 22 dä
663 400 39 27 jag
717 400 57 26 sade,
785 402 32 18 att
829 399 38 27 jag
879 399 17 27 ej
910 398 73 28 gjorde
994 398 36 21 det

202 427 28 27 pä
252 427 40 21 den
316 428 75 26 grund,
407 430 32 20 att
457 429 39 26 jag
518 428 68 22 blifvit
610 429 88 27 upplyst
718 435 40 19 om,
775 430 31 19 att
821 427 155 22 naturaliserad
991 426 38 22 har

202 462 82 15 samma.
299 457 125 27 rättigheter
440 464 46 14 som
501 457 74 22 infödd
590 457 56 21 finsk
660 464 48 15 man
720 458 39 21 och
770 459 32 19 att
814 456 35 22 det
861 456 89 22 sälunda
961 455 68 21 skulle

201 490 51 16 vara
274 485 59 27 hugg
355 486 6 20 i
385 492 81 15 samma
488 486 69 26 skära,
573 492 35 16 om
625 492 48 16 man
688 486 38 22 här
742 488 63 25 säger
820 484 74 22 infödd
909 484 55 22 finsk
980 490 48 15 man

199 512 54 22 eller
269 513 56 22 finsk
340 514 146 28 medborgare.

270 571 33 21 Hr
325 572 147 21 Jansson:
494 572 43 27 Jag
559 572 49 21 ville
631 572 56 21 blott
703 574 56 25 säga,
775 573 38 24 att,
831 577 35 15 om
882 577 29 15 nu
927 570 61 21 äfven
1005 570 25 21 sä

198 599 29 27 pä
242 601 31 19 ett
288 606 47 15 som
351 602 66 20 annat
432 600 61 22 ställe
512 601 3 21 i
538 601 54 21 1858
608 601 35 21 ärs
658 600 128 27 förordning
801 600 92 26 stadgas,
910 601 30 19 att
956 605 72 21 perso-

200 634 44 19 ner,
260 628 71 21 hvilka
346 630 27 20 H.
384 629 39 21 M:t
437 629 83 26 hugnat
532 630 48 20 med
593 629 66 21 finskt
669 628 188 27 medborgarskap,
871 628 87 21 därmed
968 627 61 21 skola

200 663 51 14 vara
266 657 107 23 likställda
389 658 47 21 med
451 657 87 22 infödda
552 657 70 22 finska
638 660 54 23 män,
703 658 58 21 detta
777 657 55 21 dock
844 657 64 26 ingen
920 656 109 27 betydelse

199 685 45 21 har.
274 685 43 22 Det
331 686 38 21 har
385 686 46 22 icke
445 686 73 27 lagens
534 686 58 21 kraft
607 689 31 18 ett
648 687 77 20 sådant
741 685 126 27 stadgande.
890 685 28 22 H.
929 685 38 21 M:t
978 691 50 20 eger

199 714 8 21 i
222 714 58 21 detta
302 714 122 22 hänseende
445 715 47 21 icke
512 715 28 27 pä
555 718 65 18 annat
636 717 42 20 sätt
693 715 84 26 förfoga
792 716 26 19 än
835 720 46 15 som
897 713 131 22 beträffande

199 742 113 22 stiftandet
327 743 22 22 af
363 743 105 28 grundlag
482 743 138 22 föreskrifves
635 744 7 21 i
658 744 83 21 landets
757 743 149 22 konstitution.

269 817 60 22 Efter
352 819 37 21 det
412 818 150 22 diskussionen
586 818 52 21 härä
652 818 114 22 förklarats
781 817 100 25 afslutad,
896 817 132 21 framställde

199 845 26 22 hr
241 846 143 22 ordföranden
401 847 31 22 till
447 847 54 21 först
516 853 26 15 en
559 847 116 27 sälydande
690 846 290 27 omröstningsproposition:

269 903 39 26 De,
324 904 75 21 hvilka
421 904 36 22 till
472 904 216 28 kontraproposition
704 907 45 19 mot
764 904 115 21 utskottets
893 903 83 27 förslag
992 903 36 21 till

199 932 80 27 lydelse
294 932 36 28 för
345 933 45 21 120
404 934 15 26 $
433 933 55 27 vilja
504 935 82 25 antaga
602 934 109 26 förslaget,
722 935 33 19 att
763 933 139 28 paragrafen
913 932 114 20 bibehälles

199 961 38 21 vid
251 961 47 21 dess
313 962 129 20 nuvarande
459 962 85 27 lydelse,
558 964 60 19 rösta
632 962 37 27 ja;

268 1018 80 21 vinner
370 1019 43 27 nej,
433 1019 42 21 har
497 1019 87 21 ståndet
599 1019 9 20 i
622 1019 81 21 sådant
725 1019 102 27 afseende
850 1017 121 28 föredragit
993 1018 34 20 det

197 1046 92 28 förslag,
305 1054 46 14 som
367 1047 133 28 framställts
515 1048 29 27 af
555 1048 141 20 minoriteten
712 1048 63 20 inom
786 1046 243 28 värnepliktsutskottet.

268 1104 41 22 Vid
331 1104 116 22 värkställd
463 1106 135 25 omröstning
612 1106 129 21 besvarades
758 1104 163 28 propositionen
937 1104 48 21 med
1003 1104 26 20 18

195 1132 26 27 ja
236 1132 40 22 och
291 1133 28 21 42
335 1133 40 27 nej,
391 1133 85 22 hvarför
490 1134 40 21 den
542 1134 87 27 slutliga
639 1133 311 27 omröstningspropositionen
962 1132 67 21 erhöll

198 1160 95 28 följande
308 1162 89 27 lydelse:

269 1218 39 26 De,
323 1219 75 21 hvilka
411 1219 118 28 godkänna
544 1220 113 20 utskottets
671 1220 84 26 förslag
767 1219 37 21 till
814 1218 80 28 lydelse
904 1218 36 27 för
950 1218 16 27 $
976 1218 51 26 120,

197 1248 62 20 rösta
272 1247 38 27 ja;

267 1304 81 22 vinner
371 1305 42 27 nej,
434 1305 42 21 har
490 1305 87 21 ståndet
592 1305 87 27 förenat
693 1305 34 27 sig
743 1304 51 21 med
809 1303 141 22 minoriteten
965 1303 63 21 inom

197 1332 247 28 värnepliktsutskottet.

266 1400 32 21 På
320 1401 93 27 begäran
436 1401 116 22 anställdes
575 1401 62 22 äfven
656 1408 29 15 nu
701 1402 111 26 votering;
835 1401 40 21 och
890 1407 48 14 som
953 1400 75 21 därvid

196 1428 100 27 afgåfvos
320 1430 25 21 17
366 1429 23 28 ja
411 1430 39 21 och
472 1429 28 22 43
522 1430 40 27 nej,
585 1430 54 21 hade
662 1430 91 25 ståndet,
771 1429 49 22 med
836 1429 156 27 godkännande
1007 1428 24 22 af

196 1457 129 28 paragrafen
348 1457 33 22 för
403 1458 71 27 öfrigt,
488 1458 33 21 för
540 1459 14 20 2
569 1465 63 15 mom.
649 1459 80 26 antagit
745 1458 95 27 följande
855 1457 128 22 förändrade
998 1457 29 27 ly-

195 1485 70 22 delse:
290 1486 129 22 »Officerare
442 1487 20 21 at
482 1487 51 27 rysk
548 1487 111 22 härkomst
674 1487 73 22 kunna
763 1486 56 22 dock
835 1486 31 22 till
881 1485 57 22 finsk
953 1488 74 25 trupp-

195 1513 117 28 afdelning,
328 1515 85 22 utöfver
429 1516 49 21 dess
494 1517 48 24 stat,
558 1515 214 22 tillkommenderas.»
