1103 1786
433 111 90 33 Bilagor.
877 112 26 21 19

352 190 31 19 att
399 188 11 27 $
426 188 28 21 20
468 188 66 21 måtte
550 188 123 27 godkännas
689 188 128 21 oförändrad
833 188 66 26 enligt

285 217 116 21 utskottets
418 217 151 27 ursprungliga
583 216 88 28 förslag.

401 292 14 25 $
431 292 41 20 123
487 298 63 14 mom.
569 292 17 20 1.

148 343 155 26 Ridderskapet
335 342 39 21 och
399 343 61 20 adeln
497 343 38 20 har
567 343 165 20 äterremitterat
760 342 141 21 förevarande

79 373 95 20 moment
188 371 7 20 i
211 371 59 26 syfte,
281 373 32 19 att
327 371 118 21 detsamma
460 371 65 21 måtte
540 371 80 21 erhålla
634 371 92 27 följande
742 371 90 27 lydelse:
854 371 45 20 »De

79 400 69 21 finska
162 402 117 24 trupperna
293 399 62 22 hafva
371 400 30 20 till
417 400 96 21 ändamål
529 402 31 19 att
576 402 65 19 värna
651 402 77 19 tronen
739 399 40 22 och
789 399 109 22 fädernes-

78 429 73 20 landet
167 432 55 17 samt
237 429 89 20 sålunda
341 427 61 22 äfven
418 429 87 26 bidraga
520 429 31 20 till
569 429 167 26 kejsaredömets
751 428 88 25 försvar,
851 434 47 15 men

78 457 74 21 kunna
167 457 26 20 de
215 457 88 21 stående
318 460 117 23 trupperna
450 457 68 21 under
533 457 96 27 krigstid,
649 458 2 20 i
667 457 40 21 den
724 457 48 21 mån
789 457 110 20 desamma

79 486 46 21 icke
146 487 36 20 äro
206 485 138 27 erforderliga
365 485 33 21 för
415 486 106 21 värnande
536 485 23 22 af
572 489 49 23 eget
636 486 55 24 land,
703 486 86 27 jämväl,
806 485 26 22 då
847 485 51 26 Kej-

80 521 62 14 saren
165 514 38 21 och
225 514 133 21 Storfursten
382 513 70 22 finner
475 515 75 20 sådant
566 515 79 26 nödigt,
661 515 108 20 användas
785 516 31 19 att
832 514 69 21 direkt

80 543 115 21 medvärka
210 543 31 21 till
257 543 166 26 kejsaredömets
438 543 102 21 försvar».

150 571 161 21 Prästeståndet
326 571 38 21 har
377 571 94 26 godkänt
486 571 116 21 utskottets
617 571 86 27 förslag.

150 599 181 27 Borgareståndet
346 599 37 21 har
399 600 163 21 återremitterat
577 599 161 28 ifrågavarande
748 606 64 14 mom.
823 599 33 21 för
871 601 32 18 att

81 628 120 21 omarbetas
224 628 6 21 i
247 628 75 21 sådant
345 628 58 27 syfte,
427 630 36 24 att,
488 631 50 18 utan
564 629 161 20 bestämmande
750 627 22 22 af
786 628 26 21 de
834 627 69 22 finska

80 659 129 24 truppernas
232 657 89 26 uppgift,
344 663 26 15 en
386 657 87 26 lämplig
491 657 144 26 begränsning
650 657 23 21 af
686 657 62 21 deras
764 657 138 26 användning

81 686 68 21 under
165 685 89 26 krigstid
270 685 67 21 skulle
357 686 2 20 i
375 692 63 15 mom.
453 685 87 22 införas.

150 714 161 21 Bondeståndet
325 714 38 21 har
379 715 94 26 godkänt
488 714 138 21 försvarande
642 721 63 14 mom.

220 771 111 22 Utskottet
346 771 97 21 föreslår:

357 830 31 19 att
413 828 11 28 &
447 829 41 20 123
505 834 63 15 mom.
585 829 10 20 1
620 828 65 21 måtte
709 828 80 21 erhålla
813 827 94 28 följande

289 857 90 27 lydelse:

361 894 8 10 »
373 886 74 20 Under
457 885 91 27 krigstid
558 886 108 20 användas
677 885 26 21 de
711 885 69 21 finska
788 887 118 24 trupperna

289 914 152 21 företrädesvis
463 914 36 21 vid
513 914 194 26 försvarsåtgärder
722 914 8 20 i
745 914 95 25 Finland,
856 919 48 15 men

289 943 78 24 kunna,
384 943 26 21 då
425 943 26 21 de
466 943 46 21 icke
527 944 37 20 äro
579 942 71 21 härtill
665 942 112 27 behöfliga,
793 942 66 21 kallas
876 943 31 19 att

287 971 80 27 jämväl
382 974 59 18 utom
457 971 72 21 landet
544 971 114 21 medvärka
679 971 36 21 vid
725 971 66 21 rikets
802 970 105 22 försvar».

152 1028 157 27 Ridderskapet
331 1028 40 22 och
393 1028 61 21 adeln
478 1028 37 21 har
537 1028 33 21 för
592 1028 64 26 öfrigt
670 1028 22 21 åt
715 1028 105 21 utskottet
836 1027 70 21 öfver-

83 1056 80 22 lämnat
178 1059 31 19 att
224 1057 6 20 i
245 1056 102 27 förslaget
361 1056 69 21 införa
449 1056 139 21 konformitet
603 1057 6 20 i
624 1056 59 27 fråga
699 1063 35 14 om
750 1056 157 21 betecknandet

84 1085 22 21 af
120 1085 77 27 högsta
208 1085 92 21 makten.

188 1114 10 21 I
215 1114 57 21 detta
287 1113 100 22 afseende
401 1113 63 22 hafva
480 1114 78 26 nödiga
572 1113 115 27 ändringar
703 1113 101 27 vidtagits
819 1114 7 20 i
838 1113 21 27 $$
876 1113 33 26 10,

85 1143 33 25 13,
135 1143 26 20 14
176 1143 39 20 och
230 1143 34 20 21.
