1103 1798
181 135 28 21 46
913 140 23 17 17
947 143 64 13 mars.

252 209 137 22 Beträffande
404 210 12 28 $
432 210 27 20 14
475 210 84 27 yttrade

251 267 26 21 hr
292 267 148 21 Jansson:
455 267 48 21 Mot
525 268 13 26 8
555 267 27 21 14
597 267 38 21 har
648 267 38 27 jag
701 269 31 19 att
748 268 52 26 göra
819 272 26 15 en
860 266 51 21 liten
927 266 84 21 erinran

183 296 8 21 i
205 296 101 21 afseende
328 296 13 20 å
356 296 92 26 språket.
479 296 44 21 Det
544 296 61 21 heter
628 296 44 26 där,
687 298 31 19 att
740 296 36 21 det
790 296 129 20 bestämmes
935 300 78 22 genom

183 324 65 27 nådig
263 324 127 27 förordning
406 324 84 22 »hvilka
504 324 145 27 befattningar
664 338 27 2 —
706 337 28 3 —
750 336 28 3 —
793 336 27 3 —
837 325 37 20 äro
892 323 23 21 af
927 321 86 23 beskaf-

183 352 79 25 fenhet,
278 355 32 19 att
325 353 61 21 deras
402 353 137 21 innehafvare
554 366 28 3 —
598 362 85 12 ——».
714 353 64 21 Detta
794 354 23 19 är
827 352 66 27 enligt
903 352 43 21 min
957 357 54 21 upp-

183 381 94 27 fattning
299 382 45 20 icke
367 382 73 21 vidare
463 382 41 26 god
528 382 93 21 svenska
646 381 39 22 och
698 382 39 26 jag
751 380 123 22 hemställer
889 380 31 22 till
935 382 76 19 värne-

183 410 185 27 pliktsutskottets
384 410 145 24 medlemmar,
539 412 32 20 att
582 411 26 21 de
619 410 49 22 ville
678 410 36 22 vid
722 410 42 21 den
775 409 86 27 slutliga
871 409 138 21 redaktionen

184 439 78 21 beakta
277 439 69 21 denna
362 439 147 27 anmärkning.
524 439 114 27 Uttrycket
650 441 49 19 »äro
715 438 23 22 af
748 438 157 22 beskaffenhet»
922 438 39 21 bör
976 437 36 21 väl

183 468 87 27 utbytas
286 470 45 18 mot
348 469 49 19 »äro
413 468 23 21 af
449 468 41 21 den
506 467 158 22 beskaffenhet»
682 468 51 21 eller
750 469 50 19 »äro
816 466 23 22 af
851 467 65 21 sådan
927 465 83 23 beskaf-

183 496 93 22 fenhet».
305 497 43 26 Jag
362 496 135 25 misstänker,
520 499 32 19 att
567 496 108 28 uttrycket
690 496 90 22 kommit
794 495 47 21 från
858 496 39 20 den
914 494 99 24 svenska,

183 531 47 15 som
246 525 80 27 nyttjas
340 525 8 21 i
360 526 169 26 propositionen.

253 582 33 21 Hr
301 582 142 22 Jusélius
460 582 84 22 Ferd.:
561 583 42 26 Jag
617 582 38 21 ber
666 584 31 20 att
706 582 22 21 få
738 582 96 27 upplysa,
844 583 31 19 att
885 581 36 21 det
931 580 46 22 icke
987 582 24 19 är

183 611 41 21 den
233 610 97 26 svenska,
342 617 47 15 som
399 611 143 21 förekommer
552 611 7 21 i
572 611 77 27 nådiga
661 611 169 27 propositionen,
842 612 51 19 utan
904 610 46 25 den,
963 615 47 15 som

183 639 144 22 förekommer
342 640 7 20 i
364 646 29 15 nu
410 640 97 27 gällande
521 640 41 27 lag.

254 697 33 21 Hr
302 697 144 21 Jansson:
470 697 49 27 Nog
542 697 67 21 håller
631 697 39 27 jag
684 697 28 27 på
735 697 75 27 lagens
825 696 120 25 auktoritet,
960 702 50 14 men

181 726 39 26 jag
234 728 53 22 tror,
302 728 32 19 att
348 726 62 27 lagen
425 726 7 21 i
447 726 58 21 detta
520 726 36 21 tall
572 726 72 21 tillåtit
659 726 33 27 sig
707 726 57 26 dålig
776 725 98 22 svenska.

255 783 35 21 Då
311 783 63 27 ingen
398 783 73 21 vidare
491 783 72 21 anhöll
578 789 35 15 om
629 783 67 27 ordet,
712 782 131 22 förklarades
859 782 150 21 diskussionen

185 811 98 26 afslutad,
306 812 106 21 hvarefter
434 812 25 21 hr
479 812 143 21 ordföranden
637 812 32 20 till
684 812 97 21 ståndets
797 811 132 21 besvarande
941 810 69 22 öfver-

184 840 99 21 lämnade
298 840 93 27 följande
406 840 289 27 omröstningsproposition:

251 897 39 25 De,
306 897 74 22 hvilka
394 898 117 27 godkänna
527 897 112 22 utskottets
654 897 84 28 förslag
754 897 36 21 till
805 897 78 28 lydelse
897 896 36 28 för
947 896 16 28 $
977 897 32 24 14,

183 928 59 19 rösta
252 926 41 27 ja;

252 983 81 21 vinner
344 983 43 28 nej,
397 983 42 21 har
445 983 87 21 ståndet
541 983 88 22 beslutit
637 983 161 21 återremittera
806 981 137 28 paragrafen
955 981 10 21 i
974 981 35 21 det

183 1012 57 27 syfte
256 1012 27 21 hr
297 1012 99 21 Jansson
411 1012 119 27 föreslagit.

252 1069 51 21 Med
324 1069 156 27 öfvervägande
496 1069 24 27 ja
535 1069 46 21 blef
593 1069 118 21 utskottets
726 1068 82 27 förslag
822 1067 23 22 af
858 1067 85 22 ståndet
958 1067 51 28 god-

196 1094 58 36 ändt.
315 1115 2 2 N

251 1155 11 27 &
279 1155 26 21 15
320 1157 77 24 antogs
413 1158 51 18 utan
480 1155 131 21 diskussion.

250 1212 43 21 Vid
308 1211 152 28 föredragning
474 1211 22 22 af
509 1213 14 25 $
539 1212 26 21 17
582 1211 72 21 anhöll

250 1269 26 20 hr
286 1269 142 26 Jusélius,
438 1269 87 26 Ferd.
533 1275 35 15 om
577 1269 62 20 ordet
647 1268 39 21 och
694 1269 94 26 yttrade:
795 1269 43 26 Jag
845 1268 37 21 ber
889 1269 32 19 att
928 1266 21 22 få
958 1268 52 25 göra

182 1299 31 20 ett
221 1297 109 22 uttalande
339 1297 130 22 beträffande
478 1303 75 16 senare
561 1299 119 19 momentet
687 1296 23 22 af
716 1298 14 25 &
738 1297 34 21 17.
787 1297 42 26 Jag
836 1296 39 21 har
881 1296 128 26 visserligen

181 1327 7 20 i
199 1326 107 21 utskottet
322 1326 92 27 bidragit
427 1326 31 21 till
468 1325 125 22 affattandet
607 1325 23 22 af
642 1326 59 21 detta
716 1327 101 23 moment,
830 1331 48 15 men
887 1324 38 21 har
933 1324 77 21 efteråt

181 1355 91 21 kommit
287 1357 32 18 att
333 1355 52 26 hysa
400 1355 59 21 vissa
473 1354 134 23 tvifvelsmål,
622 1354 106 21 huruvida
738 1356 129 19 momentets
878 1352 131 27 intagande
996 1348 17 38 i

178 1383 66 27 lagen
260 1385 24 19 är
299 1383 23 21 af
335 1384 76 20 nöden.
441 1383 118 21 Momentet
573 1383 123 25 innehåller,
712 1383 49 20 med
772 1382 128 26 hänvisning
910 1381 31 21 till
952 1381 57 21 stad-

183 1412 79 27 gandet
276 1412 7 20 i
299 1412 12 27 $
328 1412 32 24 14,
382 1418 26 15 en
424 1411 109 22 föreskrift
555 1411 32 21 för
603 1417 131 19 reservman,
758 1417 47 15 som
820 1412 106 25 mottager
942 1409 66 22 sådan

182 1440 124 27 befattning,
323 1447 46 14 som
381 1441 6 20 i
398 1441 77 20 nämda
486 1439 102 28 paragraf
598 1440 142 25 omförmäles,
751 1441 32 20 att
793 1439 59 21 inom
862 1439 36 21 tvä
907 1438 102 21 mänader

182 1469 75 21 därom
280 1469 83 21 anmäla
385 1469 39 21 hos
445 1469 160 21 vederbörande
628 1468 171 27 uppbädsnämd.
829 1468 33 21 En
885 1467 66 21 sådan
966 1466 42 21 för-

181 1497 99 27 fattning,
304 1503 45 15 som
366 1498 6 21 i
388 1499 12 25 8
418 1498 26 20 14
467 1497 84 27 åsyftas,
575 1499 23 18 är
617 1497 99 21 utfärdad
739 1503 78 21 genom
838 1496 113 27 kejserliga
966 1495 42 21 för-

182 1526 119 27 ordningen
324 1526 39 21 den
382 1527 24 20 17
423 1526 85 27 januari
525 1526 61 25 1881,
602 1526 86 21 hvilken
703 1525 47 22 frän
767 1525 147 27 skyldigheten
930 1525 32 20 att
976 1524 32 20 in-
