1103 1775
181 88 31 20 22
912 94 23 16 16
947 98 63 13 mars.

185 162 136 22 annorlunda
351 162 115 28 uppfattas,
495 165 26 19 än
548 164 41 21 den
620 163 135 27 uppfattades
779 164 34 20 vid
837 163 130 21 tillkomsten
990 162 23 21 af

183 191 42 21 den
249 191 129 27 nugällande
401 191 201 28 värnepliktslagen,
626 199 48 14 man
698 192 64 22 ocksä
777 192 53 21 skall
846 193 51 25 säga
913 192 35 21 det
963 193 48 19 rent

184 222 30 19 ut.
247 220 43 27 Jag
315 220 79 22 förstär
419 221 83 27 mycket
527 221 34 21 väl
584 221 25 21 hr
633 221 161 27 Schybergsons
817 220 80 25 känsla,
920 220 27 22 dä
968 220 42 21 han

183 250 69 26 säger,
278 251 32 19 att
331 249 151 21 användandet
504 249 22 21 af
547 250 64 20 dessa
635 250 90 20 attribut
750 249 137 27 »kejserliga»
913 249 30 21 till
966 251 43 19 tro-

183 284 42 15 nen
242 277 40 21 och
299 277 60 21 »hela
374 278 35 21 det
425 278 74 27 ryska»
518 278 31 21 till
565 278 54 21 riket
636 278 7 21 i
659 278 35 22 det
710 278 159 26 sammanhang,
885 278 31 21 uti
931 277 80 21 hvilket

184 306 26 21 de
225 306 122 26 framträda,
363 306 72 22 kunna
455 306 109 28 uppfattas
581 307 71 21 säsom
668 313 26 15 en
711 306 145 22 undfallenhet
872 306 50 22 eller
937 313 26 15 en
978 306 32 20 in-

183 334 139 22 ställsamhet.
352 335 49 21 Men
423 336 37 26 jag
481 338 46 18 tror
548 335 51 26 icke,
612 338 32 18 att
659 336 59 20 detta
733 335 55 21 varit
803 335 40 21 den
859 335 90 21 ledande
964 336 45 20 tan-

183 363 42 21 ken
249 363 39 21 och
311 364 89 21 motivet
422 364 39 21 hos
478 364 69 27 nägon
564 364 22 21 af
600 364 250 27 värnepliktsutskottets
866 364 143 24 medlemmar,

183 392 40 22 och
236 392 39 27 jag
290 395 45 18 tror
350 392 46 22 icke
411 392 71 24 häller,
498 394 32 20 att
544 393 36 21 det
596 392 101 22 behöfver
708 392 39 22 och
760 398 38 15 ens
808 392 42 22 kan
862 393 23 21 sä
895 392 114 28 uppfattas,

183 421 29 21 dä
234 421 150 27 lagförslagets
407 422 66 20 motiv
497 421 63 21 blifva
583 421 124 27 framlagda.
736 422 42 26 Jag
801 423 50 24 tror,
867 423 31 19 att
919 422 37 20 det
971 421 38 21 bör

183 449 110 27 uppfattas
316 450 71 21 såsom
409 450 36 22 det
467 450 109 27 värkligen
599 450 56 21 varit
676 450 67 21 tänkt.
773 450 34 21 Då
830 456 48 15 man
901 450 57 27 gjort
973 455 36 15 oss

181 478 143 21 förebräelser
347 478 32 22 för
401 478 105 28 illojalitet
528 479 39 21 och
590 481 32 19 att
645 480 20 20 vi
688 478 70 22 skulle
779 478 106 28 begagnat
900 478 109 26 försätliga

183 507 94 27 ordalag,
299 507 38 21 har
360 507 237 27 värnepliktsutskottet
625 510 77 23 ansett,
726 510 32 18 att
781 508 20 20 vi
824 508 66 20 borde
912 507 98 21 använda

182 536 82 20 sädana
283 536 89 26 uttryck,
387 542 46 15 som
449 536 45 22 icke
510 536 71 22 kunde
597 536 103 28 vantydas
717 536 51 21 eller
783 536 138 21 missförstäs.

253 599 33 21 Hr
301 600 149 21 Jansson:
475 600 42 25 Jag
532 600 35 21 vill
583 600 6 21 i
605 600 117 27 anledning
737 600 23 21 af
773 599 25 22 hr
814 600 89 26 Elvings
919 599 31 22 till
965 599 45 27 mig

182 628 84 21 riktade
282 628 105 21 indirekta
401 628 60 27 fräga
477 629 95 26 upplysa,
588 631 32 19 att
632 629 38 26 jag
685 629 46 20 icke
746 629 63 26 hyser
820 629 40 20 den
873 628 136 27 uppfattning

181 663 37 14 om
243 657 102 21 Finlands
369 657 101 27 ställning
494 657 31 21 till
540 657 162 27 kejsaredömet,
726 663 46 15 som
795 657 25 21 hr
842 657 79 27 Elving
942 656 67 27 afsäg.

182 685 50 22 Men
252 685 47 21 frän
319 691 26 15 en
362 686 66 21 sädan
444 686 138 27 uppfattning
598 686 27 27 gä
640 687 45 20 icke
700 686 66 21 häller
781 686 58 21 mina
853 685 109 28 yrkanden
980 688 28 18 ut.

182 714 34 21 De
238 715 77 20 basera
335 715 33 26 sig
383 715 27 26 pä
426 715 36 21 det
476 715 88 25 faktum,
580 721 47 15 som
643 715 25 21 hr
684 715 78 26 Elving
777 715 46 21 icke
838 715 62 20 torde
914 714 94 25 förneka,

181 745 33 19 att
228 743 91 21 Finland
334 743 58 21 inom
409 744 33 26 sig
456 745 24 19 är
496 749 25 15 en
538 743 136 27 själfständig
688 745 44 20 stat
747 743 49 21 med
806 743 138 27 fullständiga
956 745 52 19 stat-

181 771 43 28 liga
240 771 114 27 uppgifter,
370 772 24 21 sä
408 772 7 21 i
431 772 91 21 militära
537 779 46 14 som
600 773 7 20 i
622 773 67 20 andra
704 772 121 21 afseenden.

251 835 34 21 Hr
300 835 148 27 Löfgren:
470 835 58 21 Minä
543 836 122 26 puolestani
680 836 109 27 hyväksyn
806 835 150 21 ensimmäisen
972 841 36 21 py-

181 863 63 21 kälän
269 864 148 25 semmoisena,
436 864 149 27 jommoiseksi
608 865 124 20 valiokunta
750 871 27 14 on
794 870 38 15 sen
848 864 159 21 muodostanut.

180 892 35 21 En
231 898 38 15 sen
285 892 77 22 vuoksi
377 895 44 19 että
437 899 23 15 se
475 893 72 21 minua
563 893 120 27 miellyttää,
699 900 52 15 vaan
764 900 37 14 sen
814 893 75 21 vuoksi
900 895 57 19 etten
968 893 41 21 itse

181 921 35 21 ole
239 921 76 21 voinut
334 928 115 20 parempaa
465 925 140 18 sanamuotoa
620 922 74 21 keksiä
710 922 55 21 enkä
780 922 34 20 ole
829 921 86 21 kuullut
930 921 78 21 kenen-

182 950 54 20 kään
260 956 66 14 muun
350 956 114 21 parempaa
486 950 141 22 esiintuovan.
658 951 49 21 Kun
730 956 34 15 me
787 956 69 15 emme
879 950 129 21 kuitenkaan

180 980 67 24 pääse
263 980 179 24 tunnustamasta,
459 981 44 19 että
519 979 74 21 Suomi
609 979 83 21 kuuluu
709 979 96 27 Venäjän
821 978 151 22 valtakuntaan
986 978 23 27 ja

180 1008 47 20 että
242 1006 91 22 olemme
350 1007 119 22 velvolliset
484 1010 108 18 ottamaan
609 1014 52 15 osaa
675 1008 144 21 valtakonnan
832 1007 176 27 puolustukseen,

182 1036 44 20 niin
249 1035 161 22 lausukaamme
433 1042 24 15 se
479 1036 160 27 peittelemättä,
662 1036 162 22 lausukaamme
846 1042 92 15 suoraan
962 1036 47 20 eikä

181 1064 158 21 kiertelemällä.
370 1064 131 22 Kiertelevät
522 1065 117 21 lausunnot
657 1066 56 20 eivät
728 1065 65 21 meitä
808 1064 129 21 kuitenkaan
953 1066 56 24 auta,

181 1099 55 14 vaan
252 1093 73 21 voivat
339 1093 42 21 olla
397 1093 69 21 meille
481 1094 95 20 haitaksi.

251 1156 158 21 Diskussionen
430 1163 38 15 var
485 1156 87 22 härmed
588 1156 99 26 afslutad,
703 1156 107 22 hvarefter
825 1156 25 21 hr
865 1156 143 21 ordföranden

180 1184 34 21 till
236 1184 97 22 ständets
350 1185 132 22 besvarande
502 1185 133 22 framställde
651 1185 53 22 efter
719 1185 121 22 hvarandra
855 1184 93 28 följande
964 1191 45 14 om-

181 1213 278 27 röstningspropositioner:

253 1277 40 25 1:0)
310 1275 39 28 De,
365 1277 75 20 hvilka
455 1277 72 21 såsom
543 1277 217 28 kontraproposition
776 1278 46 19 mot
836 1277 113 20 utskottets
964 1276 45 27 för-

179 1305 50 26 slag
253 1305 36 20 till
304 1305 79 27 lydelse
397 1305 37 27 för
448 1307 15 25 $
478 1307 18 25 1,
512 1306 48 21 med
575 1306 52 21 eller
642 1307 56 19 utan
714 1306 34 20 det
764 1305 29 27 af
804 1305 39 21 hrr
860 1305 148 28 Schybergson

179 1333 41 20 och
243 1333 83 27 Elving
349 1334 77 21 därtill
447 1334 114 27 förordade
585 1334 82 27 tillägg,
690 1334 55 27 vilja
764 1335 82 26 antaga
862 1333 27 21 hr
903 1333 107 21 Juselius"

179 1362 91 27 förslag,
286 1363 60 20 rösta
355 1362 40 28 ja;

250 1425 80 20 vinner
351 1425 43 27 nej,
418 1426 42 21 har
480 1426 87 21 ständet
586 1426 9 21 i
612 1426 81 21 sädant
716 1426 102 27 afseende
840 1425 121 28 föredragit
982 1425 27 21 hr

180 1452 164 29 Schybergsons
359 1454 89 27 förslag.
