1103 1778
206 115 27 21 10
573 120 91 29 Bilagor.

274 191 11 20 I
301 191 89 26 krigstid
413 193 37 20 äro
474 192 26 21 de
516 193 35 21 vid
566 195 118 24 trupperna
699 192 105 22 anställda
820 192 88 27 pliktiga
923 194 31 19 att
969 191 63 22 kvar-

206 220 78 20 stanna
300 219 25 22 så
339 219 62 28 länge
417 220 101 22 behofvet
533 221 91 22 kräfver.

590 302 13 26 8
620 301 32 22 10.

278 351 166 28 Öfverflyttning
465 352 23 22 af
505 353 127 21 underbefäl
647 353 39 21 och
701 353 104 27 manskap
821 352 32 22 till
868 358 100 16 reserven
984 352 48 26 kan,

207 378 68 28 enligt
296 380 73 26 nådigt
390 380 162 22 bestämmande
574 382 28 26 på
626 381 157 27 framställning
806 380 23 22 af
853 381 179 27 krigsministern,

208 407 38 21 ske
262 408 62 21 äfven
339 408 45 22 före
400 410 106 26 utgången
528 409 24 22 af
568 410 41 21 den
625 410 7 21 i
647 411 13 25 &
675 410 13 21 9
703 410 34 21 för
752 410 58 21 aktiv
823 409 144 28 tjänstgöring
981 409 51 22 fast-

207 436 78 22 ställda
300 437 36 21 tid.
366 437 106 22 Omfattar
490 438 66 22 sådan
572 438 161 28 öfverflyttning
747 438 46 22 icke
808 438 34 22 hel
862 438 94 22 årsklass
970 438 23 22 af
1006 438 27 21 de

207 465 161 27 värnepliktiga,
392 468 49 20 utan
459 467 55 21 blott
528 473 26 15 en
571 467 33 21 del
621 467 64 26 däraf,
701 468 131 21 bestämmes
848 473 77 21 genom
941 466 92 22 särskild

206 493 100 28 lottning,
328 494 69 22 hvilka
420 495 23 21 af
456 496 27 20 de
498 496 31 21 till
549 496 41 21 den
614 496 160 27 ifrågavarande
796 496 122 21 årsklassen
938 496 95 21 hörande

208 522 60 22 skola
284 523 31 21 till
331 530 99 15 reserven
446 524 124 22 öfverföras.

277 551 48 21 Ifall
341 553 180 27 utomordentliga
535 553 102 27 politiska
652 554 51 20 eller
718 554 91 20 militära
824 552 146 22 förhållanden
980 552 53 22 nöd-

208 580 132 27 vändiggöra
355 581 137 27 manskapets
508 582 151 21 kvarhållande
673 583 7 20 i
691 582 57 22 aktiv
759 582 67 26 tjänst
835 581 53 21 efter
900 581 134 27 uttjänandet

206 608 22 21 af
251 608 41 22 den
308 609 6 21 i
330 609 35 27 lag
387 610 102 27 stadgade
512 610 63 26 tiden,
598 616 52 22 eger
671 611 180 27 krigsministern,
873 610 53 21 efter
949 610 37 21 det
999 610 34 21 för

206 636 76 28 hvarje
305 638 90 22 särskild
419 639 56 27 gång
498 639 74 27 nådigt
586 639 96 22 tillstånd
697 639 71 22 därtill
784 638 116 26 utvärkats,
917 638 117 28 uppskjuta

207 666 138 27 manskapets
367 666 148 22 öfverförande
530 668 46 21 från
593 668 58 21 aktiv
667 668 66 27 tjänst
748 668 32 21 till
795 674 107 20 reserven,
918 667 54 22 dock
987 667 46 21 icke

207 694 27 27 på
250 694 75 27 längre
340 696 30 20 tid
386 697 26 20 än
428 702 37 15 sex
481 696 107 21 månader.

277 723 162 22 Underrättelse
454 731 35 15 om
505 725 106 27 åtgärder,
626 731 46 15 som
689 725 66 27 enligt
774 731 87 15 momm.
878 725 10 20 1
906 724 38 22 och
960 725 13 20 2
988 724 45 21 vid-

206 753 69 25 tagas,
290 752 108 21 meddelas
414 756 87 18 senaten
518 760 77 20 genom
612 754 228 27 generalguvernören.

277 780 46 21 Den
339 781 31 21 tid
386 781 125 22 underbefäl
526 782 40 21 och
577 782 103 27 manskap
691 782 22 21 af
723 782 129 21 ofvannämd
863 782 63 21 orsak
938 781 95 27 tillbragt

206 808 7 21 i
229 808 58 22 aktiv
304 809 65 27 tjänst
385 810 83 21 utöfver
484 811 40 20 den
541 811 71 21 härför
628 811 103 27 stadgade
742 811 105 21 terminen
865 810 168 27 tillgodoräknas

207 837 49 21 dem
272 837 88 22 dubbelt
370 839 28 26 på
409 839 136 26 tjänstetiden
557 839 35 22 vid
603 846 106 15 reserven.
736 839 117 27 Förlänges
864 839 70 22 aktiva
945 839 88 26 tjänste-

208 865 58 22 tiden
282 866 24 21 af
318 867 67 21 andra
401 867 52 26 skäl,
469 867 53 22 skall
538 867 142 22 öfverskottet
693 868 73 21 enkelt
777 868 100 21 afräknas
888 867 46 22 från
946 867 87 28 tjänste-

206 894 58 21 tiden
282 895 34 21 vid
331 901 108 16 reserven.

276 923 144 28 Förkortning
442 924 23 22 af
478 925 137 26 tjänstetiden
639 925 34 22 vid
688 925 57 22 aktiv
761 927 65 25 trupp
842 924 82 22 medför
939 927 93 19 motsva-

207 951 67 22 rande
289 951 137 29 förlängning
440 953 23 22 af
476 953 138 27 tjänstetiden
630 954 34 21 vid
680 960 107 15 reserven.

276 980 33 21 De
324 981 35 21 vid
375 987 99 16 reserven
490 982 104 21 inskrifna
610 982 72 21 kunna
698 989 77 20 genom
796 982 184 27 krigsministerns
991 981 42 22 för-

204 1008 96 27 fogande
322 1009 67 22 kallas
409 1010 31 21 till
456 1010 158 27 öfningsmöten
630 1011 57 21 inom
704 1011 78 24 landet,
799 1011 64 21 likväl
877 1011 47 21 icke
938 1010 51 21 flere
1004 1012 27 19 än

207 1038 37 20 två
267 1038 80 26 gånger
369 1039 68 21 under
457 1039 47 21 hela
519 1039 57 22 tiden
594 1040 26 21 de
636 1040 33 21 stå
683 1040 7 21 i
705 1045 108 20 reserven,
829 1039 105 22 hvardera
950 1039 83 26 gången

205 1065 33 21 för
253 1065 65 27 högst
332 1072 37 16 sex
384 1067 83 21 veckor.

275 1094 104 22 Närmare
401 1095 133 22 föreskrifter
555 1096 91 22 rörande
668 1096 133 22 inkallandet
823 1096 23 21 af
861 1098 123 19 reservmän
1001 1095 31 21 till

205 1122 144 28 öfningsmöte
361 1124 95 22 utfärdas
464 1124 23 22 af
493 1127 88 19 senaten
596 1125 53 21 efter
656 1125 84 22 samråd
748 1125 49 21 med
805 1125 227 27 generalguvernören.

589 1199 11 28 8
617 1200 33 21 11.

275 1249 142 22 Oförändrad.

589 1314 12 27 $
618 1314 32 21 12.

274 1363 140 23 Oförändrad.

588 1428 13 26 8
618 1428 32 21 13.

275 1478 35 21 Då
331 1478 66 22 behof
418 1479 90 27 uppstår
530 1481 32 19 att
584 1478 76 28 bringa
681 1480 27 21 de
723 1479 71 22 finska
809 1481 118 25 trupperna
943 1479 31 22 till
989 1478 42 23 för-

207 1506 70 22 stärkt
292 1509 99 19 numerär
403 1507 82 22 utöfver
504 1510 94 19 staterna
612 1507 33 22 för
655 1508 96 26 fredstid,
761 1508 91 21 inkallas
865 1510 166 20 reservmännen
