1106 1781
214 110 36 34 50
587 119 93 29 Bilagor.

611 227 12 27 $
641 228 20 20 4.

292 277 100 21 Finsk
419 278 204 28 medborgare
642 279 132 27 fullgör
799 278 50 21 sin
865 278 186 27 värneplikt

221 306 53 20 vid
293 305 89 27 finsk
397 301 100 38 trupp.

293 334 329 29 Inträdeitjänst
637 336 103 27 pågrund
756 336 36 27 af
802 335 121 27 uppbåd
938 335 113 21 bestäm-

222 364 340 28 mesgenomlottning.
597 364 13 22 I
623 365 100 20 sådan
742 364 143 28 lottning
904 364 147 28 deltager

222 398 34 14 en
272 391 75 21 hvar
365 392 77 21 blott
465 400 26 14 en
512 394 73 27 gång
601 394 8 19 i
626 394 57 20 sitt
700 394 50 27 lif.

609 490 12 28 $
639 490 21 21 5.

293 541 87 21 Antalet
396 542 31 27 af
439 542 34 20 det
484 542 43 27 för
543 542 32 20 de
587 542 118 27 finska
721 542 111 21 aktiva
847 541 203 28 truppafdel-

218 570 184 28 ningarnas
417 570 164 28 komplettering
597 570 149 28 erforderliga
761 570 108 27 manskap
881 570 124 21 bestämmes
1015 571 36 19 år-

220 598 60 28 ligen
302 598 31 28 af
352 598 107 28 Kejsaren
482 598 39 22 och
538 598 139 28 Storfursten
723 600 14 20 på
760 599 240 27 föredragning
1016 599 38 27 af

220 626 271 29 krigsministern
515 628 8 20 i
545 628 242 26 kejsaredömet,
803 627 98 21 sedan
925 630 124 18 senaten

214 655 60 28 för
290 656 141 21 Finland
447 657 104 20 därom
567 656 147 28 afgifvit
727 657 140 27 förslag.

294 684 94 28 Uppgift
403 692 34 14 om
452 686 35 20 det
502 686 97 20 sålunda
619 685 110 21 bestämda
740 686 85 20 antalet
834 685 111 21 meddelas
961 687 88 19 senaten

218 720 78 21 genom
312 713 111 28 kejserligt
437 714 95 27 reskript
548 714 35 20 till
591 714 234 28 generalguvernören.

607 800 14 27 $
631 800 28 27 >.

290 851 52 21 Att
368 851 61 21 med
453 852 184 27 penningar
663 852 70 20 lösa
764 852 51 27 sig
837 851 80 28 från
941 853 106 19 värne-

218 879 120 27 plikten
354 880 77 20 eller
446 887 99 14 annan
557 880 55 28 för
626 881 44 27 sig
687 881 102 21 ställa
805 882 33 18 är
853 880 64 20 icke
932 880 117 21 tillåtet.

290 908 97 21 Finsk
402 908 208 29 medborgare,
635 916 52 14 som
704 909 81 27 fyllt
808 904 112 37 femton
936 908 39 25 år,
992 908 57 21 kan

214 936 168 28 frikallas
397 937 75 26 från
487 938 72 20 sina
574 938 226 27 undersåtliga
820 937 124 27 plikter
959 937 91 27 först

219 966 87 27 efter
328 966 50 20 det
400 966 59 20 han
477 966 167 28 fullgjort
665 966 48 21 sin
736 965 186 27 värneplikt
944 965 51 21 vid
1018 966 32 20 de

218 994 327 28 ståendetrupperna
561 996 80 19 eller
656 996 124 27 uttagit
796 995 58 24 lott,
873 1001 55 14 som
945 994 104 28 befriar

218 1022 108 21 honom
345 1023 80 27 från
447 1023 100 21 sådan
568 1024 111 26 tjänst,
696 1024 81 21 eller
799 1023 48 21 ock
859 1023 191 27 förklarats

218 1052 206 26 odugligtill
440 1052 207 27 krigstjänst.

288 1080 100 21 Finsk
419 1080 213 28 medborgare,
657 1088 59 14 som
748 1081 107 20 vistas
879 1080 9 20 i
913 1080 135 26 kejsare-

218 1108 108 28 dömet,
354 1109 132 27 fullgör
517 1110 49 20 sin
599 1109 189 27 värneplikt
818 1109 102 27 enligt
955 1108 94 28 finsk

219 1137 59 28 lag.
308 1138 165 26 Angående
490 1138 160 28 eftergift
668 1133 379 37 ochlättnaderivärne-

215 1165 149 28 pliktens
393 1166 216 28 fullgörande
633 1167 56 27 för
713 1166 97 28 finsk
839 1166 208 27 medborgare,

217 1195 629 28 sominträdtiryskkrigstjänsteller
866 1194 183 28 eljesuppe-

218 1222 107 22 håller
340 1224 44 27 sig
401 1224 79 20 inom
503 1224 237 27 kejsaredömet,
756 1226 36 18 är
807 1223 156 21 särskildt
981 1223 67 21 stad-

215 1252 84 26 gadi.

291 1280 57 21 Tills
370 1280 75 21 vidare
468 1280 38 21 och
529 1281 60 21 intill
603 1281 49 21 dess
668 1280 110 28 Kejsaren
795 1280 38 21 och
851 1280 139 28 Storfursten
1005 1280 44 20 kan

216 1308 64 26 finna
302 1308 82 28 skäligt
405 1309 76 21 därom
501 1310 141 20 annorlunda
653 1309 123 28 förordna,
792 1311 39 19 äro
848 1309 135 21 invänarena
1000 1309 7 20 i
1023 1308 26 21 de

217 1338 37 20 till
270 1337 167 27 Lappmarkens
459 1338 72 21 härad
553 1338 97 20 hörande
665 1338 127 21 kommuner
807 1338 114 27 äfvensom
936 1337 9 20 i
961 1336 86 22 Kuola-

218 1365 60 25 järvi
300 1366 100 21 kommun
423 1366 30 26 af
465 1366 64 22 Kemi
551 1366 72 21 härad
646 1366 99 28 befriade
767 1366 55 28 från
838 1366 162 27 värnepliktens
1015 1368 34 18 ut-

216 1394 99 28 görande
337 1395 39 21 och
398 1395 97 21 inkallas
514 1395 65 27 förty
601 1395 46 21 icke
669 1396 35 20 till
722 1395 101 27 lottning.
855 1394 80 22 Denna
951 1394 98 28 befrielse

217 1423 97 27 åtnjutes
330 1424 68 20 likväl
413 1424 22 26 ej
449 1424 31 27 af
491 1424 54 26 dem,
560 1431 43 14 som
620 1424 59 27 efter
690 1424 79 28 fyllda
781 1425 88 26 femton
885 1424 27 20 år
926 1423 35 21 till
976 1423 73 27 någon

216 1452 34 26 af
258 1451 135 28 förenämda
415 1452 126 21 kommuner
563 1453 98 27 inflyttat
671 1453 57 26 från
745 1459 78 14 annan
839 1454 33 18 ort
888 1452 8 20 i
911 1451 80 25 landet,
1007 1452 42 20 där

216 1480 28 20 de
259 1481 58 20 varit
339 1481 164 27 värnepliktige,
527 1484 53 18 utan
599 1481 113 27 förblifva
731 1482 62 20 desse
805 1480 150 28 fortfarande
970 1482 77 19 värne-

215 1508 59 28 plikt
291 1509 165 21 underkastade.
