1106 1792
433 111 93 33 Bilagor.
870 112 26 21 21

136 188 22 26 a)
176 188 56 20 enda
242 188 122 26 arbetsföra
374 194 68 14 sonen
452 188 35 20 till
496 188 59 20 änka
568 188 52 20 eller
629 188 82 27 vanför
721 188 74 26 fader;
808 187 19 27 b)
841 187 56 21 enda

68 216 124 27 arbelsföra
208 216 92 21 brodren
316 216 35 21 till
361 218 30 19 ett
405 216 52 21 eller
466 216 52 28 flere
528 216 76 28 fader-
616 216 40 21 och
668 216 122 21 moderlösa
800 216 97 27 syskon,;

69 246 22 27 e)
106 245 56 21 enda
178 244 122 28 arbetsföra
314 251 52 15 son-
379 245 52 21 eller
446 245 145 25 dottersonen,
602 245 41 21 där
657 244 107 28 farfader,
779 244 118 28 farmoder,

69 274 113 26 morfader
195 274 52 20 eller
262 273 122 21 mormoder
402 274 46 20 icke
463 274 69 27 hafva
544 273 74 28 nägon
628 273 109 27 arbetsför
746 280 47 19 son,
803 272 96 28 säframt

68 302 10 22 i
101 302 146 28 förenämnda
270 302 43 27 fall
334 308 74 20 sonen,
425 302 98 25 brodren,
538 309 53 14 son-
615 302 52 21 eller
681 302 138 20 dottersonen
834 303 65 25 utgör

68 330 116 29 familjens
196 330 171 28 hufrudsakliga
375 331 60 25 stöd;
447 331 21 27 d)
484 331 56 21 enda
552 338 68 14 sonen
630 337 9 14 2
650 338 26 13 en
688 330 82 28 familj,
781 330 66 27 äfven
863 336 35 14 om

65 360 79 27 fadren
160 360 26 19 är
201 359 119 27 arbetsför;
336 359 18 26 e)
368 359 48 27 den,
426 366 48 14 som
486 360 8 20 i
504 359 62 21 ålder
576 359 64 27 följer
650 361 52 19 näst
712 359 54 27 efter
778 366 28 14 en
817 358 81 27 broder,

67 388 87 21 hvilken
171 387 32 28 på
216 388 74 27 grund
305 388 29 27 af
345 388 90 27 uppbåd
449 388 48 21 står
512 388 9 20 i
536 388 60 21 aktiv
612 388 70 27 tjänst
697 388 52 20 eller
763 388 46 20 dött
824 387 9 21 i
848 387 50 21 den-

69 423 95 15 samma.

139 444 157 28 Anmärkning
318 445 17 21 1.
368 444 104 28 Stjufson
494 445 114 27 äfvensom
632 445 48 26 den,
699 444 88 21 hvilken
807 444 46 27 före
869 444 30 21 tio

69 473 39 21 års
122 473 62 21 ålder
198 473 76 27 blifvit
294 473 73 21 såsom
387 474 109 26 fosterson
512 476 116 25 upptagen,
644 474 109 20 betraktas
767 473 73 21 såsom
856 474 45 26 eget

68 502 58 21 barn
148 502 36 20 till
204 502 52 20 sina
276 502 68 28 stjuf-
369 502 51 21 eller
439 502 187 28 fosterföräldrar,
642 509 36 14 om
694 502 60 21 dessa
770 502 46 21 icke
830 501 70 28 hafva

70 530 108 28 arbetsför
192 537 45 14 son.

143 559 155 27 Anmärkning
322 560 20 20 2.
373 559 78 21 Såsom
473 559 123 27 arbetsföra
615 560 143 20 medlemmar
772 559 10 21 i
796 558 104 28 familjen

72 595 65 13 anses
152 588 45 20 alla
212 588 83 21 mellan
310 588 89 21 aderton
416 588 40 21 och
470 588 123 28 femtiofem
609 588 38 21 års
662 588 66 26 ålder,
745 588 49 21 med
808 588 90 20 undan-

74 618 36 26 tag
126 621 37 22 aj:
186 616 22 27 a)
226 616 48 27 den,
290 623 46 15 som
355 617 10 20 i
388 616 57 28 följd
468 617 29 27 af
516 617 123 27 kroppslyte
654 617 52 21 eller
720 616 119 28 sjuklighet
852 616 48 21 sak-

73 652 44 14 nar
132 645 100 27 förmåga
246 647 32 19 att
293 645 81 27 arbeta,
390 645 21 27 b)
428 645 50 23 den,
488 652 47 14 som
550 646 66 20 sedan
633 652 61 14 mera
708 647 30 19 än
752 647 31 19 tre
795 645 26 21 år
832 644 69 22 vistas

66 674 32 27 på
114 674 71 20 okänd
199 675 39 25 ort,
254 676 58 18 samt
326 674 19 27 c)
364 674 131 27 underbefäl
510 674 39 21 och
564 674 108 28 manskap
687 674 10 20 i
711 674 61 21 aktiv
788 674 74 27 tjänst.

140 702 156 28 Anmärkning
313 703 19 20 3.
362 702 81 21 Därest
462 710 28 13 en
504 703 69 21 redan
586 703 36 21 till
637 703 69 27 tjänst
720 702 119 28 uppbådad
851 708 48 22 per-

70 738 42 14 son
132 738 79 20 genom
232 738 77 14 senare
331 731 110 27 inträffad
463 731 103 21 händelse
588 732 92 20 kommit
702 731 9 21 i
732 731 68 27 något
821 730 80 22 sådant

71 759 235 29 familjeförhällande,
314 766 46 15 som
372 760 9 20 i
390 760 75 20 denna
479 760 115 28 paragraf
603 760 147 27 omförmäles,
759 760 82 27 befrias
856 759 46 21 han

70 788 54 27 från
139 788 59 21 aktiv
214 788 152 28 tjänstgöring.

144 816 50 21 Har
208 816 47 21 åter
274 817 35 21 det
323 817 235 27 familjeförhållande,
574 817 86 28 hvarpå
672 817 114 27 befrielsen
800 817 102 27 grundar

73 845 42 27 sig,
130 845 101 27 upphört,
244 846 98 20 inkallas
355 846 42 20 den
412 846 98 21 sålunda
525 846 97 27 befriade
634 846 35 21 till
678 846 60 20 aktiv
749 845 153 28 tjänstgöring,

75 874 53 20 dock
142 874 21 27 e
177 874 36 26 för
228 874 74 27 längre
318 874 32 21 tid
364 876 30 19 än
405 881 48 14 som
468 874 106 21 återstode
590 874 28 27 af
626 874 58 21 hans
695 874 207 28 tjänsteskyldighet,

75 902 75 21 därest
164 902 46 21 han
225 903 19 27 ej
260 903 92 20 kommit
366 903 10 20 i
390 902 134 28 åtnjutande
538 903 29 27 af
578 903 131 27 förenämda
724 903 104 27 eftergift.

451 989 16 26 $
484 989 37 21 27.

144 1045 40 21 Om
201 1047 81 20 tvänne
298 1045 80 26 bröder,
388 1046 68 26 födda
472 1047 72 20 under
555 1053 87 14 samma
652 1046 33 27 år,
696 1046 90 27 deltagit
801 1046 4 20 i
815 1052 88 15 samma

74 1074 102 27 lottning,
192 1074 38 21 och
252 1074 108 21 hvardera
384 1075 9 20 i
412 1075 49 20 stöd
483 1079 25 23 aj
530 1077 90 25 uttagen
636 1075 142 21 lottnummer
793 1081 49 14 vore
857 1074 46 27 för-

71 1103 89 28 pliktad
172 1105 34 18 att
220 1103 90 21 inträda
325 1103 10 20 i
349 1103 60 21 aktiv
425 1103 76 27 tjänst,
513 1103 25 22 så
554 1103 119 28 inskrifves
688 1103 41 21 den
745 1103 28 28 af
784 1103 56 27 dem,
856 1109 47 14 som

74 1131 44 28 fått
135 1131 65 28 högre
216 1132 148 26 loltnummer,
379 1132 37 21 vid
448 1133 199 20 landtvärnet.

142 1159 46 22 För
202 1160 67 27 öfrigt
283 1162 27 19 är
324 1161 35 20 det
372 1160 87 21 sådana
476 1161 76 21 bröder
567 1161 117 27 medgifvet
698 1162 34 19 att
746 1161 48 20 med
806 1160 97 21 hvaran-

73 1189 42 20 dra
130 1189 51 27 byta
197 1189 147 21 lottnummer.

453 1275 16 28 8
486 1276 38 21 28.

144 1333 16 20 I
173 1333 75 27 hvarje
263 1333 77 27 familj
354 1333 44 20 kan
414 1333 41 20 den
472 1333 30 26 af
513 1333 47 20 dess
575 1333 147 24 medlemmar,
733 1331 88 21 hvilken
836 1330 69 28 enligt

77 1361 95 28 lottning
196 1361 37 21 bör
247 1361 91 21 inträda
352 1361 10 20 i
382 1361 61 21 aktiv
460 1361 70 27 tjänst
544 1361 52 21 eller
611 1361 69 20 redan
694 1362 26 19 är
734 1360 10 21 i
760 1360 74 27 tjänst,
850 1359 55 28 efter

76 1390 98 28 frivillig
197 1390 214 27 öfverenskommelse
434 1391 96 20 ersättas
551 1390 29 27 af
590 1389 38 22 sin
642 1389 47 21 hel-
705 1389 51 20 eller
771 1388 132 28 halfbroder,

77 1419 107 27 förulsatt
199 1420 32 19 att
246 1419 48 26 den,
305 1425 47 14 som
368 1419 40 20 vill
424 1419 66 20 träda
505 1419 9 20 i
528 1419 79 26 stället,
623 1417 67 22 icke
709 1417 86 28 själf
810 1419 33 18 är
857 1423 47 14 un-

76 1447 174 21 derkastad
271 1447 131 28 uppbåd,
425 1447 69 20 icke
516 1447 54 20 hör
593 1447 56 20 till
671 1453 145 14 reserven
832 1445 39 21 och
885 1445 20 27 €

76 1477 28 19 är
125 1482 69 21 yngre
215 1477 31 19 än
269 1475 93 28 tjuguett
383 1475 52 21 eller
450 1475 62 21 äldre
526 1477 31 19 än
573 1475 101 28 tjugusex
688 1474 32 21 är.
751 1474 71 25 Den,
843 1480 62 14 som

78 1504 108 21 träder
206 1504 10 20 i
234 1504 55 21 den
304 1504 120 21 andras
439 1504 107 26 ställe,
562 1504 57 25 bör,
634 1505 78 19 utan
728 1502 148 28 afseende
891 1501 14 21 å
