1103 1767
199 110 41 22 124
940 118 24 16 19
976 116 48 20 maj.

427 290 62 26 Den
508 290 31 26 19
559 290 55 34 maj
634 290 39 26 kl.
691 290 15 26 7
725 298 22 18 e.
766 298 35 18 m.

269 358 143 22 Ordförande:
435 359 25 21 hr
477 359 169 21 vicetalmannen
666 359 112 28 Wegelius.

271 416 41 21 Vid
328 416 136 27 protokollet:
488 417 96 21 ståndets
600 416 139 22 sekreterare.

268 473 160 22 Frånvarande:
450 474 38 21 hrr
503 473 89 28 Elving,
608 474 119 27 Forselius,
747 474 119 21 Grönlund
881 474 39 21 och
939 473 88 22 Genetz.

272 615 105 28 Företogs
401 617 31 21 till
454 617 130 27 behandling
606 618 35 21 vid
658 618 95 21 ståndets
770 617 98 22 enskilda
882 617 86 27 plenum
985 617 42 22 den

203 644 25 21 17
245 644 81 22 dennes
349 645 70 22 härtill
440 646 118 27 bordlagda
573 647 152 26 lagutskottets
741 646 134 21 betänkande
890 652 34 15 n:o
940 647 12 20 2
968 646 7 21 i
989 653 37 14 an-

200 672 89 28 ledning
304 673 22 22 af
339 674 77 27 nådiga
431 675 187 26 propositionerna
629 675 110 27 angående
750 675 138 27 utjämnande
898 674 22 21 af
929 675 39 21 den
980 681 48 20 per-

199 701 84 50 ägnella
306 702 39 21 och
365 702 119 23 finansiella
500 704 212 27 värnepliktstungan
729 704 6 21 i
751 703 92 22 Finland
859 703 38 22 och
912 703 6 21 i
934 703 93 27 kejsare-

214 731 63 20 ömet.

270 788 11 21 I
297 788 116 28 anledning
427 789 23 21 af
463 789 40 21 den
519 789 37 21 vid
572 789 178 27 nästföregående
763 789 97 21 enskilda
871 789 158 21 sammanträde

201 815 154 28 försiggångna
385 818 149 21 diskussionen
560 818 92 21 rörande
674 825 29 14 nu
726 817 146 28 föreliggande
894 818 134 21 betänkande

201 844 127 22 hemställde
351 846 24 21 hr
391 846 149 26 ordföranden,
555 847 106 20 huruvida
683 847 46 20 icke
751 847 97 21 ståndets
865 846 127 27 behandling
1007 846 24 21 af

200 873 145 22 betänkandet
368 875 67 21 borde
454 875 115 21 inskränka
592 876 33 26 sig
640 875 75 26 därtill,
731 878 32 18 att
778 875 97 21 ståndets
890 875 139 21 medlemmar

201 902 69 21 skulle
287 902 80 22 lämnas
389 903 81 22 tillfälle
485 906 31 19 att
532 904 67 21 uttala
614 905 32 26 sig
662 910 34 15 om
713 904 120 21 detsamma
848 906 55 19 samt
918 906 31 18 att
965 904 64 21 dessa

203 931 124 21 uttalanden
344 932 68 21 skulle
427 932 103 27 delgifvas
546 933 141 26 lagutskottet
702 933 28 26 på
745 933 36 21 det
796 935 31 18 att
843 932 105 21 utskottet
959 932 70 21 blefve

200 959 7 20 i
230 959 82 22 tillfälle
334 963 37 23 att,
393 961 65 21 innan
482 961 73 27 slutlig
575 961 108 27 justering
705 961 23 21 af
746 961 144 22 betänkandet
905 961 53 26 egde
973 967 56 20 rum,

201 989 49 25 taga
273 988 7 21 i
304 988 156 27 öfvervägande
481 990 25 21 de
528 990 165 27 anmärkningar
716 990 40 21 och
775 989 166 27 önskningsmäl,
957 989 72 22 hvilka

200 1016 59 21 inom
276 1017 85 21 ståndet
377 1018 139 27 tilläfventyrs
532 1018 131 22 framställts.

271 1073 32 22 Hr
325 1074 137 22 Jansson
486 1075 70 21 anhöll
572 1082 34 15 om
623 1076 61 21 ordet
700 1075 39 22 och
754 1075 93 28 yttrade:
869 1075 41 26 Jag
925 1075 40 21 kan
981 1075 48 21 icke

201 1108 51 15 vara
268 1101 48 22 fullt
331 1109 51 15 ense
400 1110 35 14 om
458 1104 40 21 den
515 1103 138 28 uppfattning
667 1104 22 21 af
703 1104 164 21 diskussionens
884 1104 88 21 bärvidd
988 1104 40 21 och

199 1130 117 27 betydelse,
331 1137 46 15 som
393 1132 25 21 hr
434 1132 142 21 ordföranden
592 1133 83 21 uttalat.
704 1133 74 21 Redan
795 1133 35 20 vid
847 1133 39 20 den
900 1132 129 26 diskussion,

201 1165 47 15 som
265 1163 73 18 senast
353 1162 92 25 utspann
462 1161 33 26 sig
510 1161 6 20 i
532 1161 116 27 anledning
661 1161 23 22 af
690 1161 281 27 bordläggningsyrkandet,
982 1160 45 21 fäll-

200 1187 38 22 des
262 1190 30 19 ett
314 1195 39 20 par
375 1189 89 27 uttryck,
480 1196 46 15 som
542 1190 92 27 antydde
649 1190 56 21 hvad
717 1190 39 27 jag
771 1190 69 21 måste
854 1189 55 21 kalla
924 1195 26 15 en
966 1189 62 21 miss-

201 1216 138 28 uppfattning
353 1217 23 21 af
389 1217 65 27 syftet
469 1218 48 21 med
527 1218 152 27 lagutskottets
689 1219 84 20 remiss.
796 1218 31 21 Af
837 1218 65 21 sådan
913 1218 117 27 anledning

200 1245 39 21 ber
252 1245 38 27 jag
305 1245 26 21 då
345 1245 22 22 få
382 1245 79 27 anföra,
472 1249 31 18 att
515 1247 59 21 detta
583 1247 152 27 lagutskottets
747 1247 135 21 betänkande
893 1246 51 25 icke,
956 1247 71 20 såsom

201 1279 25 15 en
243 1273 67 21 talare
332 1274 38 21 här
385 1277 73 19 senast
472 1278 71 24 yttrat,
559 1277 23 19 är
597 1276 66 26 något
677 1275 82 27 förslag
775 1275 31 21 till
821 1275 134 21 betänkande
976 1277 51 19 utan

200 1304 32 19 ett
246 1301 105 22 definitivt
367 1303 81 21 sådant.
478 1304 42 21 Vid
535 1304 151 27 lagutskottets
702 1304 131 27 behandling
848 1303 23 22 af
884 1303 70 21 denna
968 1303 61 27 fråga

199 1330 39 22 har
253 1331 7 21 i
276 1331 53 21 intet
344 1331 100 22 afseende
462 1338 38 16 ens
516 1333 91 27 antydts,
623 1335 26 19 än
665 1333 84 21 mindre
765 1332 141 28 uttryckligen
923 1332 106 26 angifvits,

199 1361 33 19 att
254 1359 155 28 behandlingen
434 1367 51 15 vore
507 1364 31 18 att
561 1362 97 20 betrakta
679 1362 70 21 såsom
770 1368 27 14 en
813 1361 67 21 första
895 1361 90 26 läsning,
1001 1367 26 15 en

200 1388 124 26 preliminär
343 1389 72 26 sådan,
430 1390 27 26 på
472 1389 85 22 hvilken
573 1396 25 15 en
614 1390 67 21 andra
696 1390 73 21 kunde
785 1389 56 28 följa.
865 1389 33 21 Då
914 1389 93 21 beslutet
1021 1389 7 21 i

201 1416 66 21 saken
284 1418 50 20 utan
351 1418 135 27 omröstning
500 1418 98 26 fattades,
608 1418 96 22 förekom
720 1418 43 22 lika
775 1418 47 22 litet
832 1418 70 26 någon
914 1424 47 15 som
972 1418 56 21 hälst

200 1445 93 27 antydan
310 1446 80 25 därom,
406 1448 31 20 att
452 1447 93 21 beslutet
560 1447 45 21 icke
620 1454 51 14 vore
687 1447 112 21 definitivt.
822 1447 63 21 Detta
902 1446 72 22 beslut
986 1445 45 22 blef

201 1473 111 21 dessutom
328 1474 77 22 fattadt
420 1475 54 21 först
490 1475 52 21 efter
558 1476 35 21 det
604 1476 95 26 uppskof
709 1476 6 21 i
727 1476 66 21 saken
804 1476 28 26 på
842 1476 70 26 någon
924 1475 104 21 utskotts-

201 1502 105 22 medlems
328 1503 95 27 yrkande
445 1506 36 24 egt
502 1510 54 18 rum,
572 1504 32 21 för
619 1506 31 19 att
665 1504 80 22 enhvar
761 1504 70 22 skulle
846 1503 65 22 blifva
925 1504 7 20 i
947 1503 82 21 tillfälle
