1103 1781
198 119 27 22 72
564 126 91 21 Bilagor.

197 201 26 15 en
239 195 85 27 mycket
345 197 46 19 stor
412 195 88 21 bärvidd
524 195 39 22 och
578 201 51 16 vara
645 195 68 27 egnad
728 197 31 19 att
774 195 28 27 på
817 195 36 20 det
867 194 154 27 betänkligaste

198 223 99 27 försvaga
313 223 123 28 betydelsen
458 223 22 22 af
493 223 182 22 ständerbeslutet
690 223 39 22 och
745 223 137 22 uttalandena
897 223 7 21 i
919 223 46 21 hela
980 222 40 21 den

196 251 146 28 föreliggande
357 252 81 27 frågan.

267 281 200 27 Skiljaktigheterna
482 281 7 21 i
504 281 140 26 meningarna
659 281 39 21 hos
714 281 26 22 de
756 281 68 21 skilda
839 281 90 21 stånden
944 279 76 23 beträf-

195 309 64 22 fande
274 309 139 22 nästberörda
428 309 82 28 lagrum
527 311 37 20 äro
579 309 105 28 följande:

582 408 13 25 s
610 407 34 21 20.

266 464 157 27 Ridderskapet
444 464 40 21 och
506 464 62 21 adeln
592 464 38 21 har
651 464 89 21 beslutit
761 463 102 23 vidblifva
881 465 36 20 sitt
932 464 89 27 tidigare

196 492 71 21 beslut
282 493 80 25 därom,
373 495 31 19 att
419 499 74 15 senare
510 493 112 26 meningen
639 493 6 20 i
660 499 64 15 mom.
737 493 11 21 3
761 493 70 21 skulle
841 493 79 21 erhålla
928 492 93 27 följande

198 521 87 27 lydelse:
311 521 42 22 »Af
373 522 27 21 de
423 523 121 23 värnemän,
560 528 46 15 som
630 525 73 18 senast
726 521 67 22 blifvit
812 521 46 22 från
875 527 98 16 reserven
990 521 31 21 till

196 550 137 21 landtvärnet
347 550 124 26 öfverförda,
487 550 89 21 inkallas
589 550 104 27 därjämte
707 551 75 26 nödigt
797 550 58 21 antal
869 549 33 22 för
917 552 31 19 att
964 549 57 27 tjäna

196 578 31 21 till
243 578 65 21 kader
323 578 32 21 för
366 579 26 21 de
403 578 68 22 finska
481 579 247 27 landtvärnstrupperna,
739 579 71 21 hvilka
819 579 108 21 användas
938 578 31 21 till
980 577 40 22 för-

196 607 161 27 svarsätgärder
369 608 7 21 i
391 607 109 22 Finland».

265 636 163 21 Prästeständet
449 636 39 21 har
510 636 105 21 vidblifvit
638 637 37 20 sitt
697 637 89 26 tidigare
808 636 71 21 beslut
894 636 79 24 därom,
988 637 32 19 att

193 665 79 26 jämväl
296 665 40 21 den
360 664 75 22 öfvade
456 665 60 21 delen
539 665 23 21 af
584 665 136 21 landtvärnet
740 665 50 21 eller
809 665 129 21 åtminstone
954 664 66 27 några

196 693 153 21 äldersklasser
365 693 62 22 däraf
440 694 66 21 borde
521 693 74 22 kunna
609 694 109 21 användas
734 693 31 22 till
781 693 166 27 komplettering
961 693 21 21 at
993 693 26 21 de

196 722 71 21 aktiva
283 724 122 25 trupperna.

265 751 182 26 Borgareständet
470 751 37 21 har
523 751 95 27 godkänt
633 752 12 26 8
661 751 28 21 20
704 751 67 21 under
787 750 111 26 förbehåll,
913 752 31 19 att
960 751 60 20 stän-

196 779 111 21 derbeslut
327 785 83 16 vunnes
431 779 32 22 för
478 779 41 22 den
535 779 80 28 lydelse
635 779 107 22 utskottet
757 779 31 22 uti
804 780 37 21 sitt
855 778 164 27 sammanjämk-

196 807 146 28 ningsförslag
356 808 95 21 förordat
465 807 33 22 för
515 808 10 21 1
543 815 63 14 mom.
621 808 23 21 af
657 809 13 26 $
687 809 46 20 123.

265 836 163 22 Bondeständet
442 837 38 21 har
496 837 94 26 godkänt
605 836 329 28 sammanjämkningsförslaget.

571 929 14 26 8
601 929 47 20 120.

264 985 157 27 Ridderskapet
436 985 39 22 och
490 986 61 21 adeln
567 985 38 22 har
621 985 105 22 vidblifvit
740 985 37 22 sitt
787 985 58 21 förra
860 985 70 21 beslut
940 985 80 25 därom,

197 1015 32 19 att
243 1012 34 22 för
299 1013 70 22 denna
389 1013 100 28 paragraf
502 1014 67 22 borde
583 1017 89 24 antagas
688 1014 41 21 den
745 1014 80 27 lydelse
840 1013 126 28 paragrafen
982 1013 38 22 har

195 1042 8 21 i
220 1041 97 28 gällande
332 1043 172 26 värnepliktslag.

265 1071 86 21 Präste-
367 1071 39 21 och
421 1071 161 22 bondestånden
598 1071 63 22 hafva
676 1070 104 22 vidblifvit
791 1071 47 21 sina
848 1071 90 26 tidigare
950 1070 71 21 beslut

197 1099 80 22 därom,
292 1102 32 18 att
339 1106 64 15 mom.
418 1100 13 21 2
446 1099 23 22 af
481 1100 162 27 ifrågavarande
653 1099 100 28 paragraf
761 1099 68 22 borde
840 1099 79 21 erhålla
928 1099 94 27 följande

196 1127 89 28 lydelse:
303 1127 129 23 »Officerare
450 1128 23 21 af
486 1129 50 26 rysk
551 1129 111 20 härkomst
676 1129 73 20 kunna
764 1128 54 21 dock
833 1127 32 22 till
875 1128 53 21 visst
938 1127 83 22 mindre

196 1156 64 25 antal,
275 1162 47 15 som
345 1157 23 21 af
389 1157 102 26 Kejsaren
515 1157 39 21 och
570 1157 133 22 Storfursten
718 1157 123 25 fastställes,
857 1156 117 21 öfverföras
990 1155 30 22 till

196 1184 27 21 de
238 1184 69 22 finska
322 1185 227 28 truppafdelningarna
564 1185 53 22 efter
633 1185 127 28 föregående
771 1185 209 26 tillkommendering
990 1184 32 21 till

196 1213 64 21 dessa
283 1216 89 25 trupper
395 1214 39 21 och
449 1215 65 20 sedan
531 1215 26 20 de
572 1215 56 20 visat
643 1215 33 26 sig
691 1221 40 20 ega
746 1214 40 21 den
803 1213 97 27 kunskap
916 1213 7 21 i
938 1213 83 21 landets

196 1241 72 27 språk,
290 1248 47 15 som
360 1242 33 22 för
416 1243 136 27 manskapets
575 1243 157 21 undervisande
753 1242 114 22 erfordras.
898 1241 40 23 Vid
954 1241 68 22 finska

197 1270 104 22 militären
319 1271 90 21 sålunda
423 1272 105 21 anställda
543 1271 109 21 officerare
667 1272 48 26 lyda
731 1271 67 21 under
813 1270 57 22 finsk
884 1270 52 27 lag.»

266 1299 182 27 Borgareståndet
463 1300 37 21 har
517 1300 94 27 godkänt
626 1298 328 29 sammanjämkningsförslaget.

519 1393 12 26 $
548 1392 41 21 123
605 1398 63 16 mom.
685 1393 18 20 1.

265 1448 156 28 Ridderskapet
437 1448 38 22 och
491 1449 61 21 adeln
567 1449 39 21 har
621 1449 106 21 vidblifvit
742 1449 37 21 sitt
794 1449 91 26 tidigare
900 1448 76 27 beslut,
992 1449 32 19 att

196 1476 59 21 detta
271 1483 63 15 mom.
350 1477 67 21 borde
433 1477 78 21 erhålla
526 1478 92 26 följande
634 1478 88 26 lydelse:
741 1478 86 21 »Under
843 1477 90 27 krigstid
943 1478 80 20 använ-

196 1504 39 22 das
251 1505 26 21 de
293 1506 89 20 stäende
397 1505 68 22 finska
480 1509 118 24 trupperna
613 1506 150 22 företrädesvis
780 1506 35 21 vid
828 1504 195 28 försvarsätgärder
