1103 1770
400 472 152 47 1899.

293 565 60 26 Den
374 565 12 25 1
406 572 76 19 mars
500 565 38 26 kl.
557 565 15 26 7
590 573 22 18 e.
631 573 35 18 m.

136 634 69 21 Sedan
229 634 90 21 stånden
343 634 35 21 vid
401 640 122 20 gemensam
546 634 70 27 privat
639 634 168 21 sammankomst
822 633 68 22 under

66 663 107 50 ghrdagon
200 663 31 21 till
254 662 161 27 öfverläggning
437 662 91 21 förehaft
553 663 25 21 de
601 663 35 21 vid
659 662 232 27 landtdagsklubbarna

87 691 112 22 amställda
215 691 38 21 och
264 691 35 21 vid
310 691 75 21 nämda
397 691 169 21 sammankomst
576 691 124 27 upprepade
710 691 80 26 förslag
800 690 91 21 rörande

67 722 66 19 sättet
147 719 32 22 för
195 719 156 27 behandlingen
367 719 23 22 af
403 720 26 21 de
444 719 32 21 till
491 720 109 27 pägäende
616 720 78 21 urtima
710 719 102 27 landtdag
822 719 69 21 öfver-

68 749 97 20 lämnade
181 748 78 26 nädiga
274 748 187 27 propositionerna
476 749 110 26 angäende
602 755 27 20 ny
644 748 172 27 värnepliktslag,
836 750 55 19 samt

67 777 91 22 ständen
175 777 74 20 därvid
259 777 94 25 beslutit,
365 779 32 18 att
407 778 135 25 omröstning
552 777 68 21 skulle
631 777 108 21 ständsvis
750 777 35 21 vid
796 776 95 21 enskilda

67 805 64 28 plena
152 805 96 27 försiggä
265 793 130 33 beträffande
412 805 26 21 de
452 805 47 26 fyra
514 805 56 21 olika
584 804 86 28 förslag,
686 811 46 15 som
748 805 7 21 i
770 805 76 21 sädant
861 804 30 21 af-

68 834 79 21 seende
165 833 131 26 framställts,
317 833 106 28 nämligen
442 834 22 21 af
477 834 249 27 värnepliktsutskottets
742 833 113 28 majoritet,
870 832 23 22 af

68 869 81 14 samma
165 862 94 21 utskotts
274 863 109 20 minoritet
399 865 55 18 samt
464 862 23 21 af
496 863 25 20 hr
532 863 22 20 F.
586 869 93 14 Jansson
713 862 39 21 och
763 862 89 21 friherre
863 861 28 21 M.

69 891 25 21 V.
117 897 56 15 von
196 891 80 21 Born
299 890 40 22 och
361 890 71 21 hvilka
446 890 82 28 förslag
542 893 37 19 äro
595 891 58 21 detta
668 890 106 28 protokoll
790 890 102 21 särskildt

68 919 85 27 bilagda
168 920 31 24 (se
215 919 35 21 bil.
267 920 17 24 1,
307 920 6 20 2
329 919 39 21 och
383 919 26 25 3),
425 920 171 20 sammanträdde
616 919 177 27 borgareständet
808 918 32 22 till
855 924 36 15 en-

69 948 65 21 skildt
151 948 87 26 plenum
261 948 196 21 ofvanantecknade
472 948 42 26 dag
529 948 39 21 och
584 949 82 25 timme;
682 948 39 21 och
736 949 92 19 närvoro
844 947 47 21 där-

69 976 35 22 vid
120 976 98 27 samtliga
233 976 138 22 medlemmar
387 978 59 19 utom
461 976 37 21 hrr
513 976 59 22 Eck
588 976 39 22 och
643 976 167 22 Grönlund.

137 1033 75 21 Säsom
229 1033 127 22 ordförande
371 1033 118 27 fungerade
505 1034 96 21 ständets
616 1033 124 21 vicetalman
756 1033 25 21 hr
797 1033 94 26 Wege-

68 1062 63 21 lius
146 1062 40 21 och
201 1062 130 27 protokollet
346 1062 72 21 fördes
433 1062 23 20 af
470 1062 159 21 undertecknad
645 1062 96 21 ständets
753 1062 139 20 sekreterare.

138 1119 65 21 Detta
218 1119 133 25 antecknadt,
367 1119 131 21 framställde
513 1119 25 21 hr
554 1119 141 21 ordföranden
712 1118 31 21 till
758 1118 134 22 besvarande

67 1147 94 28 följande
177 1148 290 26 omröstningsproposition:

137 1204 39 26 De,
199 1204 74 21 hvilka
296 1212 53 13 anse
371 1206 32 19 att
421 1204 121 21 ständerna
558 1204 51 21 böra
625 1204 55 27 ingä
694 1204 10 20 i
720 1204 132 27 behandling
867 1203 29 32 af

68 1233 25 20 de
109 1233 82 27 nädiga
203 1233 200 27 propositionerna,
420 1235 58 18 rösta
493 1233 35 27 ja,
544 1233 30 26 de,
590 1233 34 20 det
640 1233 44 20 icke
698 1235 60 24 göra,
776 1234 60 19 rösta
846 1232 45 27 nej;

137 1289 81 21 vinner
239 1290 42 27 nej,
303 1290 42 20 har
363 1274 86 46 ständet
470 1289 88 27 förenat
578 1289 33 27 sig
633 1296 34 14 om
683 1289 27 20 hr
724 1289 109 21 Janssons
847 1289 46 26 för-

68 1319 47 26 slag
135 1319 49 19 med
204 1319 52 19 eller
275 1320 56 19 utan
353 1319 34 19 det
407 1318 26 26 af
452 1318 96 27 friherre
567 1325 42 13 von
633 1317 60 21 Born
716 1318 77 20 därtill
815 1317 78 27 fogade

69 1346 81 28 tillägg.

138 1404 41 20 Vid
195 1404 98 26 votering
309 1402 96 28 afgåfvos
421 1403 25 21 51
461 1403 23 27 ja
500 1403 40 21 och
556 1403 26 21 12
597 1403 41 27 nej.

137 1460 44 21 Hrr
210 1460 227 27 Schybergson,
469 1460 144 25 Jansson,
643 1460 139 25 Pentzin,
813 1458 80 22 Carl-

69 1490 98 20 ström
183 1489 40 21 och
239 1488 177 22 Stenström
432 1489 104 25 anmälde,
549 1490 31 20 att
596 1489 26 20 de
637 1488 45 21 icke
698 1488 48 21 med
762 1488 46 21 sina
823 1489 70 19 röster

69 1517 92 27 bidragit
176 1517 31 21 till
223 1517 100 21 beslutet.
