1103 1775
81 142 24 18 18
117 146 63 13 mars.
880 136 26 21 31

149 212 35 20 Då
204 212 86 22 ståndet
305 211 52 21 härå
372 211 107 27 öfvergick
495 212 31 20 till
541 212 131 26 behandling
686 211 24 21 af
723 212 11 27 &
749 212 14 20 3
777 212 7 20 i
799 210 108 27 förslaget,

81 240 125 22 meddelade
228 240 25 21 hr
269 240 144 22 ordföranden
435 243 32 19 att
487 240 241 27 värnepliktsutskottet
751 240 56 21 velat
829 238 79 22 föreslå

82 269 65 22 sådan
163 268 91 27 ändring
269 268 22 23 af
309 275 64 15 mom.
389 268 33 28 B),
437 272 32 18 att
484 269 198 27 begynnelseorden
698 269 87 21 komme
800 270 31 19 att
846 268 61 27 lyda:

84 298 54 21 »Det
152 297 69 22 finska
236 297 137 22 landtvärnet
389 298 82 21 består»
490 304 19 15 o.
525 304 16 15 s.
558 305 18 14 v.

150 355 33 21 Hr
199 354 219 28 Schybergson
434 355 93 26 begärde
542 355 63 21 ordet
619 355 39 21 och
673 355 94 27 yttrade:
782 354 125 27 Föreligger

81 384 46 21 icke
146 383 38 21 här
199 389 25 15 en
240 383 138 22 inadvertens
393 384 7 20 i
415 386 124 23 momentet,
555 384 26 21 dä
595 390 35 15 om
645 390 99 15 reserven
761 383 50 26 stär,
825 385 32 19 att
865 383 40 20 den

82 413 87 26 utgöres
180 411 22 22 af
210 418 109 21 personer,
331 418 46 15 som
389 412 68 21 blifvit
468 412 169 21 hemförlofvade
644 412 46 21 före
697 413 107 26 utgängen
813 411 22 22 af
845 411 62 22 deras

82 441 120 26 tjänstetid?
233 440 57 22 Skall
301 441 36 21 det
347 441 46 21 icke
403 447 51 15 vara
468 447 109 21 personer,
589 447 45 15 som
646 441 98 27 fullgjort
754 441 32 21 sin
797 439 111 28 tjänstetid

81 470 8 20 i
104 469 57 21 aktiv
177 472 64 24 trupp
257 469 51 21 eller
323 469 71 21 blifvit
408 469 175 26 hemförlofvade,
598 470 64 21 innan
679 469 26 22 de
720 469 98 27 fullgjort
833 469 55 21 den?

151 527 33 20 Hr
198 527 151 21 Jansson:
378 527 43 26 Jag
440 527 37 21 ber
492 527 21 20 få
527 526 119 22 framställa
661 533 25 14 en
702 526 108 27 förfrågan
827 526 79 25 därom,

83 555 105 21 huruvida
204 555 25 21 de
244 555 172 27 anmärkningar,
433 562 46 15 som
496 557 63 25 göras
575 557 58 20 emot
649 555 116 22 utskottets
780 555 81 26 förslag
875 554 32 21 till

83 584 225 26 reservorganisation,
331 584 47 21 icke
400 584 73 21 kunna
487 584 22 21 få
525 586 62 25 göras
603 585 7 20 i
626 584 154 27 sammanhang
795 583 49 22 med
859 584 13 25 8
888 583 19 26 3,

84 613 37 21 där
145 615 128 24 truppernas
289 612 108 22 allmänna
412 613 145 27 organisation
573 613 55 21 först
643 615 111 25 upptages.
788 613 32 21 En
841 612 66 21 sådan

83 641 142 27 anmärkning
240 641 41 21 kan
299 640 132 22 beträffande
446 642 173 20 enskildheterna
637 641 61 21 träffa
710 642 64 20 också
790 642 13 26 8
819 642 19 20 2.
867 641 43 27 Jag

83 669 119 22 föreställer
218 670 49 26 mig,
283 672 31 19 att
332 670 36 21 det
385 676 51 15 vore
451 670 105 27 riktigast,
571 676 34 15 om
622 670 122 22 diskussion
761 670 71 21 kunde
854 669 56 21 före-

83 698 85 22 komma
186 698 74 22 härom
276 699 7 21 i
299 698 155 28 sammanhang
469 699 49 21 med
533 700 12 25 8
561 699 20 21 3.

152 755 60 22 Efter
235 756 36 21 det
294 756 87 21 ståndet
395 756 53 21 härå
463 756 88 21 beslutit
566 758 32 19 att
616 756 3 21 i
635 756 58 21 detta
708 756 155 26 sammanhang
878 755 31 21 till

84 784 121 22 diskussion
223 787 94 25 upptaga
329 791 113 15 reservens
453 785 146 27 organisation
611 785 7 21 i
629 784 120 26 allmänhet,
761 784 67 22 utbad
839 784 33 27 sig

152 842 26 21 hr
213 849 115 14 Jansson
344 843 63 20 ordet
423 842 40 21 och
477 843 95 26 yttrade:
597 842 119 21 Ständerna
730 842 35 21 vid
780 841 130 27 landtdagen

86 871 111 21 1877-—78
213 871 54 21 hade
282 871 115 21 motiverat
412 871 41 21 den
469 871 227 27 reservorganisation,
712 877 45 14 som
774 870 114 21 etablerats
904 870 7 21 i

85 899 37 21 vår
138 899 122 21 nuvarande
275 899 174 27 värnepliktslag,
465 899 188 27 hufvudsakligast
667 906 25 14 ur
708 901 79 19 tvänne
803 899 108 27 synpunk-

86 930 38 19 ter.
154 928 51 21 Dels
227 928 79 27 ansågs
329 928 71 21 denna
422 927 55 22 form
500 927 33 22 för
554 934 101 15 reserven
672 935 49 14 vara
737 928 46 25 den,
800 934 45 15 som
863 927 48 21 med

86 957 78 20 minsta
179 956 147 27 uppoffringar
342 957 33 20 för
386 957 85 21 landets
483 957 141 27 medborgare
635 957 149 26 möjliggjorde
795 963 25 14 en
833 962 79 19 reserv,

86 985 112 26 tillräcklig
220 985 32 21 för
273 985 168 27 komplettering
456 986 7 20 i
478 985 73 27 hvarje
566 985 37 22 fall
619 985 22 21 af
655 985 39 21 den
711 985 70 21 aktiva
796 985 115 26 krigsstyr-

86 1013 47 22 kan.
163 1013 52 22 Dels
235 1014 90 21 innebar
343 1014 66 21 sådan
425 1014 146 27 organisation
588 1013 23 22 af
624 1020 106 19 reserven,
746 1015 31 20 att
793 1013 118 21 skillnaden

86 1042 76 21 mellan
176 1043 61 20 deras
253 1042 82 26 villkor,
351 1049 47 14 som
415 1043 68 27 drogo
499 1043 57 20 aktiv
572 1043 46 25 lott,
634 1042 39 21 och
689 1043 53 25 dem,
757 1042 72 21 hvilka
844 1042 69 26 drogo

86 1071 41 21 lott
137 1071 31 21 till
178 1077 107 19 reserven,
293 1071 46 21 icke
351 1077 38 15 var
399 1077 26 15 en
441 1071 71 21 alltför
528 1074 46 18 stor
589 1071 40 21 och
645 1071 71 21 därför
731 1071 70 21 alltför
817 1071 96 20 orättvis.

87 1099 43 21 Det
149 1099 37 21 har
207 1099 68 22 under
291 1099 150 22 diskussionen
457 1100 8 21 i
481 1100 70 21 denna
565 1099 61 28 fråga
641 1099 126 27 medgifvits,
783 1101 31 19 att
829 1099 83 26 organi-

87 1128 96 21 sationen
207 1128 22 21 af
250 1128 38 21 vår
309 1129 126 20 nuvarande
457 1135 73 14 reserv
547 1129 41 20 kan
605 1128 114 21 betecknas
735 1129 71 20 såsom
822 1134 26 15 en
864 1129 49 19 rent

88 1157 68 26 genial
172 1157 5 20 i
194 1157 77 20 nämda
293 1157 144 21 hänseenden.
468 1157 47 21 Och
537 1157 54 21 ifrån
615 1157 73 26 hvarje
710 1157 125 26 kompetent
856 1155 56 22 fack-

88 1186 119 20 mannahåll
228 1186 38 20 har
286 1186 36 21 det
343 1186 68 21 tillika
429 1186 57 21 måst
502 1185 124 27 medgifvas,
642 1188 31 19 att
688 1186 37 21 vår
740 1186 124 20 nuvarande
879 1191 33 15 re-

88 1220 48 16 serv
152 1214 64 21 också
231 1214 6 21 i
253 1217 49 18 rent
316 1214 123 22 militäriskt
453 1214 123 22 hänseende
591 1214 49 21 fullt
654 1214 105 27 nöjaktigt
770 1213 143 22 tillfredsstäl-

88 1243 31 21 ler
135 1243 40 21 alla
190 1242 98 28 anspråk,
305 1249 46 15 som
367 1243 28 26 på
410 1243 40 21 den
467 1243 41 21 kan
525 1243 80 21 ställas.
626 1243 49 21 Med
691 1243 48 21 stöd
754 1242 23 22 af
789 1243 56 21 blott
859 1248 54 21 egen

89 1270 121 22 erfarenhet
232 1272 39 20 och
294 1272 49 20 med
361 1272 88 26 ledning
464 1272 78 21 endast
557 1271 22 21 af
593 1278 53 20 egen
662 1271 118 21 eftertanke
796 1271 69 21 skulle
877 1270 38 28 jag

89 1300 46 21 icke
150 1300 72 21 kunna
237 1300 86 21 komma
338 1300 31 21 till
385 1302 66 19 annat
466 1300 45 21 slut
526 1302 26 19 än
569 1300 41 26 det,
626 1302 31 19 att
672 1300 26 21 de
714 1300 137 27 synpunkter,
867 1306 46 14 som

89 1328 61 22 ledde
167 1329 110 21 1877—78
293 1329 35 21 års
345 1329 88 21 ständer
448 1329 6 21 i
469 1328 62 27 fråga
546 1335 35 15 om
596 1335 107 20 reserven,
718 1328 66 22 borde
795 1328 47 22 leda
853 1328 61 21 äfven

89 1363 36 16 oss
147 1357 52 21 nui
214 1360 54 19 trots
292 1357 23 21 af
335 1358 40 21 den
399 1357 129 22 förändrade
551 1358 130 21 situationen
703 1357 39 22 och
757 1358 7 20 i
778 1359 55 19 trots
852 1357 23 21 af
888 1357 28 20 de

88 1386 64 27 ryska
174 1386 177 21 chauvinisterna.
381 1386 50 21 Men
448 1386 71 21 denna
534 1386 60 27 fråga
610 1388 23 19 är
649 1387 6 20 i
671 1386 77 27 många
763 1386 115 21 afseenden
894 1384 23 22 af

89 1415 24 20 så
136 1415 91 20 svårlöst
250 1417 69 23 natur,
341 1417 32 18 att
396 1421 49 14 man
461 1415 112 26 därvidlag
587 1415 47 21 icke
649 1415 38 20 har
703 1417 48 24 rätt,
767 1417 46 18 tror
825 1414 43 27 jag,
884 1415 32 20 att

89 1443 135 21 uteslutande
247 1443 62 21 tillita
331 1443 32 21 sin
379 1449 54 21 egen
449 1443 129 21 erfarenhet.
609 1443 32 21 På
656 1443 44 27 mig
714 1443 38 21 har
767 1443 35 21 vid
817 1443 97 26 afgöran-

89 1472 36 21 det
147 1471 73 22 härom
243 1473 32 20 ett
296 1471 63 27 djupt
374 1471 40 22 och
427 1472 108 27 varaktigt
550 1472 83 27 intryck
649 1472 68 26 gjorts
733 1471 22 22 af
768 1471 36 21 det
816 1471 38 27 jag
868 1471 47 21 från

89 1500 71 26 andra,
185 1500 100 21 särskildt
299 1500 55 21 ifrån
378 1503 32 18 ett
425 1500 47 25 håll,
489 1500 74 21 därom
579 1500 41 21 fått
635 1500 74 21 erfara.
738 1500 41 27 Jag
794 1499 79 28 åsyftar
888 1506 27 14 en

89 1529 63 20 aktad
168 1529 89 21 medlem
273 1528 23 21 af
309 1529 248 26 värnepliktsutskottet,
573 1535 46 15 som
636 1531 72 19 senast
723 1529 34 20 vid
768 1530 31 19 ett
809 1534 106 15 samman-
