1103 1775
196 120 28 22 36
551 127 94 20 Bilagor.

197 194 93 22 ålder
304 194 160 28 olofligen
480 194 146 34 begifver
641 195 47 28 sig
704 202 34 14 ur
753 194 107 22 landet
876 194 72 21 eller
962 198 61 17 utan

197 223 160 21 tillstånd
371 223 193 28 uppehåller
579 224 49 28 sig
644 226 80 19 utom
740 224 176 25 detsamma,
930 223 93 27 strafas

196 252 50 21 med
251 252 103 28 fängelse
359 252 59 28 från
430 253 39 21 och
478 253 48 21 med
533 260 37 14 sex
578 253 107 21 månader
693 252 35 21 till
737 252 38 21 och
783 251 48 21 med
839 254 28 19 ett
875 252 33 23 år,
917 252 51 21 eller
975 251 48 22 med

197 280 59 21 böter
266 281 58 28 från
340 281 39 20 och
394 281 48 21 med
457 281 125 21 tvåhundra
598 282 34 20 till
648 281 38 20 och
701 281 48 20 med
761 283 82 18 ettusen
865 280 75 25 mark;
955 287 68 14 vare

197 309 53 21 ock
273 309 126 28 skyldig
424 310 245 25 att,
493 305 17 37 i
519 310 150 25 händelse
692 309 58 21 han
767 309 113 27 finnes
903 309 120 21 därtill

196 337 142 29 lämplig,
355 338 346 28 trädaiaktivtjänst,
718 338 109 21 därest
843 337 59 22 han
917 338 24 27 ej
950 337 72 28 fyllt

196 367 173 21 trettiotvå
392 367 39 26 år,
448 367 10 20 i
472 367 123 21 hvilket
613 367 144 28 fallhan
773 366 193 21 omedelbart
982 367 41 20 in-

196 395 444 28 skrifvesvidlandtvärnet.

572 472 15 25 $
602 472 48 20 113.

272 494 172 55 Uppbådad
460 522 226 29 värnepliktig,
703 529 60 16 som
779 525 75 18 utan
869 523 70 27 laga
954 522 69 21 skäl

196 551 193 21 underlåter
403 553 46 19 att
476 552 3 20 å
494 553 103 20 utsatt
614 552 47 20 tid
684 552 133 27 infinna
831 551 48 28 sig
899 551 31 33 på
940 551 83 27 före-

195 579 141 34 skrifvet
361 580 249 28 samlingsställe
625 581 79 21 eller
719 580 167 28 aflägsnar
900 580 46 28 sig
962 580 61 21 där-

196 608 92 28 ifrån
311 609 99 21 innan
433 609 59 21 han
507 610 178 34 undergått
707 608 195 34 besiktning,
920 609 103 21 eller
1007 605 19 35 i

195 638 33 20 de
240 638 77 27 fall,
332 644 59 14 som
407 638 8 20 i
430 638 52 28 $64
497 640 135 31 nämnas,
649 639 64 21 icke
729 638 56 28 för
799 638 48 28 sig
863 638 95 20 ställt
973 644 49 14 om-

197 665 65 27 bud,
285 666 153 28 straffas,
462 667 56 21 där
533 667 29 27 ej
584 666 119 22 brottet
719 667 52 21 bör
787 673 90 14 anses
892 666 101 28 enligt
1009 666 14 49 $

196 695 52 26 112,
272 695 48 21 med
341 695 58 21 böter
417 695 58 28 från
498 696 37 20 och
552 696 48 20 med
615 696 29 20 tio
661 696 35 21 till
711 696 39 21 och
765 695 49 21 med
829 695 117 21 etthundra
960 701 48 15 mar

196 712 54 32 eller
261 724 102 27 fängelse
379 724 8 20 i
402 724 61 28 högst
474 732 25 13 en
520 724 78 25 månad,
620 724 44 21 och
682 732 70 14 vare
775 724 111 27 jämväl
904 723 118 29 pliktig

196 753 196 20 attinträda
407 753 9 20 i
431 753 205 27 aktivtjänst
652 754 100 20 såsom
767 753 9 20 i
791 752 16 28 $
821 754 46 20 112
882 754 27 19 är
923 752 98 28 sagdt.

268 780 179 29 Mom.
347 776 15 38 2
375 780 72 29 utgår.

569 856 15 27 $
600 857 48 20 114.

267 907 57 26 Den,
338 914 45 14 som
401 909 26 19 är
439 907 82 28 pliktig
536 909 32 19 att
584 907 64 21 träda
664 908 9 20 i
688 907 59 21 aktiv
763 907 75 28 tjänst,
850 914 46 14 men
907 909 53 19 utan
971 907 51 21 laga

190 936 88 27 Jörfall
288 937 33 26 på
336 936 41 21 den
393 936 110 21 bestämda
519 936 59 21 tiden
594 936 46 21 icke
656 937 95 26 infinner
763 936 42 50 s
820 936 8 20 i
843 936 69 27 tjänst
932 910 90 57 straffas

197 965 49 21 med
256 964 346 28 fängelseihögsttvå
617 965 128 21 månade

271 992 117 29 Uteblifver
402 1000 116 15 reserv-
540 993 80 21 eller
656 995 145 20 värneman
813 993 141 33 förfallolöst
964 993 58 27 från

196 1021 147 28 öfningsmöte
366 1022 52 21 eller
440 1022 88 22 aktiv
552 1023 111 26 tjänst,
698 1023 60 20 eller
780 1022 101 21 inställer
895 1022 33 28 sig
944 1021 79 22 därvid

195 1051 95 26 sentida,
312 1051 91 26 straffas
425 1052 71 20 såsom
512 1051 8 20 i
535 1051 109 27 (utesl.)
669 1050 131 29 strafflagen
819 1050 42 28 för
875 1050 76 28 finska
966 1050 57 21 mili-

196 1081 63 19 tären
275 1081 61 26 säges
355 1080 117 27 (utesl.).

536 1177 58 27 Kap.
612 1176 71 22 XIX.

232 1238 44 24 Om
292 1240 78 22 finska
385 1240 149 28 truppernas
549 1240 221 27 sammansättning
786 1239 47 23 och
849 1239 139 23 underhåll.

568 1321 16 25 $
601 1321 48 19 119.

270 1366 394 32 Öfverdefälhafvare
616 1362 51 40 för
676 1371 31 21 de
717 1370 116 28 finska
849 1372 173 26 trupperna

195 1401 36 19 är
252 1400 336 27 generalguvernören
610 1400 87 27 öfver
720 1400 149 24 Finland,
886 1399 137 27 såframt

195 1427 150 27 ejannan
366 1435 116 21 person
505 1428 121 21 därtill
649 1428 37 28 af
700 1428 155 24 Kejsaren
871 1427 53 21 och
940 1427 81 22 Stor-

195 1456 131 25 fursten
346 1457 177 26 förordnas.
547 1457 63 21 Har
626 1464 100 14 annan
741 1459 38 18 än
798 1456 225 28 generalguver-

195 1486 97 19 nören
317 1485 117 28 blifvit
459 1486 55 20 till
543 1485 328 28 öfverbefälhafvare
902 1484 121 25 utsedd,

193 1512 56 22 bör
264 1513 485 28 hansyttrandeinhämtasi
711 1508 39 38 de
768 1513 134 26 ärenden,
922 1512 100 22 hvilka
