1103 1773
203 118 41 21 106
929 123 27 17 26
969 122 60 21 april.

203 195 31 19 att
249 193 7 21 i
272 193 36 21 det
322 193 121 27 lagförslag,
459 200 46 15 som
521 193 101 28 möjligen
632 194 97 21 kommer
744 196 31 19 att
785 193 23 21 af
816 193 114 21 ständerna
941 194 86 24 antagas

203 221 33 22 för
251 224 33 19 att
298 222 60 21 träda
373 222 6 21 i
396 222 70 21 stället
480 222 33 21 för
529 229 29 14 nu
570 222 97 27 gällande
682 221 174 28 värnepliktslag,
869 222 34 21 mä
913 220 114 23 bibehällas

202 252 32 19 ett
250 251 118 26 stadgande
390 250 23 22 af
426 257 82 15 samma
523 251 93 21 innehåll
632 257 45 15 som
694 252 14 20 2
723 251 13 26 8
752 252 6 20 i
774 251 69 21 denna
858 250 41 27 lag.
930 250 41 21 För
987 249 39 21 den

203 279 101 21 händelse
327 279 35 22 det
384 279 63 21 likväl
467 280 97 27 ansäges,
580 282 31 19 att
627 280 187 26 bestämningarna
830 285 34 15 om
881 279 35 21 det
931 277 97 27 ständiga

203 307 145 22 knektehället
370 308 67 27 enligt
458 308 198 27 indelningsvärket
678 309 67 20 horde
768 307 125 28 upphäfvas,
908 307 68 21 finner
996 309 32 18 ut-

204 336 80 21 skottet
306 337 54 20 dock
382 337 7 21 i
407 337 72 26 hvarje
494 337 36 21 fall
546 337 136 26 bestämning
696 343 35 15 om
748 336 207 27 indelningsvärkets
971 335 57 21 bibe-

204 365 98 21 hällande
317 365 6 21 i
338 365 103 22 kameralt
456 365 122 22 hänseende
594 365 139 27 nödvändig.»

272 423 32 20 Hr
320 423 121 20 Heikel:
465 423 43 21 Det
523 429 38 15 var
576 423 43 21 min
635 423 63 21 afsikt
714 425 32 19 att
761 422 67 22 uttala
843 422 55 21 hvad
909 428 45 15 som
966 421 61 21 äfven

203 451 103 26 framgick
321 450 23 22 af
357 451 65 21 slutet
437 451 22 22 af
473 451 34 22 det
524 451 73 28 stycke
612 452 7 21 i
634 451 152 28 lagutskottets
803 451 138 24 betänkande,
953 456 44 15 som
1008 449 22 21 af

204 479 25 22 hr
244 479 52 22 Lille
312 480 103 27 upplästs,
430 483 32 18 att
477 480 106 27 nämligen
597 480 141 27 lagutskottet
749 479 118 28 uppställer
877 481 78 19 tvänne
965 479 62 20 alter-

204 508 66 21 nativ:
286 509 101 26 antingen
403 511 31 18 att
449 509 105 21 bibehälla
569 509 125 27 paragrafen
711 509 66 21 sädan
789 509 40 21 den
846 510 22 19 är
880 508 49 21 eller
945 509 31 19 att
986 506 41 21 för-

203 536 60 22 klara
278 537 35 21 det
327 537 197 27 indelningsvärket
539 537 85 28 upphör
639 538 111 25 sätillvida,
763 539 32 19 att
810 539 58 18 rotar
883 536 38 21 och
938 535 90 22 rusthäll

202 565 46 22 icke
263 566 73 21 vidare
351 565 90 22 behöfva
456 566 107 27 uppställa
579 566 95 25 knektar,
686 573 47 14 men
750 565 72 22 bestär
838 566 6 20 i
860 565 102 21 kameralt
977 565 51 20 hän-

202 595 85 20 seende.
317 595 43 20 Det
375 601 37 14 var
430 595 59 21 detta
504 601 76 15 senare
595 595 117 26 alternativ,
729 601 47 15 som
793 593 235 28 värnepliktsutskottet

202 622 33 22 för
251 623 33 21 sin
300 623 34 21 del
350 623 49 21 ville
414 623 87 22 förorda
516 623 39 22 och
571 630 47 15 som
631 623 81 28 jämväl
727 623 23 22 af
764 623 35 21 tvä
815 623 63 21 ständ
894 622 67 21 blifvit
977 621 51 28 god-

202 651 72 22 kändt.
297 652 42 21 För
355 651 63 28 öfrigt
434 652 68 21 mäste
515 652 38 27 jag
567 654 58 25 säga,
640 655 31 18 att
683 652 39 27 jag
731 652 47 21 icke
788 651 78 22 förstär
876 651 151 27 lagutskottets

202 681 134 26 motivering,
352 681 26 21 dä
401 681 105 21 utskottet
529 683 66 25 säger,
611 683 32 19 att
657 681 7 21 i
679 681 103 21 händelse
798 682 74 25 regent
887 679 39 22 och
941 679 87 22 ständer

202 709 46 21 icke
263 709 73 21 kunna
350 709 86 22 komma
451 709 99 22 öfverens
565 716 35 15 om
616 710 66 26 nägot
697 712 47 25 nytt
760 709 159 27 militärsystem
931 708 39 21 och
981 709 47 20 vär-

202 737 108 27 neplikten
327 738 89 27 upphör,
431 738 197 27 indelningsvärket
643 739 27 20 dä
685 738 69 21 skulle
764 738 46 21 äter
821 737 60 22 träda
891 737 7 21 i
909 736 60 22 kraft.
985 737 42 20 För

202 766 43 21 min
268 766 34 22 del
325 767 69 21 skulle
413 767 37 27 jag
473 773 52 15 anse
547 769 31 19 att
599 773 34 15 om
649 769 76 25 regent
740 767 40 21 och
796 766 87 22 ständer
898 765 45 22 icke
959 765 68 21 skulle

201 795 73 21 kunna
289 795 86 21 komma
390 796 98 21 öfverens
504 802 35 15 om
555 802 26 15 en
597 802 28 21 ny
636 796 173 27 värnepliktslag,
821 795 24 21 sä
856 795 39 21 blir
906 795 39 21 den
958 794 69 27 gamla

202 824 103 26 gällande.

271 893 60 21 Efter
348 893 35 22 det
398 893 150 22 diskussionen
564 893 113 22 förklarats
693 893 100 26 afslutad,
808 892 143 22 framställdes
966 891 23 22 af
1002 891 25 22 hr

203 921 143 22 ordföranden
362 921 93 28 följande
470 922 291 27 omröstningsproposition:

272 978 38 27 De,
327 979 74 21 hvilka
417 979 54 28 vilja
486 979 76 21 skrida
578 979 35 21 till
629 979 132 28 behandling
777 979 29 27 af
816 979 16 27 $
850 979 21 26 2,
887 979 59 20 rösta
957 978 40 27 ja;

271 1036 80 21 vinner
366 1037 42 27 nej,
419 1037 42 20 har
475 1037 86 20 ståndet
575 1036 114 28 vidblifvit
702 1036 40 21 sitt
753 1036 95 27 tidigare
858 1035 83 27 fattade
953 1035 75 25 beslut,

201 1067 34 18 att
250 1065 49 20 med
314 1065 129 27 afgörandet
458 1065 29 27 af
498 1065 82 21 nämda
593 1065 114 28 paragraf
718 1065 57 21 skall
790 1064 66 21 anstä
872 1064 35 21 till
921 1064 47 21 dess
983 1063 45 27 lag-

201 1093 103 21 utskottet
318 1093 120 22 inkommit
453 1094 48 21 med
517 1093 113 22 utlåtande
645 1094 10 20 i
668 1093 74 22 saken.

272 1150 165 27 Propositionen
461 1151 128 21 besvarades
611 1151 48 21 med
681 1149 158 28 öfvervägande
859 1149 28 27 ja,
903 1149 39 21 och
961 1148 68 22 öfver-

202 1179 98 21 lämnade
316 1179 24 21 hr
356 1179 142 22 ordföranden
517 1179 56 28 förty
588 1179 11 28 &
615 1180 12 20 2
643 1179 31 21 till
690 1179 98 21 ständets
804 1178 121 27 afgörande,
940 1177 89 22 hvarvid

203 1207 107 22 utskotets
326 1207 80 28 förslag
421 1208 44 21 blef
478 1207 23 22 af
514 1208 86 21 ständet
615 1208 114 27 godkändt.

272 1281 100 22 Rörande
388 1282 11 26 8
416 1282 11 21 7
444 1281 103 27 begärdes
563 1281 62 22 ordet
640 1281 22 22 af

272 1338 24 21 hr
320 1338 225 27 Schybergson,
561 1345 46 15 som
623 1339 91 26 yttrade:
736 1338 44 27 Jag
795 1337 78 22 tillåter
888 1337 44 27 mig
946 1336 84 26 föreslå,

203 1370 31 18 att
249 1367 86 21 ståndet
350 1367 76 21 vidblir
441 1368 38 21 sitt
494 1367 77 26 beslut,
581 1367 40 21 och
636 1367 37 22 ber
691 1369 31 19 att
732 1367 22 21 få
768 1366 112 22 framhålla
895 1372 26 15 en
937 1367 94 20 omstän-

204 1395 74 27 dighet
292 1395 31 22 till
346 1395 37 22 hrr
405 1396 150 21 medlemmars
581 1396 30 21 uti
631 1395 239 27 värnepliktsutskottet
891 1394 139 21 besvarande.

203 1424 65 22 Huru
291 1423 39 23 har
352 1430 48 16 man
417 1424 60 22 tänkt
493 1425 39 27 sig,
548 1426 31 20 att
594 1424 36 22 det
649 1424 68 22 skulle
732 1423 102 23 förhållas
850 1423 48 21 med
913 1423 54 25 dem,
983 1429 47 15 som

203 1452 47 22 före
265 1453 41 21 den
329 1460 41 20 nya
384 1453 74 27 lagens
481 1453 103 21 tillkomst
599 1452 46 28 fyllt
659 1452 80 22 femton
755 1453 31 25 år,
802 1459 48 15 men
866 1454 57 19 ännu
938 1451 46 21 icke
999 1452 32 20 in-

204 1481 59 21 trädt
284 1481 7 21 i
314 1482 205 26 värnepliktsåldern
543 1481 38 21 och
601 1481 71 22 hvilka
692 1482 33 20 väl
741 1481 56 21 dock
813 1481 66 21 borde
894 1486 51 15 vara
960 1480 71 21 berät-

204 1510 72 27 tigade
291 1512 30 19 att
337 1510 28 27 på
381 1510 70 27 grund
465 1510 23 21 af
501 1510 123 21 nuvarande
643 1510 118 26 stadgande
776 1509 84 22 frikalla
875 1509 33 27 sig
922 1508 47 22 från
985 1509 47 21 sina
