1103 1798
225 138 28 21 64
950 145 27 17 23
988 149 63 13 mars.

226 213 43 22 Vid
284 213 25 21 R.
324 219 19 16 o.
358 214 38 21 A:s
411 214 39 22 och
473 215 189 26 borgareståndets
678 215 71 22 beslut
763 215 39 22 har
818 215 18 26 ej
852 214 54 22 fästs
922 215 36 21 det
975 215 77 21 minsta

225 241 108 27 afseende,
348 245 51 19 utan
415 243 76 22 endast
506 244 36 21 vid
557 244 26 21 de
599 243 67 28 öfriga
679 244 108 21 ståndens.
817 243 50 22 Icke
879 249 38 16 ens
928 244 36 21 det
974 243 78 21 minsta

226 270 155 27 medgifvande,
396 273 14 19 t.
425 278 30 15 ex.
471 272 92 27 ändring
577 272 23 21 af
613 272 73 22 åldern
702 273 45 21 från
765 272 26 22 15
808 272 30 21 till
851 272 26 21 18
887 272 30 26 år,
928 272 38 21 har
976 271 75 27 ifråga-

226 301 61 19 satts.
317 300 42 27 Jag
374 306 34 15 ser
424 301 43 26 mig
483 300 70 22 därför
569 301 119 21 föranlåten
703 301 7 21 i
725 301 66 21 likhet
806 301 49 21 med
871 301 25 21 hr
910 301 94 22 Jansson
1020 302 31 19 att

225 327 54 28 yrka
299 328 28 27 på
341 328 138 23 förkastande
497 329 23 22 af
533 329 235 28 sammanjämkningen
791 329 7 21 i
815 329 70 22 denna
907 329 69 28 punkt
998 331 55 19 samt

225 356 28 27 på
269 357 122 22 återremiss
413 357 30 22 till
460 358 105 21 utskottet
584 358 33 21 för
632 359 139 26 uppgörande
786 357 23 22 af
823 358 227 27 sammanjämknings-

226 385 134 27 proposition
376 386 28 27 på
419 386 64 21 basen
499 387 24 20 af
536 387 188 27 borgareståndets
740 387 76 21 beslut.

296 443 33 20 Hr
345 443 162 27 Hallberg:
531 443 72 22 Också
623 444 38 27 jag
676 444 69 21 skulle
765 443 52 28 yrka
840 444 27 27 på
882 444 123 21 återremiss
1020 443 31 22 till

227 471 238 27 värnepliktsutskottet
486 472 33 21 för
535 473 140 26 uppgörande
690 473 23 21 af
726 475 47 24 nytt
788 472 262 27 sammanjämkningsför-

227 499 47 28 slag
289 500 55 21 hvad
360 501 40 20 den
416 500 66 22 första
498 501 61 21 delen
581 501 23 21 af
617 507 64 15 mom.
697 502 13 20 2
726 501 133 22 vidkommer
873 501 7 21 i
896 501 93 27 enlighet
1004 501 47 21 med

226 528 189 27 borgareståndets
435 529 76 26 beslut,
534 530 19 21 d.
569 537 19 14 v.
604 536 16 15 s.
643 532 31 19 att
688 530 6 21 i
711 530 70 21 stället
800 529 33 22 för
849 530 65 21 orden
933 536 58 15 »som
1006 529 47 27 fyllt

228 557 27 20 15
269 557 36 21 år»
323 557 68 22 skulle
406 558 49 27 ingå
472 565 59 14 »som
547 559 92 26 uppnått
654 559 193 26 uppbådsåldern».

296 615 33 20 Hr
345 615 124 21 Heikel:
486 615 75 21 Denna
572 615 208 27 sammanjämkning
792 615 39 21 har
841 615 123 22 tillkommit
974 621 77 21 genom

226 643 80 21 lottens
329 643 134 22 medvärkan.
494 644 41 21 För
559 645 42 20 min
626 644 33 21 del
675 644 38 21 har
726 645 37 26 jag
779 644 46 21 icke
841 644 92 27 bidragit
948 644 30 21 till
994 645 57 20 detta

225 671 86 27 förslag,
334 678 48 15 men
403 672 38 27 jag
461 673 68 21 måste
552 673 54 21 dock
627 676 49 23 taga
692 673 117 21 utskottets
825 673 108 27 majoritet
947 673 7 20 i
969 672 82 22 försvar

226 702 46 19 mot
278 701 131 26 påståendet,
417 704 31 18 att
455 701 70 21 denna
533 701 207 28 sammanjämkning
746 704 22 19 är
779 701 169 27 »otvifvelaktigt
954 701 97 27 oriktig»,

226 731 22 24 ty
264 729 27 21 då
313 729 35 21 två
371 730 62 21 stånd
456 730 33 21 stå
511 733 44 18 mot
578 731 41 25 två,
642 730 38 21 har
696 731 36 20 det
753 730 65 21 sedan
836 730 101 27 gammalt
951 730 35 21 vid
1002 730 49 21 våra

226 757 127 27 landtdagar
368 759 55 20 varit
437 765 26 14 en
479 759 140 26 tvistepunkt,
635 765 35 14 om
686 759 36 21 det
738 759 77 25 beslut,
831 765 46 14 som
888 758 163 22 öfverensstäm-

227 792 46 15 mer
283 787 48 20 med
347 787 97 26 gällande
454 787 40 27 lag,
503 787 54 22 skall
566 788 110 21 dominera
684 787 50 22 eller
743 788 41 24 det,
794 793 46 15 som
850 787 72 21 stöder
931 787 33 27 sig
974 787 26 27 på
1011 787 40 21 den

225 814 110 27 förelagda
345 816 166 26 propositionen.
529 816 309 27 Sammanjämkningsförslag,
850 816 70 27 dylika
930 822 46 15 som
988 816 63 24 detta,

226 842 64 22 hafva
305 843 44 22 ofta
370 843 58 22 förut
442 844 141 21 förekommit.
615 845 63 21 Hvad
702 845 44 21 åter
762 851 25 14 en
805 845 69 26 saklig
889 845 111 26 medelväg
1017 845 34 20 be-

226 871 79 25 träffar,
321 873 24 20 så
360 873 104 21 uttalades
479 873 46 21 från
542 873 69 21 skilda
622 873 47 26 håll,
679 876 32 19 att
722 880 25 14 en
759 873 66 22 sådan
839 873 7 21 i
857 873 71 21 denna
937 873 59 27 fråga
1006 873 45 21 icke

226 907 53 15 vore
294 901 91 27 lämplig,
397 904 50 18 utan
458 905 31 18 att
499 908 48 15 man
560 902 100 27 antingen
670 902 66 21 borde
745 905 79 23 antaga
834 902 165 27 propositonens
1010 902 41 21 för-

226 929 47 27 slag
289 930 50 20 eller
351 930 64 21 också
423 930 43 21 helt
476 931 39 21 och
528 931 65 21 hållet
601 931 71 21 lämna
682 931 48 21 bort
738 932 59 20 detta
809 931 123 26 stadgande,
941 933 21 24 ty
970 930 81 22 faktum

225 959 24 19 är
263 958 30 26 ju,
309 960 31 19 att
362 958 35 22 det
412 959 7 21 i
434 959 73 27 hvarje
525 959 102 22 handelse
649 960 62 20 beror
734 960 27 26 på
782 960 62 20 Hans
864 960 100 26 Majestät
979 966 72 14 ensam

225 988 33 19 att
273 986 67 22 befria
355 993 25 15 en
397 988 141 27 medborgare
553 988 46 21 från
615 988 54 21 hans
685 988 146 26 undersåtliga
846 988 142 26 förpliktelser
1002 988 50 21 eller

226 1017 33 19 att
273 1015 53 21 afslä
341 1022 26 14 en
383 1016 96 21 anhållan
495 1017 7 20 i
517 1016 77 22 sådant
609 1016 61 27 syfte.
696 1016 72 22 Skulle
780 1022 26 15 en
817 1016 123 22 återremiss
953 1016 98 26 beslutas,

227 1043 49 21 ville
288 1044 38 26 jag
341 1044 88 26 anhålla,
445 1047 31 19 att
498 1045 177 27 borgareståndet
690 1045 32 21 för
738 1046 33 20 sin
788 1045 34 21 del
839 1045 75 21 endast
930 1045 68 21 skulle
1010 1044 41 22 för-

225 1072 63 21 kasta
303 1072 58 22 detta
385 1073 299 27 sammanjämkningsförslag
700 1074 38 21 och
754 1073 46 21 icke
816 1073 84 22 anhålla
914 1076 32 18 att
961 1076 30 18 ett
1007 1076 46 24 nytt

225 1101 302 27 sammanjämkningsförslag
549 1102 69 21 skulle
638 1104 108 26 uppgöras
770 1102 28 27 på
814 1102 70 26 grund
907 1102 23 21 af
953 1102 100 26 borgare-

225 1129 98 21 ståndets
340 1130 76 21 beslut.
444 1131 42 25 Jag
501 1130 123 28 föredrager
640 1131 106 27 nämligen
763 1131 27 21 då
805 1130 34 22 för
855 1131 42 21 min
914 1130 33 22 del
962 1133 32 19 att
1008 1130 44 22 helt

226 1158 40 21 och
282 1158 64 21 hållet
361 1158 70 22 lämna
447 1159 48 21 bort
510 1160 59 20 detta
583 1160 124 26 stadgande.

296 1216 33 20 Hr
344 1216 121 26 Elving:
481 1216 10 21 I
507 1216 66 21 likhet
596 1216 49 22 med
667 1216 25 22 hr
706 1216 78 22 Heikel
807 1216 39 21 har
869 1216 45 21 icke
936 1216 66 21 häller
1014 1216 38 27 jag

226 1243 93 28 bidragit
334 1244 31 21 till
381 1244 36 21 det
432 1245 314 27 sammanjämkningsresultat,
763 1252 47 14 som
826 1244 120 28 föreligger,
959 1251 47 15 men
1014 1245 38 26 jag

225 1274 30 24 är,
271 1273 88 20 likasom
383 1273 25 21 hr
425 1273 80 26 Heikel,
521 1274 64 21 också
609 1274 124 27 obetingadt
759 1273 23 22 af
795 1274 40 21 den
863 1273 141 28 uppfattning,
1021 1276 31 19 att

226 1301 25 20 R.
269 1307 18 15 o.
303 1301 36 21 A:s
356 1301 70 22 beslut
441 1302 7 21 i
463 1301 73 28 frågan
553 1304 23 19 är
591 1305 32 18 att
635 1302 113 27 föredraga
758 1302 89 21 framför
858 1302 194 27 borgareständets,

226 1329 40 21 och
283 1329 68 22 skulle
367 1330 26 21 be
408 1333 31 18 att
461 1330 33 21 för
515 1331 177 26 borgareständet
704 1331 21 21 fä
734 1331 120 21 framställa
865 1337 81 15 samma
954 1331 97 21 anhällan

226 1364 47 15 som
289 1358 25 21 hr
337 1359 83 20 Heikel.
451 1359 42 21 Det
509 1365 64 21 synes
589 1360 49 26 mig,
653 1362 37 23 att,
706 1366 34 15 om
757 1360 20 20 vi
794 1360 77 26 stadga
885 1359 119 27 nägonting
1019 1359 32 21 sä-

225 1386 54 21 dant
293 1393 46 14 som
360 1387 188 27 borgareständets
564 1391 85 18 senaste
664 1389 77 24 beslut,
757 1388 38 21 det
810 1388 96 21 kommer
918 1390 30 19 att
959 1390 49 24 taga
1019 1388 32 26 sig

225 1415 83 26 ganska
331 1415 36 22 illa
382 1419 30 18 ut.
440 1417 41 26 Jag
504 1423 73 14 menar
601 1417 36 20 det
652 1417 46 21 icke
713 1417 50 20 med
778 1417 84 26 hänsyn
878 1416 76 26 därtill,
970 1418 31 19 att
1016 1416 35 21 det

225 1445 24 18 är
266 1444 122 27 monarken,
413 1450 46 16 som
481 1445 38 21 har
534 1445 185 26 afgöranderätten
734 1445 8 21 i
758 1445 81 21 sådana
853 1445 41 25 fall,
910 1457 28 2 —
953 1447 31 18 att
999 1444 52 22 afslä

225 1471 53 22 eller
300 1472 96 22 förkasta
417 1473 86 22 alldeles
524 1473 122 22 oberoende
660 1473 23 22 af
697 1481 33 14 om
748 1474 71 21 denna
834 1473 35 27 lag
884 1473 116 21 innehåller
1016 1473 34 21 be-

225 1501 124 21 stämmelse
364 1502 7 20 i
389 1503 71 20 ämnet
481 1502 51 21 eller
555 1502 51 26 icke,
623 1515 26 3 —
665 1505 50 19 utan
734 1502 39 27 jag
789 1509 73 14 menar
878 1502 36 21 det
929 1501 76 26 därför,
1020 1505 31 18 att

225 1529 37 21 det
278 1536 62 20 synes
363 1531 44 26 mig
423 1531 45 20 icke
483 1531 71 21 säsom
575 1537 26 14 en
617 1531 141 27 medborgare
774 1531 110 27 prydande
898 1531 107 26 handling,
1020 1533 31 18 att
