1103 1773
76 110 22 18 17
110 110 47 20 maj.
862 102 42 22 117

307 264 61 26 Den
386 263 30 27 17
435 263 56 35 maj
510 263 39 27 kl.
567 264 16 26 7
601 270 22 20 e.
642 271 35 18 m.

148 332 146 22 Ordförande:
309 332 25 22 hr
350 333 167 21 vicetalmannen
537 332 113 28 Wegelius.

147 390 42 22 Vid
204 390 139 27 protokollet:
359 390 96 22 ständets
471 390 140 21 sekreterare.

147 447 161 21 Frånvarande:
331 447 44 28 hrr,
391 446 116 27 Borenius,
531 446 82 27 Lindh,
637 446 21 21 J.
684 446 25 21 A.
734 446 110 21 Pelkonen
866 445 41 22 och

81 475 88 22 Genetzx.

149 608 69 21 Innan
234 607 188 26 förhandlingarna
438 608 91 21 rörande
544 608 36 21 det
591 607 83 26 ärende,
686 607 7 21 i
706 607 116 27 anledning
832 605 78 23 hvaraf

81 636 85 21 ständet
181 635 69 22 blifvit
265 636 182 26 sammankalladt,
463 637 93 26 vidtogo,
572 636 71 21 anhöll

149 693 25 21 hr
189 693 137 22 Jansson
350 699 34 15 om
408 693 61 22 ordet
484 693 39 22 och
539 693 94 28 yttrade:
653 693 41 22 Vid
710 695 86 20 senaste
811 692 99 22 enskilda

80 722 87 27 plenum
190 721 101 22 förehade
311 722 179 27 borgareständet
505 722 31 21 till
553 722 121 21 diskussion
690 721 40 22 och
745 722 73 21 beslut
834 721 75 27 frägan

81 757 35 15 om
139 750 130 22 förfarandet
291 751 48 20 med
362 751 26 20 de
411 750 113 27 protokoll,
548 757 46 15 som
618 751 123 20 tillkommit
760 751 36 20 vid
811 750 99 21 ständets

81 779 97 21 enskilda
200 779 69 26 plena.
300 779 90 21 Ständet
414 779 75 26 beslöt,
510 781 32 19 att
557 779 63 22 dessa
635 779 108 27 protokoll
758 779 67 21 borde
840 778 71 21 öfver-

81 808 82 21 lämnas
178 808 32 21 till
225 808 70 27 privat
311 807 176 28 bankinrättning
501 807 32 22 för
549 810 32 19 att
596 808 37 21 där
649 807 96 22 förvaras
760 808 6 21 i
782 808 28 21 25
822 808 36 21 ärs
872 807 39 26 tid,

82 837 49 20 med
146 836 102 27 rättighet
263 836 54 21 dock
331 836 33 21 för
377 837 180 26 borgareständet
568 838 32 19 att
610 837 90 26 tidigare
711 836 84 21 besluta
805 836 31 21 till
846 836 65 21 deras

82 864 197 28 offentliggörande.
309 865 75 22 Under
406 865 152 21 diskussionen
578 865 7 20 i
601 865 69 21 denna
685 864 60 28 fräga
760 865 38 21 har
810 865 38 27 jag
863 864 49 21 icke

82 893 45 22 haft
147 894 116 27 anledning
284 896 31 19 att
338 894 68 21 uttala
427 894 50 26 mig.
507 894 42 26 Jag
566 894 75 27 nöjdes
657 894 32 21 för
705 894 43 21 min
765 894 34 21 del
814 894 48 21 med
878 895 35 19 ett

82 922 111 22 uttalande
208 922 22 21 af
243 922 25 22 hr
284 922 150 28 Schybergson
449 922 87 26 därhän,
552 925 32 19 att
598 922 70 27 nägon
685 922 169 27 utomordentlig
861 928 48 15 var-

83 951 82 21 samhet
187 950 132 22 beträffande
340 952 62 20 dessa
417 951 108 26 protokoll
541 951 45 21 icke
603 953 72 24 syntes
691 950 91 22 behöfva
797 951 115 26 iakttagas,

82 979 27 21 då
131 980 55 21 intet
207 980 58 21 inom
289 979 86 22 ståndet
396 979 105 26 förefallit,
525 986 46 15 som
592 979 101 21 behöfver
709 979 39 27 sky
764 979 80 27 dagens
859 979 53 26 ljus.

82 1008 47 21 Mot
144 1008 36 21 det
194 1008 72 21 beslut
281 1008 85 21 ståndet
381 1007 79 22 fattade
476 1008 55 21 hade
543 1008 38 27 jag
596 1008 65 21 också
670 1008 112 27 ingenting
794 1007 117 27 väsentligt

82 1038 32 19 att
128 1037 108 21 anmärka.
265 1036 125 21 Emellertid
402 1037 39 20 har
458 1037 39 26 jag
512 1037 79 25 erfarit,
606 1039 32 18 att
653 1037 71 26 någon
740 1037 51 21 eller
807 1037 67 26 några
889 1035 26 22 af

83 1065 96 21 ståndets
195 1065 138 21 medlemmar
349 1065 48 21 med
413 1065 58 21 detta
487 1065 71 21 beslut
573 1065 52 21 känt
641 1065 32 27 sig
684 1065 117 27 missnöjda
817 1065 40 22 och
866 1064 46 21 för-

82 1096 78 23 menat,
175 1096 32 19 att
222 1094 62 21 deras
300 1094 97 21 enskilda
412 1095 42 20 rätt
470 1094 105 21 måhända
590 1094 72 21 kunde
676 1093 84 28 påkalla
775 1095 32 20 ett
819 1093 91 27 tidigare

83 1122 191 27 offentliggörande
296 1122 22 22 af
331 1122 27 21 de
380 1123 97 21 enskilda
499 1122 189 27 förhandlingarna
712 1124 27 19 än
762 1122 54 21 efter
831 1122 28 21 25
874 1122 38 21 års

82 1151 91 27 förlopp,
193 1157 48 15 men
257 1153 32 19 att
304 1153 30 19 ett
350 1151 76 21 sådant
441 1151 193 27 offentliggörande
649 1151 116 21 eventuellt
780 1151 72 21 kunde
867 1150 44 21 för-

83 1179 87 22 hindras
193 1179 64 26 däraf,
278 1182 32 19 att
325 1186 49 15 man
389 1179 47 22 icke
460 1180 73 21 kunde
550 1179 83 22 besluta
648 1179 70 22 härtill
732 1180 66 21 innan
814 1186 49 15 man
878 1179 33 21 in-

82 1208 83 21 hämtat
187 1209 79 20 sådana
289 1208 119 27 deltagares
430 1209 7 20 i
460 1209 126 20 debatterna
607 1208 99 27 yttrande
721 1208 7 21 i
744 1208 72 26 saken,
839 1207 72 22 hvilka

83 1237 100 26 möjligen
206 1243 52 15 voro
280 1237 148 25 frånvarande,
446 1237 27 21 då
489 1237 36 21 det
540 1237 69 26 gällde
630 1239 31 19 att
682 1236 53 22 fatta
754 1237 99 21 beslutet.
883 1235 32 22 Af

83 1265 70 21 denna
167 1265 116 28 anledning
298 1265 36 22 vill
347 1265 43 27 jag,
406 1271 47 16 som
469 1265 68 22 oftare
553 1265 91 27 nödgats
659 1268 50 24 taga
724 1265 31 21 till
766 1265 62 22 ordet
842 1265 69 21 under

83 1293 64 22 dessa
169 1294 102 26 debatter,
294 1293 62 22 hafva
379 1294 31 21 till
431 1294 130 27 protokollet
583 1294 101 25 anmäldt,
703 1296 37 24 att,
755 1300 35 15 om
803 1293 43 28 jag,
863 1300 46 15 som

83 1322 84 27 möjligt
189 1323 39 21 och
248 1323 108 21 sannolikt
377 1324 29 24 är,
422 1323 46 21 icke
485 1329 50 15 vore
551 1323 138 25 närvarande,
704 1323 28 21 då
746 1322 37 21 det
798 1322 66 27 gäller
879 1324 35 19 att

82 1350 54 22 fatta
151 1351 76 21 sådant
242 1351 76 26 beslut,
331 1351 39 27 jag
384 1351 33 21 för
432 1351 44 21 min
488 1357 78 21 person
577 1351 46 21 ieke
633 1351 95 26 påkallar
740 1351 70 26 någon
821 1351 90 27 hänsyn,

82 1379 44 21 ifall
149 1379 178 28 borgareståndet
350 1380 78 21 önskar
443 1380 86 21 besluta
545 1379 31 22 till
591 1380 64 21 dessa
670 1379 119 27 protokolls
806 1379 105 27 offentlig-

83 1408 100 27 görande.
213 1409 132 26 Visserligen
366 1408 74 21 kunde
461 1408 7 21 i
484 1410 31 19 ett
531 1408 50 22 eller
597 1410 66 19 annat
677 1407 23 22 af
713 1408 57 21 mina
786 1408 124 21 uttalanden

82 1437 51 26 ingå
148 1437 66 26 något
233 1437 89 27 uttryck,
339 1436 81 22 hvilket
434 1436 47 21 icke
496 1436 69 22 blifvit
579 1436 50 21 fullt
644 1437 24 21 så
682 1436 150 27 omsorgsfullt
846 1436 65 25 valdt,

83 1471 46 15 som
145 1465 60 21 fallet
219 1465 54 22 hade
289 1466 61 25 varit,
365 1471 36 15 om
417 1465 64 21 dessa
497 1465 123 21 uttalanden
636 1465 54 21 hade
706 1465 55 21 varit
775 1465 88 21 afsedda
878 1464 33 21 för

81 1499 28 15 en
125 1495 70 19 större
220 1493 139 28 offentlighet.
390 1493 41 21 Om
455 1494 183 26 borgareståndet,
654 1493 26 21 då
695 1493 60 27 fråga
770 1493 90 27 uppstår
876 1499 38 15 om
