1070 1739
233 131 34 18 138

199 195 83 26 uttryck
305 195 66 27 enligt
395 196 41 19 min
461 196 70 27 tanke,
553 197 47 20 med
624 197 83 27 hönsigt
730 197 31 20 till
785 198 26 20 de
834 198 57 20 olika
915 198 34 20 be-

198 235 95 20 greppen
309 237 32 12 om
358 230 36 20 det
409 231 119 26 tidsenliga,
544 231 70 20 alltför
629 232 116 20 sväfvande
761 233 38 19 och
817 233 132 26 mångtydigt

199 264 31 19 för
250 266 29 17 att
303 264 70 20 kunna
389 265 128 26 tillförlitligt
539 265 85 27 angifva
644 266 39 19 den
704 266 171 28 grundriktning,
890 267 59 20 hvari

199 298 36 20 det
251 298 107 20 blifvande
374 299 148 26 lagförslagets
538 299 131 27 stadganden
687 300 64 20 borde
767 300 72 21 hållas.

267 332 42 20 Det
328 333 58 20 torde
411 339 49 14 vara
479 333 54 20 klart
553 333 39 20 och
608 333 107 26 sjelffallet
730 336 30 17 att
779 335 26 19 då
824 335 69 26 någon
913 335 37 20 fått

199 367 32 26 sig
255 366 112 20 tillerkänd
392 373 26 14 en
442 367 155 27 medborgerlig
620 368 101 26 rättighet
744 368 22 20 af
787 369 40 20 den
847 369 103 20 särskilda

199 401 39 20 och
255 401 81 26 vigtiga
351 403 37 22 art,
404 407 44 14 som
469 401 153 26 berättigandet
642 404 30 17 att
691 402 84 26 deltaga
790 403 7 19 i
814 403 31 19 val
862 403 23 20 af
898 403 52 20 folk-

200 437 152 23 representant.
372 435 121 19 densamme
514 436 61 18 äfven
597 436 35 18 bör
652 442 40 20 ega
710 436 26 19 de
754 436 107 20 allmänna
879 437 71 26 rättig-

202 469 66 24 heter,
287 475 43 13 som
355 469 118 19 tillkomma
497 469 139 27 medborgare
652 470 6 19 i
675 470 35 19 det
730 470 100 20 samhälle
851 471 38 19 han
910 471 40 19 till-

200 503 44 19 hör.
261 503 36 19 Ett
312 505 84 17 motsatt
410 503 132 20 förhållande
558 504 88 19 innebär
657 504 157 27 otvifvelaktigt
829 511 25 13 en
872 512 78 19 uppen-

201 537 36 20 bar
253 537 163 26 inkonseqvens.
447 538 123 19 Emellertid
594 540 36 17 äro
646 538 6 19 i
670 538 44 20 vårt
737 539 48 19 land
809 539 92 20 Judarne
922 540 28 19 uti

200 572 40 19 den
265 571 149 27 besynnerliga
437 572 100 26 ställning
560 574 30 18 att
611 572 26 20 de
660 572 68 20 såsom
752 572 80 20 sådana
850 573 47 20 icke
913 576 37 16 äro

200 606 102 20 hindrade
325 608 31 17 att
379 606 84 26 deltaga
482 606 6 20 i
507 606 32 20 val
562 606 23 20 af
606 606 168 27 landtdagsmän,
798 614 46 12 men
868 607 81 20 ändock

200 640 66 20 sakna
286 640 26 20 de
331 640 69 26 öfriga
423 640 170 26 medborgerliga
615 641 131 26 rättigheter,
765 641 73 19 hvilka
860 641 37 20 hos
916 648 34 13 oss

199 674 119 20 tillkomma
341 674 62 20 äfven
429 674 54 26 dem,
503 680 44 14 som
571 677 35 17 äro
626 674 44 20 från
692 675 127 26 deltagande
837 676 6 18 i
861 676 90 19 nämnda

200 708 32 20 val
260 708 110 20 uteslutna.
408 708 41 20 Det
471 711 22 17 är
516 708 67 26 enligt
606 709 40 19 min
670 709 56 26 åsigt
748 709 81 26 ganska
857 709 93 26 maktpå-

200 742 100 27 liggande
324 744 30 18 att
376 749 25 13 en
426 742 58 26 dylik
509 742 108 27 betänklig
640 743 175 26 :sjelfmotsägelse
837 744 6 18 i
862 744 88 25 lagstift-

201 777 104 26 ningsväg
320 776 23 20 så
360 777 40 19 fort
415 776 38 20 ske
477 776 39 20 kan
541 777 115 25 upphäfves
679 777 39 19 och
742 779 30 17 att
795 777 57 20 detta
875 778 77 26 tydligt

201 810 75 20 uttalas
296 811 27 19 uti
343 811 40 19 den
404 817 25 13 nu
449 810 109 20 förordade
579 811 114 25 petitionen
714 812 7 18 i
739 813 78 17 ämnet.
851 811 99 20 Densam-

201 851 33 13 ma
257 844 67 20 skulle
348 844 82 20 således
454 844 51 20 böra
528 845 123 26 uttryckligt
674 844 111 20 framhålla
807 847 30 17 att
860 845 35 20 det
914 848 36 17 ön-

200 878 66 20 skade
290 878 136 26 lagförslaget
450 879 63 19 borde
537 878 49 27 utgå
607 878 45 20 från
676 879 41 19 den
740 879 158 26 grundprincip,
918 881 33 19 att

196 912 76 26 Jinska
288 912 129 20 undersäter
435 912 24 26 af
459 912 101 27 judiska
579 913 119 27 religionen
715 912 69 21 skulle
807 912 145 22 tillerkännas

199 952 83 14 samma
305 946 172 27 medborgerliga
502 946 133 27 rättigheter,
660 953 46 14 som
731 946 120 21 tillkomma
877 947 75 27 öfriga

195 979 78 27 finska
295 979 146 28 medborgare,
461 982 53 18 utan
537 982 32 18 att
592 980 123 27 derigenom
736 979 66 22 likväl
821 981 72 26 någon
914 983 38 18 än-

199 1013 66 27 dring
290 1014 33 19 uti
345 1013 57 21 hvad
424 1013 103 28 gällande
549 1014 215 28 landtdagsordning
788 1014 39 21 och
847 1014 105 29 kyrkolag

199 1047 81 28 stadga
292 1047 62 28 finge
372 1054 39 21 ega
430 1054 54 14 rum.
515 1048 132 21 Beträffande
667 1049 6 19 i
692 1049 89 20 Finland
802 1049 96 20 vistande
916 1049 35 20 Ju-

201 1082 43 25 dar,
268 1081 72 20 hvilka
363 1081 48 20 icke
438 1088 49 13 vore
513 1082 67 20 finska
605 1083 146 26 medborgare,
775 1083 65 20 borde
865 1083 87 20 föreslås

201 1119 31 16 att
250 1116 57 26 gälla
327 1116 25 19 de
372 1116 138 26 stadganden,
529 1123 44 13 som
589 1119 36 17 äro
641 1117 118 20 fastställda
774 1117 31 19 för
821 1117 68 26 öfriga
904 1118 48 19 icke

201 1150 69 20 finska
286 1150 128 25 undersåter,
430 1150 73 20 hvilka
518 1151 63 19 vistas
597 1151 6 19 i
619 1151 79 20 landet.

269 1184 9 19 I
294 1184 35 20 det
346 1184 130 26 föregående
499 1187 22 17 är
545 1185 41 20 min
611 1192 26 12 nu
661 1185 128 25 framstälda,
809 1185 23 20 af
853 1185 100 20 utskottet

200 1218 48 20 ieke
265 1218 86 27 hyllade
367 1218 54 27 åsigt
437 1219 5 19 i
460 1219 117 26 möjligaste
596 1219 85 20 korthet
700 1219 123 20 motiverad.
854 1219 44 20 Den
916 1220 36 19 har

201 1253 103 25 derjemte
326 1251 77 27 lyckan
428 1255 30 17 att
480 1253 71 20 kunna
573 1253 69 26 stödja
663 1253 33 26 sig
717 1253 27 26 på
764 1253 26 20 de
809 1253 60 35 flesta
887 1253 23 20 af
926 1253 26 20 de

200 1287 53 25 skäl,
270 1286 72 20 hvilka
366 1287 101 19 utskottet
486 1287 31 20 för
537 1287 31 19 sin
592 1287 84 26 mening
700 1287 108 26 åberopat,
825 1287 38 19 och
880 1287 75 20 hvaraf

197 1321 44 26 jag.
249 1320 49 20 sökt
316 1321 66 26 draga
402 1320 167 27 konsegvensen.
601 1321 36 20 Att
655 1321 27 26 på
702 1320 89 21 förhand
812 1321 84 20 bemöta
911 1321 42 20 alla

200 1355 26 19 de
243 1354 76 26 inkast,
339 1355 73 19 hvilka
432 1358 57 17 emot
507 1355 40 19 min
568 1355 138 20 förenämnda
724 1354 55 27 åsigt
797 1354 72 20 kunna
883 1357 69 24 göras,

199 1392 23 16 är
242 1389 132 26 naturligtvis
394 1389 38 19 här
450 1389 31 20 för
500 1389 42 26 mig
561 1389 47 20 icke
628 1389 88 26 möjligt,
736 1395 47 12 men
805 1388 42 20 alla
865 1389 87 20 invänd-

199 1423 76 26 ningar
290 1423 7 19 i
313 1423 70 19 denna
402 1423 94 26 syftning
515 1423 51 20 böra
589 1423 53 20 dock
666 1423 84 20 förfalla
772 1422 56 20 inför
851 1423 35 19 det
908 1423 45 21 fak-

199 1459 50 23 tum,
274 1458 30 18 att
326 1457 28 18 uti
378 1457 105 19 Judarnes
505 1457 88 27 religion
615 1457 47 19 icke
686 1457 72 26 ingår.
771 1456 65 26 något
859 1457 94 27 fiendligt
