1070 1739
336 429 118 21 Allmänna
471 430 243 20 Besvårs-utskottets
734 430 148 20 Betänkande

270 464 30 20 N:o
315 462 18 27 7,
347 464 7 20 i
369 464 102 26 anledning
487 464 21 21 af
521 464 97 20 särskilda
632 464 51 21 inom
698 464 139 27 Ridderskapet
847 464 36 21 och

269 498 56 20 Adeln
347 500 48 18 samt
417 498 162 26 Borgareståndet
600 498 68 21 väckta
685 499 104 26 petitioner
807 505 30 14 om
852 498 31 26 lag

270 533 96 26 angående
385 532 94 26 vilkoren,
498 533 109 21 hvarunder
621 533 114 21 koncession
750 534 31 20 för
795 532 88 22 enskilde

269 574 92 20 personer
379 568 49 20 eller
446 567 58 27 bolag
522 569 28 19 att
564 568 6 20 i
587 568 76 20 Finland
678 568 60 26 bygga
750 568 80 27 jernväg
845 567 38 21 kan

270 603 22 20 af
303 602 119 27 Regeringen
436 602 103 21 meddelas.

204 667 35 20 Uti
262 666 190 27 protokollsutdrag
473 666 24 19 af
519 666 40 20 den
580 666 27 20 20
626 666 96 20 sistlidhe
742 666 99 20 Februari
858 666 26 20 ha

137 701 154 26 Ridderskapet
312 700 39 20 och
372 700 70 20 Adeln
465 700 111 20 äfvensom
596 700 177 26 Borgareständet
793 701 30 20 till
839 700 43 20 All-

138 739 75 17 männa
231 735 200 21 Besvärsutskottets
447 734 155 21 förberedande
618 734 158 28 handläggning
791 735 92 20 remitte-

137 773 32 18 rat
185 774 77 16 tvenne
278 770 22 19 af
313 770 47 19 herr
374 769 89 26 Pipping
479 769 41 19 och
533 769 156 26 borgmästaren
701 769 93 27 Procop6
803 770 81 26 ingifna

140 804 240 28 petitionsmemorialer,
391 804 58 20 hvari
464 803 27 27 pä
508 804 89 19 anförda
611 803 46 20 skäl
672 804 103 20 anhälles:
787 806 30 18 att
825 804 59 20 Stän-

139 840 64 20 derna
218 839 50 19 ville
282 838 50 27 ingå
347 838 30 20 till
392 838 58 20 Hans
465 838 118 26 Kejserliga
599 838 97 26 Majestät
710 838 48 20 med
772 846 25 12 en
809 839 76 19 under-

138 874 63 26 dänig
216 874 89 26 petition
327 879 34 13 om
380 874 30 18 att
430 874 29 18 ett
478 872 123 26 lagförslag,
617 872 23 20 sä
655 872 41 20 fort
710 872 32 28 sig
758 875 51 25 göra
824 872 59 26 läter,

139 908 63 20 mätte
225 908 31 20 för
276 907 111 20 ständerna
407 906 120 27 föreläggas
543 906 109 26 angäende
668 906 166 27 grundvilkoren
850 907 35 20 vid

139 942 159 21 koncessioners
318 941 118 26 beviljande
457 940 31 20 för
508 940 99 20 enskilda
618 941 183 26 jernvägsföretag
816 942 7 19 i
838 942 47 19 Fin-

139 977 56 20 land.

208 1011 41 20 Vid
265 1010 185 27 handläggningen
466 1010 23 19 af
504 1009 140 21 förevarande
659 1010 78 20 ärende
747 1010 64 21 hafva
821 1011 66 26 nägra

141 1045 201 27 meningsolikheter
360 1045 57 19 inom
433 1044 103 20 utskottet
551 1044 48 20 icke
615 1044 80 20 kunnat
710 1045 73 26 uppstä
798 1045 89 20 rörande

141 1081 45 27 den
198 1080 22 20 af
233 1079 162 27 petitionärerne
410 1079 122 26 föreslagna
547 1079 73 26 lagens
632 1079 128 26 behöflighet
770 1079 39 20 och
821 1081 66 25 nytta.

142 1115 44 20 Den
210 1113 125 26 erfarenhet,
356 1120 44 13 som
420 1113 84 20 vunnits
524 1120 24 13 ur
563 1113 26 20 de
605 1113 73 20 hittills
694 1113 88 21 ansökta
796 1113 40 21 och
852 1113 35 21 be-

141 1149 78 26 viljade
241 1149 177 20 koncessionerna
437 1147 30 20 till
486 1148 263 27 jernvägsanläggningar,
768 1155 64 20 synes
848 1148 39 20 till-

141 1183 91 27 räckligt
247 1183 42 20 tala
304 1183 31 19 för
351 1189 25 13 en
392 1182 64 20 sädan
468 1182 35 27 lag
515 1184 54 18 samt
580 1185 50 24 göra
641 1182 121 21 densamma
772 1183 43 20 lika
825 1183 62 19 önsk-

143 1217 50 21 värd
213 1217 32 20 för
260 1217 108 26 styrelsen,
384 1223 44 14 som
444 1217 31 19 för
490 1217 27 19 de
534 1217 77 26 styrda.
641 1217 32 19 Dä
688 1217 36 20 det
738 1217 65 20 sedan
819 1216 68 20 uräld-

142 1253 45 26 riga
207 1252 53 19 tider
280 1251 120 20 tillkommit
419 1251 39 20 och
473 1254 58 17 ännu
547 1251 127 20 tillkommer
690 1251 36 20 det
740 1251 67 20 finska
823 1251 66 20 folket

142 1288 36 24 att,
198 1286 68 20 säsom
286 1285 203 27 Byggningabalken
507 1286 7 19 i
532 1285 53 20 1734
604 1285 33 20 ärs
652 1285 34 26 lag
701 1288 94 17 närmare
811 1285 77 26 ädaga-

142 1321 80 26 lägger,
238 1320 99 26 deltaga
330 1315 9 36 i
349 1320 158 27 lagstiftningen
525 1326 35 13 om
576 1319 102 26 vilkoren,
694 1320 117 19 hvarunder
825 1322 65 24 vägar

143 1355 40 20 och
204 1354 61 20 broar
284 1354 59 20 skola
358 1355 6 18 i
380 1354 72 20 landet
468 1354 97 26 inrättas,
581 1354 23 20 sä
619 1355 37 19 har
672 1354 100 20 utskottet
787 1355 19 26 ej
823 1354 67 20 heller

144 1389 49 26 hyst
212 1388 68 26 nägon
301 1388 77 20 tvekan
396 1389 79 25 derom,
491 1391 32 17 att
539 1395 28 13 nu
582 1388 118 27 föreslagna
715 1389 35 26 lag
765 1388 75 20 endast
855 1394 34 21 ge-

145 1429 47 14 nom
216 1422 124 20 samverkan
360 1423 22 20 af
400 1423 107 26 Regering
529 1423 40 20 och
587 1423 89 20 Ständer
692 1422 63 21 borde
770 1422 119 21 ästadkom-

145 1463 51 13 mas.
225 1456 69 20 Jemte
317 1457 35 19 det
374 1457 100 19 utskottet
494 1457 85 19 säledes
598 1457 83 19 förenar
696 1457 32 26 sig
744 1457 48 19 med
807 1457 82 26 petitio-

144 1494 95 22 närerne,
263 1490 58 20 utber
344 1491 36 20 det
398 1491 32 26 sig
450 1491 20 20 få
490 1491 114 20 framhålla
620 1491 25 20 de
662 1491 130 27 väsendtliga
808 1491 83 25 brister,
