1070 1739
807 148 33 18 337

128 213 36 18 äro
180 211 57 20 inom
254 210 129 20 vidsträckta
398 210 144 26 kronoparker
557 210 68 21 skulle
636 211 48 20 dem
688 206 114 36 tillskiftas
812 206 61 36 lämp-

128 245 44 27 liga
194 245 86 25 skiften,
302 244 50 20 eller
374 244 65 20 också
457 244 91 21 tilldelas
568 245 74 20 endast
658 245 150 27 odlingsmark,
825 252 46 13 men

128 279 53 27 skog
196 279 69 20 skulle
281 279 25 20 de
321 279 81 20 erhålla
416 279 23 20 af
452 279 80 20 kronan
549 279 66 27 enligt
630 280 118 27 anvisning.

195 313 50 20 3:tio
267 313 23 20 af
310 313 202 27 landtdagsmannen
533 313 89 27 Stråhle,
642 321 52 19 som,
710 314 74 20 såvida
799 314 25 20 de
839 313 33 20 för

126 346 120 22 införandet
268 347 23 20 af
311 349 29 18 ett
359 347 125 21 förbättradt
502 348 39 20 och
557 355 57 14 mera
628 349 107 20 extensivt
747 348 102 27 jordbruk
865 349 7 19 i

127 382 87 20 Finland
238 382 23 20 så
281 382 133 27 nödvändiga
434 383 302 27 storskiftesförrättningarne,
753 383 83 26 tillföljd
851 383 21 20 af

127 417 40 19 den
183 416 63 26 långa
262 417 29 19 tid
307 417 39 19 och
362 417 26 19 de
404 417 68 26 dryga
486 417 115 21 kostnader
616 417 27 20 de
654 417 31 20 för
696 417 132 21 närvarande
839 423 31 14 er-

127 451 76 26 fordra,
218 451 24 19 af
252 451 154 26 jordbrukarne
421 451 99 20 öfverallt
535 452 23 20 så
572 452 44 20 vidt
632 452 82 26 möjligt
727 454 23 18 är
762 451 109 26 undvikas,

127 486 39 20 och
189 485 26 20 då
237 485 112 21 orsakerne
372 486 32 20 till
427 486 58 20 detta
505 486 121 27 beklagliga
646 486 131 20 förhållande
797 486 74 20 endast

126 520 71 20 kunna
216 520 62 20 sökas
293 520 7 20 i
314 520 167 20 landtmäteriets
502 520 152 27 beskaffenhet,
670 521 95 21 förordar
780 520 90 21 nämnde

127 554 145 27 embetskorps
288 555 184 27 omorganisation.
495 555 32 20 Då
542 555 140 27 petitionären
697 562 61 14 anser
773 556 27 20 de
811 555 59 21 brist-

126 588 127 28 fälligheter,
277 596 42 13 som
340 589 86 20 vidlåda
445 589 162 27 landtmäteriet,
623 590 183 27 hufvudsakligast
821 596 50 14 vara

125 624 124 20 föranledda
264 624 23 20 af
299 624 164 20 landtmätarens
477 626 77 24 ytterst
568 625 61 26 ringa
643 624 94 28 aflöning
748 627 53 18 samt
811 624 63 21 deraf

125 658 132 27 härflytande
278 660 72 18 nästan
371 658 131 21 uteslutande
524 659 105 20 beroende
644 659 24 20 af
680 659 144 21 inkomsterna
838 659 33 20 för

125 692 261 28 tjensteförrättningarne,
409 693 81 20 hvilket
512 694 45 20 åter
576 694 6 19 i
603 694 31 20 sin
658 696 32 18 tur
710 694 57 20 såväl
787 694 84 26 tvingar

110 722 2 2 *
125 727 70 27 gamle
215 728 39 19 och
273 727 107 21 orkeslöse
395 728 140 20 landtmätare
550 730 30 18 att
595 728 31 20 till
641 728 113 26 olägenhet
769 728 54 20 både
839 727 32 20 för

123 762 113 26 jordegare
252 762 39 20 och
306 768 67 20 yngre
389 762 184 26 tjenstekamrater
587 763 85 26 qvarstå
686 763 35 20 vid
736 763 46 20 sina
795 762 74 20 befatt-

126 796 75 26 ningar
223 802 44 14 som
288 796 60 20 äfven
365 796 12 20 å
392 797 66 20 andra
477 797 60 20 sidan
557 797 89 20 afhåller
661 797 156 27 vetenskapligt
831 796 38 21 bil-

125 830 53 20 dade
199 833 48 17 män
267 832 30 18 att
312 831 86 20 beträda
413 838 26 13 en
455 831 23 20 så
494 832 107 20 mödosam
617 832 39 20 och
672 832 47 20 med
734 832 24 20 så
772 831 98 21 tröstlösa

124 865 88 26 utsigter
233 864 32 20 för
284 864 134 21 ålderdomen
439 866 100 20 behäftad
556 866 60 26 bana,
631 866 87 20 föreslår
733 866 41 20 han
790 873 27 13 en
833 872 36 14 un-

125 898 103 27 derdånig
251 899 90 27 begäran
364 900 31 20 till
420 900 56 20 Hans
496 900 118 27 Kejserliga
634 901 96 25 Majestät
746 907 33 13 om
794 902 31 18 att
840 902 30 18 ett

125 933 78 26 förslag
219 933 31 20 till
266 934 64 20 sådan
345 935 168 26 reorganisation
529 935 23 20 af
564 935 202 20 landtmäteristaten
780 935 7 19 i
797 934 72 20 landet

125 967 39 20 och
180 967 26 20 de
222 967 146 28 författningar
383 975 45 14 som
444 969 47 20 med
507 969 156 21 landtmäteriet
678 970 38 19 och
725 969 142 26 jordklyfnin-

124 1007 41 20 gen
181 1008 25 13 m.
223 1008 27 13 m.
266 1001 62 21 hafva
350 1003 131 27 gemenskap
505 1003 68 21 blefve
594 1003 119 21 utarbetadt
732 1004 38 20 och
785 1003 84 20 landets

124 1035 90 21 Ständer
233 1036 169 21 fordersammast
417 1037 112 27 förelagdt,
545 1045 44 14 som
605 1045 49 13 vore
670 1038 78 27 egnadt
762 1039 30 19 att
806 1037 63 20 häfva

124 1070 88 21 anförda
227 1071 141 27 olägenheter.

192 1106 42 19 4:to
254 1105 24 20 af
293 1106 229 27 landtdagsmännerne
537 1107 161 27 Kumpulainen,
713 1107 99 26 Heikura,
829 1106 38 21 Ke-

123 1142 72 23 ränen,
215 1139 77 27 Niemi,
306 1140 111 27 Jalkanen,
433 1142 118 26 Miettinen,
565 1142 135 26 Niskakoski,
716 1141 113 27 Rothberg,
845 1141 22 20 P.

123 1173 96 27 Paganus
234 1174 39 20 och
288 1174 67 21 Johan
371 1175 96 27 Paganus
483 1179 132 24 gemensamt
629 1176 116 21 inlemnadt
760 1175 107 28 petitions-

124 1208 114 26 memorial,
260 1209 59 20 hvari
338 1209 26 26 på
384 1211 66 26 grund
471 1211 22 19 af
507 1213 31 18 att
552 1211 152 20 forstväsendet
718 1211 7 19 i
740 1210 47 21 dess
803 1215 64 14 nuva-

123 1242 64 21 rande
203 1242 60 20 skick
281 1243 79 20 medför
376 1244 22 19 ät
412 1246 67 19 staten
495 1247 58 18 stora
568 1245 118 26 kostnader,
698 1244 73 21 hvilka
780 1247 37 17 äro
828 1243 38 21 och

123 1276 60 20 äfven
200 1277 7 19 i
222 1277 109 20 framtiden
352 1278 59 20 torde
432 1278 65 21 blifva
512 1279 143 27 otillräckliga
669 1281 29 18 att
713 1279 92 20 bestrida
821 1278 46 20 dess

123 1311 116 26 underhåll,
259 1314 26 17 än
302 1312 80 20 mindre
398 1312 99 28 inbringa
513 1314 64 27 något
592 1314 125 26 derutöfver,
732 1313 89 20 föreslås
835 1313 30 19 in-

123 1345 104 27 dragning
246 1346 23 19 af
286 1346 126 27 forststaten,
428 1347 157 27 forststyrelsen
601 1349 39 20 och
655 1349 64 19 Evois
734 1347 134 21 forstinstitut

122 1382 53 17 samt
193 1381 31 18 att
243 1380 77 21 vården
340 1381 40 20 och
396 1381 121 21 kontrollen
533 1383 23 20 af
569 1383 171 26 kronoskogarne
756 1381 111 22 öfverlem-

122 1414 65 20 nades
210 1414 21 20 åt
250 1415 209 28 landtmäteristaten,
479 1417 89 20 hvilken
583 1417 46 20 med
646 1417 88 27 tillhjelp
750 1417 22 20 af
785 1416 26 21 de
827 1416 39 19 hit-

121 1448 43 20 tills
178 1449 104 20 anställda
298 1449 180 27 skogsvaktarena
489 1457 62 14 anses
562 1451 70 21 kunna
640 1451 88 27 fullgöra
736 1451 131 20 forststatens

120 1481 50 27 föga
184 1482 138 27 arbetsdryga
336 1484 100 26 göromål.
467 1485 167 21 Petitionärerne
650 1486 74 20 anföra
736 1485 30 20 till
777 1484 47 21 stöd
835 1484 32 20 för

777 1518 22 18 22
