1070 1739
793 157 32 17 225

117 223 40 26 het,
177 225 30 18 att
226 222 27 20 då
271 221 40 20 den
326 222 106 19 allmänna
447 222 116 19 räntefoten
581 222 65 21 under
662 227 80 14 samma
756 220 29 20 tid
801 220 60 20 hållit

116 257 33 26 sig
167 257 35 20 vid
222 257 47 19 dess
290 255 92 21 fixerade
398 257 113 19 maximum
527 256 49 25 (och
592 257 34 19 väl
639 257 44 20 ofta
698 261 74 21 genom
788 254 71 27 kring-

116 291 81 26 gående
213 290 135 20 öfverskridit
362 290 125 25 detsamma)
503 297 25 13 en
545 290 69 20 alltför
629 292 43 18 stor
686 289 105 26 rubbning
801 289 7 19 i
818 288 43 20 alla

117 325 76 20 affärer
215 325 91 20 befarats
329 325 64 20 blifva
412 331 26 14 en
457 325 52 26 följd
524 325 23 19 af
560 326 84 18 räntans
660 323 120 28 frigörande
795 323 66 20 under

118 359 78 20 sådana
210 359 150 20 förhållanden.

186 393 129 26 Lyckligtvis
331 393 37 20 har
384 393 45 20 vårt
445 393 60 20 lands
515 393 140 20 ekonomiska
664 393 100 26 ställning
776 398 86 14 numera

119 427 105 27 betydligt
242 428 124 19 förbättrats.
398 428 125 19 Räntefoten
539 428 6 19 i
561 428 72 19 landet
651 427 42 20 står
708 428 57 25 lägre
779 429 26 17 än
821 427 40 19 den

120 462 27 26 på
162 462 62 26 långa
239 462 53 20 tider
307 462 47 20 stått
370 462 40 20 och
425 462 64 27 några
504 462 129 26 rubbningar
644 462 31 20 till
685 461 50 27 följe
746 461 22 20 af
777 463 86 17 räntans

120 496 121 26 frigörande
256 499 36 17 äro
307 496 31 20 för
353 497 130 19 närvarande
499 496 104 27 knappast
618 496 110 20 tänkbara.

188 531 63 20 Detta
265 531 85 20 oaktadt
366 532 84 19 beröres
465 531 70 20 denna
550 531 60 27 fråga
624 531 49 19 icke
688 530 24 20 af
724 530 69 27 någon
807 530 22 20 af
837 529 26 20 de

122 565 76 27 nådiga
219 566 160 26 propositioner,
402 566 72 20 hvilka
497 566 68 20 blifvit
584 566 108 26 förelagda
710 565 57 26 eller,
783 564 23 20 så
821 564 44 20 vidt

122 599 66 20 kändt
206 602 30 24 är,
257 600 85 20 komma
360 602 30 18 att
404 600 119 27 föreläggas
539 600 81 20 landets
636 607 27 13 nu
679 600 44 20 åter
739 598 126 21 församlade

124 633 94 27 Ständer,
242 634 97 20 hvarföre
358 635 38 26 jag
415 634 81 20 känner
511 635 43 26 mig
570 634 75 21 manad
661 636 31 18 att
706 634 38 20 hos
758 633 107 26 välloflige

123 668 176 26 Borgareståndet
320 669 107 19 vördsamt
448 669 83 26 föreslå,
551 669 35 20 det
605 668 83 20 ståndet
706 668 50 20 viile
770 667 50 27 ingå
835 666 30 20 till

123 702 57 20 Hans
195 703 118 26 Kejserliga
327 704 97 26 Majestät
440 704 45 19 med
501 710 28 13 en
543 703 131 27 underdånig
689 703 86 26 petition
787 702 78 24 derom,

123 739 30 17 att
172 737 57 20 Hans
248 738 96 26 Majestät
362 738 81 20 täcktes
458 738 109 26 förelägga
581 738 81 20 landets
678 740 54 17 ännu
748 737 34 19 vid
798 736 69 20 denna

124 772 100 26 landtdag
246 772 125 20 församlade
394 772 89 20 Ständer
503 772 64 27 nådig
587 772 128 26 proposition
730 778 33 13 om
781 769 86 27 upphäf-

126 806 76 20 vandet
217 806 24 20 af
254 806 51 20 det
297 800 13 37 i
316 806 118 26 åberopade
450 807 11 19 9
477 806 49 27 kap.
543 807 11 19 6
565 808 11 22 $
586 806 24 20 H.
627 806 23 20 B.
667 806 101 26 stadgade
783 804 84 21 förbud:

125 842 30 18 att
170 842 49 25 taga
234 840 52 20 eller
300 840 42 20 läta
356 840 113 20 förskrifva
484 841 33 26 sig
533 843 65 17 större
612 842 61 18 ränta
688 843 26 17 än
725 846 38 14 sex
774 839 32 20 för
816 839 51 19 hun-

126 874 64 20 drade
210 881 33 13 om
263 875 54 26 året;
336 875 140 20 hvarförutom
493 876 38 26 jag
545 875 120 26 ödmjukast
680 874 93 20 anhåller
788 874 35 19 det
838 872 29 20 öf-

126 909 46 26 riga
195 909 133 20 medständen
354 909 64 21 mätte
438 909 97 27 inbjudas
555 911 30 18 att
601 910 32 26 sig
648 916 33 13 om
698 909 68 20 denna
781 907 87 27 petition

126 944 80 19 förena.

584 971 27 20 K.
626 970 23 22 J.
664 971 28 21 A.
706 969 137 29 Björksten.”

194 1017 69 20 Jemte
287 1017 56 20 detta
365 1017 179 27 petitionsförslag
563 1017 38 20 har
619 1017 113 20 Allmänna
751 1017 119 20 Besvärsut-

129 1051 77 20 skottet
226 1051 68 20 tillika
308 1051 83 21 erhällit
406 1052 34 20 del
455 1052 23 20 af
491 1052 187 26 Borgareständets
693 1051 104 27 protokoll
813 1050 59 20 öfver

130 1086 39 19 den
192 1086 126 26 diskussion,
341 1093 43 13 som
405 1087 35 19 vid
460 1087 99 20 ärendets
574 1087 148 26 föredragning
737 1085 54 27 egde
805 1091 44 13 rum
865 1083 6 20 i

129 1120 83 21 ständet
227 1121 39 20 och
282 1121 93 26 föregick
391 1121 89 20 beslutet
495 1127 34 14 om
545 1121 47 20 dess
607 1121 80 20 remiss.

196 1218 59 20 Inom
271 1218 39 20 den
326 1218 138 20 ekonomiska
478 1218 161 27 lagstiftningen
655 1218 58 20 torde
729 1217 36 21 det
777 1216 49 21 icke
836 1215 37 20 fin-

132 1259 36 14 nas
191 1252 76 27 många
289 1252 76 27 frågor,
385 1259 45 14 som
450 1253 23 20 sä
490 1253 63 26 länge
569 1253 39 20 och
624 1253 101 26 derjemte
740 1259 24 12 ur
779 1251 24 20 sä
817 1250 58 20 olika

132 1287 130 26 synpunkter
277 1287 78 26 utgjort
369 1287 87 20 föremål
472 1287 32 20 för
520 1287 239 27 meningsstridigheter,
775 1291 43 14 som
835 1284 40 20 frä-

133 1328 41 20 gan
190 1328 32 13 om
239 1324 83 17 räntans
338 1321 68 20 frihet.
427 1321 71 20 Under
509 1321 128 21 medeltiden
648 1328 36 13 var
694 1322 57 19 inom
762 1320 27 20 de
796 1319 81 20 kristna

133 1355 135 26 samhällena,
284 1356 83 26 tillföljä
383 1356 22 19 af
418 1356 40 20 den
474 1356 120 20 kanoniska
607 1356 74 27 lagens
696 1357 85 24 stränga
795 1353 82 25 förbud,

133 1390 27 19 all
182 1392 60 17 ränta
261 1390 27 26 på
307 1390 125 20 försträckta
450 1391 118 26 penningar
583 1390 101 20 otillåten.
714 1389 117 20 Motiverna
847 1386 30 20 till

135 1424 57 20 detta
214 1424 74 20 förbud
308 1424 108 21 hemtades
434 1431 23 13 ur
472 1425 67 26 några
553 1424 157 21 missförstådda
724 1423 74 20 ställen
814 1421 7 20 i
837 1421 40 20 den

135 1457 70 27 heliga
220 1458 68 26 skrift,
303 1458 39 20 och
358 1458 88 20 berörde
461 1459 61 26 fråga
537 1459 142 19 behandlades
694 1457 133 26 följaktligen
843 1462 35 13 en-

135 1491 46 20 dast
203 1499 23 13 ur
248 1492 132 26 synpunkten
401 1492 23 20 af
442 1492 26 20 då
487 1492 93 21 rådande
599 1492 99 27 religiösa
712 1491 38 21 och
767 1489 114 21 moraliska

790 1524 21 16 15
